  <div class='ocr_page' id='page_1' title='image "/cluster/home/n/w/nwhite01/storage/ocr_20150623/10/uva.x000826522/171.png"; bbox 0 0 3930 6194; ppageno 0'>
   <div class='ocr_carea' id='block_1_1' title="bbox 543 287 650 346">
    <p class='ocr_par' dir='ltr' id='par_1_1' title="bbox 543 287 650 346">
     <span class='ocr_line' id='line_1_1' title="bbox 543 287 650 346; baseline -0.056 0"><span class='ocrx_word' id='word_1_1' title='bbox 543 287 650 346; x_wconf 71' lang='lat'><strong>39.7</strong></span> 
     </span>
    </p>
   </div>
   <div class='ocr_carea' id='block_1_2' title="bbox 1757 281 2645 342">
    <p class='ocr_par' dir='ltr' id='par_1_2' title="bbox 1757 281 2645 342">
     <span class='ocr_line' id='line_1_2' title="bbox 1757 281 2645 342; baseline -0.002 0"><span class='ocrx_word' id='word_1_2' title='bbox 1757 281 2005 342; x_wconf 82' lang='lat' dir='ltr'><strong>SANCTI</strong></span> <span class='ocrx_word' id='word_1_3' title='bbox 2045 281 2298 341; x_wconf 80' lang='lat' dir='ltr'><strong>HILARII</strong></span> <span class='ocrx_word' id='word_1_4' title='bbox 2339 281 2645 341; x_wconf 86' lang='lat' dir='ltr'><strong>EPISCOPI</strong></span> 
     </span>
    </p>
   </div>
   <div class='ocr_carea' id='block_1_3' title="bbox 3715 290 3809 349">
    <p class='ocr_par' dir='ltr' id='par_1_3' title="bbox 3715 290 3809 349">
     <span class='ocr_line' id='line_1_3' title="bbox 3715 290 3809 349; baseline 0.021 -2"><span class='ocrx_word' id='word_1_5' title='bbox 3715 290 3809 349; x_wconf 72' lang='lat'><strong>328</strong></span> 
     </span>
    </p>
   </div>
   <div class='ocr_carea' id='block_1_4' title="bbox 543 393 3808 472">
    <p class='ocr_par' dir='ltr' id='par_1_4' title="bbox 543 393 3808 472">
     <span class='ocr_line' id='line_1_4' title="bbox 543 393 3808 472; baseline 0.002 -20"><span class='ocrx_word' id='word_1_6' title='bbox 543 407 648 464; x_wconf 90' lang='lat' dir='ltr'><strong>est,</strong></span> <span class='ocrx_word' id='word_1_7' title='bbox 679 404 733 452; x_wconf 92' lang='lat' dir='ltr'><strong>nt</strong></span> <span class='ocrx_word' id='word_1_8' title='bbox 762 397 831 453; x_wconf 91' lang='lat' dir='ltr'><strong>sit</strong></span> <span class='ocrx_word' id='word_1_9' title='bbox 857 396 909 453; x_wconf 91' lang='lat' dir='ltr'><strong>in</strong></span> <span class='ocrx_word' id='word_1_10' title='bbox 932 395 1100 468; x_wconf 84' lang='lat' dir='ltr'><strong>gloria</strong></span> <span class='ocrx_word' id='word_1_11' title='bbox 1126 394 1220 452; x_wconf 85' lang='lat' dir='ltr'><strong>Dei</strong></span> <span class='ocrx_word' id='word_1_12' title='bbox 1243 395 1447 469; x_wconf 81' lang='lat' dir='ltr'><strong>patris;</strong></span> <span class='ocrx_word' id='word_1_13' title='bbox 1478 393 1866 451; x_wconf 71' lang='lat' dir='ltr'><strong>contumeliam</strong></span> <span class='ocrx_word' id='word_1_14' title='bbox 1895 395 2142 451; x_wconf 90' lang='lat' dir='ltr'><strong>adscribe</strong></span> <span class='ocrx_word' id='word_1_15' title='bbox 2170 398 2217 458; x_wconf 78' lang='grc' dir='ltr'><strong>Α</strong></span> <span class='ocrx_word' id='word_1_16' title='bbox 2249 395 2485 453; x_wconf 79' lang='lat' dir='ltr'><strong>haeretici</strong></span> <span class='ocrx_word' id='word_1_17' title='bbox 2521 397 2589 452; x_wconf 86' lang='lat' dir='ltr'><strong>ad</strong></span> <span class='ocrx_word' id='word_1_18' title='bbox 2619 403 2827 453; x_wconf 88' lang='lat' dir='ltr'><strong>naturae</strong></span> <span class='ocrx_word' id='word_1_19' title='bbox 2867 396 3249 455; x_wconf 89' lang='lat' dir='ltr'><strong>contumeliam</strong></span> <span class='ocrx_word' id='word_1_20' title='bbox 3278 408 3537 468; x_wconf 90' lang='lat' dir='ltr'><strong>sumunt,</strong></span> <span class='ocrx_word' id='word_1_21' title='bbox 3573 401 3686 472; x_wconf 91' lang='lat' dir='ltr'><strong>quia</strong></span> <span class='ocrx_word' id='word_1_22' title='bbox 3713 405 3808 461; x_wconf 88' lang='lat' dir='ltr'><strong>dic-</strong></span> 
     </span>
    </p>
   </div>
   <div class='ocr_carea' id='block_1_5' title="bbox 547 486 2142 559">
    <p class='ocr_par' dir='ltr' id='par_1_5' title="bbox 547 486 2142 559">
     <span class='ocr_line' id='line_1_5' title="bbox 547 486 2142 559; baseline -0.003 -15"><span class='ocrx_word' id='word_1_23' title='bbox 547 499 752 544; x_wconf 70' lang='lat' dir='ltr'><strong>naturce</strong></span> <span class='ocrx_word' id='word_1_24' title='bbox 787 507 800 543; x_wconf 89' lang='lat'>:</span> <span class='ocrx_word' id='word_1_25' title='bbox 834 490 877 544; x_wconf 88' lang='lat' dir='ltr'><strong>si</strong></span> <span class='ocrx_word' id='word_1_26' title='bbox 912 503 1065 552; x_wconf 88' lang='lat' dir='ltr'><strong>vero,</strong></span> <span class='ocrx_word' id='word_1_27' title='bbox 1098 487 1239 559; x_wconf 88' lang='lat' dir='ltr'><strong>quod</strong></span> <span class='ocrx_word' id='word_1_28' title='bbox 1270 489 1339 542; x_wconf 88' lang='lat' dir='ltr'><strong>ab</strong></span> <span class='ocrx_word' id='word_1_29' title='bbox 1365 503 1430 542; x_wconf 89' lang='lat' dir='ltr'><strong>eo</strong></span> <span class='ocrx_word' id='word_1_30' title='bbox 1460 486 1812 558; x_wconf 82' lang='lat' dir='ltr'><strong>gloriﬁcatur,</strong></span> <span class='ocrx_word' id='word_1_31' title='bbox 1847 486 2142 541; x_wconf 81' lang='lat' dir='ltr'><strong>auctoritas</strong></span> 
     </span>
    </p>
   </div>
   <div class='ocr_carea' id='block_1_6' title="bbox 547 581 2141 653">
    <p class='ocr_par' dir='ltr' id='par_1_6' title="bbox 547 581 2141 653">
     <span class='ocr_line' id='line_1_6' title="bbox 547 581 2141 653; baseline -0.001 -14"><span class='ocrx_word' id='word_1_32' title='bbox 547 593 668 647; x_wconf 90' lang='lat' dir='ltr'><strong>est;</strong></span> <span class='ocrx_word' id='word_1_33' title='bbox 709 583 920 638; x_wconf 91' lang='lat' dir='ltr'><strong>Patrem</strong></span> <span class='ocrx_word' id='word_1_34' title='bbox 949 581 1210 652; x_wconf 83' lang='lat' dir='ltr'><strong>majorem</strong></span> <span class='ocrx_word' id='word_1_35' title='bbox 1239 581 1292 636; x_wconf 94' lang='lat' dir='ltr'><strong>iu</strong></span> <span class='ocrx_word' id='word_1_36' title='bbox 1326 582 1663 653; x_wconf 86' lang='lat' dir='ltr'><strong>gloriﬁcandi</strong></span> <span class='ocrx_word' id='word_1_37' title='bbox 1699 583 2021 638; x_wconf 89' lang='lat' dir='ltr'><strong>auctoritate</strong></span> <span class='ocrx_word' id='word_1_38' title='bbox 2047 597 2141 638; x_wconf 91' lang='lat' dir='ltr'><strong>co-</strong></span> 
     </span>
    </p>
   </div>
   <div class='ocr_carea' id='block_1_7' title="bbox 546 692 764 748">
    <p class='ocr_par' dir='ltr' id='par_1_7' title="bbox 546 692 764 748">
     <span class='ocr_line' id='line_1_7' title="bbox 546 692 764 748; baseline -0.005 -16"><span class='ocrx_word' id='word_1_39' title='bbox 546 692 764 748; x_wconf 82' lang='lat' dir='ltr'><strong>gnoscc.</strong></span> 
     </span>
    </p>
   </div>
   <div class='ocr_carea' id='block_1_8' title="bbox 622 767 2143 841">
    <p class='ocr_par' dir='ltr' id='par_1_8' title="bbox 622 767 2143 841">
     <span class='ocr_line' id='line_1_8' title="bbox 622 767 2143 841; baseline -0.002 -15"><span class='ocrx_word' id='word_1_40' title='bbox 622 770 712 826; x_wconf 83' lang='lat'><strong>56.</strong></span> <span class='ocrx_word' id='word_1_41' title='bbox 750 769 849 837; x_wconf 80' lang='lat' dir='ltr'><strong>Qui</strong></span> <span class='ocrx_word' id='word_1_42' title='bbox 876 768 1034 826; x_wconf 87' lang='lat' dir='ltr'><strong>Pater</strong></span> <span class='ocrx_word' id='word_1_43' title='bbox 1062 774 1252 841; x_wconf 82' lang='lat' dir='ltr'><strong>maior,</strong></span> <span class='ocrx_word' id='word_1_44' title='bbox 1279 787 1368 826; x_wconf 87' lang='lat' dir='ltr'><strong>nec</strong></span> <span class='ocrx_word' id='word_1_45' title='bbox 1383 767 1431 824; x_wconf 89' lang='lat' dir='ltr'><strong><em>F</em></strong></span> <span class='ocrx_word' id='word_1_46' title='bbox 1435 771 1557 827; x_wconf 84' lang='lat' dir='ltr'><strong>ilius</strong></span> <span class='ocrx_word' id='word_1_47' title='bbox 1575 773 1837 826; x_wconf 87' lang='lat' dir='ltr'><strong>minor.—</strong></span> <span class='ocrx_word' id='word_1_48' title='bbox 1861 769 1998 836; x_wconf 83' lang='lat' dir='ltr'><strong>Quid</strong></span> <span class='ocrx_word' id='word_1_49' title='bbox 2029 768 2143 824; x_wconf 88' lang='lat' dir='ltr'><strong>dis-</strong></span> 
     </span>
    </p>
   </div>
   <div class='ocr_carea' id='block_1_9' title="bbox 550 863 2148 935">
    <p class='ocr_par' dir='ltr' id='par_1_9' title="bbox 550 863 2148 935">
     <span class='ocr_line' id='line_1_9' title="bbox 550 863 2148 935; baseline 0.003 -21"><span class='ocrx_word' id='word_1_50' title='bbox 550 864 924 934; x_wconf 76' lang='lat' dir='ltr'><strong>pensationem</strong></span> <span class='ocrx_word' id='word_1_51' title='bbox 969 863 1037 920; x_wconf 90' lang='lat' dir='ltr'><strong>ad</strong></span> <span class='ocrx_word' id='word_1_52' title='bbox 1084 865 1414 935; x_wconf 84' lang='lat' dir='ltr'><strong>impietatem</strong></span> <span class='ocrx_word' id='word_1_53' title='bbox 1457 865 1638 935; x_wconf 89' lang='lat' dir='ltr'><strong>rapis?</strong></span> <span class='ocrx_word' id='word_1_54' title='bbox 1666 864 1804 931; x_wconf 87' lang='lat' dir='ltr'><strong>Quid</strong></span> <span class='ocrx_word' id='word_1_55' title='bbox 1835 879 2148 920; x_wconf 82' lang='lat' dir='ltr'><strong>sacramen-</strong></span> 
     </span>
    </p>
   </div>
   <div class='ocr_carea' id='block_1_10' title="bbox 552 956 2144 1014">
    <p class='ocr_par' dir='ltr' id='par_1_10' title="bbox 552 956 2144 1014">
     <span class='ocr_line' id='line_1_10' title="bbox 552 956 2144 1014; baseline 0.003 -6"><span class='ocrx_word' id='word_1_56' title='bbox 552 963 663 1008; x_wconf 94' lang='lat' dir='ltr'><strong>tum</strong></span> <span class='ocrx_word' id='word_1_57' title='bbox 702 965 903 1011; x_wconf 74' lang='lat' dir='ltr'><strong>nostrtc</strong></span> <span class='ocrx_word' id='word_1_58' title='bbox 934 956 1128 1012; x_wconf 90' lang='lat' dir='ltr'><strong>salutis</strong></span> <span class='ocrx_word' id='word_1_59' title='bbox 1157 957 1366 1013; x_wconf 87' lang='lat' dir='ltr'><strong>invadis</strong></span> <span class='ocrx_word' id='word_1_60' title='bbox 1394 956 1458 1012; x_wconf 91' lang='lat' dir='ltr'><strong>ad</strong></span> <span class='ocrx_word' id='word_1_61' title='bbox 1505 957 1773 1012; x_wconf 87' lang='lat' dir='ltr'><strong>mortem?</strong></span> <span class='ocrx_word' id='word_1_62' title='bbox 1801 957 2144 1014; x_wconf 79' lang='lat' dir='ltr'><strong>Cloriﬁcatu-</strong></span> 
     </span>
    </p>
   </div>
   <div class='ocr_carea' id='block_1_11' title="bbox 550 1048 2149 1121">
    <p class='ocr_par' dir='ltr' id='par_1_11' title="bbox 550 1048 2149 1121">
     <span class='ocr_line' id='line_1_11' title="bbox 550 1048 2149 1121; baseline 0.001 -16"><span class='ocrx_word' id='word_1_63' title='bbox 550 1063 644 1105; x_wconf 89' lang='lat' dir='ltr'><strong>rus</strong></span> <span class='ocrx_word' id='word_1_64' title='bbox 695 1048 889 1106; x_wconf 88' lang='lat' dir='ltr'><strong>Filium</strong></span> <span class='ocrx_word' id='word_1_65' title='bbox 934 1049 1096 1106; x_wconf 86' lang='lat' dir='ltr'><strong>Pater</strong></span> <span class='ocrx_word' id='word_1_66' title='bbox 1136 1050 1312 1121; x_wconf 86' lang='lat' dir='ltr'><strong>major</strong></span> <span class='ocrx_word' id='word_1_67' title='bbox 1355 1059 1442 1107; x_wconf 90' lang='lat' dir='ltr'><strong>est</strong></span> <span class='ocrx_word' id='word_1_68' title='bbox 1476 1068 1488 1103; x_wconf 91' lang='lat'><strong>:</strong></span> <span class='ocrx_word' id='word_1_69' title='bbox 1521 1050 1852 1121; x_wconf 86' lang='lat' dir='ltr'><strong>gloriﬁcatus</strong></span> <span class='ocrx_word' id='word_1_70' title='bbox 1896 1051 1948 1105; x_wconf 93' lang='lat' dir='ltr'><strong>in</strong></span> <span class='ocrx_word' id='word_1_71' title='bbox 1991 1051 2149 1107; x_wconf 87' lang='lat' dir='ltr'><strong>Patre</strong></span> 
     </span>
    </p>
   </div>
   <div class='ocr_carea' id='block_1_12' title="bbox 551 1139 2149 1215">
    <p class='ocr_par' dir='ltr' id='par_1_12' title="bbox 551 1139 2149 1215">
     <span class='ocr_line' id='line_1_12' title="bbox 551 1139 2149 1215; baseline 0 -17"><span class='ocrx_word' id='word_1_72' title='bbox 551 1139 721 1199; x_wconf 90' lang='lat' dir='ltr'><strong>Filius</strong></span> <span class='ocrx_word' id='word_1_73' title='bbox 761 1143 940 1199; x_wconf 91' lang='lat' dir='ltr'><strong>minor</strong></span> <span class='ocrx_word' id='word_1_74' title='bbox 988 1159 1094 1199; x_wconf 92' lang='lat' dir='ltr'><strong>non</strong></span> <span class='ocrx_word' id='word_1_75' title='bbox 1131 1152 1217 1200; x_wconf 90' lang='lat' dir='ltr'><strong>est</strong></span> <span class='ocrx_word' id='word_1_76' title='bbox 1251 1144 1357 1198; x_wconf 87' lang='lat' dir='ltr'><strong>Aut</strong></span> <span class='ocrx_word' id='word_1_77' title='bbox 1384 1144 1658 1215; x_wconf 91' lang='lat' dir='ltr'><strong>quomodo</strong></span> <span class='ocrx_word' id='word_1_78' title='bbox 1686 1143 1865 1200; x_wconf 92' lang='lat' dir='ltr'><strong>minor</strong></span> <span class='ocrx_word' id='word_1_79' title='bbox 1893 1153 2015 1209; x_wconf 90' lang='lat' dir='ltr'><strong>est,</strong></span> <span class='ocrx_word' id='word_1_80' title='bbox 2055 1142 2149 1215; x_wconf 89' lang='lat' dir='ltr'><strong>qui</strong></span> 
     </span>
    </p>
   </div>
   <div class='ocr_carea' id='block_1_13' title="bbox 552 1236 2150 1310">
    <p class='ocr_par' dir='ltr' id='par_1_13' title="bbox 552 1236 2150 1310">
     <span class='ocr_line' id='line_1_13' title="bbox 552 1236 2150 1310; baseline 0.003 -20"><span class='ocrx_word' id='word_1_81' title='bbox 552 1236 606 1292; x_wconf 92' lang='lat' dir='ltr'><strong>in</strong></span> <span class='ocrx_word' id='word_1_82' title='bbox 637 1236 806 1307; x_wconf 83' lang='lat' dir='ltr'><strong>gloria</strong></span> <span class='ocrx_word' id='word_1_83' title='bbox 849 1237 944 1293; x_wconf 87' lang='lat' dir='ltr'><strong>Dei</strong></span> <span class='ocrx_word' id='word_1_84' title='bbox 975 1239 1144 1308; x_wconf 85' lang='lat' dir='ltr'><strong>patris</strong></span> <span class='ocrx_word' id='word_1_85' title='bbox 1168 1238 1294 1294; x_wconf 85' lang='lat' dir='ltr'><strong>est?</strong></span> <span class='ocrx_word' id='word_1_86' title='bbox 1322 1237 1431 1292; x_wconf 85' lang='lat' dir='ltr'><strong>Aut</strong></span> <span class='ocrx_word' id='word_1_87' title='bbox 1469 1239 1731 1308; x_wconf 90' lang='lat' dir='ltr'><strong>numquid</strong></span> <span class='ocrx_word' id='word_1_88' title='bbox 1778 1238 1938 1295; x_wconf 89' lang='lat' dir='ltr'><strong>Pater</strong></span> <span class='ocrx_word' id='word_1_89' title='bbox 1977 1238 2150 1310; x_wconf 85' lang='lat' dir='ltr'><strong>major</strong></span> 
     </span>
    </p>
   </div>
   <div class='ocr_carea' id='block_1_14' title="bbox 552 1331 2150 1403">
    <p class='ocr_par' dir='ltr' id='par_1_14' title="bbox 552 1331 2150 1403">
     <span class='ocr_line' id='line_1_14' title="bbox 552 1331 2150 1403; baseline 0.003 -19"><span class='ocrx_word' id='word_1_90' title='bbox 552 1346 660 1385; x_wconf 93' lang='lat' dir='ltr'><strong>non</strong></span> <span class='ocrx_word' id='word_1_91' title='bbox 693 1332 820 1387; x_wconf 89' lang='lat' dir='ltr'><strong>est?</strong></span> <span class='ocrx_word' id='word_1_92' title='bbox 849 1331 1019 1402; x_wconf 85' lang='lat' dir='ltr'><strong>Major</strong></span> <span class='ocrx_word' id='word_1_93' title='bbox 1046 1331 1228 1403; x_wconf 90' lang='lat' dir='ltr'><strong>itaque</strong></span> <span class='ocrx_word' id='word_1_94' title='bbox 1253 1331 1413 1387; x_wconf 88' lang='lat' dir='ltr'><strong>Pater</strong></span> <span class='ocrx_word' id='word_1_95' title='bbox 1437 1341 1540 1400; x_wconf 86' lang='lat' dir='ltr'><strong>est,</strong></span> <span class='ocrx_word' id='word_1_96' title='bbox 1569 1331 1695 1388; x_wconf 90' lang='lat' dir='ltr'><strong>dum</strong></span> <span class='ocrx_word' id='word_1_97' title='bbox 1721 1342 1871 1403; x_wconf 89' lang='lat' dir='ltr'><strong>pater</strong></span> <span class='ocrx_word' id='word_1_98' title='bbox 1899 1343 1981 1388; x_wconf 90' lang='lat' dir='ltr'><strong>cst</strong></span> <span class='ocrx_word' id='word_1_99' title='bbox 2014 1350 2027 1386; x_wconf 92' lang='lat'>:</span> <span class='ocrx_word' id='word_1_100' title='bbox 2054 1332 2150 1389; x_wconf 90' lang='lat' dir='ltr'><strong>sed</strong></span> 
     </span>
    </p>
   </div>
   <div class='ocr_carea' id='block_1_15' title="bbox 552 1420 2150 1494">
    <p class='ocr_par' dir='ltr' id='par_1_15' title="bbox 552 1420 2150 1494">
     <span class='ocr_line' id='line_1_15' title="bbox 552 1420 2150 1494; baseline 0.002 -18"><span class='ocrx_word' id='word_1_101' title='bbox 552 1420 742 1486; x_wconf 90' lang='lat' dir='ltr'><strong>Filius,</strong></span> <span class='ocrx_word' id='word_1_102' title='bbox 791 1421 918 1477; x_wconf 91' lang='lat' dir='ltr'><strong>dum</strong></span> <span class='ocrx_word' id='word_1_103' title='bbox 961 1423 1105 1478; x_wconf 87' lang='lat' dir='ltr'><strong>ﬁlius</strong></span> <span class='ocrx_word' id='word_1_104' title='bbox 1155 1431 1277 1489; x_wconf 91' lang='lat' dir='ltr'><strong>est,</strong></span> <span class='ocrx_word' id='word_1_105' title='bbox 1332 1423 1495 1494; x_wconf 80' lang='lat'><strong>303</strong></span> <span class='ocrx_word' id='word_1_106' title='bbox 1549 1423 1726 1480; x_wconf 87' lang='lat' dir='ltr'><strong>minor</strong></span> <span class='ocrx_word' id='word_1_107' title='bbox 1756 1439 1863 1479; x_wconf 91' lang='lat' dir='ltr'><strong>non</strong></span> <span class='ocrx_word' id='word_1_108' title='bbox 1893 1434 1994 1480; x_wconf 90' lang='lat' dir='ltr'><strong>est.</strong></span> <span class='ocrx_word' id='word_1_109' title='bbox 2046 1423 2150 1479; x_wconf 88' lang='lat' dir='ltr'><strong>Na-</strong></span> 
     </span>
    </p>
   </div>
   <div class='ocr_carea' id='block_1_16' title="bbox 553 1513 2150 1589">
    <p class='ocr_par' dir='ltr' id='par_1_16' title="bbox 553 1513 2150 1589">
     <span class='ocr_line' id='line_1_16' title="bbox 553 1513 2150 1589; baseline 0.003 -19"><span class='ocrx_word' id='word_1_110' title='bbox 553 1513 736 1570; x_wconf 89' lang='lat' dir='ltr'><strong>tivitas</strong></span> <span class='ocrx_word' id='word_1_111' title='bbox 781 1514 908 1570; x_wconf 87' lang='lat' dir='ltr'><strong>Filii</strong></span> <span class='ocrx_word' id='word_1_112' title='bbox 954 1525 1161 1586; x_wconf 85' lang='lat' dir='ltr'><strong>patrem</strong></span> <span class='ocrx_word' id='word_1_113' title='bbox 1193 1519 1473 1574; x_wconf 89' lang='lat' dir='ltr'><strong>constituit</strong></span> <span class='ocrx_word' id='word_1_114' title='bbox 1514 1518 1773 1589; x_wconf 87' lang='lat' dir='ltr'><strong>majorem</strong></span> <span class='ocrx_word' id='word_1_115' title='bbox 1820 1540 1834 1577; x_wconf 93' lang='lat'><strong>:</strong></span> <span class='ocrx_word' id='word_1_116' title='bbox 1886 1519 2150 1576; x_wconf 88' lang='lat' dir='ltr'><strong>minorem</strong></span> 
     </span>
    </p>
   </div>
   <div class='ocr_carea' id='block_1_17' title="bbox 552 1607 2149 1683">
    <p class='ocr_par' dir='ltr' id='par_1_17' title="bbox 552 1607 2149 1683">
     <span class='ocr_line' id='line_1_17' title="bbox 552 1607 2149 1683; baseline 0.003 -19"><span class='ocrx_word' id='word_1_117' title='bbox 552 1623 683 1665; x_wconf 90' lang='lat' dir='ltr'><strong>vero</strong></span> <span class='ocrx_word' id='word_1_118' title='bbox 713 1607 908 1664; x_wconf 80' lang='lat' dir='ltr'><strong>Filium</strong></span> <span class='ocrx_word' id='word_1_119' title='bbox 939 1625 1061 1667; x_wconf 90' lang='lat' dir='ltr'><strong>esse</strong></span> <span class='ocrx_word' id='word_1_120' title='bbox 1089 1611 1386 1667; x_wconf 85' lang='lat' dir='ltr'><strong>nativitatis</strong></span> <span class='ocrx_word' id='word_1_121' title='bbox 1414 1621 1607 1668; x_wconf 88' lang='lat' dir='ltr'><strong>natura</strong></span> <span class='ocrx_word' id='word_1_122' title='bbox 1639 1628 1744 1667; x_wconf 91' lang='lat' dir='ltr'><strong>non</strong></span> <span class='ocrx_word' id='word_1_123' title='bbox 1775 1613 1993 1683; x_wconf 88' lang='lat' dir='ltr'><strong>patitur.</strong></span> <span class='ocrx_word' id='word_1_124' title='bbox 2038 1613 2149 1668; x_wconf 84' lang='lat' dir='ltr'><strong>Ma-</strong></span> 
     </span>
    </p>
   </div>
   <div class='ocr_carea' id='block_1_18' title="bbox 549 1699 2155 1775">
    <p class='ocr_par' dir='ltr' id='par_1_18' title="bbox 549 1699 2155 1775">
     <span class='ocr_line' id='line_1_18' title="bbox 549 1699 2155 1775; baseline 0.002 -18"><span class='ocrx_word' id='word_1_125' title='bbox 549 1699 639 1771; x_wconf 85' lang='lat' dir='ltr'><strong>jor</strong></span> <span class='ocrx_word' id='word_1_126' title='bbox 666 1700 824 1756; x_wconf 89' lang='lat' dir='ltr'><strong>Pater</strong></span> <span class='ocrx_word' id='word_1_127' title='bbox 849 1711 935 1757; x_wconf 88' lang='lat' dir='ltr'><strong>est</strong></span> <span class='ocrx_word' id='word_1_128' title='bbox 961 1743 976 1769; x_wconf 96' lang='lat'><strong>,</strong></span> <span class='ocrx_word' id='word_1_129' title='bbox 1019 1701 1146 1757; x_wconf 89' lang='lat' dir='ltr'><strong>dum</strong></span> <span class='ocrx_word' id='word_1_130' title='bbox 1175 1703 1400 1774; x_wconf 82' lang='lat' dir='ltr'><strong>gloriam</strong></span> <span class='ocrx_word' id='word_1_131' title='bbox 1433 1711 1714 1774; x_wconf 90' lang='lat' dir='ltr'><strong>assumpto</strong></span> <span class='ocrx_word' id='word_1_132' title='bbox 1745 1703 1949 1759; x_wconf 88' lang='lat' dir='ltr'><strong>homini</strong></span> <span class='ocrx_word' id='word_1_133' title='bbox 1996 1719 2155 1775; x_wconf 83' lang='lat' dir='ltr'><strong>roga-</strong></span> 
     </span>
    </p>
   </div>
   <div class='ocr_carea' id='block_1_19' title="bbox 2247 491 3811 563">
    <p class='ocr_par' dir='ltr' id='par_1_19' title="bbox 2247 491 3811 563">
     <span class='ocr_line' id='line_1_19' title="bbox 2247 491 3811 563; baseline 0.004 -16"><span class='ocrx_word' id='word_1_134' title='bbox 2247 500 2355 547; x_wconf 88' lang='lat' dir='ltr'><strong>tum</strong></span> <span class='ocrx_word' id='word_1_135' title='bbox 2388 501 2494 558; x_wconf 89' lang='lat' dir='ltr'><strong>est,</strong></span> <span class='ocrx_word' id='word_1_136' title='bbox 2526 491 2685 547; x_wconf 87' lang='lat' dir='ltr'><strong>Pater</strong></span> <span class='ocrx_word' id='word_1_137' title='bbox 2716 495 2883 563; x_wconf 81' lang='lat' dir='ltr'><strong>major</strong></span> <span class='ocrx_word' id='word_1_138' title='bbox 2906 509 2985 548; x_wconf 88' lang='lat' dir='ltr'><strong>me</strong></span> <span class='ocrx_word' id='word_1_139' title='bbox 3010 502 3126 548; x_wconf 88' lang='lat' dir='ltr'><strong>est:</strong></span> <span class='ocrx_word' id='word_1_140' title='bbox 3153 494 3236 550; x_wconf 86' lang='lat' dir='ltr'><strong>vel</strong></span> <span class='ocrx_word' id='word_1_141' title='bbox 3264 493 3396 550; x_wconf 88' lang='lat' dir='ltr'><strong>illud</strong></span> <span class='ocrx_word' id='word_1_142' title='bbox 3418 537 3432 561; x_wconf 93' lang='lat'><strong>,</strong></span> <span class='ocrx_word' id='word_1_143' title='bbox 3462 493 3539 551; x_wconf 83' lang='lat' dir='ltr'><strong>De</strong></span> <span class='ocrx_word' id='word_1_144' title='bbox 3557 497 3632 550; x_wconf 78' lang='lat' dir='ltr'><strong>die</strong></span> <span class='ocrx_word' id='word_1_145' title='bbox 3657 511 3811 553; x_wconf 84' lang='lat' dir='ltr'><strong>autem</strong></span> 
     </span>
    </p>
   </div>
   <div class='ocr_carea' id='block_1_20' title="bbox 2244 585 3809 660">
    <p class='ocr_par' dir='ltr' id='par_1_20' title="bbox 2244 585 3809 660">
     <span class='ocr_line' id='line_1_20' title="bbox 2244 585 3809 660; baseline 0.004 -21"><span class='ocrx_word' id='word_1_146' title='bbox 2244 594 2291 639; x_wconf 88' lang='lat' dir='ltr'><strong>et</strong></span> <span class='ocrx_word' id='word_1_147' title='bbox 2315 585 2443 639; x_wconf 73' lang='lat' dir='ltr'><strong>liora</strong></span> <span class='ocrx_word' id='word_1_148' title='bbox 2463 601 2612 639; x_wconf 86' lang='lat' dir='ltr'><strong>nemo</strong></span> <span class='ocrx_word' id='word_1_149' title='bbox 2643 586 2760 651; x_wconf 89' lang='lat' dir='ltr'><strong>scit,</strong></span> <span class='ocrx_word' id='word_1_150' title='bbox 2790 601 2948 656; x_wconf 86' lang='lat' dir='ltr'><strong>neque</strong></span> <span class='ocrx_word' id='word_1_151' title='bbox 2975 585 3160 658; x_wconf 83' lang='lat' dir='ltr'><strong>Angeli</strong></span> <span class='ocrx_word' id='word_1_152' title='bbox 3181 588 3236 641; x_wconf 89' lang='lat' dir='ltr'><strong>in</strong></span> <span class='ocrx_word' id='word_1_153' title='bbox 3263 588 3426 656; x_wconf 75' lang='lat' dir='ltr'><strong>caelis,</strong></span> <span class='ocrx_word' id='word_1_154' title='bbox 3458 605 3614 660; x_wconf 84' lang='lat' dir='ltr'><strong>neque</strong></span> <span class='ocrx_word' id='word_1_155' title='bbox 3637 588 3809 657; x_wconf 80' lang='lat' dir='ltr'><strong>Filius,</strong></span> 
     </span>
    </p>
   </div>
   <div class='ocr_carea' id='block_1_21' title="bbox 2245 676 3815 754">
    <p class='ocr_par' dir='ltr' id='par_1_21' title="bbox 2245 676 3815 754">
     <span class='ocr_line' id='line_1_21' title="bbox 2245 676 3815 754; baseline 0.006 -24"><span class='ocrx_word' id='word_1_156' title='bbox 2245 678 2346 732; x_wconf 82' lang='lat' dir='ltr'><strong>nisi</strong></span> <span class='ocrx_word' id='word_1_157' title='bbox 2377 676 2536 732; x_wconf 88' lang='lat' dir='ltr'><strong>Pater</strong></span> <span class='ocrx_word' id='word_1_158' title='bbox 2567 679 2710 732; x_wconf 87' lang='lat' dir='ltr'><strong>solus</strong></span> <span class='ocrx_word' id='word_1_159' title='bbox 2743 677 2936 750; x_wconf 78' lang='lat' dir='ltr'><strong>(Marc.</strong></span> <span class='ocrx_word' id='word_1_160' title='bbox 2969 691 3092 748; x_wconf 78' lang='lat' dir='ltr'><strong>xm,</strong></span> <span class='ocrx_word' id='word_1_161' title='bbox 3117 679 3236 752; x_wconf 71' lang='lat'><strong>52).</strong></span> <span class='ocrx_word' id='word_1_162' title='bbox 3267 680 3538 752; x_wconf 82' lang='lat' dir='ltr'><strong>lgnoratio</strong></span> <span class='ocrx_word' id='word_1_163' title='bbox 3563 699 3687 754; x_wconf 87' lang='lat' dir='ltr'><strong>ergo</strong></span> <span class='ocrx_word' id='word_1_164' title='bbox 3722 685 3815 742; x_wconf 85' lang='lat' dir='ltr'><strong>diei</strong></span> 
     </span>
    </p>
   </div>
   <div class='ocr_carea' id='block_1_22' title="bbox 2246 769 3816 843">
    <p class='ocr_par' dir='ltr' id='par_1_22' title="bbox 2246 769 3816 843">
     <span class='ocr_line' id='line_1_22' title="bbox 2246 769 3816 843; baseline 0.006 -19"><span class='ocrx_word' id='word_1_165' title='bbox 2246 779 2408 841; x_wconf 87' lang='lat' dir='ltr'><strong>atque</strong></span> <span class='ocrx_word' id='word_1_166' title='bbox 2436 771 2584 826; x_wconf 71' lang='lat' dir='ltr'><strong>hora:</strong></span> <span class='ocrx_word' id='word_1_167' title='bbox 2609 769 2864 841; x_wconf 91' lang='lat' dir='ltr'><strong>objicitur</strong></span> <span class='ocrx_word' id='word_1_168' title='bbox 2891 772 3166 843; x_wconf 83' lang='lat' dir='ltr'><strong>unigenito</strong></span> <span class='ocrx_word' id='word_1_169' title='bbox 3194 773 3308 829; x_wconf 90' lang='lat' dir='ltr'><strong>Deo</strong></span> <span class='ocrx_word' id='word_1_170' title='bbox 3343 793 3355 826; x_wconf 91' lang='lat'><strong>:</strong></span> <span class='ocrx_word' id='word_1_171' title='bbox 3382 784 3440 830; x_wconf 93' lang='lat' dir='ltr'><strong>ut</strong></span> <span class='ocrx_word' id='word_1_172' title='bbox 3469 775 3606 830; x_wconf 84' lang='lat' dir='ltr'><strong>Deus</strong></span> <span class='ocrx_word' id='word_1_173' title='bbox 3631 791 3696 832; x_wconf 81' lang='lat' dir='ltr'><strong>ex</strong></span> <span class='ocrx_word' id='word_1_174' title='bbox 3724 779 3816 834; x_wconf 87' lang='lat' dir='ltr'><strong>Deo</strong></span> 
     </span>
    </p>
   </div>
   <div class='ocr_carea' id='block_1_23' title="bbox 2248 865 3814 940">
    <p class='ocr_par' dir='ltr' id='par_1_23' title="bbox 2248 865 3814 940">
     <span class='ocr_line' id='line_1_23' title="bbox 2248 865 3814 940; baseline 0.006 -21"><span class='ocrx_word' id='word_1_175' title='bbox 2248 872 2404 919; x_wconf 89' lang='lat' dir='ltr'><strong>natus</strong></span> <span class='ocrx_word' id='word_1_176' title='bbox 2440 878 2545 919; x_wconf 93' lang='lat' dir='ltr'><strong>non</strong></span> <span class='ocrx_word' id='word_1_177' title='bbox 2577 865 2648 919; x_wconf 85' lang='lat' dir='ltr'><strong>sit</strong></span> <span class='ocrx_word' id='word_1_178' title='bbox 2676 866 2726 919; x_wconf 92' lang='lat' dir='ltr'><strong>in</strong></span> <span class='ocrx_word' id='word_1_179' title='bbox 2756 881 2816 921; x_wconf 88' lang='lat' dir='ltr'><strong>ea</strong></span> <span class='ocrx_word' id='word_1_180' title='bbox 2845 875 3051 923; x_wconf 72' lang='lat' dir='ltr'><strong>naturae</strong></span> <span class='ocrx_word' id='word_1_181' title='bbox 3079 868 3410 936; x_wconf 81' lang='lat' dir='ltr'><strong>perfectione</strong></span> <span class='ocrx_word' id='word_1_182' title='bbox 3435 886 3536 940; x_wconf 88' lang='lat' dir='ltr'><strong>qua</strong></span> <span class='ocrx_word' id='word_1_183' title='bbox 3565 871 3699 928; x_wconf 88' lang='lat' dir='ltr'><strong>Deus</strong></span> <span class='ocrx_word' id='word_1_184' title='bbox 3726 883 3814 940; x_wconf 88' lang='lat' dir='ltr'><strong>est,</strong></span> 
     </span>
    </p>
   </div>
   <div class='ocr_carea' id='block_1_24' title="bbox 2247 957 3816 1036">
    <p class='ocr_par' dir='ltr' id='par_1_24' title="bbox 2247 957 3816 1036">
     <span class='ocr_line' id='line_1_24' title="bbox 2247 957 3816 1036; baseline 0.004 -23"><span class='ocrx_word' id='word_1_185' title='bbox 2247 973 2369 1013; x_wconf 88' lang='lat' dir='ltr'><strong>cum</strong></span> <span class='ocrx_word' id='word_1_186' title='bbox 2395 957 2670 1013; x_wconf 86' lang='lat' dir='ltr'><strong>nesciendi</strong></span> <span class='ocrx_word' id='word_1_187' title='bbox 2705 959 3024 1015; x_wconf 81' lang='lat' dir='ltr'><strong>necessitate</strong></span> <span class='ocrx_word' id='word_1_188' title='bbox 3048 959 3361 1016; x_wconf 88' lang='lat' dir='ltr'><strong>dominante</strong></span> <span class='ocrx_word' id='word_1_189' title='bbox 3383 1002 3398 1028; x_wconf 92' lang='lat'><strong>,</strong></span> <span class='ocrx_word' id='word_1_190' title='bbox 3418 961 3530 1032; x_wconf 87' lang='lat' dir='ltr'><strong>jam</strong></span> <span class='ocrx_word' id='word_1_191' title='bbox 3558 963 3634 1018; x_wconf 89' lang='lat' dir='ltr'><strong>vis</strong></span> <span class='ocrx_word' id='word_1_192' title='bbox 3656 963 3816 1036; x_wconf 86' lang='lat' dir='ltr'><strong>aliqua</strong></span> 
     </span>
    </p>
   </div>
   <div class='ocr_carea' id='block_1_25' title="bbox 2249 1052 3818 1126">
    <p class='ocr_par' dir='ltr' id='par_1_25' title="bbox 2249 1052 3818 1126">
     <span class='ocr_line' id='line_1_25' title="bbox 2249 1052 3818 1126; baseline 0.006 -19"><span class='ocrx_word' id='word_1_193' title='bbox 2249 1052 2482 1107; x_wconf 84' lang='lat' dir='ltr'><strong>exterior</strong></span> <span class='ocrx_word' id='word_1_194' title='bbox 2525 1067 2590 1108; x_wconf 93' lang='lat' dir='ltr'><strong>eo</strong></span> <span class='ocrx_word' id='word_1_195' title='bbox 2623 1055 2798 1122; x_wconf 86' lang='lat' dir='ltr'><strong>potior</strong></span> <span class='ocrx_word' id='word_1_196' title='bbox 2847 1053 2954 1121; x_wconf 91' lang='lat' dir='ltr'><strong>sit,</strong></span> <span class='ocrx_word' id='word_1_197' title='bbox 3001 1069 3120 1125; x_wconf 72' lang='lat' dir='ltr'><strong>qua:</strong></span> <span class='ocrx_word' id='word_1_198' title='bbox 3167 1065 3439 1126; x_wconf 87' lang='lat' dir='ltr'><strong>tamquam</strong></span> <span class='ocrx_word' id='word_1_199' title='bbox 3466 1056 3740 1114; x_wconf 87' lang='lat' dir='ltr'><strong>adversum</strong></span> <span class='ocrx_word' id='word_1_200' title='bbox 3767 1076 3818 1116; x_wconf 87' lang='lat' dir='ltr'><strong>se</strong></span> 
     </span>
    </p>
   </div>
   <div class='ocr_carea' id='block_1_26' title="bbox 2251 1144 3817 1216">
    <p class='ocr_par' dir='ltr' id='par_1_26' title="bbox 2251 1144 3817 1216">
     <span class='ocr_line' id='line_1_26' title="bbox 2251 1144 3817 1216; baseline 0.006 -18"><span class='ocrx_word' id='word_1_201' title='bbox 2251 1144 2577 1200; x_wconf 85' lang='lat' dir='ltr'><strong>imbecillum</strong></span> <span class='ocrx_word' id='word_1_202' title='bbox 2625 1145 2679 1199; x_wconf 90' lang='lat' dir='ltr'><strong>in</strong></span> <span class='ocrx_word' id='word_1_203' title='bbox 2729 1146 3043 1216; x_wconf 77' lang='lat' dir='ltr'><strong>ignorantia:</strong></span> <span class='ocrx_word' id='word_1_204' title='bbox 3073 1163 3197 1203; x_wconf 92' lang='lat' dir='ltr'><strong>eum</strong></span> <span class='ocrx_word' id='word_1_205' title='bbox 3244 1148 3558 1206; x_wconf 87' lang='lat' dir='ltr'><strong>inﬁrmitate</strong></span> <span class='ocrx_word' id='word_1_206' title='bbox 3582 1149 3817 1208; x_wconf 86' lang='lat' dir='ltr'><strong>detineat.</strong></span> 
     </span>
    </p>
   </div>
   <div class='ocr_carea' id='block_1_27' title="bbox 2250 1237 3821 1312">
    <p class='ocr_par' dir='ltr' id='par_1_27' title="bbox 2250 1237 3821 1312">
     <span class='ocr_line' id='line_1_27' title="bbox 2250 1237 3821 1312; baseline 0.006 -21"><span class='ocrx_word' id='word_1_207' title='bbox 2250 1237 2388 1305; x_wconf 85' lang='lat' dir='ltr'><strong>Quin</strong></span> <span class='ocrx_word' id='word_1_208' title='bbox 2429 1237 2590 1292; x_wconf 89' lang='lat' dir='ltr'><strong>etiam</strong></span> <span class='ocrx_word' id='word_1_209' title='bbox 2640 1237 2707 1292; x_wconf 89' lang='lat' dir='ltr'><strong>ad</strong></span> <span class='ocrx_word' id='word_1_210' title='bbox 2752 1237 2914 1307; x_wconf 84' lang='lat' dir='ltr'><strong>hujus</strong></span> <span class='ocrx_word' id='word_1_211' title='bbox 2953 1255 3051 1294; x_wconf 91' lang='lat' dir='ltr'><strong>nos</strong></span> <span class='ocrx_word' id='word_1_212' title='bbox 3101 1240 3473 1311; x_wconf 85' lang='lat' dir='ltr'><strong>intelligentiae</strong></span> <span class='ocrx_word' id='word_1_213' title='bbox 3519 1243 3821 1312; x_wconf 86' lang='lat' dir='ltr'><strong>impietatem</strong></span> 
     </span>
    </p>
   </div>
   <div class='ocr_carea' id='block_1_28' title="bbox 2252 1328 3824 1407">
    <p class='ocr_par' dir='ltr' id='par_1_28' title="bbox 2252 1328 3824 1407">
     <span class='ocr_line' id='line_1_28' title="bbox 2252 1328 3824 1407; baseline 0.006 -24"><span class='ocrx_word' id='word_1_214' title='bbox 2252 1328 2630 1384; x_wconf 65' lang='lat' dir='ltr'><strong>hazreticorum</strong></span> <span class='ocrx_word' id='word_1_215' title='bbox 2679 1329 2828 1384; x_wconf 90' lang='lat' dir='ltr'><strong>furor</strong></span> <span class='ocrx_word' id='word_1_216' title='bbox 2869 1332 2992 1400; x_wconf 87' lang='lat' dir='ltr'><strong>jure</strong></span> <span class='ocrx_word' id='word_1_217' title='bbox 3035 1332 3271 1403; x_wconf 90' lang='lat' dir='ltr'><strong>quodam</strong></span> <span class='ocrx_word' id='word_1_218' title='bbox 3321 1334 3486 1407; x_wconf 58' lang='lat' dir='ltr'><strong>30h</strong></span> <span class='ocrx_word' id='word_1_219' title='bbox 3531 1338 3824 1395; x_wconf 76' lang='lat' dir='ltr'><strong>necessaria:</strong></span> 
     </span>
    </p>
   </div>
   <div class='ocr_carea' id='block_1_29' title="bbox 2252 1423 3824 1500">
    <p class='ocr_par' dir='ltr' id='par_1_29' title="bbox 2252 1423 3824 1500">
     <span class='ocr_line' id='line_1_29' title="bbox 2252 1423 3824 1500; baseline 0.005 -22"><span class='ocrx_word' id='word_1_220' title='bbox 2252 1423 2612 1479; x_wconf 89' lang='lat' dir='ltr'><strong>confessionis</strong></span> <span class='ocrx_word' id='word_1_221' title='bbox 2639 1424 2946 1493; x_wconf 89' lang='lat' dir='ltr'><strong>compellit,</strong></span> <span class='ocrx_word' id='word_1_222' title='bbox 2983 1435 3039 1480; x_wconf 91' lang='lat' dir='ltr'><strong>ut</strong></span> <span class='ocrx_word' id='word_1_223' title='bbox 3089 1427 3158 1479; x_wconf 89' lang='lat' dir='ltr'><strong>ita</strong></span> <span class='ocrx_word' id='word_1_224' title='bbox 3205 1427 3538 1483; x_wconf 89' lang='lat' dir='ltr'><strong>credendum</strong></span> <span class='ocrx_word' id='word_1_225' title='bbox 3579 1431 3680 1496; x_wconf 89' lang='lat' dir='ltr'><strong>sit;</strong></span> <span class='ocrx_word' id='word_1_226' title='bbox 3717 1431 3824 1500; x_wconf 84' lang='lat' dir='ltr'><strong>quia</strong></span> 
     </span>
    </p>
   </div>
   <div class='ocr_carea' id='block_1_30' title="bbox 2254 1516 3827 1596">
    <p class='ocr_par' dir='ltr' id='par_1_30' title="bbox 2254 1516 3827 1596">
     <span class='ocr_line' id='line_1_30' title="bbox 2254 1516 3827 1596; baseline 0.007 -25"><span class='ocrx_word' id='word_1_227' title='bbox 2254 1523 2309 1571; x_wconf 89' lang='lat' dir='ltr'><strong>et</strong></span> <span class='ocrx_word' id='word_1_228' title='bbox 2335 1531 2363 1570; x_wconf 92' lang='lat' dir='ltr'><strong>a</strong></span> <span class='ocrx_word' id='word_1_229' title='bbox 2413 1516 2640 1573; x_wconf 91' lang='lat' dir='ltr'><strong>Domino</strong></span> <span class='ocrx_word' id='word_1_230' title='bbox 2672 1518 2741 1572; x_wconf 89' lang='lat' dir='ltr'><strong>ita</strong></span> <span class='ocrx_word' id='word_1_231' title='bbox 2769 1519 2972 1573; x_wconf 89' lang='lat' dir='ltr'><strong>dictum</strong></span> <span class='ocrx_word' id='word_1_232' title='bbox 3003 1521 3110 1586; x_wconf 90' lang='lat' dir='ltr'><strong>sit,</strong></span> <span class='ocrx_word' id='word_1_233' title='bbox 3141 1531 3198 1576; x_wconf 89' lang='lat' dir='ltr'><strong>et</strong></span> <span class='ocrx_word' id='word_1_234' title='bbox 3237 1522 3408 1578; x_wconf 90' lang='lat' dir='ltr'><strong>videri</strong></span> <span class='ocrx_word' id='word_1_235' title='bbox 3455 1524 3827 1596; x_wconf 84' lang='lat' dir='ltr'><strong>irreligiosissi-</strong></span> 
     </span>
    </p>
   </div>
   <div class='ocr_carea' id='block_1_31' title="bbox 2257 1610 3824 1686">
    <p class='ocr_par' dir='ltr' id='par_1_31' title="bbox 2257 1610 3824 1686">
     <span class='ocr_line' id='line_1_31' title="bbox 2257 1610 3824 1686; baseline 0.009 -24"><span class='ocrx_word' id='word_1_236' title='bbox 2257 1623 2401 1662; x_wconf 92' lang='lat' dir='ltr'><strong>mum</strong></span> <span class='ocrx_word' id='word_1_237' title='bbox 2450 1611 2619 1678; x_wconf 85' lang='lat' dir='ltr'><strong>possit</strong></span> <span class='ocrx_word' id='word_1_238' title='bbox 2643 1651 2656 1677; x_wconf 93' lang='lat'><strong>,</strong></span> <span class='ocrx_word' id='word_1_239' title='bbox 2692 1610 3043 1680; x_wconf 79' lang='lat' dir='ltr'><strong>professionis</strong></span> <span class='ocrx_word' id='word_1_240' title='bbox 3072 1614 3192 1682; x_wconf 85' lang='lat' dir='ltr'><strong>ejus</strong></span> <span class='ocrx_word' id='word_1_241' title='bbox 3219 1613 3287 1670; x_wconf 91' lang='lat' dir='ltr'><strong>de</strong></span> <span class='ocrx_word' id='word_1_242' title='bbox 3317 1629 3376 1670; x_wconf 90' lang='lat' dir='ltr'><strong>se</strong></span> <span class='ocrx_word' id='word_1_243' title='bbox 3405 1618 3824 1686; x_wconf 74' lang='lat' dir='ltr'><strong>protestatinnem</strong></span> 
     </span>
    </p>
   </div>
   <div class='ocr_carea' id='block_1_32' title="bbox 2254 1700 3723 1780">
    <p class='ocr_par' dir='ltr' id='par_1_32' title="bbox 2254 1700 3723 1780">
     <span class='ocr_line' id='line_1_32' title="bbox 2254 1700 3723 1780; baseline 0.005 -24"><span class='ocrx_word' id='word_1_244' title='bbox 2254 1700 2484 1756; x_wconf 67' lang='lat' dir='ltr'><strong>diversae</strong></span> <span class='ocrx_word' id='word_1_245' title='bbox 2515 1701 2884 1773; x_wconf 76' lang='lat' dir='ltr'><strong>intelligentia:</strong></span> <span class='ocrx_word' id='word_1_246' title='bbox 2917 1715 3112 1760; x_wconf 71' lang='lat' dir='ltr'><strong>nostra:</strong></span> <span class='ocrx_word' id='word_1_247' title='bbox 3143 1707 3400 1776; x_wconf 88' lang='lat' dir='ltr'><strong>opinione</strong></span> <span class='ocrx_word' id='word_1_248' title='bbox 3431 1711 3723 1780; x_wconf 90' lang='lat' dir='ltr'><strong>corrumpi.</strong></span> 
     </span>
    </p>
   </div>
   <div class='ocr_carea' id='block_1_33' title="bbox 554 1789 3828 1874">
    <p class='ocr_par' dir='ltr' id='par_1_33' title="bbox 554 1789 3828 1874">
     <span class='ocr_line' id='line_1_33' title="bbox 554 1789 3828 1874; baseline 0.003 -25"><span class='ocrx_word' id='word_1_249' title='bbox 554 1803 643 1850; x_wconf 90' lang='lat' dir='ltr'><strong>tur</strong></span> <span class='ocrx_word' id='word_1_250' title='bbox 686 1805 745 1850; x_wconf 91' lang='lat' dir='ltr'><strong>ut</strong></span> <span class='ocrx_word' id='word_1_251' title='bbox 771 1793 1006 1850; x_wconf 84' lang='lat' dir='ltr'><strong>reddat:</strong></span> <span class='ocrx_word' id='word_1_252' title='bbox 1042 1794 1214 1850; x_wconf 89' lang='lat' dir='ltr'><strong>Filius</strong></span> <span class='ocrx_word' id='word_1_253' title='bbox 1238 1796 1416 1850; x_wconf 89' lang='lat' dir='ltr'><strong>minor</strong></span> <span class='ocrx_word' id='word_1_254' title='bbox 1464 1812 1570 1852; x_wconf 89' lang='lat' dir='ltr'><strong>non</strong></span> <span class='ocrx_word' id='word_1_255' title='bbox 1611 1807 1728 1860; x_wconf 83' lang='lat' dir='ltr'><strong>est.</strong></span> <span class='ocrx_word' id='word_1_256' title='bbox 1761 1797 1890 1852; x_wconf 90' lang='lat' dir='ltr'><strong>dum</strong></span> <span class='ocrx_word' id='word_1_257' title='bbox 1915 1797 2144 1867; x_wconf 81' lang='lat' dir='ltr'><strong>gloriam</strong></span> <span class='ocrx_word' id='word_1_258' title='bbox 2176 1789 2226 1850; x_wconf 90' lang='lat' dir='ltr'><strong>B</strong></span> <span class='ocrx_word' id='word_1_259' title='bbox 2323 1793 2413 1849; x_wconf 83' lang='lat'><strong>59.</strong></span> <span class='ocrx_word' id='word_1_260' title='bbox 2445 1798 2639 1850; x_wconf 82' lang='lat' dir='ltr'><strong>Auctor</strong></span> <span class='ocrx_word' id='word_1_261' title='bbox 2664 1797 2893 1850; x_wconf 87' lang='lat' dir='ltr'><strong>omnium</strong></span> <span class='ocrx_word' id='word_1_262' title='bbox 2929 1797 3006 1851; x_wconf 86' lang='lat' dir='ltr'><strong>m’l</strong></span> <span class='ocrx_word' id='word_1_263' title='bbox 3035 1809 3198 1870; x_wconf 78' lang='lat' dir='ltr'><strong>potest</strong></span> <span class='ocrx_word' id='word_1_264' title='bbox 3228 1802 3443 1856; x_wconf 85' lang='lat' dir='ltr'><strong>nescire.</strong></span> <span class='ocrx_word' id='word_1_265' title='bbox 3495 1802 3597 1869; x_wconf 84' lang='lat' dir='ltr'><strong>Qui</strong></span> <span class='ocrx_word' id='word_1_266' title='bbox 3624 1820 3730 1874; x_wconf 67' lang='lat' dir='ltr'><strong>quin</strong></span> <span class='ocrx_word' id='word_1_267' title='bbox 3752 1821 3828 1859; x_wconf 82' lang='lat' dir='ltr'><strong>nec</strong></span> 
     </span>
    </p>
   </div>
   <div class='ocr_carea' id='block_1_34' title="bbox 553 1885 2147 1959">
    <p class='ocr_par' dir='ltr' id='par_1_34' title="bbox 553 1885 2147 1959">
     <span class='ocr_line' id='line_1_34' title="bbox 553 1885 2147 1959; baseline 0.003 -19"><span class='ocrx_word' id='word_1_268' title='bbox 553 1885 784 1942; x_wconf 86' lang='lat' dir='ltr'><strong>resumit</strong></span> <span class='ocrx_word' id='word_1_269' title='bbox 819 1885 962 1956; x_wconf 90' lang='lat' dir='ltr'><strong>apud</strong></span> <span class='ocrx_word' id='word_1_270' title='bbox 1009 1885 1249 1942; x_wconf 87' lang='lat' dir='ltr'><strong>Patrem.</strong></span> <span class='ocrx_word' id='word_1_271' title='bbox 1306 1887 1483 1959; x_wconf 85' lang='lat' dir='ltr'><strong>Atque</strong></span> <span class='ocrx_word' id='word_1_272' title='bbox 1528 1888 1599 1943; x_wconf 93' lang='lat' dir='ltr'><strong>ita</strong></span> <span class='ocrx_word' id='word_1_273' title='bbox 1651 1896 1701 1944; x_wconf 88' lang='lat' dir='ltr'><strong>et</strong></span> <span class='ocrx_word' id='word_1_274' title='bbox 1749 1898 2147 1945; x_wconf 88' lang='lat' dir='ltr'><strong>sacramentum</strong></span> 
     </span>
    </p>
   </div>
   <div class='ocr_carea' id='block_1_35' title="bbox 553 1977 2146 2049">
    <p class='ocr_par' dir='ltr' id='par_1_35' title="bbox 553 1977 2146 2049">
     <span class='ocr_line' id='line_1_35' title="bbox 553 1977 2146 2049; baseline 0.003 -17"><span class='ocrx_word' id='word_1_275' title='bbox 553 1977 851 2032; x_wconf 85' lang='lat' dir='ltr'><strong>nativitatis</strong></span> <span class='ocrx_word' id='word_1_276' title='bbox 883 2017 898 2044; x_wconf 96' lang='lat'><strong>,</strong></span> <span class='ocrx_word' id='word_1_277' title='bbox 945 1985 1001 2032; x_wconf 90' lang='lat' dir='ltr'><strong>et</strong></span> <span class='ocrx_word' id='word_1_278' title='bbox 1051 1977 1382 2048; x_wconf 89' lang='lat' dir='ltr'><strong>dispensatio</strong></span> <span class='ocrx_word' id='word_1_279' title='bbox 1435 1979 1830 2049; x_wconf 88' lang='lat' dir='ltr'><strong>corporationis</strong></span> <span class='ocrx_word' id='word_1_280' title='bbox 1875 1981 2146 2048; x_wconf 89' lang='lat' dir='ltr'><strong>impletur.</strong></span> 
     </span>
    </p>
   </div>
   <div class='ocr_carea' id='block_1_36' title="bbox 551 2070 2153 2144">
    <p class='ocr_par' dir='ltr' id='par_1_36' title="bbox 551 2070 2153 2144">
     <span class='ocr_line' id='line_1_36' title="bbox 551 2070 2153 2144; baseline 0.002 -18"><span class='ocrx_word' id='word_1_281' title='bbox 551 2071 686 2126; x_wconf 88' lang='lat' dir='ltr'><strong>Nam</strong></span> <span class='ocrx_word' id='word_1_282' title='bbox 715 2077 770 2126; x_wconf 86' lang='lat' dir='ltr'><strong>et</strong></span> <span class='ocrx_word' id='word_1_283' title='bbox 809 2071 990 2136; x_wconf 87' lang='lat' dir='ltr'><strong>Pater,</strong></span> <span class='ocrx_word' id='word_1_284' title='bbox 1034 2070 1158 2126; x_wconf 93' lang='lat' dir='ltr'><strong>dum</strong></span> <span class='ocrx_word' id='word_1_285' title='bbox 1201 2081 1255 2128; x_wconf 91' lang='lat' dir='ltr'><strong>et</strong></span> <span class='ocrx_word' id='word_1_286' title='bbox 1295 2083 1446 2142; x_wconf 85' lang='lat' dir='ltr'><strong>pater</strong></span> <span class='ocrx_word' id='word_1_287' title='bbox 1473 2082 1556 2129; x_wconf 90' lang='lat' dir='ltr'><strong>est</strong></span> <span class='ocrx_word' id='word_1_288' title='bbox 1597 2083 1654 2129; x_wconf 90' lang='lat' dir='ltr'><strong>et</strong></span> <span class='ocrx_word' id='word_1_289' title='bbox 1695 2074 1965 2144; x_wconf 88' lang='lat' dir='ltr'><strong>gloriﬁcat</strong></span> <span class='ocrx_word' id='word_1_290' title='bbox 2009 2089 2153 2131; x_wconf 90' lang='lat' dir='ltr'><strong>nunc</strong></span> 
     </span>
    </p>
   </div>
   <div class='ocr_carea' id='block_1_37' title="bbox 553 2163 2152 2235">
    <p class='ocr_par' dir='ltr' id='par_1_37' title="bbox 553 2163 2152 2235">
     <span class='ocr_line' id='line_1_37' title="bbox 553 2163 2152 2235; baseline 0.001 -15"><span class='ocrx_word' id='word_1_291' title='bbox 553 2165 724 2220; x_wconf 91' lang='lat' dir='ltr'><strong>ﬁlium</strong></span> <span class='ocrx_word' id='word_1_292' title='bbox 754 2163 1023 2230; x_wconf 89' lang='lat' dir='ltr'><strong>hominis,</strong></span> <span class='ocrx_word' id='word_1_293' title='bbox 1057 2164 1231 2235; x_wconf 88' lang='lat' dir='ltr'><strong>major</strong></span> <span class='ocrx_word' id='word_1_294' title='bbox 1259 2174 1345 2221; x_wconf 87' lang='lat' dir='ltr'><strong>est</strong></span> <span class='ocrx_word' id='word_1_295' title='bbox 1376 2183 1390 2220; x_wconf 93' lang='lat'><strong>:</strong></span> <span class='ocrx_word' id='word_1_296' title='bbox 1418 2175 1474 2221; x_wconf 91' lang='lat' dir='ltr'><strong>et</strong></span> <span class='ocrx_word' id='word_1_297' title='bbox 1518 2165 1677 2222; x_wconf 90' lang='lat' dir='ltr'><strong>Pater</strong></span> <span class='ocrx_word' id='word_1_298' title='bbox 1705 2175 1759 2221; x_wconf 91' lang='lat' dir='ltr'><strong>et</strong></span> <span class='ocrx_word' id='word_1_299' title='bbox 1788 2165 1953 2222; x_wconf 87' lang='lat' dir='ltr'><strong>Filius</strong></span> <span class='ocrx_word' id='word_1_300' title='bbox 1987 2181 2152 2222; x_wconf 91' lang='lat' dir='ltr'><strong>unum</strong></span> 
     </span>
    </p>
   </div>
   <div class='ocr_carea' id='block_1_38' title="bbox 553 2258 2152 2332">
    <p class='ocr_par' dir='ltr' id='par_1_38' title="bbox 553 2258 2152 2332">
     <span class='ocr_line' id='line_1_38' title="bbox 553 2258 2152 2332; baseline 0.001 -17"><span class='ocrx_word' id='word_1_301' title='bbox 553 2267 698 2325; x_wconf 90' lang='lat' dir='ltr'><strong>sunt,</strong></span> <span class='ocrx_word' id='word_1_302' title='bbox 721 2259 851 2314; x_wconf 90' lang='lat' dir='ltr'><strong>dum</strong></span> <span class='ocrx_word' id='word_1_303' title='bbox 877 2274 943 2313; x_wconf 78' lang='lat' dir='ltr'><strong>ex</strong></span> <span class='ocrx_word' id='word_1_304' title='bbox 975 2259 1139 2315; x_wconf 91' lang='lat' dir='ltr'><strong>Patre</strong></span> <span class='ocrx_word' id='word_1_305' title='bbox 1165 2267 1322 2314; x_wconf 90' lang='lat' dir='ltr'><strong>natus</strong></span> <span class='ocrx_word' id='word_1_306' title='bbox 1353 2258 1544 2325; x_wconf 88' lang='lat' dir='ltr'><strong>Filius,</strong></span> <span class='ocrx_word' id='word_1_307' title='bbox 1575 2268 1696 2330; x_wconf 88' lang='lat' dir='ltr'><strong>post</strong></span> <span class='ocrx_word' id='word_1_308' title='bbox 1723 2261 2152 2332; x_wconf 91' lang='lat' dir='ltr'><strong>assumptionem</strong></span> 
     </span>
    </p>
   </div>
   <div class='ocr_carea' id='block_1_39' title="bbox 554 2349 1744 2422">
    <p class='ocr_par' dir='ltr' id='par_1_39' title="bbox 554 2349 1744 2422">
     <span class='ocr_line' id='line_1_39' title="bbox 554 2349 1744 2422; baseline 0 -17"><span class='ocrx_word' id='word_1_309' title='bbox 554 2351 756 2408; x_wconf 90' lang='lat' dir='ltr'><strong>terreni</strong></span> <span class='ocrx_word' id='word_1_310' title='bbox 795 2350 1043 2420; x_wconf 90' lang='lat' dir='ltr'><strong>corporis</strong></span> <span class='ocrx_word' id='word_1_311' title='bbox 1067 2350 1400 2422; x_wconf 87' lang='lat' dir='ltr'><strong>gloriﬁcatur</strong></span> <span class='ocrx_word' id='word_1_312' title='bbox 1426 2349 1478 2404; x_wconf 90' lang='lat' dir='ltr'><strong>in</strong></span> <span class='ocrx_word' id='word_1_313' title='bbox 1508 2351 1744 2407; x_wconf 88' lang='lat' dir='ltr'><strong>Patrem.</strong></span> 
     </span>
    </p>
   </div>
   <div class='ocr_carea' id='block_1_40' title="bbox 627 2442 2158 2499">
    <p class='ocr_par' dir='ltr' id='par_1_40' title="bbox 627 2442 2158 2499">
     <span class='ocr_line' id='line_1_40' title="bbox 627 2442 2158 2499; baseline 0 -1"><span class='ocrx_word' id='word_1_314' title='bbox 627 2444 714 2498; x_wconf 79' lang='lat'><strong>57.</strong></span> <span class='ocrx_word' id='word_1_315' title='bbox 742 2442 1170 2499; x_wconf 85' lang='lat' dir='ltr'><strong>lnnascibilitatis</strong></span> <span class='ocrx_word' id='word_1_316' title='bbox 1196 2452 1242 2497; x_wconf 86' lang='lat' dir='ltr'><strong>et</strong></span> <span class='ocrx_word' id='word_1_317' title='bbox 1273 2442 1550 2496; x_wconf 83' lang='lat' dir='ltr'><strong>nativitatis</strong></span> <span class='ocrx_word' id='word_1_318' title='bbox 1577 2459 1678 2498; x_wconf 89' lang='lat' dir='ltr'><strong>non</strong></span> <span class='ocrx_word' id='word_1_319' title='bbox 1700 2444 1806 2498; x_wconf 87' lang='lat' dir='ltr'><strong>alia</strong></span> <span class='ocrx_word' id='word_1_320' title='bbox 1834 2453 2041 2499; x_wconf 86' lang='lat' dir='ltr'><strong>natura.</strong></span> <span class='ocrx_word' id='word_1_321' title='bbox 2060 2443 2158 2498; x_wconf 87' lang='lat' dir='ltr'><strong>Fi-</strong></span> 
     </span>
    </p>
   </div>
   <div class='ocr_carea' id='block_1_41' title="bbox 555 2533 2156 2607">
    <p class='ocr_par' dir='ltr' id='par_1_41' title="bbox 555 2533 2156 2607">
     <span class='ocr_line' id='line_1_41' title="bbox 555 2533 2156 2607; baseline 0 -17"><span class='ocrx_word' id='word_1_322' title='bbox 555 2535 655 2591; x_wconf 81' lang='lat' dir='ltr'><strong>lius</strong></span> <span class='ocrx_word' id='word_1_323' title='bbox 681 2543 834 2590; x_wconf 85' lang='lat' dir='ltr'><strong>natus</strong></span> <span class='ocrx_word' id='word_1_324' title='bbox 863 2551 965 2590; x_wconf 91' lang='lat' dir='ltr'><strong>non</strong></span> <span class='ocrx_word' id='word_1_325' title='bbox 995 2545 1206 2607; x_wconf 79' lang='lat' dir='ltr'><strong>coeptus.</strong></span> <span class='ocrx_word' id='word_1_326' title='bbox 1236 2565 1308 2575; x_wconf 89' lang='lat'><strong>-—</strong></span> <span class='ocrx_word' id='word_1_327' title='bbox 1334 2533 1450 2588; x_wconf 87' lang='lat' dir='ltr'><strong>Non</strong></span> <span class='ocrx_word' id='word_1_328' title='bbox 1482 2533 1644 2590; x_wconf 90' lang='lat' dir='ltr'><strong>habet</strong></span> <span class='ocrx_word' id='word_1_329' title='bbox 1687 2535 1872 2604; x_wconf 86' lang='lat' dir='ltr'><strong>itaque</strong></span> <span class='ocrx_word' id='word_1_330' title='bbox 1901 2535 2156 2590; x_wconf 84' lang='lat' dir='ltr'><strong>nativitas</strong></span> 
     </span>
    </p>
   </div>
   <div class='ocr_carea' id='block_1_42' title="bbox 556 2626 2157 2699">
    <p class='ocr_par' dir='ltr' id='par_1_42' title="bbox 556 2626 2157 2699">
     <span class='ocr_line' id='line_1_42' title="bbox 556 2626 2157 2699; baseline -0.001 -15"><span class='ocrx_word' id='word_1_331' title='bbox 556 2638 762 2684; x_wconf 64' lang='lat' dir='ltr'><strong>natura:</strong></span> <span class='ocrx_word' id='word_1_332' title='bbox 792 2627 1183 2699; x_wconf 81' lang='lat' dir='ltr'><strong>ignobilitatem</strong></span> <span class='ocrx_word' id='word_1_333' title='bbox 1218 2627 1384 2697; x_wconf 89' lang='lat' dir='ltr'><strong>:quia</strong></span> <span class='ocrx_word' id='word_1_334' title='bbox 1417 2626 1470 2682; x_wconf 91' lang='lat' dir='ltr'><strong>in</strong></span> <span class='ocrx_word' id='word_1_335' title='bbox 1512 2626 1686 2682; x_wconf 86' lang='lat' dir='ltr'><strong>forma</strong></span> <span class='ocrx_word' id='word_1_336' title='bbox 1729 2627 1823 2683; x_wconf 85' lang='lat' dir='ltr'><strong>Dei</strong></span> <span class='ocrx_word' id='word_1_337' title='bbox 1863 2639 1988 2695; x_wconf 89' lang='lat' dir='ltr'><strong>est,</strong></span> <span class='ocrx_word' id='word_1_338' title='bbox 2033 2631 2157 2698; x_wconf 89' lang='lat' dir='ltr'><strong>quia</strong></span> 
     </span>
    </p>
   </div>
   <div class='ocr_carea' id='block_1_43' title="bbox 556 2718 2159 2790">
    <p class='ocr_par' dir='ltr' id='par_1_43' title="bbox 556 2718 2159 2790">
     <span class='ocr_line' id='line_1_43' title="bbox 556 2718 2159 2790; baseline -0.002 -13"><span class='ocrx_word' id='word_1_339' title='bbox 556 2737 623 2778; x_wconf 80' lang='lat' dir='ltr'><strong>ex</strong></span> <span class='ocrx_word' id='word_1_340' title='bbox 667 2721 779 2776; x_wconf 87' lang='lat' dir='ltr'><strong>Deo</strong></span> <span class='ocrx_word' id='word_1_341' title='bbox 807 2722 1067 2776; x_wconf 88' lang='lat' dir='ltr'><strong>nascitur.</strong></span> <span class='ocrx_word' id='word_1_342' title='bbox 1103 2720 1169 2774; x_wconf 89' lang='lat' dir='ltr'><strong>Et</strong></span> <span class='ocrx_word' id='word_1_343' title='bbox 1198 2735 1322 2776; x_wconf 92' lang='lat' dir='ltr'><strong>cum</strong></span> <span class='ocrx_word' id='word_1_344' title='bbox 1354 2718 1578 2775; x_wconf 67' lang='lat' dir='ltr'><strong>differre</strong></span> <span class='ocrx_word' id='word_1_345' title='bbox 1613 2719 2010 2790; x_wconf 86' lang='lat' dir='ltr'><strong>signiﬁcatione</strong></span> <span class='ocrx_word' id='word_1_346' title='bbox 2039 2719 2159 2790; x_wconf 89' lang='lat' dir='ltr'><strong>ipsa</strong></span> 
     </span>
    </p>
   </div>
   <div class='ocr_carea' id='block_1_44' title="bbox 556 2811 2160 2875">
    <p class='ocr_par' dir='ltr' id='par_1_44' title="bbox 556 2811 2160 2875">
     <span class='ocr_line' id='line_1_44' title="bbox 556 2811 2160 2875; baseline -0.002 -5"><span class='ocrx_word' id='word_1_347' title='bbox 556 2813 898 2870; x_wconf 82' lang='lat' dir='ltr'><strong>existimetur</strong></span> <span class='ocrx_word' id='word_1_348' title='bbox 937 2811 1331 2868; x_wconf 86' lang='lat' dir='ltr'><strong>innascibilitas</strong></span> <span class='ocrx_word' id='word_1_349' title='bbox 1374 2826 1403 2864; x_wconf 89' lang='lat' dir='ltr'><strong>a</strong></span> <span class='ocrx_word' id='word_1_350' title='bbox 1444 2811 1760 2875; x_wconf 88' lang='lat' dir='ltr'><strong>nativitate;</strong></span> <span class='ocrx_word' id='word_1_351' title='bbox 1798 2811 2050 2866; x_wconf 88' lang='lat' dir='ltr'><strong>nativitas</strong></span> <span class='ocrx_word' id='word_1_352' title='bbox 2080 2820 2160 2866; x_wconf 88' lang='lat' dir='ltr'><strong>ta-</strong></span> 
     </span>
    </p>
   </div>
   <div class='ocr_carea' id='block_1_45' title="bbox 556 2901 2160 2972">
    <p class='ocr_par' dir='ltr' id='par_1_45' title="bbox 556 2901 2160 2972">
     <span class='ocr_line' id='line_1_45' title="bbox 556 2901 2160 2972; baseline -0.002 -10"><span class='ocrx_word' id='word_1_353' title='bbox 556 2921 681 2962; x_wconf 86' lang='lat' dir='ltr'><strong>men</strong></span> <span class='ocrx_word' id='word_1_354' title='bbox 713 2921 820 2962; x_wconf 89' lang='lat' dir='ltr'><strong>non</strong></span> <span class='ocrx_word' id='word_1_355' title='bbox 851 2915 933 2961; x_wconf 87' lang='lat' dir='ltr'><strong>est</strong></span> <span class='ocrx_word' id='word_1_356' title='bbox 953 2901 1562 2960; x_wconf 79' lang='lat' dir='ltr'><strong>extrainnascibilitatis</strong></span> <span class='ocrx_word' id='word_1_357' title='bbox 1593 2913 1862 2967; x_wconf 88' lang='lat' dir='ltr'><strong>naturam,</strong></span> <span class='ocrx_word' id='word_1_358' title='bbox 1895 2903 2020 2972; x_wconf 86' lang='lat' dir='ltr'><strong>quia</strong></span> <span class='ocrx_word' id='word_1_359' title='bbox 2050 2916 2160 2958; x_wconf 91' lang='lat' dir='ltr'><strong>non</strong></span> 
     </span>
    </p>
   </div>
   <div class='ocr_carea' id='block_1_46' title="bbox 557 2993 2158 3071">
    <p class='ocr_par' dir='ltr' id='par_1_46' title="bbox 557 2993 2158 3071">
     <span class='ocr_line' id='line_1_46' title="bbox 557 2993 2158 3071; baseline -0.004 -15"><span class='ocrx_word' id='word_1_360' title='bbox 557 2997 1020 3071; x_wconf 87' lang='lat' dir='ltr'><strong>sumpsitaliundc</strong></span> <span class='ocrx_word' id='word_1_361' title='bbox 1045 2995 1188 3068; x_wconf 91' lang='lat' dir='ltr'><strong>quod</strong></span> <span class='ocrx_word' id='word_1_362' title='bbox 1217 2994 1478 3051; x_wconf 89' lang='lat' dir='ltr'><strong>substitit.</strong></span> <span class='ocrx_word' id='word_1_363' title='bbox 1495 2993 1631 3050; x_wconf 84' lang='lat' dir='ltr'><strong>Nam</strong></span> <span class='ocrx_word' id='word_1_364' title='bbox 1654 2994 1868 3050; x_wconf 89' lang='lat' dir='ltr'><strong>tametsi</strong></span> <span class='ocrx_word' id='word_1_365' title='bbox 1893 3010 2000 3050; x_wconf 92' lang='lat' dir='ltr'><strong>non</strong></span> <span class='ocrx_word' id='word_1_366' title='bbox 2024 3009 2158 3050; x_wconf 83' lang='lat' dir='ltr'><strong>con-</strong></span> 
     </span>
    </p>
   </div>
   <div class='ocr_carea' id='block_1_47' title="bbox 559 3087 2158 3160">
    <p class='ocr_par' dir='ltr' id='par_1_47' title="bbox 559 3087 2158 3160">
     <span class='ocr_line' id='line_1_47' title="bbox 559 3087 2158 3160; baseline -0.004 -11"><span class='ocrx_word' id='word_1_367' title='bbox 559 3101 741 3150; x_wconf 90' lang='lat' dir='ltr'><strong>secuta</strong></span> <span class='ocrx_word' id='word_1_368' title='bbox 764 3092 858 3160; x_wconf 86' lang='lat' dir='ltr'><strong>sil,</strong></span> <span class='ocrx_word' id='word_1_369' title='bbox 886 3101 946 3146; x_wconf 91' lang='lat' dir='ltr'><strong>ut</strong></span> <span class='ocrx_word' id='word_1_370' title='bbox 965 3088 1369 3146; x_wconf 88' lang='lat' dir='ltr'><strong>coinnascibilis</strong></span> <span class='ocrx_word' id='word_1_371' title='bbox 1390 3087 1586 3144; x_wconf 79' lang='lat' dir='ltr'><strong>elfecta</strong></span> <span class='ocrx_word' id='word_1_372' title='bbox 1616 3087 1721 3151; x_wconf 84' lang='lat' dir='ltr'><strong>sit;</strong></span> <span class='ocrx_word' id='word_1_373' title='bbox 1750 3089 1958 3159; x_wconf 88' lang='lat' dir='ltr'><strong>accepit</strong></span> <span class='ocrx_word' id='word_1_374' title='bbox 1981 3099 2158 3144; x_wconf 89' lang='lat' dir='ltr'><strong>tamen</strong></span> 
     </span>
    </p>
   </div>
   <div class='ocr_carea' id='block_1_48' title="bbox 2252 1888 3832 1965">
    <p class='ocr_par' dir='ltr' id='par_1_48' title="bbox 2252 1888 3832 1965">
     <span class='ocr_line' id='line_1_48' title="bbox 2252 1888 3832 1965; baseline 0.005 -25"><span class='ocrx_word' id='word_1_375' title='bbox 2252 1888 2308 1941; x_wconf 87' lang='lat' dir='ltr'><strong>in</strong></span> <span class='ocrx_word' id='word_1_376' title='bbox 2345 1904 2398 1941; x_wconf 87' lang='lat' dir='ltr'><strong>se</strong></span> <span class='ocrx_word' id='word_1_377' title='bbox 2425 1903 2516 1941; x_wconf 84' lang='lat' dir='ltr'><strong>nec</strong></span> <span class='ocrx_word' id='word_1_378' title='bbox 2543 1904 2632 1960; x_wconf 89' lang='lat' dir='ltr'><strong>per</strong></span> <span class='ocrx_word' id='word_1_379' title='bbox 2659 1905 2713 1943; x_wconf 84' lang='lat' dir='ltr'><strong>se</strong></span> <span class='ocrx_word' id='word_1_380' title='bbox 2743 1890 2844 1943; x_wconf 87' lang='lat' dir='ltr'><strong>sint</strong></span> <span class='ocrx_word' id='word_1_381' title='bbox 2871 1891 2986 1958; x_wconf 87' lang='lat' dir='ltr'><strong>scit,</strong></span> <span class='ocrx_word' id='word_1_382' title='bbox 3018 1893 3176 1946; x_wconf 86' lang='lat' dir='ltr'><strong>multo</strong></span> <span class='ocrx_word' id='word_1_383' title='bbox 3205 1895 3369 1964; x_wconf 86' lang='lat' dir='ltr'><strong>magis</strong></span> <span class='ocrx_word' id='word_1_384' title='bbox 3388 1910 3504 1964; x_wconf 72' lang='lat' dir='ltr'><strong>quae</strong></span> <span class='ocrx_word' id='word_1_385' title='bbox 3538 1896 3593 1949; x_wconf 88' lang='lat' dir='ltr'><strong>in</strong></span> <span class='ocrx_word' id='word_1_386' title='bbox 3622 1913 3673 1950; x_wconf 89' lang='lat' dir='ltr'><strong>se</strong></span> <span class='ocrx_word' id='word_1_387' title='bbox 3693 1905 3738 1950; x_wconf 82' lang='lat' dir='ltr'><strong>et</strong></span> <span class='ocrx_word' id='word_1_388' title='bbox 3758 1912 3832 1965; x_wconf 82' lang='lat' dir='ltr'><strong>per</strong></span> 
     </span>
    </p>
   </div>
   <div class='ocr_carea' id='block_1_49' title="bbox 2253 1977 3831 2055">
    <p class='ocr_par' dir='ltr' id='par_1_49' title="bbox 2253 1977 3831 2055">
     <span class='ocr_line' id='line_1_49' title="bbox 2253 1977 3831 2055; baseline 0.007 -23"><span class='ocrx_word' id='word_1_389' title='bbox 2253 1994 2325 2033; x_wconf 85' lang='lat' dir='ltr'><strong>se.</strong></span> <span class='ocrx_word' id='word_1_390' title='bbox 2360 1977 2484 2034; x_wconf 84' lang='lat' dir='ltr'><strong>Dies</strong></span> <span class='ocrx_word' id='word_1_391' title='bbox 2506 1977 2718 2034; x_wconf 85' lang='lat' dir='ltr'><strong>Domini</strong></span> <span class='ocrx_word' id='word_1_392' title='bbox 2738 1997 2827 2053; x_wconf 89' lang='lat' dir='ltr'><strong>per</strong></span> <span class='ocrx_word' id='word_1_393' title='bbox 2850 1983 3022 2051; x_wconf 84' lang='lat' dir='ltr'><strong>ipsum</strong></span> <span class='ocrx_word' id='word_1_394' title='bbox 3047 1994 3093 2038; x_wconf 91' lang='lat' dir='ltr'><strong>et</strong></span> <span class='ocrx_word' id='word_1_395' title='bbox 3120 1985 3173 2039; x_wconf 90' lang='lat' dir='ltr'><strong>in</strong></span> <span class='ocrx_word' id='word_1_396' title='bbox 3200 1985 3313 2055; x_wconf 85' lang='lat' dir='ltr'><strong>ipso</strong></span> <span class='ocrx_word' id='word_1_397' title='bbox 3341 1987 3623 2042; x_wconf 83' lang='lat' dir='ltr'><strong>constituta</strong></span> <span class='ocrx_word' id='word_1_398' title='bbox 3661 2000 3746 2042; x_wconf 83' lang='lat' dir='ltr'><strong>est.</strong></span> <span class='ocrx_word' id='word_1_399' title='bbox 3774 2017 3831 2029; x_wconf 88' lang='lat'><em>-</em></span> 
     </span>
    </p>
   </div>
   <div class='ocr_carea' id='block_1_50' title="bbox 2255 2068 3833 2144">
    <p class='ocr_par' dir='ltr' id='par_1_50' title="bbox 2255 2068 3833 2144">
     <span class='ocr_line' id='line_1_50' title="bbox 2255 2068 3833 2144; baseline 0.007 -20"><span class='ocrx_word' id='word_1_400' title='bbox 2255 2068 2332 2124; x_wconf 81' lang='lat' dir='ltr'><strong>Ac</strong></span> <span class='ocrx_word' id='word_1_401' title='bbox 2361 2072 2595 2141; x_wconf 90' lang='lat' dir='ltr'><strong>primum</strong></span> <span class='ocrx_word' id='word_1_402' title='bbox 2640 2083 2766 2129; x_wconf 90' lang='lat' dir='ltr'><strong>ante</strong></span> <span class='ocrx_word' id='word_1_403' title='bbox 2793 2090 2954 2144; x_wconf 91' lang='lat' dir='ltr'><strong>quam</strong></span> <span class='ocrx_word' id='word_1_404' title='bbox 2999 2076 3127 2131; x_wconf 87' lang='lat' dir='ltr'><strong>dicti</strong></span> <span class='ocrx_word' id='word_1_405' title='bbox 3156 2078 3300 2134; x_wconf 88' lang='lat' dir='ltr'><strong>ratio</strong></span> <span class='ocrx_word' id='word_1_406' title='bbox 3343 2088 3397 2135; x_wconf 91' lang='lat' dir='ltr'><strong>et</strong></span> <span class='ocrx_word' id='word_1_407' title='bbox 3438 2094 3602 2135; x_wconf 87' lang='lat' dir='ltr'><strong>causa</strong></span> <span class='ocrx_word' id='word_1_408' title='bbox 3646 2095 3833 2138; x_wconf 87' lang='lat' dir='ltr'><strong>memo-</strong></span> 
     </span>
    </p>
   </div>
   <div class='ocr_carea' id='block_1_51' title="bbox 2255 2168 3831 2245">
    <p class='ocr_par' dir='ltr' id='par_1_51' title="bbox 2255 2168 3831 2245">
     <span class='ocr_line' id='line_1_51' title="bbox 2255 2168 3831 2245; baseline 0.008 -28"><span class='ocrx_word' id='word_1_409' title='bbox 2255 2171 2440 2229; x_wconf 88' lang='lat' dir='ltr'><strong>retur,</strong></span> <span class='ocrx_word' id='word_1_410' title='bbox 2480 2181 2645 2221; x_wconf 87' lang='lat' dir='ltr'><strong>sensu</strong></span> <span class='ocrx_word' id='word_1_411' title='bbox 2675 2168 2980 2224; x_wconf 88' lang='lat' dir='ltr'><strong>communis</strong></span> <span class='ocrx_word' id='word_1_412' title='bbox 3004 2169 3193 2240; x_wconf 91' lang='lat' dir='ltr'><strong>judicii</strong></span> <span class='ocrx_word' id='word_1_413' title='bbox 3227 2171 3301 2243; x_wconf 91' lang='lat' dir='ltr'><strong>(b)</strong></span> <span class='ocrx_word' id='word_1_414' title='bbox 3345 2174 3690 2230; x_wconf 86' lang='lat' dir='ltr'><strong>sentiendum</strong></span> <span class='ocrx_word' id='word_1_415' title='bbox 3724 2186 3831 2245; x_wconf 88' lang='lat' dir='ltr'><strong>est,</strong></span> 
     </span>
    </p>
   </div>
   <div class='ocr_carea' id='block_1_52' title="bbox 2256 2256 3832 2332">
    <p class='ocr_par' dir='ltr' id='par_1_52' title="bbox 2256 2256 3832 2332">
     <span class='ocr_line' id='line_1_52' title="bbox 2256 2256 3832 2332; baseline 0.007 -22"><span class='ocrx_word' id='word_1_416' title='bbox 2256 2270 2324 2310; x_wconf 86' lang='lat' dir='ltr'><strong>an</strong></span> <span class='ocrx_word' id='word_1_417' title='bbox 2341 2256 2601 2312; x_wconf 81' lang='lat' dir='ltr'><strong>credibile</strong></span> <span class='ocrx_word' id='word_1_418' title='bbox 2623 2273 2743 2314; x_wconf 88' lang='lat' dir='ltr'><strong>esse</strong></span> <span class='ocrx_word' id='word_1_419' title='bbox 2762 2261 2954 2330; x_wconf 91' lang='lat' dir='ltr'><strong>possit,</strong></span> <span class='ocrx_word' id='word_1_420' title='bbox 2971 2274 3030 2315; x_wconf 91' lang='lat' dir='ltr'><strong>ut</strong></span> <span class='ocrx_word' id='word_1_421' title='bbox 3046 2261 3248 2332; x_wconf 89' lang='lat' dir='ltr'><strong>aliquid</strong></span> <span class='ocrx_word' id='word_1_422' title='bbox 3273 2279 3340 2319; x_wconf 83' lang='lat' dir='ltr'><strong>ex</strong></span> <span class='ocrx_word' id='word_1_423' title='bbox 3355 2266 3613 2322; x_wconf 91' lang='lat' dir='ltr'><strong>omnibus</strong></span> <span class='ocrx_word' id='word_1_424' title='bbox 3633 2267 3832 2332; x_wconf 88' lang='lat' dir='ltr'><strong>nesciat,</strong></span> 
     </span>
    </p>
   </div>
   <div class='ocr_carea' id='block_1_53' title="bbox 2257 2349 3832 2426">
    <p class='ocr_par' dir='ltr' id='par_1_53' title="bbox 2257 2349 3832 2426">
     <span class='ocr_line' id='line_1_53' title="bbox 2257 2349 3832 2426; baseline 0.008 -24"><span class='ocrx_word' id='word_1_425' title='bbox 2257 2349 2346 2418; x_wconf 92' lang='lat' dir='ltr'><strong>qui</strong></span> <span class='ocrx_word' id='word_1_426' title='bbox 2378 2349 2630 2406; x_wconf 89' lang='lat' dir='ltr'><strong>omnibus</strong></span> <span class='ocrx_word' id='word_1_427' title='bbox 2655 2351 2721 2406; x_wconf 89' lang='lat' dir='ltr'><strong>ad</strong></span> <span class='ocrx_word' id='word_1_428' title='bbox 2755 2352 2806 2406; x_wconf 91' lang='lat' dir='ltr'><strong>id</strong></span> <span class='ocrx_word' id='word_1_429' title='bbox 2837 2353 2984 2422; x_wconf 87' lang='lat' dir='ltr'><strong>quod</strong></span> <span class='ocrx_word' id='word_1_430' title='bbox 3014 2368 3138 2409; x_wconf 89' lang='lat' dir='ltr'><strong>sunt</strong></span> <span class='ocrx_word' id='word_1_431' title='bbox 3167 2366 3332 2426; x_wconf 88' lang='lat' dir='ltr'><strong>atque</strong></span> <span class='ocrx_word' id='word_1_432' title='bbox 3352 2369 3518 2414; x_wconf 90' lang='lat' dir='ltr'><strong>erunt</strong></span> <span class='ocrx_word' id='word_1_433' title='bbox 3536 2369 3721 2416; x_wconf 87' lang='lat' dir='ltr'><strong>auctor</strong></span> <span class='ocrx_word' id='word_1_434' title='bbox 3744 2369 3832 2416; x_wconf 88' lang='lat' dir='ltr'><strong>est.</strong></span> 
     </span>
    </p>
   </div>
   <div class='ocr_carea' id='block_1_54' title="bbox 2259 2443 3834 2523">
    <p class='ocr_par' dir='ltr' id='par_1_54' title="bbox 2259 2443 3834 2523">
     <span class='ocr_line' id='line_1_54' title="bbox 2259 2443 3834 2523; baseline 0.006 -23"><span class='ocrx_word' id='word_1_435' title='bbox 2259 2443 2317 2500; x_wconf 91' lang='lat' dir='ltr'><strong>Si</strong></span> <span class='ocrx_word' id='word_1_436' title='bbox 2357 2444 2502 2500; x_wconf 87' lang='lat' dir='ltr'><strong>enim</strong></span> <span class='ocrx_word' id='word_1_437' title='bbox 2532 2446 2713 2501; x_wconf 83' lang='lat' dir='ltr'><strong>omnia</strong></span> <span class='ocrx_word' id='word_1_438' title='bbox 2759 2463 2856 2516; x_wconf 89' lang='lat' dir='ltr'><strong>per</strong></span> <span class='ocrx_word' id='word_1_439' title='bbox 2898 2449 3176 2506; x_wconf 85' lang='lat' dir='ltr'><strong>Christum</strong></span> <span class='ocrx_word' id='word_1_440' title='bbox 3222 2461 3277 2506; x_wconf 88' lang='lat' dir='ltr'><strong>et</strong></span> <span class='ocrx_word' id='word_1_441' title='bbox 3314 2452 3369 2508; x_wconf 91' lang='lat' dir='ltr'><strong>in</strong></span> <span class='ocrx_word' id='word_1_442' title='bbox 3395 2452 3621 2511; x_wconf 89' lang='lat' dir='ltr'><strong>Christo</strong></span> <span class='ocrx_word' id='word_1_443' title='bbox 3645 2498 3659 2523; x_wconf 90' lang='lat'><strong>,</strong></span> <span class='ocrx_word' id='word_1_444' title='bbox 3704 2465 3750 2510; x_wconf 90' lang='lat' dir='ltr'><strong>et</strong></span> <span class='ocrx_word' id='word_1_445' title='bbox 3778 2456 3834 2510; x_wconf 88' lang='lat' dir='ltr'><strong>ita</strong></span> 
     </span>
    </p>
   </div>
   <div class='ocr_carea' id='block_1_55' title="bbox 2261 2540 3837 2620">
    <p class='ocr_par' dir='ltr' id='par_1_55' title="bbox 2261 2540 3837 2620">
     <span class='ocr_line' id='line_1_55' title="bbox 2261 2540 3837 2620; baseline 0.004 -24"><span class='ocrx_word' id='word_1_446' title='bbox 2261 2555 2356 2610; x_wconf 91' lang='lat' dir='ltr'><strong>per</strong></span> <span class='ocrx_word' id='word_1_447' title='bbox 2382 2540 2582 2611; x_wconf 89' lang='lat' dir='ltr'><strong>ipsum,</strong></span> <span class='ocrx_word' id='word_1_448' title='bbox 2606 2551 2666 2596; x_wconf 92' lang='lat' dir='ltr'><strong>ut</strong></span> <span class='ocrx_word' id='word_1_449' title='bbox 2695 2541 2873 2597; x_wconf 89' lang='lat' dir='ltr'><strong>omnia</strong></span> <span class='ocrx_word' id='word_1_450' title='bbox 2905 2543 2957 2598; x_wconf 93' lang='lat' dir='ltr'><strong>in</strong></span> <span class='ocrx_word' id='word_1_451' title='bbox 2989 2545 3104 2616; x_wconf 89' lang='lat' dir='ltr'><strong>ipso</strong></span> <span class='ocrx_word' id='word_1_452' title='bbox 3132 2545 3276 2613; x_wconf 90' lang='lat' dir='ltr'><strong>sint;</strong></span> <span class='ocrx_word' id='word_1_453' title='bbox 3311 2546 3364 2602; x_wconf 91' lang='lat' dir='ltr'><strong>id</strong></span> <span class='ocrx_word' id='word_1_454' title='bbox 3391 2549 3538 2619; x_wconf 86' lang='lat' dir='ltr'><strong>quod</strong></span> <span class='ocrx_word' id='word_1_455' title='bbox 3568 2563 3737 2620; x_wconf 91' lang='lat' dir='ltr'><strong>neque</strong></span> <span class='ocrx_word' id='word_1_456' title='bbox 3759 2564 3837 2603; x_wconf 73' lang='lat' dir='ltr'><strong>ex-</strong></span> 
     </span>
    </p>
   </div>
   <div class='ocr_carea' id='block_1_56' title="bbox 2261 2640 3834 2712">
    <p class='ocr_par' dir='ltr' id='par_1_56' title="bbox 2261 2640 3834 2712">
     <span class='ocr_line' id='line_1_56' title="bbox 2261 2640 3834 2712; baseline 0.005 -25"><span class='ocrx_word' id='word_1_457' title='bbox 2261 2640 2344 2688; x_wconf 82' lang='lat' dir='ltr'><strong>tra</strong></span> <span class='ocrx_word' id='word_1_458' title='bbox 2391 2649 2512 2688; x_wconf 90' lang='lat' dir='ltr'><strong>eum</strong></span> <span class='ocrx_word' id='word_1_459' title='bbox 2563 2649 2740 2706; x_wconf 90' lang='lat' dir='ltr'><strong>neque</strong></span> <span class='ocrx_word' id='word_1_460' title='bbox 2790 2651 2896 2690; x_wconf 91' lang='lat' dir='ltr'><strong>non</strong></span> <span class='ocrx_word' id='word_1_461' title='bbox 2947 2652 3044 2708; x_wconf 90' lang='lat' dir='ltr'><strong>per</strong></span> <span class='ocrx_word' id='word_1_462' title='bbox 3092 2653 3216 2693; x_wconf 88' lang='lat' dir='ltr'><strong>eum</strong></span> <span class='ocrx_word' id='word_1_463' title='bbox 3262 2649 3376 2706; x_wconf 88' lang='lat' dir='ltr'><strong>est,</strong></span> <span class='ocrx_word' id='word_1_464' title='bbox 3429 2641 3704 2712; x_wconf 86' lang='lat' dir='ltr'><strong>quomodo</strong></span> <span class='ocrx_word' id='word_1_465' title='bbox 3748 2656 3834 2695; x_wconf 89' lang='lat' dir='ltr'><strong>non</strong></span> 
     </span>
    </p>
   </div>
   <div class='ocr_carea' id='block_1_57' title="bbox 2261 2727 3837 2807">
    <p class='ocr_par' dir='ltr' id='par_1_57' title="bbox 2261 2727 3837 2807">
     <span class='ocr_line' id='line_1_57' title="bbox 2261 2727 3837 2807; baseline 0.003 -24"><span class='ocrx_word' id='word_1_466' title='bbox 2261 2727 2423 2783; x_wconf 90' lang='lat' dir='ltr'><strong>etiam</strong></span> <span class='ocrx_word' id='word_1_467' title='bbox 2457 2729 2509 2783; x_wconf 93' lang='lat' dir='ltr'><strong>in</strong></span> <span class='ocrx_word' id='word_1_468' title='bbox 2541 2728 2765 2784; x_wconf 88' lang='lat' dir='ltr'><strong>scientia</strong></span> <span class='ocrx_word' id='word_1_469' title='bbox 2796 2731 2914 2798; x_wconf 87' lang='lat' dir='ltr'><strong>ejus</strong></span> <span class='ocrx_word' id='word_1_470' title='bbox 2943 2732 3047 2799; x_wconf 89' lang='lat' dir='ltr'><strong>sit,</strong></span> <span class='ocrx_word' id='word_1_471' title='bbox 3079 2747 3203 2787; x_wconf 93' lang='lat' dir='ltr'><strong>cum</strong></span> <span class='ocrx_word' id='word_1_472' title='bbox 3233 2733 3558 2806; x_wconf 88' lang='lat' dir='ltr'><strong>plerumque</strong></span> <span class='ocrx_word' id='word_1_473' title='bbox 3591 2735 3668 2807; x_wconf 89' lang='lat' dir='ltr'><strong>(c)</strong></span> <span class='ocrx_word' id='word_1_474' title='bbox 3688 2736 3837 2791; x_wconf 88' lang='lat' dir='ltr'><strong>scien-</strong></span> 
     </span>
    </p>
   </div>
   <div class='ocr_carea' id='block_1_58' title="bbox 2263 2821 3837 2898">
    <p class='ocr_par' dir='ltr' id='par_1_58' title="bbox 2263 2821 3837 2898">
     <span class='ocr_line' id='line_1_58' title="bbox 2263 2821 3837 2898; baseline 0.003 -22"><span class='ocrx_word' id='word_1_475' title='bbox 2263 2821 2330 2877; x_wconf 90' lang='lat' dir='ltr'><strong>tia</strong></span> <span class='ocrx_word' id='word_1_476' title='bbox 2360 2821 2479 2892; x_wconf 89' lang='lat' dir='ltr'><strong>ejus</strong></span> <span class='ocrx_word' id='word_1_477' title='bbox 2503 2837 2588 2887; x_wconf 89' lang='lat' dir='ltr'><strong>ea,</strong></span> <span class='ocrx_word' id='word_1_478' title='bbox 2622 2839 2741 2893; x_wconf 67' lang='lat' dir='ltr'><strong>quae</strong></span> <span class='ocrx_word' id='word_1_479' title='bbox 2768 2839 2943 2894; x_wconf 91' lang='lat' dir='ltr'><strong>neque</strong></span> <span class='ocrx_word' id='word_1_480' title='bbox 2987 2825 3038 2879; x_wconf 91' lang='lat' dir='ltr'><strong>in</strong></span> <span class='ocrx_word' id='word_1_481' title='bbox 3065 2840 3125 2880; x_wconf 92' lang='lat' dir='ltr'><strong>se</strong></span> <span class='ocrx_word' id='word_1_482' title='bbox 3161 2842 3339 2896; x_wconf 91' lang='lat' dir='ltr'><strong>neque</strong></span> <span class='ocrx_word' id='word_1_483' title='bbox 3369 2843 3469 2898; x_wconf 89' lang='lat' dir='ltr'><strong>per</strong></span> <span class='ocrx_word' id='word_1_484' title='bbox 3496 2843 3556 2883; x_wconf 91' lang='lat' dir='ltr'><strong>sc</strong></span> <span class='ocrx_word' id='word_1_485' title='bbox 3589 2829 3730 2893; x_wconf 90' lang='lat' dir='ltr'><strong>sint,</strong></span> <span class='ocrx_word' id='word_1_486' title='bbox 3763 2843 3837 2897; x_wconf 85' lang='lat' dir='ltr'><strong>per</strong></span> 
     </span>
    </p>
   </div>
   <div class='ocr_carea' id='block_1_59' title="bbox 2262 2915 3838 2992">
    <p class='ocr_par' dir='ltr' id='par_1_59' title="bbox 2262 2915 3838 2992">
     <span class='ocr_line' id='line_1_59' title="bbox 2262 2915 3838 2992; baseline 0.004 -24"><span class='ocrx_word' id='word_1_487' title='bbox 2262 2915 2514 2971; x_wconf 89' lang='lat' dir='ltr'><strong>virtutem</strong></span> <span class='ocrx_word' id='word_1_488' title='bbox 2567 2926 2774 2973; x_wconf 75' lang='lat' dir='ltr'><strong>natura:</strong></span> <span class='ocrx_word' id='word_1_489' title='bbox 2823 2917 2902 2988; x_wconf 71' lang='grc' dir='ltr'>(ιι)</span> <span class='ocrx_word' id='word_1_490' title='bbox 2935 2934 3041 2974; x_wconf 91' lang='lat' dir='ltr'><strong>non</strong></span> <span class='ocrx_word' id='word_1_491' title='bbox 3091 2921 3285 2976; x_wconf 69' lang='lat' dir='ltr'><strong>nesciae</strong></span> <span class='ocrx_word' id='word_1_492' title='bbox 3331 2923 3745 2992; x_wconf 84' lang='lat' dir='ltr'><strong>apprehendat?</strong></span> <span class='ocrx_word' id='word_1_493' title='bbox 3784 2923 3838 2976; x_wconf 82' lang='lat' dir='ltr'><strong>At</strong></span> 
     </span>
    </p>
   </div>
   <div class='ocr_carea' id='block_1_60' title="bbox 2263 3009 3838 3088">
    <p class='ocr_par' dir='ltr' id='par_1_60' title="bbox 2263 3009 3838 3088">
     <span class='ocr_line' id='line_1_60' title="bbox 2263 3009 3838 3088; baseline 0.003 -26"><span class='ocrx_word' id='word_1_494' title='bbox 2263 3023 2394 3064; x_wconf 87' lang='lat' dir='ltr'><strong>vero</strong></span> <span class='ocrx_word' id='word_1_495' title='bbox 2425 3009 2567 3080; x_wconf 91' lang='lat' dir='ltr'><strong>quod</strong></span> <span class='ocrx_word' id='word_1_496' title='bbox 2605 3025 2823 3065; x_wconf 88' lang='lat' dir='ltr'><strong>causam</strong></span> <span class='ocrx_word' id='word_1_497' title='bbox 2857 3011 2959 3066; x_wconf 87' lang='lat' dir='ltr'><strong>nisi</strong></span> <span class='ocrx_word' id='word_1_498' title='bbox 2991 3028 3056 3069; x_wconf 80' lang='lat' dir='ltr'><strong>ex</strong></span> <span class='ocrx_word' id='word_1_499' title='bbox 3084 3028 3151 3069; x_wconf 89' lang='lat' dir='ltr'><strong>eo</strong></span> <span class='ocrx_word' id='word_1_500' title='bbox 3182 3030 3289 3069; x_wconf 89' lang='lat' dir='ltr'><strong>non</strong></span> <span class='ocrx_word' id='word_1_501' title='bbox 3318 3017 3483 3070; x_wconf 86' lang='lat' dir='ltr'><strong>sumit</strong></span> <span class='ocrx_word' id='word_1_502' title='bbox 3510 3058 3524 3078; x_wconf 86' lang='lat'><strong>,</strong></span> <span class='ocrx_word' id='word_1_503' title='bbox 3558 3015 3633 3088; x_wconf 75' lang='grc' dir='ltr'>(ε)</span> <span class='ocrx_word' id='word_1_504' title='bbox 3663 3026 3712 3071; x_wconf 93' lang='lat' dir='ltr'><strong>et</strong></span> <span class='ocrx_word' id='word_1_505' title='bbox 3740 3029 3838 3069; x_wconf 89' lang='lat' dir='ltr'><strong>mo-</strong></span> 
     </span>
    </p>
   </div>
   <div class='ocr_carea' id='block_1_61' title="bbox 2267 3100 3840 3176">
    <p class='ocr_par' dir='ltr' id='par_1_61' title="bbox 2267 3100 3840 3176">
     <span class='ocr_line' id='line_1_61' title="bbox 2267 3100 3840 3176; baseline 0.003 -20"><span class='ocrx_word' id='word_1_506' title='bbox 2267 3110 2375 3156; x_wconf 92' lang='lat' dir='ltr'><strong>tum</strong></span> <span class='ocrx_word' id='word_1_507' title='bbox 2405 3102 2472 3157; x_wconf 90' lang='lat' dir='ltr'><strong>ad</strong></span> <span class='ocrx_word' id='word_1_508' title='bbox 2499 3103 2569 3168; x_wconf 91' lang='lat' dir='ltr'><strong>id,</strong></span> <span class='ocrx_word' id='word_1_509' title='bbox 2597 3100 2675 3174; x_wconf 74' lang='lat'><strong>(2)</strong></span> <span class='ocrx_word' id='word_1_510' title='bbox 2705 3103 2844 3173; x_wconf 85' lang='lat' dir='ltr'><strong>quod</strong></span> <span class='ocrx_word' id='word_1_511' title='bbox 2871 3112 2957 3160; x_wconf 90' lang='lat' dir='ltr'><strong>est</strong></span> <span class='ocrx_word' id='word_1_512' title='bbox 2990 3105 3221 3176; x_wconf 90' lang='lat' dir='ltr'><strong>eritque,</strong></span> <span class='ocrx_word' id='word_1_513' title='bbox 3255 3108 3355 3163; x_wconf 91' lang='lat' dir='ltr'><strong>nisi</strong></span> <span class='ocrx_word' id='word_1_514' title='bbox 3382 3108 3524 3163; x_wconf 90' lang='lat' dir='ltr'><strong>intra</strong></span> <span class='ocrx_word' id='word_1_515' title='bbox 3553 3125 3620 3164; x_wconf 86' lang='lat' dir='ltr'><strong>se</strong></span> <span class='ocrx_word' id='word_1_516' title='bbox 3648 3124 3743 3165; x_wconf 93' lang='lat' dir='ltr'><strong>non</strong></span> <span class='ocrx_word' id='word_1_517' title='bbox 3767 3121 3840 3163; x_wconf 65' lang='lat' dir='ltr'><strong>ca«</strong></span> 
     </span>
    </p>
   </div>
   <div class='ocr_carea' id='block_1_62' title="bbox 559 3179 2155 3268">
    <p class='ocr_par' dir='ltr' id='par_1_62' title="bbox 559 3179 2155 3252">
     <span class='ocr_line' id='line_1_62' title="bbox 559 3179 2155 3252; baseline -0.003 -12"><span class='ocrx_word' id='word_1_518' title='bbox 559 3201 626 3240; x_wconf 78' lang='lat' dir='ltr'><strong>ex</strong></span> <span class='ocrx_word' id='word_1_519' title='bbox 665 3183 969 3240; x_wconf 87' lang='lat' dir='ltr'><strong>innascibili</strong></span> <span class='ocrx_word' id='word_1_520' title='bbox 1001 3183 1112 3237; x_wconf 89' lang='lat' dir='ltr'><strong>Deo</strong></span> <span class='ocrx_word' id='word_1_521' title='bbox 1138 3195 1261 3237; x_wconf 89' lang='lat' dir='ltr'><strong>esse</strong></span> <span class='ocrx_word' id='word_1_522' title='bbox 1305 3179 1453 3252; x_wconf 91' lang='lat' dir='ltr'><strong>quod</strong></span> <span class='ocrx_word' id='word_1_523' title='bbox 1494 3181 1638 3237; x_wconf 88' lang='lat' dir='ltr'><strong>Deus</strong></span> <span class='ocrx_word' id='word_1_524' title='bbox 1665 3190 1768 3237; x_wconf 88' lang='lat' dir='ltr'><strong>est.</strong></span> <span class='ocrx_word' id='word_1_525' title='bbox 1811 3180 1974 3237; x_wconf 90' lang='lat' dir='ltr'><strong>Fides</strong></span> <span class='ocrx_word' id='word_1_526' title='bbox 1999 3179 2155 3252; x_wconf 83' lang='lat' dir='ltr'><strong>igitur</strong></span> 
     </span>
    </p>
   </div>
   <div class='ocr_carea' id='block_1_63' title="bbox 2263 3179 3838 3268">
    <p class='ocr_par' dir='ltr' id='par_1_63' title="bbox 2266 3193 3838 3268">
     <span class='ocr_line' id='line_1_63' title="bbox 2266 3193 3838 3268; baseline 0.003 -20"><span class='ocrx_word' id='word_1_527' title='bbox 2266 3193 2341 3264; x_wconf 92' lang='lat' dir='ltr'><strong>pit</strong></span> <span class='ocrx_word' id='word_1_528' title='bbox 2368 3210 2383 3260; x_wconf 89' lang='lat'><strong>;</strong></span> <span class='ocrx_word' id='word_1_529' title='bbox 2413 3195 2684 3265; x_wconf 93' lang='lat' dir='ltr'><strong>quomodo</strong></span> <span class='ocrx_word' id='word_1_530' title='bbox 2723 3204 2876 3251; x_wconf 81' lang='lat' dir='ltr'><strong>extra</strong></span> <span class='ocrx_word' id='word_1_531' title='bbox 2903 3195 3021 3266; x_wconf 88' lang='lat' dir='ltr'><strong>ejus</strong></span> <span class='ocrx_word' id='word_1_532' title='bbox 3060 3207 3268 3253; x_wconf 68' lang='lat' dir='ltr'><strong>naturae</strong></span> <span class='ocrx_word' id='word_1_533' title='bbox 3291 3198 3578 3255; x_wconf 88' lang='lat' dir='ltr'><strong>scientiam</strong></span> <span class='ocrx_word' id='word_1_534' title='bbox 3619 3209 3731 3264; x_wconf 87' lang='lat' dir='ltr'><strong>est,</strong></span> <span class='ocrx_word' id='word_1_535' title='bbox 3763 3212 3838 3268; x_wconf 84' lang='lat' dir='ltr'><strong>per</strong></span> 
     </span>
    </p>
   </div>
   <div class='ocr_carea' id='block_1_64' title="bbox 561 3275 2156 3345">
    <p class='ocr_par' dir='ltr' id='par_1_64' title="bbox 561 3275 2156 3345">
     <span class='ocr_line' id='line_1_64' title="bbox 561 3275 2156 3345; baseline -0.004 -11"><span class='ocrx_word' id='word_1_536' title='bbox 561 3287 768 3345; x_wconf 83' lang='lat' dir='ltr'><strong>nostra,</strong></span> <span class='ocrx_word' id='word_1_537' title='bbox 801 3277 908 3334; x_wconf 87' lang='lat' dir='ltr'><strong>etsi</strong></span> <span class='ocrx_word' id='word_1_538' title='bbox 953 3278 1164 3332; x_wconf 89' lang='lat' dir='ltr'><strong>initium</strong></span> <span class='ocrx_word' id='word_1_539' title='bbox 1216 3275 1516 3332; x_wconf 88' lang='lat' dir='ltr'><strong>nativitatis</strong></span> <span class='ocrx_word' id='word_1_540' title='bbox 1548 3289 1656 3330; x_wconf 93' lang='lat' dir='ltr'><strong>non</strong></span> <span class='ocrx_word' id='word_1_541' title='bbox 1701 3275 2116 3345; x_wconf 90' lang='lat' dir='ltr'><strong>apprehendens</strong></span> <span class='ocrx_word' id='word_1_542' title='bbox 2140 3315 2156 3342; x_wconf 93' lang='lat'><strong>,</strong></span> 
     </span>
    </p>
   </div>
   <div class='ocr_carea' id='block_1_65' title="bbox 560 3365 2155 3442">
    <p class='ocr_par' dir='ltr' id='par_1_65' title="bbox 560 3365 2155 3442">
     <span class='ocr_line' id='line_1_65' title="bbox 560 3365 2155 3442; baseline -0.004 -15"><span class='ocrx_word' id='word_1_543' title='bbox 560 3370 894 3442; x_wconf 85' lang='lat' dir='ltr'><strong>unigenitum</strong></span> <span class='ocrx_word' id='word_1_544' title='bbox 928 3369 1098 3425; x_wconf 89' lang='lat' dir='ltr'><strong>Deum</strong></span> <span class='ocrx_word' id='word_1_545' title='bbox 1131 3383 1350 3438; x_wconf 84' lang='lat' dir='ltr'><strong>semper</strong></span> <span class='ocrx_word' id='word_1_546' title='bbox 1389 3367 1630 3437; x_wconf 79' lang='lat' dir='ltr'><strong>(supple,</strong></span> <span class='ocrx_word' id='word_1_547' title='bbox 1663 3365 1807 3436; x_wconf 88' lang='lat' dir='ltr'><strong>esse)</strong></span> <span class='ocrx_word' id='word_1_548' title='bbox 1837 3367 2155 3436; x_wconf 87' lang='lat' dir='ltr'><strong>profitetur;</strong></span> 
     </span>
    </p>
   </div>
   <div class='ocr_carea' id='block_1_66' title="bbox 559 3459 2158 3540">
    <p class='ocr_par' dir='ltr' id='par_1_66' title="bbox 559 3459 2158 3540">
     <span class='ocr_line' id='line_1_66' title="bbox 559 3459 2158 3540; baseline -0.007 -15"><span class='ocrx_word' id='word_1_549' title='bbox 559 3468 683 3540; x_wconf 91' lang='lat' dir='ltr'><strong>quia</strong></span> <span class='ocrx_word' id='word_1_550' title='bbox 737 3477 928 3522; x_wconf 86' lang='lat' dir='ltr'><strong>natura</strong></span> <span class='ocrx_word' id='word_1_551' title='bbox 974 3482 1080 3521; x_wconf 90' lang='lat' dir='ltr'><strong>non</strong></span> <span class='ocrx_word' id='word_1_552' title='bbox 1129 3464 1304 3529; x_wconf 88' lang='lat' dir='ltr'><strong>ferat,</strong></span> <span class='ocrx_word' id='word_1_553' title='bbox 1336 3472 1394 3518; x_wconf 93' lang='lat' dir='ltr'><strong>ut</strong></span> <span class='ocrx_word' id='word_1_554' title='bbox 1421 3461 1655 3532; x_wconf 62' lang='lat' dir='ltr'><strong>coepisse</strong></span> <span class='ocrx_word' id='word_1_555' title='bbox 1697 3476 1820 3516; x_wconf 92' lang='lat' dir='ltr'><strong>eum</strong></span> <span class='ocrx_word' id='word_1_556' title='bbox 1864 3459 2158 3531; x_wconf 89' lang='lat' dir='ltr'><strong>aliquando</strong></span> 
     </span>
    </p>
   </div>
   <div class='ocr_carea' id='block_1_67' title="bbox 560 3553 2156 3631">
    <p class='ocr_par' dir='ltr' id='par_1_67' title="bbox 560 3553 2156 3631">
     <span class='ocr_line' id='line_1_67' title="bbox 560 3553 2156 3631; baseline -0.006 -12"><span class='ocrx_word' id='word_1_557' title='bbox 560 3563 904 3628; x_wconf 87' lang='lat' dir='ltr'><strong>conﬁteatur,</strong></span> <span class='ocrx_word' id='word_1_558' title='bbox 935 3560 1092 3631; x_wconf 90' lang='lat' dir='ltr'><strong>cujus</strong></span> <span class='ocrx_word' id='word_1_559' title='bbox 1124 3557 1380 3613; x_wconf 86' lang='lat' dir='ltr'><strong>uativitas</strong></span> <span class='ocrx_word' id='word_1_560' title='bbox 1403 3571 1564 3611; x_wconf 87' lang='lat' dir='ltr'><strong>omne</strong></span> <span class='ocrx_word' id='word_1_561' title='bbox 1587 3553 1726 3610; x_wconf 89' lang='lat' dir='ltr'><strong>initii</strong></span> <span class='ocrx_word' id='word_1_562' title='bbox 1757 3564 1966 3625; x_wconf 90' lang='lat' dir='ltr'><strong>tempus</strong></span> <span class='ocrx_word' id='word_1_563' title='bbox 1993 3568 2156 3610; x_wconf 78' lang='lat' dir='ltr'><strong>exce-</strong></span> 
     </span>
    </p>
   </div>
   <div class='ocr_carea' id='block_1_68' title="bbox 560 3648 2158 3725">
    <p class='ocr_par' dir='ltr' id='par_1_68' title="bbox 560 3648 2158 3725">
     <span class='ocr_line' id='line_1_68' title="bbox 560 3648 2158 3725; baseline -0.006 -13"><span class='ocrx_word' id='word_1_564' title='bbox 560 3655 672 3712; x_wconf 87' lang='lat' dir='ltr'><strong>dat.</strong></span> <span class='ocrx_word' id='word_1_565' title='bbox 705 3655 812 3712; x_wconf 89' lang='lat' dir='ltr'><strong>Sed</strong></span> <span class='ocrx_word' id='word_1_566' title='bbox 842 3670 1002 3725; x_wconf 88' lang='lat' dir='ltr'><strong>quem</strong></span> <span class='ocrx_word' id='word_1_567' title='bbox 1030 3667 1248 3722; x_wconf 90' lang='lat' dir='ltr'><strong>semper</strong></span> <span class='ocrx_word' id='word_1_568' title='bbox 1271 3664 1395 3705; x_wconf 88' lang='lat' dir='ltr'><strong>esse</strong></span> <span class='ocrx_word' id='word_1_569' title='bbox 1425 3658 1479 3704; x_wconf 91' lang='lat' dir='ltr'><strong>et</strong></span> <span class='ocrx_word' id='word_1_570' title='bbox 1508 3657 1636 3702; x_wconf 86' lang='lat' dir='ltr'><strong>ante</strong></span> <span class='ocrx_word' id='word_1_571' title='bbox 1667 3657 1907 3716; x_wconf 87' lang='lat' dir='ltr'><strong>tempora</strong></span> <span class='ocrx_word' id='word_1_572' title='bbox 1935 3648 2158 3702; x_wconf 89' lang='lat' dir='ltr'><strong>conﬁte-</strong></span> 
     </span>
    </p>
   </div>
   <div class='ocr_carea' id='block_1_69' title="bbox 563 3740 2157 3815">
    <p class='ocr_par' dir='ltr' id='par_1_69' title="bbox 563 3740 2157 3815">
     <span class='ocr_line' id='line_1_69' title="bbox 563 3740 2157 3815; baseline -0.005 -13"><span class='ocrx_word' id='word_1_573' title='bbox 563 3757 671 3813; x_wconf 91' lang='lat' dir='ltr'><strong>tur,</strong></span> <span class='ocrx_word' id='word_1_574' title='bbox 703 3756 885 3802; x_wconf 88' lang='lat' dir='ltr'><strong>natum</strong></span> <span class='ocrx_word' id='word_1_575' title='bbox 919 3755 1098 3800; x_wconf 88' lang='lat' dir='ltr'><strong>tamen</strong></span> <span class='ocrx_word' id='word_1_576' title='bbox 1129 3746 1208 3815; x_wconf 89' lang='lat' dir='ltr'><strong>(a)</strong></span> <span class='ocrx_word' id='word_1_577' title='bbox 1241 3740 1582 3811; x_wconf 90' lang='lat' dir='ltr'><strong>intemporali</strong></span> <span class='ocrx_word' id='word_1_578' title='bbox 1615 3740 1878 3794; x_wconf 89' lang='lat' dir='ltr'><strong>inﬁnitate</strong></span> <span class='ocrx_word' id='word_1_579' title='bbox 1907 3756 2016 3795; x_wconf 88' lang='lat' dir='ltr'><strong>non</strong></span> <span class='ocrx_word' id='word_1_580' title='bbox 2043 3755 2157 3795; x_wconf 91' lang='lat' dir='ltr'><strong>am-</strong></span> 
     </span>
    </p>
   </div>
   <div class='ocr_carea' id='block_1_70' title="bbox 562 3833 2163 3910">
    <p class='ocr_par' dir='ltr' id='par_1_70' title="bbox 562 3833 2163 3910">
     <span class='ocr_line' id='line_1_70' title="bbox 562 3833 2163 3910; baseline -0.002 -14"><span class='ocrx_word' id='word_1_581' title='bbox 562 3839 719 3910; x_wconf 86' lang='lat' dir='ltr'><strong>bigit,</strong></span> <span class='ocrx_word' id='word_1_582' title='bbox 741 3853 868 3895; x_wconf 91' lang='lat' dir='ltr'><strong>eum</strong></span> <span class='ocrx_word' id='word_1_583' title='bbox 898 3847 1078 3893; x_wconf 84' lang='lat' dir='ltr'><strong>tamen</strong></span> <span class='ocrx_word' id='word_1_584' title='bbox 1106 3835 1186 3908; x_wconf 79' lang='lat' dir='ltr'><strong>(l)</strong></span> <span class='ocrx_word' id='word_1_585' title='bbox 1215 3851 1285 3892; x_wconf 80' lang='lat' dir='ltr'><strong>ex</strong></span> <span class='ocrx_word' id='word_1_586' title='bbox 1309 3833 1646 3890; x_wconf 87' lang='lat' dir='ltr'><strong>ininitiabilis</strong></span> <span class='ocrx_word' id='word_1_587' title='bbox 1673 3834 2040 3907; x_wconf 59' lang='lat' dir='ltr'><strong>intelligentiae</strong></span> <span class='ocrx_word' id='word_1_588' title='bbox 2067 3851 2163 3892; x_wconf 90' lang='lat' dir='ltr'><strong>na-</strong></span> 
     </span>
    </p>
   </div>
   <div class='ocr_carea' id='block_1_71' title="bbox 563 3931 1068 3989">
    <p class='ocr_par' dir='ltr' id='par_1_71' title="bbox 563 3931 1068 3989">
     <span class='ocr_line' id='line_1_71' title="bbox 563 3931 1068 3989; baseline -0.01 -1"><span class='ocrx_word' id='word_1_589' title='bbox 563 3931 772 3989; x_wconf 90' lang='lat' dir='ltr'><strong>tivitate</strong></span> <span class='ocrx_word' id='word_1_590' title='bbox 800 3931 1068 3988; x_wconf 88' lang='lat' dir='ltr'><strong>confessa.</strong></span> 
     </span>
    </p>
   </div>
   <div class='ocr_carea' id='block_1_72' title="bbox 635 4020 2162 4097">
    <p class='ocr_par' dir='ltr' id='par_1_72' title="bbox 635 4020 2162 4097">
     <span class='ocr_line' id='line_1_72' title="bbox 635 4020 2162 4097; baseline -0.001 -17"><span class='ocrx_word' id='word_1_591' title='bbox 635 4023 726 4081; x_wconf 82' lang='lat'><strong>58.</strong></span> <span class='ocrx_word' id='word_1_592' title='bbox 763 4023 1022 4097; x_wconf 87' lang='lat' dir='ltr'><strong>Objicitur</strong></span> <span class='ocrx_word' id='word_1_593' title='bbox 1044 4033 1222 4078; x_wconf 87' lang='lat' dir='ltr'><strong>contra</strong></span> <span class='ocrx_word' id='word_1_594' title='bbox 1247 4036 1361 4078; x_wconf 87' lang='lat' dir='ltr'><strong>eum</strong></span> <span class='ocrx_word' id='word_1_595' title='bbox 1388 4021 1644 4093; x_wconf 86' lang='lat' dir='ltr'><strong>ignoratio</strong></span> <span class='ocrx_word' id='word_1_596' title='bbox 1669 4020 1792 4076; x_wconf 89' lang='lat' dir='ltr'><strong>diei.</strong></span> <span class='ocrx_word' id='word_1_597' title='bbox 1821 4053 1892 4062; x_wconf 95' lang='lat'><strong>—</strong></span> <span class='ocrx_word' id='word_1_598' title='bbox 1919 4022 2027 4079; x_wconf 89' lang='lat' dir='ltr'><strong>Sed</strong></span> <span class='ocrx_word' id='word_1_599' title='bbox 2058 4021 2162 4079; x_wconf 90' lang='lat' dir='ltr'><strong>hoc</strong></span> 
     </span>
    </p>
   </div>
   <div class='ocr_carea' id='block_1_73' title="bbox 638 4164 1139 4239">
    <p class='ocr_par' dir='ltr' id='par_1_73' title="bbox 638 4164 1139 4239">
     <span class='ocr_line' id='line_1_73' title="bbox 638 4164 1139 4239; baseline -0.006 -16"><span class='ocrx_word' id='word_1_600' title='bbox 638 4166 715 4239; x_wconf 81' lang='grc' dir='ltr'>(Ι)</span> <span class='ocrx_word' id='word_1_601' title='bbox 749 4165 832 4239; x_wconf 71' lang='lat' dir='ltr'><strong>Ea;</strong></span> <span class='ocrx_word' id='word_1_602' title='bbox 850 4164 1139 4239; x_wconf 71' lang='lat' dir='ltr'><strong>initiabilis.</strong></span> 
     </span>
    </p>
   </div>
   <div class='ocr_carea' id='block_1_74' title="bbox 635 4230 2160 4310">
    <p class='ocr_par' dir='ltr' id='par_1_74' title="bbox 635 4230 2160 4310">
     <span class='ocr_line' id='line_1_74' title="bbox 635 4230 2160 4310; baseline -0.004 -17"><span class='ocrx_word' id='word_1_603' title='bbox 635 4230 712 4310; x_wconf 63' lang='grc' dir='ltr'>(Ξ)</span> <span class='ocrx_word' id='word_1_604' title='bbox 743 4237 900 4294; x_wconf 88' lang='lat' dir='ltr'><strong>Prius</strong></span> <span class='ocrx_word' id='word_1_605' title='bbox 923 4237 1143 4310; x_wconf 86' lang='lat' dir='ltr'><strong>quidem</strong></span> <span class='ocrx_word' id='word_1_606' title='bbox 1174 4235 1454 4310; x_wconf 79' lang='lat' dir='ltr'><strong>legebatur</strong></span> <span class='ocrx_word' id='word_1_607' title='bbox 1479 4235 1531 4289; x_wconf 91' lang='lat' dir='ltr'><strong>in</strong></span> <span class='ocrx_word' id='word_1_608' title='bbox 1557 4233 1745 4310; x_wconf 83' lang='lat' dir='ltr'><strong>codice</strong></span> <span class='ocrx_word' id='word_1_609' title='bbox 1765 4230 1952 4310; x_wconf 77' lang='lat' dir='ltr'><strong>Veron</strong></span> <span class='ocrx_word' id='word_1_610' title='bbox 1957 4272 1993 4299; x_wconf 90' lang='lat'><strong>.,</strong></span> <span class='ocrx_word' id='word_1_611' title='bbox 2024 4233 2160 4310; x_wconf 83' lang='lat' dir='ltr'><strong>quod</strong></span> 
     </span>
    </p>
   </div>
   <div class='ocr_carea' id='block_1_75' title="bbox 561 4303 2166 4381">
    <p class='ocr_par' dir='ltr' id='par_1_75' title="bbox 561 4303 2166 4381">
     <span class='ocr_line' id='line_1_75' title="bbox 561 4303 2166 4381; baseline -0.004 -16"><span class='ocrx_word' id='word_1_612' title='bbox 561 4303 876 4381; x_wconf 56' lang='lat' dir='ltr'><strong>est&#39;eritque;</strong></span> <span class='ocrx_word' id='word_1_613' title='bbox 907 4303 1002 4365; x_wconf 79' lang='lat' dir='ltr'><strong>sed</strong></span> <span class='ocrx_word' id='word_1_614' title='bbox 1031 4303 1267 4364; x_wconf 77' lang='lat' dir='ltr'><strong>secunda</strong></span> <span class='ocrx_word' id='word_1_615' title='bbox 1316 4321 1476 4362; x_wconf 90' lang='lat' dir='ltr'><strong>manu</strong></span> <span class='ocrx_word' id='word_1_616' title='bbox 1502 4305 1849 4362; x_wconf 87' lang='lat' dir='ltr'><strong>emendatum</strong></span> <span class='ocrx_word' id='word_1_617' title='bbox 1881 4303 1999 4370; x_wconf 86' lang='lat' dir='ltr'><strong>fuit,</strong></span> <span class='ocrx_word' id='word_1_618' title='bbox 2030 4305 2166 4375; x_wconf 88' lang='lat' dir='ltr'><strong>quod</strong></span> 
     </span>
    </p>
   </div>
   <div class='ocr_carea' id='block_1_76' title="bbox 637 4441 2164 4531">
    <p class='ocr_par' dir='ltr' id='par_1_76' title="bbox 637 4441 2164 4531">
     <span class='ocr_line' id='line_1_76' title="bbox 637 4441 2164 4531; baseline -0.006 -31"><span class='ocrx_word' id='word_1_619' title='bbox 637 4444 983 4531; x_wconf 35' lang='lat' dir='ltr'><strong>&#39;(a)_l_3ad.,‘in</strong></span> <span class='ocrx_word' id='word_1_620' title='bbox 1011 4442 1299 4531; x_wconf 58' lang='lat' dir='ltr'><strong>temporali;</strong></span> <span class='ocrx_word' id='word_1_621' title='bbox 1335 4441 1798 4531; x_wconf 40' lang='lat' dir='ltr'><strong>Editioties-alilm&#39;.,</strong></span> <span class='ocrx_word' id='word_1_622' title='bbox 1835 4441 2164 4531; x_wconf 59' lang='lat' dir='ltr'><strong>ittninletttpo:</strong></span> 
     </span>
    </p>
   </div>
   <div class='ocr_carea' id='block_1_77' title="bbox 564 4511 2163 4585">
    <p class='ocr_par' dir='ltr' id='par_1_77' title="bbox 564 4511 2163 4585">
     <span class='ocr_line' id='line_1_77' title="bbox 564 4511 2163 4585; baseline -0.007 -11"><span class='ocrx_word' id='word_1_623' title='bbox 564 4511 842 4574; x_wconf 41' lang='lat' dir='ltr'><strong>ralifMox</strong></span> <span class='ocrx_word' id='word_1_624' title='bbox 888 4516 981 4572; x_wconf 88' lang='lat' dir='ltr'><strong>Er.</strong></span> <span class='ocrx_word' id='word_1_625' title='bbox 1024 4511 1148 4585; x_wconf 85' lang='lat' dir='ltr'><strong>post</strong></span> <span class='ocrx_word' id='word_1_626' title='bbox 1191 4513 1358 4585; x_wconf 80' lang='lat' dir='ltr'><strong>Bad.,</strong></span> <span class='ocrx_word' id='word_1_627' title='bbox 1407 4529 1468 4566; x_wconf 77' lang='lat' dir='ltr'><strong>ex</strong></span> <span class='ocrx_word' id='word_1_628' title='bbox 1507 4513 1835 4585; x_wconf 74' lang='lat' dir='ltr'><strong>innitiabilis.</strong></span> <span class='ocrx_word' id='word_1_629' title='bbox 1877 4511 2002 4566; x_wconf 88' lang='lat' dir='ltr'><strong>Par.</strong></span> <span class='ocrx_word' id='word_1_630' title='bbox 2035 4519 2163 4585; x_wconf 74' lang='lat' dir='ltr'><strong>post</strong></span> 
     </span>
    </p>
   </div>
   <div class='ocr_carea' id='block_1_78' title="bbox 562 4581 2167 4662">
    <p class='ocr_par' dir='ltr' id='par_1_78' title="bbox 562 4581 2167 4662">
     <span class='ocr_line' id='line_1_78' title="bbox 562 4581 2167 4662; baseline -0.009 -14"><span class='ocrx_word' id='word_1_631' title='bbox 562 4589 711 4662; x_wconf 86' lang='lat' dir='ltr'><strong>Lips.</strong></span> <span class='ocrx_word' id='word_1_632' title='bbox 741 4632 757 4657; x_wconf 93' lang='lat'><strong>,</strong></span> <span class='ocrx_word' id='word_1_633' title='bbox 807 4604 870 4644; x_wconf 79' lang='lat' dir='ltr'><strong>ea:</strong></span> <span class='ocrx_word' id='word_1_634' title='bbox 917 4581 1202 4662; x_wconf 41' lang='lat' dir='ltr'><strong>initi-abitis.</strong></span> <span class='ocrx_word' id='word_1_635' title='bbox 1256 4582 1554 4662; x_wconf 34' lang='lat' dir='ltr'><strong>“Sequimur</strong></span> <span class='ocrx_word' id='word_1_636' title='bbox 1599 4599 1729 4637; x_wconf 91' lang='lat' dir='ltr'><strong>mss.</strong></span> <span class='ocrx_word' id='word_1_637' title='bbox 1779 4581 2167 4662; x_wconf 78' lang='lat' dir='ltr'><strong>Non_amhigit</strong></span> 
     </span>
    </p>
   </div>
   <div class='ocr_carea' id='block_1_79' title="bbox 563 4655 2166 4727">
    <p class='ocr_par' dir='ltr' id='par_1_79' title="bbox 563 4655 2166 4727">
     <span class='ocr_line' id='line_1_79' title="bbox 563 4655 2166 4727; baseline -0.009 -8"><span class='ocrx_word' id='word_1_638' title='bbox 563 4655 719 4727; x_wconf 77' lang='lat' dir='ltr'><strong>ﬁdes,</strong></span> <span class='ocrx_word' id='word_1_639' title='bbox 745 4655 929 4715; x_wconf 82' lang='lat' dir='ltr'><strong>natum</strong></span> <span class='ocrx_word' id='word_1_640' title='bbox 959 4656 1285 4720; x_wconf 84' lang='lat' dir='ltr'><strong>intemporali</strong></span> <span class='ocrx_word' id='word_1_641' title='bbox 1316 4655 1582 4709; x_wconf 80' lang='lat' dir='ltr'><strong>nativitate</strong></span> <span class='ocrx_word' id='word_1_642' title='bbox 1604 4696 1619 4720; x_wconf 95' lang='lat'><strong>,</strong></span> <span class='ocrx_word' id='word_1_643' title='bbox 1651 4670 1810 4724; x_wconf 89' lang='lat' dir='ltr'><strong>quem</strong></span> <span class='ocrx_word' id='word_1_644' title='bbox 1855 4655 1956 4727; x_wconf 86' lang='lat' dir='ltr'><strong>scit</strong></span> <span class='ocrx_word' id='word_1_645' title='bbox 1985 4662 2166 4706; x_wconf 89' lang='lat' dir='ltr'><strong>natum</strong></span> 
     </span>
    </p>
   </div>
   <div class='ocr_carea' id='block_1_80' title="bbox 563 4726 2167 4800">
    <p class='ocr_par' dir='ltr' id='par_1_80' title="bbox 563 4726 2167 4800">
     <span class='ocr_line' id='line_1_80' title="bbox 563 4726 2167 4800; baseline -0.007 -12"><span class='ocrx_word' id='word_1_646' title='bbox 563 4736 626 4788; x_wconf 86' lang='lat' dir='ltr'><strong>ab</strong></span> <span class='ocrx_word' id='word_1_647' title='bbox 647 4726 861 4800; x_wconf 80' lang='lat' dir='ltr'><strong>wterno,</strong></span> <span class='ocrx_word' id='word_1_648' title='bbox 882 4732 1198 4800; x_wconf 77' lang='lat' dir='ltr'><strong>natiuitatem</strong></span> <span class='ocrx_word' id='word_1_649' title='bbox 1220 4727 1449 4780; x_wconf 83' lang='lat' dir='ltr'><strong>videlicet</strong></span> <span class='ocrx_word' id='word_1_650' title='bbox 1469 4741 1531 4800; x_wconf 66' lang='lat' dir='ltr'><strong>ea:</strong></span> <span class='ocrx_word' id='word_1_651' title='bbox 1546 4737 1756 4800; x_wconf 77' lang='lat' dir='ltr'><strong>paterna</strong></span> <span class='ocrx_word' id='word_1_652' title='bbox 1778 4726 2167 4800; x_wconf 65' lang='lat' dir='ltr'><strong>(vteruitntesu-</strong></span> 
     </span>
    </p>
   </div>
   <div class='ocr_carea' id='block_1_81' title="bbox 563 4794 2168 4870">
    <p class='ocr_par' dir='ltr' id='par_1_81' title="bbox 563 4794 2168 4870">
     <span class='ocr_line' id='line_1_81' title="bbox 563 4794 2168 4870; baseline -0.009 -10"><span class='ocrx_word' id='word_1_653' title='bbox 563 4819 802 4870; x_wconf 78' lang='lat' dir='ltr'><strong>mentem,</strong></span> <span class='ocrx_word' id='word_1_654' title='bbox 838 4794 1115 4859; x_wconf 79' lang='lat' dir='ltr'><strong>utdicitur</strong></span> <span class='ocrx_word' id='word_1_655' title='bbox 1146 4799 1240 4853; x_wconf 88' lang='lat' dir='ltr'><strong>lib.</strong></span> <span class='ocrx_word' id='word_1_656' title='bbox 1274 4813 1346 4859; x_wconf 87' lang='lat' dir='ltr'><strong>tv,</strong></span> <span class='ocrx_word' id='word_1_657' title='bbox 1382 4813 1436 4850; x_wconf 90' lang='lat' dir='ltr'><strong>n.</strong></span> <span class='ocrx_word' id='word_1_658' title='bbox 1469 4795 1523 4850; x_wconf 89' lang='lat'><strong>6.</strong></span> <span class='ocrx_word' id='word_1_659' title='bbox 1561 4798 1694 4870; x_wconf 83' lang='lat' dir='ltr'><strong>Eum</strong></span> <span class='ocrx_word' id='word_1_660' title='bbox 1728 4796 1890 4850; x_wconf 88' lang='lat' dir='ltr'><strong>etiam</strong></span> <span class='ocrx_word' id='word_1_661' title='bbox 1915 4811 1980 4848; x_wconf 79' lang='lat' dir='ltr'><strong>ea:</strong></span> <span class='ocrx_word' id='word_1_662' title='bbox 2007 4794 2168 4870; x_wconf 77' lang='lat' dir='ltr'><strong>inini—</strong></span> 
     </span>
    </p>
   </div>
   <div class='ocr_carea' id='block_1_82' title="bbox 565 4865 2168 4950">
    <p class='ocr_par' dir='ltr' id='par_1_82' title="bbox 565 4865 2168 4950">
     <span class='ocr_line' id='line_1_82' title="bbox 565 4865 2168 4950; baseline -0.008 -19"><span class='ocrx_word' id='word_1_663' title='bbox 565 4876 757 4932; x_wconf 86' lang='lat' dir='ltr'><strong>tiabilis</strong></span> <span class='ocrx_word' id='word_1_664' title='bbox 787 4865 1148 4950; x_wconf 60' lang='lat' dir='ltr'><strong>intelligentia</strong></span> <span class='ocrx_word' id='word_1_665' title='bbox 1189 4870 1451 4950; x_wconf 69' lang='lat' dir='ltr'><strong>natiuitate</strong></span> <span class='ocrx_word' id='word_1_666' title='bbox 1495 4869 1798 4950; x_wconf 88' lang='lat' dir='ltr'><strong>confitetur,</strong></span> <span class='ocrx_word' id='word_1_667' title='bbox 1822 4875 2026 4950; x_wconf 38' lang='lat' dir='ltr'><strong>.utpote</strong></span> <span class='ocrx_word' id='word_1_668' title='bbox 2067 4865 2168 4950; x_wconf 67' lang='lat' dir='ltr'><strong>ini-</strong></span> 
     </span>
    </p>
   </div>
   <div class='ocr_carea' id='block_1_83' title="bbox 565 4935 2168 5011">
    <p class='ocr_par' dir='ltr' id='par_1_83' title="bbox 565 4935 2168 5011">
     <span class='ocr_line' id='line_1_83' title="bbox 565 4935 2168 5011; baseline -0.009 -9"><span class='ocrx_word' id='word_1_669' title='bbox 565 4951 690 5002; x_wconf 87' lang='lat' dir='ltr'><strong>tium</strong></span> <span class='ocrx_word' id='word_1_670' title='bbox 720 4935 1001 5002; x_wconf 74' lang='lat' dir='ltr'><strong>natiritatis</strong></span> <span class='ocrx_word' id='word_1_671' title='bbox 1027 4961 1126 5000; x_wconf 86' lang='lat' dir='ltr'><strong>non</strong></span> <span class='ocrx_word' id='word_1_672' title='bbox 1151 4938 1574 5011; x_wconf 78' lang='lat' dir='ltr'><strong>apprehendens,</strong></span> <span class='ocrx_word' id='word_1_673' title='bbox 1587 4949 1650 5011; x_wconf 18' lang='lat' dir='ltr'><strong>Aut</strong></span> <span class='ocrx_word' id='word_1_674' title='bbox 1682 4939 1926 5011; x_wconf 62' lang='lat' dir='ltr'><strong>prmthne</strong></span> <span class='ocrx_word' id='word_1_675' title='bbox 1953 4935 2168 5011; x_wconf 82' lang='lat' dir='ltr'><strong>diccba-</strong></span> 
     </span>
    </p>
   </div>
   <div class='ocr_carea' id='block_1_84' title="bbox 565 5008 2166 5078">
    <p class='ocr_par' dir='ltr' id='par_1_84' title="bbox 565 5008 2166 5078">
     <span class='ocr_line' id='line_1_84' title="bbox 565 5008 2166 5078; baseline -0.009 -4"><span class='ocrx_word' id='word_1_676' title='bbox 565 5026 652 5074; x_wconf 89' lang='lat' dir='ltr'><strong>tur</strong></span> <span class='ocrx_word' id='word_1_677' title='bbox 687 5041 701 5075; x_wconf 88' lang='lat'><strong>:</strong></span> <span class='ocrx_word' id='word_1_678' title='bbox 731 5020 930 5074; x_wconf 90' lang='lat' dir='ltr'><strong>clarius</strong></span> <span class='ocrx_word' id='word_1_679' title='bbox 971 5027 1149 5072; x_wconf 88' lang='lat' dir='ltr'><strong>autem</strong></span> <span class='ocrx_word' id='word_1_680' title='bbox 1187 5008 1288 5067; x_wconf 82' lang='lat' dir='ltr'><strong>lib.</strong></span> <span class='ocrx_word' id='word_1_681' title='bbox 1337 5026 1433 5074; x_wconf 80' lang='lat' dir='ltr'><strong>xu,</strong></span> <span class='ocrx_word' id='word_1_682' title='bbox 1479 5027 1532 5063; x_wconf 85' lang='grc' dir='ltr'><strong>ιι.</strong></span> <span class='ocrx_word' id='word_1_683' title='bbox 1566 5009 1672 5074; x_wconf 79' lang='grc'><strong>51,</strong></span> <span class='ocrx_word' id='word_1_684' title='bbox 1718 5009 1841 5078; x_wconf 83' lang='lat' dir='ltr'><strong>quia</strong></span> <span class='ocrx_word' id='word_1_685' title='bbox 1883 5009 1927 5061; x_wconf 89' lang='lat' dir='ltr'><strong>si</strong></span> <span class='ocrx_word' id='word_1_686' title='bbox 1951 5008 2074 5078; x_wconf 84' lang='lat' dir='ltr'><strong>quid</strong></span> <span class='ocrx_word' id='word_1_687' title='bbox 2103 5008 2166 5060; x_wconf 86' lang='lat' dir='ltr'><strong>de</strong></span> 
     </span>
    </p>
   </div>
   <div class='ocr_carea' id='block_1_85' title="bbox 564 5079 2167 5146">
    <p class='ocr_par' dir='ltr' id='par_1_85' title="bbox 564 5079 2167 5146">
     <span class='ocr_line' id='line_1_85' title="bbox 564 5079 2167 5146; baseline -0.008 -2"><span class='ocrx_word' id='word_1_688' title='bbox 564 5091 705 5146; x_wconf 85' lang='lat' dir='ltr'><strong>Filio</strong></span> <span class='ocrx_word' id='word_1_689' title='bbox 740 5107 882 5144; x_wconf 87' lang='lat' dir='ltr'><strong>mens</strong></span> <span class='ocrx_word' id='word_1_690' title='bbox 917 5098 1173 5145; x_wconf 82' lang='lat' dir='ltr'><strong>retroacta</strong></span> <span class='ocrx_word' id='word_1_691' title='bbox 1212 5082 1550 5146; x_wconf 83' lang='lat' dir='ltr'><strong>scrutabitur,</strong></span> <span class='ocrx_word' id='word_1_692' title='bbox 1583 5080 1714 5134; x_wconf 83' lang='lat' dir='ltr'><strong>nihil</strong></span> <span class='ocrx_word' id='word_1_693' title='bbox 1744 5079 1889 5133; x_wconf 86' lang='lat' dir='ltr'><strong>aliud</strong></span> <span class='ocrx_word' id='word_1_694' title='bbox 1929 5086 2167 5133; x_wconf 84' lang='lat' dir='ltr'><strong>scrutan-</strong></span> 
     </span>
    </p>
   </div>
   <div class='ocr_carea' id='block_1_86' title="bbox 564 5161 2162 5232">
    <p class='ocr_par' dir='ltr' id='par_1_86' title="bbox 564 5161 2162 5232">
     <span class='ocr_line' id='line_1_86' title="bbox 564 5161 2162 5232; baseline -0.008 -16"><span class='ocrx_word' id='word_1_695' title='bbox 564 5163 629 5217; x_wconf 86' lang='lat' dir='ltr'><strong>tis</strong></span> <span class='ocrx_word' id='word_1_696' title='bbox 659 5162 850 5227; x_wconf 84' lang='lat' dir='ltr'><strong>sensui,</strong></span> <span class='ocrx_word' id='word_1_697' title='bbox 886 5177 1037 5232; x_wconf 83' lang='lat' dir='ltr'><strong>quant</strong></span> <span class='ocrx_word' id='word_1_698' title='bbox 1065 5169 1244 5214; x_wconf 88' lang='lat' dir='ltr'><strong>natum</strong></span> <span class='ocrx_word' id='word_1_699' title='bbox 1273 5161 1383 5210; x_wconf 83' lang='lat' dir='ltr'><strong>esse</strong></span> <span class='ocrx_word' id='word_1_700' title='bbox 1409 5163 1456 5208; x_wconf 88' lang='lat' dir='ltr'><strong>et</strong></span> <span class='ocrx_word' id='word_1_701' title='bbox 1476 5168 1678 5224; x_wconf 80' lang='lat' dir='ltr'><strong>semper</strong></span> <span class='ocrx_word' id='word_1_702' title='bbox 1701 5167 1828 5216; x_wconf 88' lang='lat' dir='ltr'><strong>esse,</strong></span> <span class='ocrx_word' id='word_1_703' title='bbox 1854 5165 2052 5222; x_wconf 83' lang='lat' dir='ltr'><strong>semper</strong></span> <span class='ocrx_word' id='word_1_704' title='bbox 2074 5165 2162 5204; x_wconf 83' lang='lat' dir='ltr'><strong>oc-</strong></span> 
     </span>
    </p>
   </div>
   <div class='ocr_carea' id='block_1_87' title="bbox 565 5243 758 5289">
    <p class='ocr_par' dir='ltr' id='par_1_87' title="bbox 565 5243 758 5289">
     <span class='ocr_line' id='line_1_87' title="bbox 565 5243 758 5289; baseline 0 -1"><span class='ocrx_word' id='word_1_705' title='bbox 565 5243 758 5289; x_wconf 86' lang='lat' dir='ltr'><strong>curret.</strong></span> 
     </span>
    </p>
   </div>
   <div class='ocr_carea' id='block_1_88' title="bbox 639 5293 2160 5375">
    <p class='ocr_par' dir='ltr' id='par_1_88' title="bbox 639 5293 2160 5375">
     <span class='ocr_line' id='line_1_88' title="bbox 639 5293 2160 5375; baseline -0.009 -15"><span class='ocrx_word' id='word_1_706' title='bbox 639 5306 718 5375; x_wconf 91' lang='lat' dir='ltr'><strong>(b)</strong></span> <span class='ocrx_word' id='word_1_707' title='bbox 742 5303 863 5359; x_wconf 86' lang='lat' dir='ltr'><strong>Vat.</strong></span> <span class='ocrx_word' id='word_1_708' title='bbox 891 5303 1008 5375; x_wconf 85' lang='lat' dir='ltr'><strong>bas.</strong></span> <span class='ocrx_word' id='word_1_709' title='bbox 1023 5317 1150 5368; x_wconf 91' lang='lat' dir='ltr'><strong>ms.,</strong></span> <span class='ocrx_word' id='word_1_710' title='bbox 1167 5313 1366 5375; x_wconf 79' lang='lat' dir='ltr'><strong>sensum</strong></span> <span class='ocrx_word' id='word_1_711' title='bbox 1385 5293 1866 5375; x_wconf 79' lang='lat' dir='ltr'><strong>connuunisjudicii</strong></span> <span class='ocrx_word' id='word_1_712' title='bbox 1885 5293 2160 5375; x_wconf 70' lang='lat' dir='ltr'><strong>interrogo,</strong></span> 
     </span>
    </p>
   </div>
   <div class='ocr_carea' id='block_1_89' title="bbox 566 5367 2163 5448">
    <p class='ocr_par' dir='ltr' id='par_1_89' title="bbox 566 5367 2163 5448">
     <span class='ocr_line' id='line_1_89' title="bbox 566 5367 2163 5448; baseline -0.008 -17"><span class='ocrx_word' id='word_1_713' title='bbox 566 5367 710 5448; x_wconf 32' lang='lat' dir='ltr'><strong>quid.</strong></span> <span class='ocrx_word' id='word_1_714' title='bbox 737 5373 1055 5448; x_wconf 83' lang='lat' dir='ltr'><strong>sentiendum</strong></span> <span class='ocrx_word' id='word_1_715' title='bbox 1104 5367 1174 5448; x_wconf 77' lang='lat' dir='ltr'><strong>est</strong></span> <span class='ocrx_word' id='word_1_716' title='bbox 1229 5370 1560 5448; x_wconf 75' lang='lat' dir='ltr'><strong>:_g|osscma</strong></span> <span class='ocrx_word' id='word_1_717' title='bbox 1609 5367 1884 5448; x_wconf 71' lang='lat' dir='ltr'><strong>subolet,_</strong></span> <span class='ocrx_word' id='word_1_718' title='bbox 1921 5367 2065 5448; x_wconf 78' lang='lat' dir='ltr'><strong>sicut</strong></span> <span class='ocrx_word' id='word_1_719' title='bbox 2109 5372 2163 5418; x_wconf 90' lang='lat' dir='ltr'><strong>ct</strong></span> 
     </span>
    </p>
   </div>
   <div class='ocr_carea' id='block_1_90' title="bbox 565 5438 2086 5516">
    <p class='ocr_par' dir='ltr' id='par_1_90' title="bbox 565 5438 2086 5516">
     <span class='ocr_line' id='line_1_90' title="bbox 565 5438 2086 5516; baseline -0.01 -13"><span class='ocrx_word' id='word_1_720' title='bbox 565 5438 780 5504; x_wconf 65' lang='lat' dir='ltr'><strong>blartin.</strong></span> <span class='ocrx_word' id='word_1_721' title='bbox 805 5448 856 5502; x_wconf 90' lang='lat' dir='ltr'><strong>in</strong></span> <span class='ocrx_word' id='word_1_722' title='bbox 889 5461 997 5516; x_wconf 89' lang='lat' dir='ltr'><strong>quo</strong></span> <span class='ocrx_word' id='word_1_723' title='bbox 1025 5446 1238 5514; x_wconf 88' lang='lat' dir='ltr'><strong>legitur,</strong></span> <span class='ocrx_word' id='word_1_724' title='bbox 1268 5438 1526 5516; x_wconf 79' lang='lat' dir='ltr'><strong>interrogo</strong></span> <span class='ocrx_word' id='word_1_725' title='bbox 1556 5456 1624 5494; x_wconf 89' lang='lat' dir='ltr'><strong>an</strong></span> <span class='ocrx_word' id='word_1_726' title='bbox 1653 5438 1968 5516; x_wconf 77' lang='lat' dir='ltr'><strong>sentiendum</strong></span> <span class='ocrx_word' id='word_1_727' title='bbox 1993 5445 2086 5490; x_wconf 89' lang='lat' dir='ltr'><strong>est.</strong></span> 
     </span>
    </p>
   </div>
   <div class='ocr_carea' id='block_1_91' title="bbox 637 5506 2163 5586">
    <p class='ocr_par' dir='ltr' id='par_1_91' title="bbox 637 5506 2163 5586">
     <span class='ocr_line' id='line_1_91' title="bbox 637 5506 2163 5586; baseline -0.006 -16"><span class='ocrx_word' id='word_1_728' title='bbox 637 5517 712 5586; x_wconf 89' lang='lat' dir='ltr'><strong>(c)</strong></span> <span class='ocrx_word' id='word_1_729' title='bbox 749 5506 940 5573; x_wconf 77' lang='lat' dir='ltr'><strong>Excusi</strong></span> <span class='ocrx_word' id='word_1_730' title='bbox 967 5558 981 5582; x_wconf 95' lang='lat'><strong>,</strong></span> <span class='ocrx_word' id='word_1_731' title='bbox 1016 5506 1233 5571; x_wconf 60' lang='lat' dir='ltr'><strong>scientia</strong></span> <span class='ocrx_word' id='word_1_732' title='bbox 1274 5529 1331 5586; x_wconf 83' lang='lat' dir='ltr'><strong>ea</strong></span> <span class='ocrx_word' id='word_1_733' title='bbox 1373 5506 1548 5586; x_wconf 74' lang='lat' dir='ltr'><strong>etiam,</strong></span> <span class='ocrx_word' id='word_1_734' title='bbox 1591 5513 1794 5566; x_wconf 89' lang='lat' dir='ltr'><strong>omisso</strong></span> <span class='ocrx_word' id='word_1_735' title='bbox 1822 5511 1938 5580; x_wconf 87' lang='lat' dir='ltr'><strong>ejus</strong></span> <span class='ocrx_word' id='word_1_736' title='bbox 1962 5547 1976 5570; x_wconf 86' lang='lat'><strong>,</strong></span> <span class='ocrx_word' id='word_1_737' title='bbox 2017 5506 2163 5586; x_wconf 76' lang='lat' dir='ltr'><strong>quod</strong></span> 
     </span>
    </p>
   </div>
   <div class='ocr_carea' id='block_1_92' title="bbox 566 5581 2162 5659">
    <p class='ocr_par' dir='ltr' id='par_1_92' title="bbox 566 5581 2162 5659">
     <span class='ocr_line' id='line_1_92' title="bbox 566 5581 2162 5659; baseline -0.006 -16"><span class='ocrx_word' id='word_1_738' title='bbox 566 5581 736 5659; x_wconf 82' lang='lat' dir='ltr'><strong>probe</strong></span> <span class='ocrx_word' id='word_1_739' title='bbox 781 5581 1041 5644; x_wconf 79' lang='lat' dir='ltr'><strong>exhibent</strong></span> <span class='ocrx_word' id='word_1_740' title='bbox 1083 5581 1506 5659; x_wconf 77' lang='lat' dir='ltr'><strong>mss._Cliristus</strong></span> <span class='ocrx_word' id='word_1_741' title='bbox 1551 5592 1607 5636; x_wconf 90' lang='lat' dir='ltr'><strong>ut</strong></span> <span class='ocrx_word' id='word_1_742' title='bbox 1654 5596 1815 5636; x_wconf 91' lang='lat' dir='ltr'><strong>causa</strong></span> <span class='ocrx_word' id='word_1_743' title='bbox 1856 5581 2162 5648; x_wconf 86' lang='lat' dir='ltr'><strong>generalis,</strong></span> 
     </span>
    </p>
   </div>
   <div class='ocr_carea' id='block_1_93' title="bbox 566 5653 2166 5731">
    <p class='ocr_par' dir='ltr' id='par_1_93' title="bbox 566 5653 2166 5731">
     <span class='ocr_line' id='line_1_93' title="bbox 566 5653 2166 5731; baseline -0.007 -18"><span class='ocrx_word' id='word_1_744' title='bbox 566 5653 812 5731; x_wconf 66' lang='lat' dir='ltr'><strong>proxime</strong></span> <span class='ocrx_word' id='word_1_745' title='bbox 853 5659 1088 5731; x_wconf 81' lang='lat' dir='ltr'><strong>omnibus</strong></span> <span class='ocrx_word' id='word_1_746' title='bbox 1113 5657 1182 5709; x_wconf 86' lang='lat' dir='ltr'><strong>ad</strong></span> <span class='ocrx_word' id='word_1_747' title='bbox 1223 5655 1279 5709; x_wconf 88' lang='lat' dir='ltr'><strong>id</strong></span> <span class='ocrx_word' id='word_1_748' title='bbox 1304 5653 1438 5724; x_wconf 86' lang='lat' dir='ltr'><strong>quod</strong></span> <span class='ocrx_word' id='word_1_749' title='bbox 1480 5664 1595 5706; x_wconf 76' lang='lat' dir='ltr'><strong>sunt</strong></span> <span class='ocrx_word' id='word_1_750' title='bbox 1625 5662 1790 5731; x_wconf 72' lang='lat' dir='ltr'><strong>atque</strong></span> <span class='ocrx_word' id='word_1_751' title='bbox 1812 5659 1956 5731; x_wconf 70' lang='lat' dir='ltr'><strong>erant</strong></span> <span class='ocrx_word' id='word_1_752' title='bbox 1987 5659 2166 5704; x_wconf 88' lang='lat' dir='ltr'><strong>auctor</strong></span> 
     </span>
    </p>
   </div>
   <div class='ocr_carea' id='block_1_94' title="bbox 567 5723 2162 5793">
    <p class='ocr_par' dir='ltr' id='par_1_94' title="bbox 567 5723 2162 5793">
     <span class='ocr_line' id='line_1_94' title="bbox 567 5723 2162 5793; baseline -0.005 -9"><span class='ocrx_word' id='word_1_753' title='bbox 567 5723 807 5784; x_wconf 68' lang='lat' dir='ltr'><strong>assertus</strong></span> <span class='ocrx_word' id='word_1_754' title='bbox 834 5737 920 5784; x_wconf 90' lang='lat' dir='ltr'><strong>est</strong></span> <span class='ocrx_word' id='word_1_755' title='bbox 953 5745 965 5780; x_wconf 91' lang='lat'><strong>:</strong></span> <span class='ocrx_word' id='word_1_756' title='bbox 1000 5728 1086 5782; x_wconf 88' lang='lat' dir='ltr'><strong>hic</strong></span> <span class='ocrx_word' id='word_1_757' title='bbox 1118 5741 1244 5781; x_wconf 68' lang='lat' dir='ltr'><strong>vero</strong></span> <span class='ocrx_word' id='word_1_758' title='bbox 1272 5723 1331 5779; x_wconf 88' lang='lat' dir='ltr'><strong>ut</strong></span> <span class='ocrx_word' id='word_1_759' title='bbox 1372 5736 1532 5777; x_wconf 86' lang='lat' dir='ltr'><strong>causa</strong></span> <span class='ocrx_word' id='word_1_760' title='bbox 1568 5723 1930 5793; x_wconf 85' lang='lat' dir='ltr'><strong>particularis,</strong></span> <span class='ocrx_word' id='word_1_761' title='bbox 1966 5735 2162 5790; x_wconf 87' lang='lat' dir='ltr'><strong>appre-</strong></span> 
     </span>
    </p>
   </div>
   <div class='ocr_carea' id='block_1_95' title="bbox 570 5793 2164 5870">
    <p class='ocr_par' dir='ltr' id='par_1_95' title="bbox 570 5793 2164 5870">
     <span class='ocr_line' id='line_1_95' title="bbox 570 5793 2164 5870; baseline -0.008 -11"><span class='ocrx_word' id='word_1_762' title='bbox 570 5799 807 5859; x_wconf 87' lang='lat' dir='ltr'><strong>hendere</strong></span> <span class='ocrx_word' id='word_1_763' title='bbox 849 5797 1047 5854; x_wconf 89' lang='lat' dir='ltr'><strong>dicitur</strong></span> <span class='ocrx_word' id='word_1_764' title='bbox 1089 5813 1206 5870; x_wconf 66' lang='lat' dir='ltr'><strong>quae</strong></span> <span class='ocrx_word' id='word_1_765' title='bbox 1250 5810 1410 5867; x_wconf 87' lang='lat' dir='ltr'><strong>neque</strong></span> <span class='ocrx_word' id='word_1_766' title='bbox 1449 5793 1503 5848; x_wconf 90' lang='lat' dir='ltr'><strong>in</strong></span> <span class='ocrx_word' id='word_1_767' title='bbox 1537 5811 1590 5850; x_wconf 81' lang='lat' dir='ltr'><strong>se</strong></span> <span class='ocrx_word' id='word_1_768' title='bbox 1620 5811 1780 5864; x_wconf 85' lang='lat' dir='ltr'><strong>neque</strong></span> <span class='ocrx_word' id='word_1_769' title='bbox 1823 5808 1911 5864; x_wconf 86' lang='lat' dir='ltr'><strong>per</strong></span> <span class='ocrx_word' id='word_1_770' title='bbox 1949 5808 2004 5847; x_wconf 89' lang='lat' dir='ltr'><strong>se</strong></span> <span class='ocrx_word' id='word_1_771' title='bbox 2026 5793 2164 5861; x_wconf 85' lang='lat' dir='ltr'><strong>sint,</strong></span> 
     </span>
    </p>
   </div>
   <div class='ocr_carea' id='block_1_96' title="bbox 2190 4551 2244 4612">
    <p class='ocr_par' dir='ltr' id='par_1_96' title="bbox 2190 4551 2244 4612">
     <span class='ocr_line' id='line_1_96' title="bbox 2190 4551 2244 4612; baseline 0 0"><span class='ocrx_word' id='word_1_772' title='bbox 2190 4551 2244 4612; x_wconf 93' lang='lat' dir='ltr'><strong>D</strong></span> 
     </span>
    </p>
   </div>
   <div class='ocr_carea' id='block_1_97' title="bbox 2265 3285 3840 3358">
    <p class='ocr_par' dir='ltr' id='par_1_97' title="bbox 2265 3285 3840 3358">
     <span class='ocr_line' id='line_1_97' title="bbox 2265 3285 3840 3358; baseline 0.003 -21"><span class='ocrx_word' id='word_1_773' title='bbox 2265 3300 2426 3356; x_wconf 90' lang='lat' dir='ltr'><strong>quam</strong></span> <span class='ocrx_word' id='word_1_774' title='bbox 2467 3295 2521 3341; x_wconf 89' lang='lat' dir='ltr'><strong>et</strong></span> <span class='ocrx_word' id='word_1_775' title='bbox 2558 3285 2612 3340; x_wconf 89' lang='lat' dir='ltr'><strong>in</strong></span> <span class='ocrx_word' id='word_1_776' title='bbox 2642 3302 2745 3358; x_wconf 90' lang='lat' dir='ltr'><strong>qua</strong></span> <span class='ocrx_word' id='word_1_777' title='bbox 2780 3288 2831 3342; x_wconf 91' lang='lat' dir='ltr'><strong>id</strong></span> <span class='ocrx_word' id='word_1_778' title='bbox 2862 3287 3004 3358; x_wconf 91' lang='lat' dir='ltr'><strong>quod</strong></span> <span class='ocrx_word' id='word_1_779' title='bbox 3037 3287 3382 3345; x_wconf 85' lang='lat' dir='ltr'><strong>efficiendum</strong></span> <span class='ocrx_word' id='word_1_780' title='bbox 3420 3291 3493 3346; x_wconf 86' lang='lat' dir='ltr'><strong>sit</strong></span> <span class='ocrx_word' id='word_1_781' title='bbox 3518 3287 3840 3348; x_wconf 82' lang='lat' dir='ltr'><strong>continetur?</strong></span> 
     </span>
    </p>
   </div>
   <div class='ocr_carea' id='block_1_98' title="bbox 2261 3376 3838 3455">
    <p class='ocr_par' dir='ltr' id='par_1_98' title="bbox 2261 3376 3838 3455">
     <span class='ocr_line' id='line_1_98' title="bbox 2261 3376 3838 3455; baseline 0 -23"><span class='ocrx_word' id='word_1_782' title='bbox 2261 3376 2629 3449; x_wconf 88' lang='lat' dir='ltr'><strong>Cogitationes</strong></span> <span class='ocrx_word' id='word_1_783' title='bbox 2676 3394 2907 3450; x_wconf 89' lang='lat' dir='ltr'><strong>namque</strong></span> <span class='ocrx_word' id='word_1_784' title='bbox 2935 3378 3200 3436; x_wconf 81' lang='lat' dir='ltr'><strong>humanas</strong></span> <span class='ocrx_word' id='word_1_785' title='bbox 3241 3396 3346 3436; x_wconf 89' lang='lat' dir='ltr'><strong>non</strong></span> <span class='ocrx_word' id='word_1_786' title='bbox 3395 3384 3574 3438; x_wconf 88' lang='lat' dir='ltr'><strong>solum</strong></span> <span class='ocrx_word' id='word_1_787' title='bbox 3618 3379 3838 3455; x_wconf 65' lang='lat' dir='ltr'><strong>praesenti</strong></span> 
     </span>
    </p>
   </div>
   <div class='ocr_carea' id='block_1_99' title="bbox 2263 3470 3839 3537">
    <p class='ocr_par' dir='ltr' id='par_1_99' title="bbox 2263 3470 3839 3537">
     <span class='ocr_line' id='line_1_99' title="bbox 2263 3470 3839 3537; baseline 0.002 -13"><span class='ocrx_word' id='word_1_788' title='bbox 2263 3478 2412 3524; x_wconf 88' lang='lat' dir='ltr'><strong>motu</strong></span> <span class='ocrx_word' id='word_1_789' title='bbox 2445 3471 2712 3537; x_wconf 85' lang='lat' dir='ltr'><strong>incitatas,</strong></span> <span class='ocrx_word' id='word_1_790' title='bbox 2743 3470 2837 3526; x_wconf 89' lang='lat' dir='ltr'><strong>sed</strong></span> <span class='ocrx_word' id='word_1_791' title='bbox 2865 3471 3028 3527; x_wconf 87' lang='lat' dir='ltr'><strong>ctiam</strong></span> <span class='ocrx_word' id='word_1_792' title='bbox 3063 3472 3321 3529; x_wconf 89' lang='lat' dir='ltr'><strong>instinctu</strong></span> <span class='ocrx_word' id='word_1_793' title='bbox 3348 3472 3547 3530; x_wconf 69' lang='lat' dir='ltr'><strong>futura:</strong></span> <span class='ocrx_word' id='word_1_794' title='bbox 3577 3472 3839 3531; x_wconf 84' lang='lat' dir='ltr'><strong>voluntatis</strong></span> 
     </span>
    </p>
   </div>
   <div class='ocr_carea' id='block_1_100' title="bbox 2263 3560 3839 3636">
    <p class='ocr_par' dir='ltr' id='par_1_100' title="bbox 2263 3560 3839 3636">
     <span class='ocr_line' id='line_1_100' title="bbox 2263 3560 3839 3636; baseline 0.003 -22"><span class='ocrx_word' id='word_1_795' title='bbox 2263 3560 2542 3631; x_wconf 87' lang='lat' dir='ltr'><strong>agitandas</strong></span> <span class='ocrx_word' id='word_1_796' title='bbox 2567 3603 2583 3629; x_wconf 94' lang='lat'><strong>,</strong></span> <span class='ocrx_word' id='word_1_797' title='bbox 2618 3561 2875 3617; x_wconf 88' lang='lat' dir='ltr'><strong>Dominus</strong></span> <span class='ocrx_word' id='word_1_798' title='bbox 2919 3562 3168 3620; x_wconf 86' lang='lat' dir='ltr'><strong>Christus</strong></span> <span class='ocrx_word' id='word_1_799' title='bbox 3206 3579 3313 3620; x_wconf 90' lang='lat' dir='ltr'><strong>non</strong></span> <span class='ocrx_word' id='word_1_800' title='bbox 3342 3564 3587 3636; x_wconf 82' lang='lat' dir='ltr'><strong>ignorat,</strong></span> <span class='ocrx_word' id='word_1_801' title='bbox 3623 3567 3839 3635; x_wconf 74' lang='lat' dir='ltr'><strong>Evange-</strong></span> 
     </span>
    </p>
   </div>
   <div class='ocr_carea' id='block_1_101' title="bbox 2266 3653 3840 3728">
    <p class='ocr_par' dir='ltr' id='par_1_101' title="bbox 2266 3653 3840 3728">
     <span class='ocr_line' id='line_1_101' title="bbox 2266 3653 3840 3728; baseline 0.001 -20"><span class='ocrx_word' id='word_1_802' title='bbox 2266 3653 2388 3708; x_wconf 89' lang='lat' dir='ltr'><strong>lista</strong></span> <span class='ocrx_word' id='word_1_803' title='bbox 2421 3662 2654 3709; x_wconf 81' lang='lat' dir='ltr'><strong>testante</strong></span> <span class='ocrx_word' id='word_1_804' title='bbox 2687 3673 2698 3708; x_wconf 92' lang='lat'><strong>:</strong></span> <span class='ocrx_word' id='word_1_805' title='bbox 2731 3654 2941 3710; x_wconf 82' lang='lat' dir='ltr'><strong>Sciebat</strong></span> <span class='ocrx_word' id='word_1_806' title='bbox 2971 3657 3106 3712; x_wconf 87' lang='lat' dir='ltr'><strong>enim</strong></span> <span class='ocrx_word' id='word_1_807' title='bbox 3128 3655 3280 3712; x_wconf 82' lang='lat' dir='ltr'><strong>Jesus</strong></span> <span class='ocrx_word' id='word_1_808' title='bbox 3301 3657 3362 3711; x_wconf 87' lang='lat' dir='ltr'><strong>ab</strong></span> <span class='ocrx_word' id='word_1_809' title='bbox 3389 3659 3564 3722; x_wconf 79' lang='lat' dir='ltr'><strong>initio,</strong></span> <span class='ocrx_word' id='word_1_810' title='bbox 3596 3659 3840 3728; x_wconf 81' lang='lat' dir='ltr'><strong>quiessent</strong></span> 
     </span>
    </p>
   </div>
   <div class='ocr_carea' id='block_1_102' title="bbox 2264 3748 3838 3826">
    <p class='ocr_par' dir='ltr' id='par_1_102' title="bbox 2264 3748 3838 3826">
     <span class='ocr_line' id='line_1_102' title="bbox 2264 3748 3838 3826; baseline 0.002 -27"><span class='ocrx_word' id='word_1_811' title='bbox 2264 3763 2364 3801; x_wconf 85' lang='lat' dir='ltr'><strong>non</strong></span> <span class='ocrx_word' id='word_1_812' title='bbox 2388 3748 2648 3803; x_wconf 81' lang='lat' dir='ltr'><strong>credentes</strong></span> <span class='ocrx_word' id='word_1_813' title='bbox 2678 3748 2758 3821; x_wconf 76' lang='grc'><strong>(5)</strong></span> <span class='ocrx_word' id='word_1_814' title='bbox 2785 3761 2833 3805; x_wconf 87' lang='lat' dir='ltr'><strong>et</strong></span> <span class='ocrx_word' id='word_1_815' title='bbox 2861 3751 2948 3821; x_wconf 90' lang='lat' dir='ltr'><strong>qui</strong></span> <span class='ocrx_word' id='word_1_816' title='bbox 2974 3761 3099 3806; x_wconf 86' lang='lat' dir='ltr'><strong>esset</strong></span> <span class='ocrx_word' id='word_1_817' title='bbox 3121 3752 3407 3806; x_wconf 86' lang='lat' dir='ltr'><strong>traditurus</strong></span> <span class='ocrx_word' id='word_1_818' title='bbox 3432 3768 3554 3808; x_wconf 81' lang='lat' dir='ltr'><strong>eum</strong></span> <span class='ocrx_word' id='word_1_819' title='bbox 3584 3753 3756 3826; x_wconf 86' lang='lat' dir='ltr'><strong>(Joan.</strong></span> <span class='ocrx_word' id='word_1_820' title='bbox 3779 3767 3838 3816; x_wconf 68' lang='grc' dir='ltr'><strong>τι,</strong></span> 
     </span>
    </p>
   </div>
   <div class='ocr_carea' id='block_1_103' title="bbox 2265 3842 3841 3919">
    <p class='ocr_par' dir='ltr' id='par_1_103' title="bbox 2265 3842 3841 3919">
     <span class='ocr_line' id='line_1_103' title="bbox 2265 3842 3841 3919; baseline 0.003 -22"><span class='ocrx_word' id='word_1_821' title='bbox 2265 3842 2378 3914; x_wconf 79' lang='grc'>65).</span> <span class='ocrx_word' id='word_1_822' title='bbox 2411 3842 2628 3899; x_wconf 76' lang='lat' dir='ltr'><strong>Natura:</strong></span> <span class='ocrx_word' id='word_1_823' title='bbox 2665 3860 2797 3915; x_wconf 84' lang='lat' dir='ltr'><strong>ergo</strong></span> <span class='ocrx_word' id='word_1_824' title='bbox 2823 3845 2940 3917; x_wconf 90' lang='lat' dir='ltr'><strong>ejus</strong></span> <span class='ocrx_word' id='word_1_825' title='bbox 2983 3848 3183 3914; x_wconf 79' lang='lat' dir='ltr'><strong>virtus,</strong></span> <span class='ocrx_word' id='word_1_826' title='bbox 3215 3864 3335 3919; x_wconf 65' lang='lat' dir='ltr'><strong>quae</strong></span> <span class='ocrx_word' id='word_1_827' title='bbox 3365 3849 3732 3919; x_wconf 83' lang='lat' dir='ltr'><strong>cognitionem</strong></span> <span class='ocrx_word' id='word_1_828' title='bbox 3774 3861 3841 3902; x_wconf 87' lang='lat' dir='ltr'><strong>rc-</strong></span> 
     </span>
    </p>
   </div>
   <div class='ocr_carea' id='block_1_104' title="bbox 2262 3937 3840 4010">
    <p class='ocr_par' dir='ltr' id='par_1_104' title="bbox 2262 3937 3840 4010">
     <span class='ocr_line' id='line_1_104' title="bbox 2262 3937 3840 4010; baseline 0.003 -23"><span class='ocrx_word' id='word_1_829' title='bbox 2262 3947 2381 3988; x_wconf 90' lang='lat' dir='ltr'><strong>rum</strong></span> <span class='ocrx_word' id='word_1_830' title='bbox 2428 3949 2536 3989; x_wconf 89' lang='lat' dir='ltr'><strong>non</strong></span> <span class='ocrx_word' id='word_1_831' title='bbox 2572 3937 2897 3992; x_wconf 73' lang='lat' dir='ltr'><strong>exstantium</strong></span> <span class='ocrx_word' id='word_1_832' title='bbox 2927 3939 3070 4008; x_wconf 86' lang='lat' dir='ltr'><strong>capit</strong></span> <span class='ocrx_word' id='word_1_833' title='bbox 3094 3981 3107 4003; x_wconf 90' lang='lat'><strong>,</strong></span> <span class='ocrx_word' id='word_1_834' title='bbox 3153 3948 3205 3994; x_wconf 91' lang='lat' dir='ltr'><strong>et</strong></span> <span class='ocrx_word' id='word_1_835' title='bbox 3250 3939 3653 4010; x_wconf 86' lang='lat' dir='ltr'><strong>quicscentium</strong></span> <span class='ocrx_word' id='word_1_836' title='bbox 3689 3938 3840 3993; x_wconf 89' lang='lat' dir='ltr'><strong>adhuc</strong></span> 
     </span>
    </p>
   </div>
   <div class='ocr_carea' id='block_1_105' title="bbox 2264 4022 3840 4105">
    <p class='ocr_par' dir='ltr' id='par_1_105' title="bbox 2264 4022 3840 4105">
     <span class='ocr_line' id='line_1_105' title="bbox 2264 4022 3840 4105; baseline 0.003 -27"><span class='ocrx_word' id='word_1_837' title='bbox 2264 4022 2564 4081; x_wconf 88' lang='lat' dir='ltr'><strong>animorum</strong></span> <span class='ocrx_word' id='word_1_838' title='bbox 2616 4025 2884 4084; x_wconf 83' lang='lat' dir='ltr'><strong>subituras</strong></span> <span class='ocrx_word' id='word_1_839' title='bbox 2945 4029 3347 4101; x_wconf 87' lang='lat' dir='ltr'><strong>inquietudines</strong></span> <span class='ocrx_word' id='word_1_840' title='bbox 3377 4048 3485 4088; x_wconf 92' lang='lat' dir='ltr'><strong>non</strong></span> <span class='ocrx_word' id='word_1_841' title='bbox 3535 4033 3766 4105; x_wconf 82' lang='lat' dir='ltr'><strong>ignorat,</strong></span> <span class='ocrx_word' id='word_1_842' title='bbox 3797 4027 3840 4083; x_wconf 89' lang='lat' dir='ltr'><strong>id</strong></span> 
     </span>
    </p>
   </div>
   <div class='ocr_carea' id='block_1_106' title="bbox 2265 4165 2705 4236">
    <p class='ocr_par' dir='ltr' id='par_1_106' title="bbox 2265 4165 2705 4236">
     <span class='ocr_line' id='line_1_106' title="bbox 2265 4165 2705 4236; baseline 0.011 -19"><span class='ocrx_word' id='word_1_843' title='bbox 2265 4171 2339 4218; x_wconf 89' lang='lat' dir='ltr'><strong>est</strong></span> <span class='ocrx_word' id='word_1_844' title='bbox 2369 4165 2705 4236; x_wconf 74' lang='lat' dir='ltr'><strong>exteriorque.</strong></span> 
     </span>
    </p>
   </div>
   <div class='ocr_carea' id='block_1_107' title="bbox 2336 4237 2818 4309">
    <p class='ocr_par' dir='ltr' id='par_1_107' title="bbox 2336 4237 2818 4309">
     <span class='ocr_line' id='line_1_107' title="bbox 2336 4237 2818 4309; baseline -0.004 -14"><span class='ocrx_word' id='word_1_845' title='bbox 2336 4238 2418 4309; x_wconf 78' lang='lat'><strong>(5)</strong></span> <span class='ocrx_word' id='word_1_846' title='bbox 2451 4237 2520 4292; x_wconf 91' lang='lat' dir='ltr'><strong>Et</strong></span> <span class='ocrx_word' id='word_1_847' title='bbox 2539 4241 2652 4308; x_wconf 87' lang='lat' dir='ltr'><strong>quis</strong></span> <span class='ocrx_word' id='word_1_848' title='bbox 2671 4247 2818 4295; x_wconf 85' lang='lat' dir='ltr'><strong>esset.</strong></span> 
     </span>
    </p>
   </div>
   <div class='ocr_carea' id='block_1_108' title="bbox 2271 4443 3840 4514">
    <p class='ocr_par' dir='ltr' id='par_1_108' title="bbox 2271 4443 3840 4514">
     <span class='ocr_line' id='line_1_108' title="bbox 2271 4443 3840 4514; baseline -0.003 -16"><span class='ocrx_word' id='word_1_849' title='bbox 2271 4450 2419 4513; x_wconf 85' lang='lat' dir='ltr'><strong>puta,</strong></span> <span class='ocrx_word' id='word_1_850' title='bbox 2447 4443 2798 4514; x_wconf 85' lang='lat' dir='ltr'><strong>cogitationes</strong></span> <span class='ocrx_word' id='word_1_851' title='bbox 2819 4443 3044 4499; x_wconf 89' lang='lat' dir='ltr'><strong>alienas.</strong></span> <span class='ocrx_word' id='word_1_852' title='bbox 3071 4443 3303 4499; x_wconf 80' lang='lat' dir='ltr'><strong>Rursum</strong></span> <span class='ocrx_word' id='word_1_853' title='bbox 3329 4457 3551 4500; x_wconf 80' lang='lat' dir='ltr'><strong>movere</strong></span> <span class='ocrx_word' id='word_1_854' title='bbox 3575 4449 3740 4514; x_wconf 85' lang='lat' dir='ltr'><strong>potest</strong></span> <span class='ocrx_word' id='word_1_855' title='bbox 3758 4455 3840 4514; x_wconf 78' lang='lat' dir='ltr'><strong>cur</strong></span> 
     </span>
    </p>
   </div>
   <div class='ocr_carea' id='block_1_109' title="bbox 2271 4510 3840 4587">
    <p class='ocr_par' dir='ltr' id='par_1_109' title="bbox 2271 4510 3840 4587">
     <span class='ocr_line' id='line_1_109' title="bbox 2271 4510 3840 4587; baseline -0.003 -19"><span class='ocrx_word' id='word_1_856' title='bbox 2271 4510 2566 4587; x_wconf 73' lang='lat' dir='ltr'><strong>plerumque</strong></span> <span class='ocrx_word' id='word_1_857' title='bbox 2592 4532 2611 4570; x_wconf 90' lang='lat'><strong><em>:</em></strong></span> <span class='ocrx_word' id='word_1_858' title='bbox 2637 4530 2703 4569; x_wconf 88' lang='lat' dir='ltr'><strong>an</strong></span> <span class='ocrx_word' id='word_1_859' title='bbox 2734 4529 2840 4570; x_wconf 90' lang='lat' dir='ltr'><strong>non</strong></span> <span class='ocrx_word' id='word_1_860' title='bbox 2869 4518 3046 4569; x_wconf 89' lang='lat' dir='ltr'><strong>omnia</strong></span> <span class='ocrx_word' id='word_1_861' title='bbox 3077 4515 3466 4587; x_wconf 85' lang='lat' dir='ltr'><strong>apprehendit?</strong></span> <span class='ocrx_word' id='word_1_862' title='bbox 3493 4510 3840 4586; x_wconf 48' lang='lat' dir='ltr'><strong>Ap&#39;prehendit</strong></span> 
     </span>
    </p>
   </div>
   <div class='ocr_carea' id='block_1_110' title="bbox 2269 4585 3840 4655">
    <p class='ocr_par' dir='ltr' id='par_1_110' title="bbox 2269 4585 3840 4655">
     <span class='ocr_line' id='line_1_110' title="bbox 2269 4585 3840 4655; baseline -0.002 -18"><span class='ocrx_word' id='word_1_863' title='bbox 2269 4585 2484 4655; x_wconf 87' lang='lat' dir='ltr'><strong>quidem</strong></span> <span class='ocrx_word' id='word_1_864' title='bbox 2515 4589 2735 4653; x_wconf 86' lang='lat' dir='ltr'><strong>omnia,</strong></span> <span class='ocrx_word' id='word_1_865' title='bbox 2784 4589 2878 4640; x_wconf 90' lang='lat' dir='ltr'><strong>sed</strong></span> <span class='ocrx_word' id='word_1_866' title='bbox 2939 4585 3208 4642; x_wconf 46' lang='lat' dir='ltr'><strong>suam&#39;de</strong></span> <span class='ocrx_word' id='word_1_867' title='bbox 3255 4585 3559 4641; x_wconf 79' lang='lat' dir='ltr'><strong>nonnullis</strong></span> <span class='ocrx_word' id='word_1_868' title='bbox 3589 4585 3840 4641; x_wconf 69' lang='lat' dir='ltr'><strong>duintasat</strong></span> 
     </span>
    </p>
   </div>
   <div class='ocr_carea' id='block_1_111' title="bbox 2271 4655 3838 4723">
    <p class='ocr_par' dir='ltr' id='par_1_111' title="bbox 2271 4655 3838 4723">
     <span class='ocr_line' id='line_1_111' title="bbox 2271 4655 3838 4723; baseline -0.003 -13"><span class='ocrx_word' id='word_1_869' title='bbox 2271 4657 2547 4711; x_wconf 85' lang='lat' dir='ltr'><strong>scientiam</strong></span> <span class='ocrx_word' id='word_1_870' title='bbox 2576 4657 2912 4711; x_wconf 86' lang='lat' dir='ltr'><strong>manifestam</strong></span> <span class='ocrx_word' id='word_1_871' title='bbox 2945 4656 3089 4712; x_wconf 74' lang='lat' dir='ltr'><strong>fecit.</strong></span> <span class='ocrx_word' id='word_1_872' title='bbox 3121 4658 3217 4712; x_wconf 88' lang='lat' dir='ltr'><strong>Hic</strong></span> <span class='ocrx_word' id='word_1_873' title='bbox 3241 4659 3385 4713; x_wconf 90' lang='lat' dir='ltr'><strong>enim</strong></span> <span class='ocrx_word' id='word_1_874' title='bbox 3406 4659 3718 4714; x_wconf 78' lang='lat' dir='ltr'><strong>Vocabulum</strong></span> <span class='ocrx_word' id='word_1_875' title='bbox 3747 4655 3838 4723; x_wconf 84' lang='lat' dir='ltr'><strong>ple-</strong></span> 
     </span>
    </p>
   </div>
   <div class='ocr_carea' id='block_1_112' title="bbox 2269 4728 3835 4798">
    <p class='ocr_par' dir='ltr' id='par_1_112' title="bbox 2269 4728 3835 4798">
     <span class='ocr_line' id='line_1_112' title="bbox 2269 4728 3835 4798; baseline -0.001 -18"><span class='ocrx_word' id='word_1_876' title='bbox 2269 4744 2500 4796; x_wconf 85' lang='lat' dir='ltr'><strong>rumque,</strong></span> <span class='ocrx_word' id='word_1_877' title='bbox 2527 4745 2633 4783; x_wconf 86' lang='lat' dir='ltr'><strong>non</strong></span> <span class='ocrx_word' id='word_1_878' title='bbox 2662 4728 2921 4798; x_wconf 84' lang='lat' dir='ltr'><strong>majorem</strong></span> <span class='ocrx_word' id='word_1_879' title='bbox 2954 4740 3182 4797; x_wconf 88' lang='lat' dir='ltr'><strong>partem,</strong></span> <span class='ocrx_word' id='word_1_880' title='bbox 3213 4730 3304 4786; x_wconf 88' lang='lat' dir='ltr'><strong>sed</strong></span> <span class='ocrx_word' id='word_1_881' title='bbox 3333 4729 3611 4784; x_wconf 89' lang='lat' dir='ltr'><strong>indeﬁnite</strong></span> <span class='ocrx_word' id='word_1_882' title='bbox 3631 4729 3835 4798; x_wconf 71' lang='lat' dir='ltr'><strong>aliquant</strong></span> 
     </span>
    </p>
   </div>
   <div class='ocr_carea' id='block_1_113' title="bbox 2271 4792 3837 4870">
    <p class='ocr_par' dir='ltr' id='par_1_113' title="bbox 2271 4792 3837 4870">
     <span class='ocr_line' id='line_1_113' title="bbox 2271 4792 3837 4870; baseline -0.002 -17"><span class='ocrx_word' id='word_1_883' title='bbox 2271 4792 2538 4867; x_wconf 83' lang='lat' dir='ltr'><strong>significat</strong></span> <span class='ocrx_word' id='word_1_884' title='bbox 2565 4816 2576 4852; x_wconf 89' lang='lat'>:</span> <span class='ocrx_word' id='word_1_885' title='bbox 2607 4815 2710 4870; x_wconf 92' lang='lat' dir='ltr'><strong>qua</strong></span> <span class='ocrx_word' id='word_1_886' title='bbox 2737 4792 3090 4870; x_wconf 77' lang='lat' dir='ltr'><strong>intelligentia</strong></span> <span class='ocrx_word' id='word_1_887' title='bbox 3121 4792 3239 4854; x_wconf 83' lang='lat' dir='ltr'><strong>aliis</strong></span> <span class='ocrx_word' id='word_1_888' title='bbox 3271 4801 3432 4857; x_wconf 87' lang='lat' dir='ltr'><strong>etiam</strong></span> <span class='ocrx_word' id='word_1_889' title='bbox 3466 4792 3733 4862; x_wconf 56' lang='lat' dir='ltr'><strong>Pati-ibus}</strong></span> <span class='ocrx_word' id='word_1_890' title='bbox 3755 4792 3837 4850; x_wconf 84' lang='lat' dir='ltr'><strong>sed</strong></span> 
     </span>
    </p>
   </div>
   <div class='ocr_carea' id='block_1_114' title="bbox 2269 4870 3398 4940">
    <p class='ocr_par' dir='ltr' id='par_1_114' title="bbox 2269 4870 3398 4940">
     <span class='ocr_line' id='line_1_114' title="bbox 2269 4870 3398 4940; baseline -0.001 -14"><span class='ocrx_word' id='word_1_891' title='bbox 2269 4877 2502 4926; x_wconf 81' lang='lat' dir='ltr'><strong>maxime</strong></span> <span class='ocrx_word' id='word_1_892' title='bbox 2527 4870 2786 4940; x_wconf 81' lang='lat' dir='ltr'><strong>Gregorio</strong></span> <span class='ocrx_word' id='word_1_893' title='bbox 2815 4871 2974 4940; x_wconf 72' lang='lat' dir='ltr'><strong>Papze</strong></span> <span class='ocrx_word' id='word_1_894' title='bbox 3002 4871 3269 4926; x_wconf 86' lang='lat' dir='ltr'><strong>familiare</strong></span> <span class='ocrx_word' id='word_1_895' title='bbox 3295 4882 3398 4928; x_wconf 91' lang='lat' dir='ltr'><strong>est.</strong></span> 
     </span>
    </p>
   </div>
   <div class='ocr_carea' id='block_1_115' title="bbox 2343 4957 3838 5035">
    <p class='ocr_par' dir='ltr' id='par_1_115' title="bbox 2343 4957 3838 5035">
     <span class='ocr_line' id='line_1_115' title="bbox 2343 4957 3838 5035; baseline -0.006 -17"><span class='ocrx_word' id='word_1_896' title='bbox 2343 4963 2421 5035; x_wconf 74' lang='grc' dir='ltr'>(ιι)</span> <span class='ocrx_word' id='word_1_897' title='bbox 2451 4968 2486 5018; x_wconf 77' lang='grc' dir='ltr'>Α</span> <span class='ocrx_word' id='word_1_898' title='bbox 2501 4964 2607 5031; x_wconf 91' lang='lat' dir='ltr'><strong>pud</strong></span> <span class='ocrx_word' id='word_1_899' title='bbox 2634 4964 2764 5019; x_wconf 85' lang='lat' dir='ltr'><strong>Bad.</strong></span> <span class='ocrx_word' id='word_1_900' title='bbox 2789 4973 2845 5018; x_wconf 89' lang='lat' dir='ltr'><strong>et</strong></span> <span class='ocrx_word' id='word_1_901' title='bbox 2871 4963 2990 5025; x_wconf 86' lang='lat' dir='ltr'><strong>Er..</strong></span> <span class='ocrx_word' id='word_1_902' title='bbox 3016 4979 3114 5017; x_wconf 92' lang='lat' dir='ltr'><strong>non</strong></span> <span class='ocrx_word' id='word_1_903' title='bbox 3137 4963 3383 5018; x_wconf 85' lang='lat' dir='ltr'><strong>nesciens.</strong></span> <span class='ocrx_word' id='word_1_904' title='bbox 3413 4961 3468 5016; x_wconf 89' lang='lat' dir='ltr'><strong>In</strong></span> <span class='ocrx_word' id='word_1_905' title='bbox 3493 4979 3604 5018; x_wconf 90' lang='lat' dir='ltr'><strong>uno</strong></span> <span class='ocrx_word' id='word_1_906' title='bbox 3631 4975 3725 5035; x_wconf 84' lang='lat' dir='ltr'><strong>ms.</strong></span> <span class='ocrx_word' id='word_1_907' title='bbox 3753 4957 3838 5011; x_wconf 81' lang='lat' dir='ltr'><strong>Va-</strong></span> 
     </span>
    </p>
   </div>
   <div class='ocr_carea' id='block_1_116' title="bbox 2273 5033 3745 5106">
    <p class='ocr_par' dir='ltr' id='par_1_116' title="bbox 2273 5033 3745 5106">
     <span class='ocr_line' id='line_1_116' title="bbox 2273 5033 3745 5106; baseline -0.004 -16"><span class='ocrx_word' id='word_1_908' title='bbox 2273 5033 2361 5091; x_wconf 75' lang='lat' dir='ltr'><strong>tic.</strong></span> <span class='ocrx_word' id='word_1_909' title='bbox 2390 5044 2446 5090; x_wconf 91' lang='lat' dir='ltr'><strong>et</strong></span> <span class='ocrx_word' id='word_1_910' title='bbox 2474 5037 2645 5091; x_wconf 89' lang='lat' dir='ltr'><strong>altero</strong></span> <span class='ocrx_word' id='word_1_911' title='bbox 2672 5035 2929 5102; x_wconf 87' lang='lat' dir='ltr'><strong>Sorbon.,</strong></span> <span class='ocrx_word' id='word_1_912' title='bbox 2960 5051 3061 5088; x_wconf 87' lang='lat' dir='ltr'><strong>non</strong></span> <span class='ocrx_word' id='word_1_913' title='bbox 3096 5037 3290 5089; x_wconf 83' lang='lat' dir='ltr'><strong>nesciat</strong></span> <span class='ocrx_word' id='word_1_914' title='bbox 3318 5044 3364 5088; x_wconf 92' lang='lat' dir='ltr'><strong>et</strong></span> <span class='ocrx_word' id='word_1_915' title='bbox 3385 5033 3745 5106; x_wconf 81' lang='lat' dir='ltr'><strong>apprehendat.</strong></span> 
     </span>
    </p>
   </div>
   <div class='ocr_carea' id='block_1_117' title="bbox 2344 5142 3835 5217">
    <p class='ocr_par' dir='ltr' id='par_1_117' title="bbox 2344 5142 3835 5217">
     <span class='ocr_line' id='line_1_117' title="bbox 2344 5142 3835 5217; baseline -0.007 -15"><span class='ocrx_word' id='word_1_916' title='bbox 2344 5146 2415 5217; x_wconf 80' lang='grc' dir='ltr'>(ε)</span> <span class='ocrx_word' id='word_1_917' title='bbox 2441 5148 2558 5202; x_wconf 90' lang='lat' dir='ltr'><strong>Duo</strong></span> <span class='ocrx_word' id='word_1_918' title='bbox 2586 5162 2717 5201; x_wconf 85' lang='lat' dir='ltr'><strong>mss.</strong></span> <span class='ocrx_word' id='word_1_919' title='bbox 2745 5147 2900 5202; x_wconf 80' lang='lat' dir='ltr'><strong>Coll).</strong></span> <span class='ocrx_word' id='word_1_920' title='bbox 2932 5162 3052 5200; x_wconf 86' lang='lat' dir='ltr'><strong>cum</strong></span> <span class='ocrx_word' id='word_1_921' title='bbox 3080 5147 3292 5214; x_wconf 88' lang='lat' dir='ltr'><strong>Germ.,</strong></span> <span class='ocrx_word' id='word_1_922' title='bbox 3319 5156 3368 5200; x_wconf 87' lang='lat' dir='ltr'><strong>et</strong></span> <span class='ocrx_word' id='word_1_923' title='bbox 3390 5164 3454 5202; x_wconf 86' lang='lat' dir='ltr'><strong>ne</strong></span> <span class='ocrx_word' id='word_1_924' title='bbox 3478 5160 3688 5202; x_wconf 85' lang='lat' dir='ltr'><strong>motum.</strong></span> <span class='ocrx_word' id='word_1_925' title='bbox 3719 5142 3835 5196; x_wconf 87' lang='lat' dir='ltr'><strong>Tum</strong></span> 
     </span>
    </p>
   </div>
   <div class='ocr_carea' id='block_1_118' title="bbox 2269 5217 3832 5290">
    <p class='ocr_par' dir='ltr' id='par_1_118' title="bbox 2269 5217 3832 5290">
     <span class='ocr_line' id='line_1_118' title="bbox 2269 5217 3832 5290; baseline -0.004 -17"><span class='ocrx_word' id='word_1_926' title='bbox 2269 5217 2595 5290; x_wconf 17' lang='lat' dir='ltr'><strong>apudiBud&quot;</strong></span> <span class='ocrx_word' id='word_1_927' title='bbox 2629 5218 2697 5271; x_wconf 89' lang='lat' dir='ltr'><strong>ad</strong></span> <span class='ocrx_word' id='word_1_928' title='bbox 2719 5217 2777 5290; x_wconf 80' lang='lat' dir='ltr'><strong>id</strong></span> <span class='ocrx_word' id='word_1_929' title='bbox 2801 5219 2937 5290; x_wconf 73' lang='lat' dir='ltr'><strong>quod</strong></span> <span class='ocrx_word' id='word_1_930' title='bbox 2965 5227 3040 5290; x_wconf 75' lang='lat' dir='ltr'><strong>est</strong></span> <span class='ocrx_word' id='word_1_931' title='bbox 3062 5219 3281 5290; x_wconf 73' lang='lat' dir='ltr'><strong>exterior</strong></span> <span class='ocrx_word' id='word_1_932' title='bbox 3305 5219 3526 5289; x_wconf 82' lang='lat' dir='ltr'><strong>eritque,</strong></span> <span class='ocrx_word' id='word_1_933' title='bbox 3554 5220 3604 5273; x_wconf 90' lang='lat' dir='ltr'><strong>in</strong></span> <span class='ocrx_word' id='word_1_934' title='bbox 3632 5231 3730 5290; x_wconf 87' lang='lat' dir='ltr'><strong>uno</strong></span> <span class='ocrx_word' id='word_1_935' title='bbox 3755 5227 3832 5266; x_wconf 82' lang='lat' dir='ltr'><strong>co-</strong></span> 
     </span>
    </p>
   </div>
   <div class='ocr_carea' id='block_1_119' title="bbox 2270 5288 3835 5358">
    <p class='ocr_par' dir='ltr' id='par_1_119' title="bbox 2270 5288 3835 5358">
     <span class='ocr_line' id='line_1_119' title="bbox 2270 5288 3835 5358; baseline -0.001 -14"><span class='ocrx_word' id='word_1_936' title='bbox 2270 5288 2389 5345; x_wconf 87' lang='lat' dir='ltr'><strong>dice</strong></span> <span class='ocrx_word' id='word_1_937' title='bbox 2411 5289 2605 5356; x_wconf 83' lang='lat' dir='ltr'><strong>Vatic.,</strong></span> <span class='ocrx_word' id='word_1_938' title='bbox 2638 5288 2775 5343; x_wconf 90' lang='lat' dir='ltr'><strong>Tell.</strong></span> <span class='ocrx_word' id='word_1_939' title='bbox 2795 5299 2847 5342; x_wconf 90' lang='lat' dir='ltr'><strong>et</strong></span> <span class='ocrx_word' id='word_1_940' title='bbox 2872 5288 3055 5354; x_wconf 86' lang='lat' dir='ltr'><strong>Vind.,</strong></span> <span class='ocrx_word' id='word_1_941' title='bbox 3087 5289 3154 5342; x_wconf 87' lang='lat' dir='ltr'><strong>ad</strong></span> <span class='ocrx_word' id='word_1_942' title='bbox 3182 5289 3236 5343; x_wconf 85' lang='lat' dir='ltr'><strong>id</strong></span> <span class='ocrx_word' id='word_1_943' title='bbox 3261 5290 3397 5358; x_wconf 83' lang='lat' dir='ltr'><strong>quod</strong></span> <span class='ocrx_word' id='word_1_944' title='bbox 3417 5288 3502 5344; x_wconf 82' lang='lat' dir='ltr'><strong>est</strong></span> <span class='ocrx_word' id='word_1_945' title='bbox 3525 5289 3835 5358; x_wconf 61' lang='lat' dir='ltr'><strong>exteriorqttfi</strong></span> 
     </span>
    </p>
   </div>
   <div class='ocr_carea' id='block_1_120' title="bbox 2271 5356 3832 5432">
    <p class='ocr_par' dir='ltr' id='par_1_120' title="bbox 2271 5356 3832 5432">
     <span class='ocr_line' id='line_1_120' title="bbox 2271 5356 3832 5432; baseline -0.006 -16"><span class='ocrx_word' id='word_1_946' title='bbox 2271 5363 2322 5416; x_wconf 94' lang='lat' dir='ltr'><strong>in</strong></span> <span class='ocrx_word' id='word_1_947' title='bbox 2351 5361 2586 5417; x_wconf 76' lang='lat' dir='ltr'><strong>Sorba&quot;.</strong></span> <span class='ocrx_word' id='word_1_948' title='bbox 2610 5403 2624 5427; x_wconf 91' lang='lat'><strong>,</strong></span> <span class='ocrx_word' id='word_1_949' title='bbox 2655 5361 2803 5413; x_wconf 84' lang='lat' dir='ltr'><strong>adid</strong></span> <span class='ocrx_word' id='word_1_950' title='bbox 2841 5361 2977 5432; x_wconf 89' lang='lat' dir='ltr'><strong>quod</strong></span> <span class='ocrx_word' id='word_1_951' title='bbox 3019 5373 3090 5414; x_wconf 89' lang='lat' dir='ltr'><strong>est</strong></span> <span class='ocrx_word' id='word_1_952' title='bbox 3130 5356 3485 5432; x_wconf 70' lang='lat' dir='ltr'><strong>exterioraque</strong></span> <span class='ocrx_word' id='word_1_953' title='bbox 3529 5378 3542 5414; x_wconf 90' lang='lat'><strong>:</strong></span> <span class='ocrx_word' id='word_1_954' title='bbox 3583 5356 3832 5432; x_wconf 80' lang='lat' dir='ltr'><strong>mendose.</strong></span> 
     </span>
    </p>
   </div>
   <div class='ocr_carea' id='block_1_121' title="bbox 2271 5431 3834 5502">
    <p class='ocr_par' dir='ltr' id='par_1_121' title="bbox 2271 5431 3834 5502">
     <span class='ocr_line' id='line_1_121' title="bbox 2271 5431 3834 5502; baseline -0.007 -14"><span class='ocrx_word' id='word_1_955' title='bbox 2271 5433 2382 5488; x_wconf 83' lang='lat' dir='ltr'><strong>Hoc</strong></span> <span class='ocrx_word' id='word_1_956' title='bbox 2412 5433 2584 5502; x_wconf 90' lang='lat' dir='ltr'><strong>ipsum</strong></span> <span class='ocrx_word' id='word_1_957' title='bbox 2616 5431 2993 5502; x_wconf 73' lang='lat' dir='ltr'><strong>argumentum</strong></span> <span class='ocrx_word' id='word_1_958' title='bbox 3026 5433 3104 5486; x_wconf 91' lang='lat' dir='ltr'><strong>sic</strong></span> <span class='ocrx_word' id='word_1_959' title='bbox 3142 5431 3324 5500; x_wconf 87' lang='lat' dir='ltr'><strong>paucis</strong></span> <span class='ocrx_word' id='word_1_960' title='bbox 3354 5431 3660 5502; x_wconf 80' lang='lat' dir='ltr'><strong>perstringit</strong></span> <span class='ocrx_word' id='word_1_961' title='bbox 3685 5439 3732 5482; x_wconf 91' lang='lat' dir='ltr'><strong>et</strong></span> <span class='ocrx_word' id='word_1_962' title='bbox 3755 5439 3834 5480; x_wconf 49' lang='lat' dir='ltr'><strong>ex-</strong></span> 
     </span>
    </p>
   </div>
   <div class='ocr_carea' id='block_1_122' title="bbox 2268 5501 3833 5574">
    <p class='ocr_par' dir='ltr' id='par_1_122' title="bbox 2268 5501 3833 5574">
     <span class='ocr_line' id='line_1_122' title="bbox 2268 5501 3833 5574; baseline -0.007 -19"><span class='ocrx_word' id='word_1_963' title='bbox 2268 5501 2443 5572; x_wconf 11' lang='lat' dir='ltr'><strong>plicat,</strong></span> <span class='ocrx_word' id='word_1_964' title='bbox 2469 5503 2702 5574; x_wconf 86' lang='lat' dir='ltr'><strong>Cyrillus</strong></span> <span class='ocrx_word' id='word_1_965' title='bbox 2728 5503 2820 5574; x_wconf 60' lang='lat' dir='ltr'><strong>lib.</strong></span> <span class='ocrx_word' id='word_1_966' title='bbox 2855 5503 3114 5557; x_wconf 85' lang='lat' dir='ltr'><strong>Thesauri</strong></span> <span class='ocrx_word' id='word_1_967' title='bbox 3149 5518 3270 5573; x_wconf 80' lang='lat' dir='ltr'><strong>pag.</strong></span> <span class='ocrx_word' id='word_1_968' title='bbox 3289 5501 3397 5557; x_wconf 72' lang='grc'><strong>218</strong></span> <span class='ocrx_word' id='word_1_969' title='bbox 3426 5520 3438 5556; x_wconf 91' lang='lat'><strong>:</strong></span> <span class='ocrx_word' id='word_1_970' title='bbox 3473 5501 3740 5574; x_wconf 78' lang='lat' dir='ltr'><strong>Proprium</strong></span> <span class='ocrx_word' id='word_1_971' title='bbox 3772 5503 3833 5546; x_wconf 83' lang='lat' dir='ltr'><strong>est</strong></span> 
     </span>
    </p>
   </div>
   <div class='ocr_carea' id='block_1_123' title="bbox 2281 5570 3832 5643">
    <p class='ocr_par' dir='ltr' id='par_1_123' title="bbox 2281 5570 3832 5643">
     <span class='ocr_line' id='line_1_123' title="bbox 2281 5570 3832 5643; baseline -0.005 -17"><span class='ocrx_word' id='word_1_972' title='bbox 2281 5570 2463 5636; x_wconf 66' lang='lat' dir='ltr'><strong>Verbo,</strong></span> <span class='ocrx_word' id='word_1_973' title='bbox 2490 5570 2743 5643; x_wconf 78' lang='lat' dir='ltr'><strong>quatenus</strong></span> <span class='ocrx_word' id='word_1_974' title='bbox 2784 5572 3002 5628; x_wconf 87' lang='lat' dir='ltr'><strong>Verbum</strong></span> <span class='ocrx_word' id='word_1_975' title='bbox 3028 5587 3101 5627; x_wconf 85' lang='lat' dir='ltr'><strong>est</strong></span> <span class='ocrx_word' id='word_1_976' title='bbox 3120 5615 3134 5640; x_wconf 93' lang='lat'><strong>,</strong></span> <span class='ocrx_word' id='word_1_977' title='bbox 3152 5570 3310 5628; x_wconf 65' lang='lat' dir='ltr'><strong>nosse</strong></span> <span class='ocrx_word' id='word_1_978' title='bbox 3336 5589 3512 5629; x_wconf 86' lang='lat' dir='ltr'><strong>eorum</strong></span> <span class='ocrx_word' id='word_1_979' title='bbox 3530 5570 3642 5643; x_wconf 65' lang='lat' dir='ltr'><strong>quae</strong></span> <span class='ocrx_word' id='word_1_980' title='bbox 3660 5570 3716 5622; x_wconf 85' lang='lat' dir='ltr'><strong>ab</strong></span> <span class='ocrx_word' id='word_1_981' title='bbox 3738 5573 3832 5636; x_wconf 79' lang='lat' dir='ltr'><strong>ipso</strong></span> 
     </span>
    </p>
   </div>
   <div class='ocr_carea' id='block_1_124' title="bbox 2267 5643 3833 5716">
    <p class='ocr_par' dir='ltr' id='par_1_124' title="bbox 2267 5643 3833 5716">
     <span class='ocr_line' id='line_1_124' title="bbox 2267 5643 3833 5716; baseline -0.004 -16"><span class='ocrx_word' id='word_1_982' title='bbox 2267 5645 2472 5700; x_wconf 86' lang='lat' dir='ltr'><strong>condita</strong></span> <span class='ocrx_word' id='word_1_983' title='bbox 2500 5655 2618 5698; x_wconf 87' lang='lat' dir='ltr'><strong>sunt</strong></span> <span class='ocrx_word' id='word_1_984' title='bbox 2645 5646 2899 5716; x_wconf 86' lang='lat' dir='ltr'><strong>principia</strong></span> <span class='ocrx_word' id='word_1_985' title='bbox 2927 5655 2971 5699; x_wconf 91' lang='lat' dir='ltr'><strong>et</strong></span> <span class='ocrx_word' id='word_1_986' title='bbox 3002 5646 3148 5711; x_wconf 85' lang='lat' dir='ltr'><strong>ﬁnes.</strong></span> <span class='ocrx_word' id='word_1_987' title='bbox 3187 5643 3358 5710; x_wconf 80' lang='lat' dir='ltr'><strong>Unum</strong></span> <span class='ocrx_word' id='word_1_988' title='bbox 3385 5661 3500 5699; x_wconf 78' lang='lat' dir='ltr'><strong>vero</strong></span> <span class='ocrx_word' id='word_1_989' title='bbox 3523 5657 3712 5706; x_wconf 84' lang='lat' dir='ltr'><strong>eorum,</strong></span> <span class='ocrx_word' id='word_1_990' title='bbox 3738 5649 3833 5705; x_wconf 64' lang='lat' dir='ltr'><strong>qutt-</strong></span> 
     </span>
    </p>
   </div>
   <div class='ocr_carea' id='block_1_125' title="bbox 2269 5716 3831 5789">
    <p class='ocr_par' dir='ltr' id='par_1_125' title="bbox 2269 5716 3831 5789">
     <span class='ocr_line' id='line_1_125' title="bbox 2269 5716 3831 5789; baseline -0.008 -18"><span class='ocrx_word' id='word_1_991' title='bbox 2269 5717 2332 5771; x_wconf 88' lang='lat' dir='ltr'><strong>ab</strong></span> <span class='ocrx_word' id='word_1_992' title='bbox 2361 5718 2470 5789; x_wconf 90' lang='lat' dir='ltr'><strong>ipso</strong></span> <span class='ocrx_word' id='word_1_993' title='bbox 2501 5716 2708 5789; x_wconf 85' lang='lat' dir='ltr'><strong>condita</strong></span> <span class='ocrx_word' id='word_1_994' title='bbox 2731 5728 2848 5772; x_wconf 85' lang='lat' dir='ltr'><strong>sunt</strong></span> <span class='ocrx_word' id='word_1_995' title='bbox 2870 5760 2885 5784; x_wconf 88' lang='lat'><strong>,</strong></span> <span class='ocrx_word' id='word_1_996' title='bbox 2918 5726 2991 5771; x_wconf 88' lang='lat' dir='ltr'><strong>est</strong></span> <span class='ocrx_word' id='word_1_997' title='bbox 3018 5725 3217 5787; x_wconf 86' lang='lat' dir='ltr'><strong>tempus</strong></span> <span class='ocrx_word' id='word_1_998' title='bbox 3256 5733 3274 5771; x_wconf 89' lang='lat'><em>:</em></span> <span class='ocrx_word' id='word_1_999' title='bbox 3305 5727 3350 5772; x_wconf 85' lang='lat' dir='ltr'><strong>et</strong></span> <span class='ocrx_word' id='word_1_1000' title='bbox 3390 5717 3478 5787; x_wconf 83' lang='lat' dir='ltr'><strong>qui</strong></span> <span class='ocrx_word' id='word_1_1001' title='bbox 3507 5727 3698 5785; x_wconf 83' lang='lat' dir='ltr'><strong>tempus</strong></span> <span class='ocrx_word' id='word_1_1002' title='bbox 3725 5724 3831 5763; x_wconf 82' lang='lat' dir='ltr'><strong>cou-</strong></span> 
     </span>
    </p>
   </div>
   <div class='ocr_carea' id='block_1_126' title="bbox 2269 5788 3328 5858">
    <p class='ocr_par' dir='ltr' id='par_1_126' title="bbox 2269 5788 3328 5858">
     <span class='ocr_line' id='line_1_126' title="bbox 2269 5788 3328 5858; baseline 0.004 -16"><span class='ocrx_word' id='word_1_1003' title='bbox 2269 5789 2422 5856; x_wconf 86' lang='lat' dir='ltr'><strong>didit,</strong></span> <span class='ocrx_word' id='word_1_1004' title='bbox 2452 5803 2605 5858; x_wconf 88' lang='lat' dir='ltr'><strong>quam</strong></span> <span class='ocrx_word' id='word_1_1005' title='bbox 2632 5788 2724 5846; x_wconf 87' lang='lat' dir='ltr'><strong>diu</strong></span> <span class='ocrx_word' id='word_1_1006' title='bbox 2752 5789 3056 5845; x_wconf 86' lang='lat' dir='ltr'><strong>duraturum</strong></span> <span class='ocrx_word' id='word_1_1007' title='bbox 3083 5790 3148 5843; x_wconf 85' lang='lat' dir='ltr'><strong>sit</strong></span> <span class='ocrx_word' id='word_1_1008' title='bbox 3169 5789 3328 5846; x_wconf 84' lang='lat' dir='ltr'><strong>novit.</strong></span> 
     </span>
    </p>
   </div>
  </div>
