3930 6194
133 287 225 342 52‘.)

1315 279 1403 335 DE
1431 273 1804 336 TRINI’I‘ATE
1846 275 2044 333 LIBER
2078 279 2167 334 IX.

3294 298 3399 359 550

132 397 255 467 quod
280 413 368 454 aer
397 411 455 452 se
483 396 730 468 intraque
754 411 812 452 se
841 405 922 452 ρει
942 439 955 461 ,
996 396 1234 452 nescisse
1263 391 1696 451 existimabitur?
1729 393 1769 452 A
1805 395 2235 460 praescientiam?
2264 397 2522 454 llnmanm
2550 401 2689 457 istud
2715 406 3064 466 conscientia:
3089 428 3194 468 non
3221 427 3401 486 ροιρει
3476 449 3480 454 κ

135 492 192 546 Ει
232 491 383 545 alieni
418 502 609 558 potens
633 532 650 556 ,
699 490 963 558 impotens
993 490 1074 544 sui
1123 499 1233 552 est;
1263 488 1330 542 de
1361 502 1470 554 quo
1495 486 1695 540 dictum

129 583 533 649 meminerimus,
554 582 741 636 Omnia
762 599 850 651 per
869 583 1061 653 ipsum,
1085 590 1130 635 et
1152 581 1206 634 in
1229 580 1339 652 ipso
1366 589 1535 632 creata
1555 585 1695 642 sunt,

129 689 168 732 et
184 679 281 746 ipse
304 686 376 730 est
393 686 512 730 ante
536 691 710 730 omnes
727 672 946 746 (Cotoss.
967 689 1006 738 ι,
1038 671 1164 743 16);
1197 672 1280 727 vel
1307 669 1458 737 illud,
1480 669 1614 735 Quia
1643 668 1696 721 in

131 770 228 838 ipso
250 768 554 841 complacuit
582 783 779 822 omnem
805 766 885 838 (i)
916 765 1289 836 plenitudinem
1313 763 1619 826 inhabitare,
1647 769 1696 814 et

134 880 210 935 per
236 863 397 933 ipsum
424 861 748 916 reconciliari
789 859 962 914 omnia
1005 857 1079 930 (a)
1112 860 1167 912 in
1194 873 1311 912 eum
1337 855 1529 928 (lbid.,
1564 851 1696 925 i9)?

126 955 240 1012 Cum
262 954 416 1025 igitur
440 952 616 1008 omnis
645 952 698 1006 in
725 967 790 1007 eo
835 952 906 1006 sit
939 949 1235 1020 plenitudo,
1283 958 1339 1004 et
1389 947 1567 1002 omnia
1601 961 1696 1018 per

126 1053 277 1118 ipsum
303 1056 357 1104 et
386 1049 440 1102 in
471 1047 588 1116 ipso
611 1044 1031 1102 reconcilientur
1055 1084 1070 1109 ,
1098 1051 1154 1099 et
1178 1042 1295 1098 dies
1327 1041 1419 1096 illa
1447 1040 1692 1097 reconci-

124 1139 332 1195 liationis
358 1146 558 1193 nostrze
583 1136 915 1205 ex5pecmtio
938 1133 1008 1190 sit
1037 1149 1052 1188 :
1087 1133 1222 1187 hanc
1247 1132 1339 1187 ille
1366 1131 1510 1186 diem
1537 1132 1692 1200 igno-

124 1243 223 1299 rat,
270 1232 418 1302 cujus
457 1241 511 1286 et
551 1231 605 1286 in
654 1245 716 1284 se
747 1241 958 1298 tempus
999 1236 1117 1293 est,
1153 1235 1209 1282 et
1248 1242 1341 1294 per
1381 1241 1690 1280 sacramen-

125 1337 218 1382 tum
237 1325 304 1399 (ὁ)
324 1325 442 1394 ejus
468 1325 585 1380 est?
610 1324 816 1378 Etenim
845 1321 1110 1377 adventus
1130 1320 1211 1374 sui
1238 1318 1355 1373 dies
1381 1317 1481 1373 ista
1502 1325 1606 1384 est,
1624 1316 1694 1372 de

122 1434 208 1489 qua
235 1415 522 1489 Apostolus
546 1415 660 1481 ait,
705 1412 836 1468 Cum
861 1423 1029 1467 autem
1071 1411 1235 1484 305
1267 1410 1496 1464 Christus
1528 1425 1694 1480 appa-

122 1512 259 1568 ruerit
311 1511 412 1565 vita
453 1518 656 1574 vestra,
717 1517 840 1560 tunc
887 1517 933 1559 et
980 1521 1064 1559 vos
1112 1519 1228 1556 cum
1282 1519 1344 1556 eo
1381 1500 1693 1572 apparebitis

123 1607 190 1676 (2)
215 1608 262 1661 in
287 1605 450 1677 gloria
471 1603 700 1677 (Cotoss.
724 1618 804 1664 ιιι,
834 1601 912 1671 4).
935 1599 1106 1658 Nemo
1136 1599 1319 1668 itaque
1345 1597 1487 1668 quod
1510 1612 1608 1668 per
1633 1611 1692 1652 se

119 1712 166 1755 et
188 1700 316 1754 intra
349 1715 407 1753 se
434 1707 544 1761 est,
576 1695 752 1753 nescit
784 1713 796 1748 :
827 1693 1076 1751 Christus
1111 1691 1320 1757 aderit,
1345 1702 1398 1746 et
1427 1690 1691 1745 adventus

1803 483 1944 541 ferre
1976 487 2263 556 trepidatio
2281 531 2293 553 ,
2320 499 2376 546 ιιι
2398 492 2502 547 hoc
2523 494 2624 549 sibi
2655 496 2723 551 tle
2746 498 2857 552 Deo
2880 501 3160 557 arbitrium
3192 483 3397 574 praesn-

1800 588 1941 645 mat,
1971 593 2024 635 et
2053 582 2101 636 ei
2131 583 2259 636 vitia
2287 582 2534 640 humana:
2557 587 2941 648 demntationis
2986 597 3291 666 adscribat;
3339 613 3398 657 ιιι

1801 681 1893 726 aut
1921 673 2119 743 aliquid
2151 673 2286 730 Filio
2316 675 2480 733 Pater
2509 677 2760 751 deneget,
2794 685 3104 757 autaliquid
3133 689 3272 748 Deus
3297 709 3395 750 na-

1802 772 1886 819 tus
1915 765 2144 835 ignoret.

1873 856 1961 911 61.
1999 856 2070 914 Ut
2095 857 2236 914 Deus
2257 902 2270 926 ,
2301 861 2496 918 invidia
2521 876 2666 920 vacat
2685 884 2705 934 ,ο
2747 876 2800 922 ιιι
2849 867 3028 937 Pater,-
3057 873 3133 928 m'l
3163 891 3263 928 non
3309 876 3399 930 dat

1778 950 1934 1020 .quod
1955 951 2124 1017 habet,
2155 956 2436 1020 praesertim
2465 973 2580 1010 cum
2599 961 2664 1013 sit
2683 962 2922 1031 simplex.
2947 964 3014 1019 Ut
3044 965 3174 1034 Deo,
3199 968 3271 1021 ita
3298 968 3398 1024 Dei

1797 1043 1933 1111 ﬁlio,
1968 1045 2237 1114 praprium
2257 1056 2331 1100 est
2359 1051 2538 1118 futura
2568 1055 2826 1120 praescire.
2868 1085 2936 1096 —-
2983 1056 3166 1112 Nescit
3213 1071 3394 1116 autem

1798 1133 1944 1190 Dens
1995 1137 2136 1191 aliud
2192 1139 2481 1209 aliquando
2529 1159 2689 1211 quam
2739 1146 2960 1201 dilectio
3012 1164 3168 1216 csse,
3223 1167 3399 1222 neque

1795 1227 1940 1282 aliud
1971 1244 2132 1298 quam
2158 1241 2310 1300 pater
2337 1248 2479 1290 esse.
2505 1235 2684 1306 thui
2716 1236 2924 1308 diligit,
2978 1255 3082 1295 non
3129 1242 3330 1298 invidet
3381 1263 3393 1298 :

1795 1324 1958 1392 etqui
1983 1333 2137 1393 pater
2162 1337 2246 1380 est
2269 1368 2282 1391 ,
2314 1342 2420 1382 non
2445 1329 2606 1385 etiam
2631 1345 2736 1386 non
2771 1341 2924 1401 pater
2954 1343 3098 1389 totus
3145 1346 3246 1391 est.
3280 1337 3394 1392 Non

1794 1415 1938 1469 enim
1962 1417 2201 1471 admittit
2228 1417 2330 1474 hoc
2357 1435 2554 1476 nomen
2600 1424 2943 1491 portionem,
3003 1438 3059 1480 ut
3103 1443 3171 1482 ex
3217 1429 3400 1500 aliquo

1795 1519 1946 1576 pater
1971 1513 2074 1573 sit,
2103 1518 2156 1564 et
2179 1525 2243 1565 ex
2296 1512 2476 1582 aliquo
2513 1523 2668 1582 pater
2714 1516 2878 1586 306
2919 1535 3028 1574 non
3082 1519 3173 1575 sit.
3237 1520 3400 1576 Pater

1793 1599 1937 1654 enim
1968 1601 2334 1658 univcrsitatis
2365 1602 2435 1675 (ί)
2467 1605 2586 1674 ejus
2614 1623 2732 1675 quae
2783 1610 2835 1663 in
2864 1625 2925 1666 se
2953 1621 3038 1667 est
3078 1623 3230 1682 pater
3278 1624 3394 1680 est,

1793 1706 2008 1748 onmem
2040 1708 2101 1749 se
2129 1694 2180 1748 in
2223 1709 2290 1750 eo
2316 1695 2555 1763 habens,
2611 1701 2697 1754 cui
2758 1716 2864 1756 non
2916 1704 2986 1758 sit
3024 1721 3088 1759 ex
3149 1708 3397 1772 portione

118 1793 189 1848 sui
223 1792 354 1848 diem
385 1791 640 1863 ignorat?
670 1790 795 1844 Dies
831 1802 960 1842 suus
986 1794 1089 1854 est,
1121 1783 1416 1842 secundum
1443 1783 1692 1839 eumdem
1723 1785 1772 1845 B
1799 1784 1941 1854 quod
1974 1794 2126 1855 pater
2141 1798 2220 1842 est
2257 1805 2270 1840 :
2306 1803 2410 1842 non
2439 1789 2585 1860 quod
2613 1791 2713 1845 sibi
2744 1809 2932 1847 cormn
2961 1811 3080 1864 quae
3121 1812 3214 1852 sua
3268 1809 3395 1852 sunt

117 1886 402 1958 Aposmlum
427 1927 442 1950 ,
490 1885 618 1957 quia
667 1883 776 1938 dies
810 1881 1021 1937 Domini
1054 1881 1183 1934 sicut
1223 1884 1312 1951 fur
1343 1887 1488 1932 nocte
1539 1877 1691 1932 adve-

117 1983 202 2036 niet
228 1980 267 2048 (1
290 1980 470 2034 Thess.
528 1994 582 2044 v,
615 1973 674 2047 '2)
705 1994 717 2029 :
749 1984 804 2032 et
831 1975 1169 2046 ignoratione
1198 1973 1316 2040 ejus
1345 1971 1575 2027 detineri
1606 1970 1691 2025 in-

118 2071 410 2144 telligendus
439 2070 569 2127 est?
615 2069 876 2125 Humana:
923 2077 1130 2122 natura:
1170 2064 1315 2136 quod
1359 2079 1518 2135 agere
1561 2063 1693 2119 deli-

117 2168 281 2231 niunt,
319 2173 587 2236 quantum
640 2162 693 2217 in
726 2177 786 2218 se
827 2170 945 2227 est,
979 2159 1310 2230 praescium,
1351 2167 1406 2212 et
1452 2157 1694 2226 sequitur

114 2260 444 2331 gerendorum
476 2258 723 2329 c0gnitio
751 2257 1084 2312 voluntatem
1115 2252 1309 2324 agendi
1350 2270 1363 2306 :
1397 2252 1538 2308 Deus
1566 2267 1695 2308 vero

117 2365 249 2410 natus
270 2355 408 2426 quod
440 2353 498 2410 in
551 2369 612 2410 se
637 2362 693 2408 et
718 2369 814 2424 per
839 2367 899 2408 se
921 2360 1002 2406 est
1029 2349 1239 2406 nescit?
1268 2348 1372 2404 Per
1399 2363 1522 2403 eum
1552 2347 1696 2402 enim

117 2457 329 2521 tempora
353 2493 367 2517 ,
399 2459 456 2504 et
488 2451 547 2504 in
577 2463 644 2504 eo
679 2446 795 2502 dies
822 2455 904 2502 est
929 2461 945 2511 ;
978 2444 1101 2516 quia
1129 2452 1186 2500 et
1213 2458 1308 2514 per
1338 2442 1512 2512 ipsum
1553 2441 1695 2496 futu-

116 2559 272 2599 rorum
313 2540 642 2599 constitutio
671 2549 798 2606 est,
828 2542 959 2595 etin
991 2539 1110 2608 ipso
1147 2537 1412 2593 adventus
1458 2535 1539 2590 sui
1579 2534 1694 2590 dis-

118 2635 332 2706 pensatio
359 2643 442 2691 est
472 2651 486 2687 :
529 2642 586 2689 et
611 2633 712 2688 erit
748 2633 801 2687 in
841 2646 902 2686 ea
932 2629 1290 2695 hebetudine,
1323 2639 1382 2684 ut
1411 2628 1553 2699 quod
1593 2627 1695 2684 sibi

118 2739 328 2794 constat,
379 2743 554 2785 sensu
592 2738 798 2785 natura:
848 2726 1112 2796 torpentis
1158 2724 1408 2796 ignoret,
1459 2722 1694 2778 ferarum

119 2820 501 2893 belluarnmque
560 2821 758 2886 modo,
806 2835 925 2890 qua:
963 2829 1116 2874 extta
1166 2816 1428 2873 rationem
1478 2815 1688 2871 consilii

125 2916 429 2985 providentis
473 2915 736 2970 animata:
759 2954 776 2979 ,
807 2913 980 2983 ipsum
1012 2911 1153 2981 quod
1198 2917 1365 2980 agunt
1409 2909 1696 2974 nesciunt,

119 3021 220 3062 cum
245 3007 470 3078 quodam
524 3014 674 3062 motu
715 3003 946 3075 stupida:
976 3003 1270 3058 voluntatis
1296 3001 1543 3072 agitatae,
1591 3001 1700 3057 for-

122 3099 232 3155 tuito
257 3099 318 3155 ad
349 3097 564 3171 aliquid
590 3105 644 3154 et
674 3099 880 3152 incerto
909 3094 1156 3150 feruntur
1184 3092 1466 3163 ingressu?

1796 1883 1948 1946 pater
1974 1877 2090 1946 ipse
2115 1878 2217 1944 sit,
2243 1879 2336 1933 sed
2361 1881 2505 1950 quod
2536 1881 2588 1935 in
2620 1881 2704 1935 his
2731 1885 2925 1953 quibus
2947 1885 3062 1954 ipse
3083 1897 3164 1940 est
3191 1928 3205 1954 ,
3231 1889 3279 1942 ei
3303 1891 3394 1959 qui

1795 1981 1863 2022 ex
1891 1982 1950 2023 se
1971 1979 2088 2035 est,
2124 1979 2276 2038 pater
2303 1979 2446 2025 totus
2467 1971 2556 2026 sit.
2587 1973 2654 2027 Et
2683 1989 2805 2028 cum
2863 1975 3156 2031 secundum
3219 1980 3400 2034 huma-

1797 2074 1988 2116 norum
2014 2075 2305 2131 corporum
2328 2073 2548 2120 naturas
2569 2106 2583 2130 ,
2615 2081 2735 2136 quae
2765 2084 2835 2121 ex
2868 2069 3173 2139 disparibus
3200 2087 3400 2129 conve-

1798 2154 1952 2209 niunt
1982 2164 2036 2210 et
2092 2169 2157 2209 ex
2187 2157 2508 2227 compositis
2553 2160 2891 2227 consistunt,
2937 2177 3042 2216 non
3082 2166 3249 2232 possit
3297 2166 3400 2220 nisi

1797 2248 2040 2302 omnium
2068 2265 2289 2305 suorum
2311 2251 2432 2321 quis
2458 2251 2534 2323 (g)
2568 2262 2718 2321 pater
2739 2266 2890 2324 pater
2914 2271 3034 2313 esse
3055 2299 3070 2323 ,
3097 2260 3222 2313 dum
3253 2262 3399 2330 quod

1798 2340 1852 2396 in
1899 2357 2226 2414 unoquoque
2252 2355 2338 2399 est
2365 2360 2626 2415 generant
2657 2363 2721 2404 ac
2749 2349 3022 2418 partium,
3071 2352 3124 2406 id
3173 2357 3224 2408 in
3275 2355 3400 2411 ﬁliis

1797 2436 2050 2492 nativitas
2073 2437 2310 2507 perfecta
2340 2450 2656 2495 conservet:
2691 2443 2933 2500 onminm
2987 2459 3118 2517 ergo
3174 2462 3396 2504 suorum

1799 2531 1920 2600 quis
1947 2539 2106 2602 pater
2135 2541 2286 2601 pater
2335 2544 2449 2599 est,
2503 2533 2629 2589 dum
2680 2553 2746 2591 ex
2782 2540 3033 2596 omnibus
3063 2544 3314 2603 nativitas
3344 2557 3400 2603 et

1800 2622 1853 2677 in
1882 2624 2133 2680 onmibus
2166 2635 2368 2682 manet.
2405 2627 2465 2682 Et
2499 2643 2620 2682 eum
2647 2630 2700 2683 in
2733 2629 2846 2685 Deo
2869 2649 2972 2687 non
2997 2635 3106 2690 sint
3132 2653 3392 2709 corpora-

1802 2713 1893 2778 lia,
1939 2715 2034 2771 sed
2075 2715 2356 2782 absoluta;
2409 2733 2587 2788 neque
2639 2720 2960 2790 particulam
2990 2766 3003 2789 ,
3035 2728 3130 2781 sed
3179 2738 3286 2784 tota
3344 2741 3399 2786 ct

1801 2808 2082 2876 universa;
2112 2824 2217 2864 non
2247 2810 2513 2866 viviticata
2536 2855 2549 2878 ,
2593 2813 2686 2868 sed
2715 2814 2862 2879 viva;
2895 2826 3038 2872 totus
3068 2821 3286 2887 vivens,
3343 2835 3399 2880 et

1802 2917 1966 2956 unum
1993 2901 2069 2975 (ὃ)
2105 2901 2182 2974 (Ιι)
2215 2911 2358 2958 totus
2385 2905 2527 2959 Dens
2573 2914 2678 2972 est,
2719 2907 2845 2961 dum
2892 2925 2998 2964 non
3039 2927 3102 2966 ex
3150 2916 3401 2983 portione

1802 2995 2138 3064 compositus
2158 3005 2272 3062 est,
2295 2997 2388 3051 sed
2421 3013 2487 3051 ex
2525 2998 2872 3068 simplicitate
2930 3005 3203 3072 perlectus
3243 3015 3328 3062 cst
3380 3027 3394 3063 :

1805 3101 2030 3142 necesse
2060 3094 2144 3141 est
2169 3128 2183 3152 ,
2208 3096 2266 3142 ut
2293 3088 2606 3160 secundum.
2643 3091 2784 3161 quod
2830 3103 2911 3147 est
2945 3105 3115 3163 pater,
3172 3098 3287 3168 ipse
3326 3101 3399 3157 sit

175 3192 252 3247 60.
282 3191 428 3246 Patri
455 3191 774 3263 injuriosum
799 3199 873 3244 est
906 3186 1046 3242 Filio
1075 3187 1423 3258 ignorantiam
1478 3187 1688 3257 ttﬂinge-
1717 3179 1764 3243 C
1794 3181 2033 3235 omnium
2061 3195 2279 3236 suorum
2319 3183 2368 3237 ei
2409 3198 2568 3254 quem
2601 3199 2664 3239 ex
2717 3200 2775 3241 se
2815 3187 3001 3258 genuit
3049 3201 3199 3260 pater
3229 3204 3396 3263 t0tus,

120 3287 314 3357 reqaasi
359 3289 406 3342 ei
455 3285 727 3340 inviderit.
770 3312 843 3323 —
884 3281 1171 3351 Quomodo
1223 3281 1386 3336 etiam
1435 3281 1696 3338 Dominus

122 3379 276 3449 gloriae
293 3422 310 3446 ,
335 3380 610 3436 adventus
632 3376 714 3432 sui
744 3375 1030 3447 ignorabili
1056 3375 1144 3430 die
1164 3417 1178 3441 ,
1211 3386 1416 3430 natura:
1442 3390 1564 3430 esse
1616 3375 1689 3428 in-

121 3473 402 3543 composita:
430 3471 884 3543 imperfect-mque
927 3469 1197 3531 credetur,
1223 3485 1343 3538 qua:
1373 3475 1428 3524 et
1458 3469 1696 3524 necessi-

126 3574 262 3619 tatem
311 3564 513 3620 habeat
581 3560 938 3621 adveniendi.
998 3567 1054 3614 et
1095 3559 1378 3614 scientiam
1433 3559 1700 3616 adventus

125 3654 192 3710 sui
233 3671 330 3711 non
355 3655 557 3724 adepta
589 3652 699 3707 sit?
747 3652 853 3707 Per
907 3649 1049 3721 quod
1105 3650 1281 3720 potior
1321 3651 1391 3706 sit
1436 3651 1700 3721 ignoratio

131 3749 190 3820 (ιε)
216 3749 340 3814 Deo,
365 3764 487 3822 quae
517 3747 570 3802 ei
607 3747 815 3802 auferat
841 3745 1166 3816 cognitionis
1197 3743 1395 3799 habere
1423 3747 1693 3800 virtutem.

122 3839 220 3897 iam
246 3858 366 3900 vero
385 3848 595 3914 quanta
627 3841 916 3908 impietatis
945 3836 1029 3911 (ά)
1062 3839 1368 3909 geminatur
1387 3840 1619 3904 occasio;
1654 3839 1698 3894 si

127 3944 293 4002 prater
318 3935 692 3990 inﬁrmitatem
717 3931 918 3987 Christi
949 3933 1109 3984 etiam
1165 3930 1278 3986 Deo
1321 3931 1458 4000 patri
1511 3931 1697 3986 vitium

126 4025 472 4097 deputabitur;
507 4034 570 4082 ut
589 4024 920 4096 unigenitum
953 4024 1122 4078 Deum
1146 4065 1160 4089 ,
1181 4032 1236 4079 et
1256 4023 1564 4079 dilectionis
1587 4039 1700 4079 suae

129 4117 297 4184 ﬁlium,
320 4120 424 4176 diei
459 4119 627 4188 hujus
649 4115 956 4187 cognitione
998 4114 1361 4180 fraudaverit,
1397 4115 1699 4185 malignita-

130 4209 368 4283 tisque(e)
398 4209 601 4265 aﬂ'ectu
659 4208 938 4262 scientiam
991 4207 1180 4260 futura:
1219 4207 1701 4262 consummationis

131 4299 456 4357 invideritzct
478 4315 604 4356 cum
630 4315 736 4356 non
769 4297 1120 4369 ignorabiletn
1172 4297 1220 4352 ei
1280 4312 1400 4352 esse
1434 4299 1700 4367 passionis

131 4400 172 4444 ct
190 4391 315 4449 diem
343 4405 396 4448 et
424 4393 617 4446 horam
645 4391 909 4453 voluerit;
941 4389 1080 4443 diem
1115 4389 1326 4444 virtutis
1347 4388 1492 4458 ejus,
1517 4398 1571 4444 et
1592 4390 1702 4444 cla-

129 4484 340 4541 riﬁeandi
363 4489 415 4540 in
441 4485 651 4543 sanctis
676 4484 788 4539 suis
816 4484 1002 4538 horam
1023 4483 1334 4554 negaverit,
1378 4493 1433 4538 et
1485 4483 1700 4539 ademe-

1802 3276 1928 3330 dum
1957 3291 2078 3330 eum
2113 3285 2317 3346 patrem
2349 3291 2414 3330 ex
2445 3279 2557 3331 suis
2584 3279 2834 3334 omnibus
2861 3283 3109 3337 nativitas
3151 3286 3240 3340 lilii
3277 3305 3401 3355 rer-

1803 3369 1939 3426 fecta
1969 3379 2330 3425 consummat.
2362 3371 2421 3428 Si
2451 3371 2616 3442 igitur
2645 3377 2896 3444 proprius
2925 3375 3062 3431 Filio
3095 3378 3257 3434 Pater
3280 3393 3398 3447 est;

1803 3465 1856 3519 in
1889 3480 1950 3519 ea
1976 3478 2197 3520 necesse
2228 3473 2312 3520 est
2343 3464 2535 3520 Filium
2567 3482 2789 3521 manere
2820 3471 3149 3537 proprietate
3175 3490 3275 3540 qua
3307 3475 3404 3530 l’a-

1805 3566 1887 3614 ter
1914 3567 2017 3614 est.
2044 3559 2260 3613 Manere
2313 3567 2490 3613 autem
2533 3560 2804 3629 quomodo
2860 3562 3294 3630 existimabitur.
3349 3570 3396 3624 si

1804 3662 1955 3708 extra
1991 3651 2345 3719 prtescicntiaz
2369 3661 2613 3705 naturam
2643 3653 2748 3718 sit,
2773 3662 2830 3707 et
2875 3654 3077 3726 aliquid
3131 3660 3396 3716 nativitati

1803 3741 1920 3812 eius
1951 3741 2015 3813 (i)
2043 3757 2105 3798 ex
2157 3749 2376 3797 auctore
2401 3742 2864 3800 defuerithleerit
2910 3748 3052 3800 enim
3097 3765 3263 3820 prope
3319 3765 3403 3806 t0-

1807 3844 1914 3888 tutn
1937 3879 1951 3902 ,
1987 3835 2030 3888 si
2059 3834 2200 3904 quod
2242 3833 2512 3904 proprium
2545 3835 2656 3889 Deo
2686 3847 2801 3902 est,
2840 3853 2946 3892 non
2996 3839 3210 3896 habeat.
3269 3845 3400 3901 Pro-

1807 3928 1977 3999 prium
2008 3936 2184 3980 autem
2211 3927 2322 3981 Deo
2352 3925 2477 3996 quid
2495 3927 2637 3981 aliud
2661 3970 2674 3994 ,
2730 3944 2891 3998 quam
2918 3933 3154 4002 cognitio
3203 3934 3406 3991 futuro-

1804 4037 1923 4076 rum
1953 4029 2068 4086 est;
2133 4029 2186 4074 ut
2243 4036 2330 4074 res
2372 4020 2609 4075 nondum
2659 4032 2970 4089 manentes,
3016 4042 3406 4100 tnattSttt‘as‘qttc

1805 4113 2104 4184 posmrins,
2135 4112 2485 4167 invisibilium
2517 4127 2580 4166 ac
2608 4112 2843 4166 nondum
2873 4117 3200 4172 exstantium
3228 4135 3394 4189 gene-

1805 4225 1921 4264 rum
1949 4223 2116 4278 capax
2147 4215 2333 4261 natnra
2355 4205 2664 4259 contineat?

1877 4300 1968 4356 62.
1999 4297 2093 4352 Nil
2113 4299 2234 4352 latet
2261 4314 2373 4350 eum
2420 4297 2472 4349 iu
2522 4313 2623 4368 quo
2663 4315 2835 4353 omnes
2880 4301 3110 4358 scientiw
3152 4303 3400 4374 thesauri,

1804 4392 2035 4463 quamvis
2061 4402 2228 4443 tamen
2251 4390 2486 4443 latentes.
2517 4419 2589 4429 --
2615 4389 2730 4445 Non
2758 4393 2958 4460 patitur
2987 4408 3169 4451 autem
3213 4401 3264 4451 in
3307 4415 3405 4456 no-

1806 4485 1888 4540 bis
1917 4483 2106 4539 doctor
2134 4483 2372 4553 gentium
2400 4481 2598 4537 Paulus
2620 4482 2757 4538 hanc
2782 4484 2929 4554 impii
2972 4489 3173 4543 erroris
3193 4492 3403 4559 profes-

131 4577 188 4629 rit
209 4576 554 4632 beatitudinis
584 4575 950 4647 cognitionem
973 4617 986 4640 ,
1036 4575 1120 4630 cui
1175 4573 1365 4630 mortis
1410 4574 1693 4632 indulserit
1721 4575 1776 4637 Ι)
1801 4577 2008 4633 sionem
2030 4616 2042 4639 ,
2074 4583 2132 4628 ut
2155 4573 2437 4644 ignorasse
2458 4573 2662 4644 aliquid
2687 4574 2997 4646 unigenitus
3034 4577 3176 4642 Deus
3217 4579 3411 4635 existi.

191 4711 260 4784 (Ι)
300 4713 691 4769 Plenitndinem
719 4711 1018 4767 divinitatis.

192 4785 262 4858 (2)
286 4785 350 4840 In
375 4787 622 4859 gloriam.

194 4923 259 4994 (a)
296 4924 369 4980 Ita
417 4939 550 4980 mss.
583 4924 855 4994 quomodo
895 4934 945 4979 et
990 4923 1082 4977 lib.
1113 4939 1244 4991 vttt,
1279 4939 1332 4977 n.
1369 4923 1436 4989 ὃ,
1483 4937 1712 4978 consen-

135 4995 277 5050 tiente
295 5013 477 5061 graeco
509 5001 580 5059 εἰς
618 4997 788 5052 αὐτόν.
825 4999 891 5048 At
917 4994 1069 5060 editi,
1095 4996 1150 5048 in
1175 4996 1310 5064 ipso.

198 5067 266 5138 (li)
289 5067 514 5124 Scilicet
550 5068 972 5138 diSpcnSaIionis
1011 5075 1066 5121 et
1103 5077 1391 5136 assumpta:
1421 5067 1622 5138 carnis,
1655 5065 1708 5120 in

138 5152 223 5260 qua
247 5137 504 5193 Venturus
525 5149 607 5194 est
631 5137 876 5208 judicare
901 5141 1051 5192 vivos
1072 5147 1127 5191 et
1153 5147 1417 5192 mortuos.
1445 5137 1710 5202 Quocirca

170 5208 238 5260 ies
279 5211 365 5260 illa
409 5210 615 5260 Christi
661 5218 747 5260 est
787 5219 845 5260 nt.
893 5208 1159 5260 hominis:
1205 5211 1248 5260 si
1290 5208 1506 5260 quidem
1552 5208 1710 5260 Pater

170 5208 238 5264 ies
279 5211 365 5266 illa
409 5210 615 5265 Christi
661 5218 747 5265 est
787 5219 845 5262 nt
893 5208 1159 5273 hominis;
1205 5211 1248 5262 si
1290 5208 1506 5278 quidem
1552 5208 1713 5263 Pater

140 5292 277 5335 omne
315 5280 579 5351 judicium
609 5280 760 5351 dedit
785 5278 960 5351 Filio,
995 5281 1114 5349 quia
1155 5279 1292 5332 ﬁlius
1326 5280 1558 5334 ttotninis
1588 5289 1708 5344 est,

142 5359 186 5402 ut
209 5350 462 5420 scriptum
491 5363 571 5406 est
595 5350 750 5406 Joan.
795 5366 847 5414 v,
873 5350 945 5404 2?.
970 5392 984 5415 ,
1015 5351 1105 5404 9.7.
1154 5351 1261 5404 Diei
1312 5365 1524 5419 quoque
1574 5359 1712 5404 teut-

142 5432 226 5488 pus
250 5432 330 5477 est
355 5424 408 5478 in
438 5424 558 5490 ipso
586 5432 645 5478 ttt
669 5420 846 5477 Verbo
874 5429 1174 5490 temporum
1200 5421 1504 5476 conditore.

203 5490 270 5563 (ι)
288 5492 344 5548 In
369 5493 582 5563 duobus
616 5508 749 5548 mss.
773 5493 927 5548 deest
950 5491 1054 5546 Deo
1079 5509 1098 5546 :
1121 5508 1221 5561 qua
1248 5508 1377 5546 voce
1406 5491 1720 5560 intelligitur

146 5558 304 5642 i’ater,
317 5561 402 5642 cui
420 5567 661 5642 omnium
681 5558 1181 5642 cognoscendorum
1199 5563 1368 5642 virtus
1391 5558 1650 5642 neganda,
1667 5571 1721 5614 et

146 5634 386 5700 ignoratio
401 5635 741 5691 attribuenda
760 5634 828 5688 Sit
849 5636 1046 5704 potius,
1067 5650 1224 5704 quam
1241 5650 1300 5689 ea
1318 5635 1532 5688 invidia:
1550 5634 1718 5694 labes.

148 5717 234 5828 qua
261 5707 459 5762 dilecto
491 5707 600 5761 tilio
621 5706 982 5777 Cognitionetn
1005 5705 1240 5776 aliquam
1269 5706 1583 5761 subtrahere
1609 5717 1726 5758 cre-

180 5785 304 5828 atur.

180 5785 304 5831 atur.

529 5875 802 5935 PATBOL.
850 5871 934 5932 X.

1898 4715 1976 4789 (5)
2003 4711 2207 4768 Totum.

1891 4918 1970 4992 (ά)
2004 4917 2132 4992 Batl.
2165 4916 2364 4992 et_Er.,
2396 4918 2902 4992 generatnroccusio
2929 4935 3019 4989 per
3061 4921 3413 4992 inﬁrmitatem

1813 4988 2116 5068 constet”
2146 4989 2267 5068 aliis
2295 5004 2510 5059 quoque
2562 4988 2724 5043 editis
2780 4988 3126 5047 desideratur
3175 5014 3409 5068 sequens

1815 5061 2082 5135 particula
2100 5061 2185 5135 _si.

1918 5137 1963 5200 e)
1994 5131 2050 5185 In
2079 5129 2290 5200 duobus
2313 5145 2453 5200 tnss.
2477 5129 2681 5195 e/I‘ectn.

1918 5137 1963 5200 e)
1994 5135 2050 5185 In
2079 5135 2290 5185 duobus
2313 5145 2442 5183 mss.
2477 5135 2681 5195 cal/ecta.

1889 5135 1956 5273 if)
1978 5201 2027 5255 id
2057 5212 2136 5255 est
2158 5241 2174 5266 ,
2219 5199 2376 5254 Pater
2399 5199 2589 5254 Filium
2618 5201 2931 5270 generando
2962 5203 3051 5260 dat
3083 5208 3131 5262 ei
3166 5212 3415 5272 universa

1816 5291 1936 5346 qna-2
1954 5275 2010 5346 in
2039 5287 2096 5326 se
2123 5280 2266 5346 sunt.

1895 5344 1971 5416 (g)
1997 5344 2049 5397 ln
2073 5341 2302 5425 vulgatis
2327 5341 2542 5425 _|tie‘_et
2583 5341 2740 5424 infra.
2769 5358 2899 5425 ttott_
2932 5353 3196 5418 repctitnr
3227 5369 3372 5425 pater
3398 5377 3417 5414 :

1821 5412 2054 5485 meique
2076 5415 2300 5485 habetur
2320 5412 2372 5464 in
2405 5415 2513 5481 [ilio
2539 5454 2554 5481 ,
2587 5429 2690 5485 non
2722 5415 2776 5467 in
2803 5415 2946 5480 ﬁliis.

1897 5483 1979 5557 (Ii)
2007 5485 2078 5539 Ita
2111 5483 2347 5552 Optimus
2367 5485 2537 5539 codex
2561 5484 2715 5539 Colb.
2749 5500 2870 5538 cum
2903 5489 3120 5549 Martia.
3149 5506 3204 5551 et.
3227 5500 3416 5559 θοι-ιη,

1826 5559 1929 5614 Alii
1961 5573 2087 5610 vero
2110 5597 2123 5618 ,
2157 5565 2336 5608 totum.

1899 5628 1960 5699 (i)
1986 5628 2045 5682 ln
2079 5641 2231 5679 unoe
2255 5639 2383 5678 mss.
2415 5624 2560 5700 ἆται..
2603 5636 2654 5679 et
2709 5624 2898 5700 Carm.
2959 5650 3022 5687 ea:
3071 5643 3376 5699 auctoritate
3402 5661 3421 5700 .-

1827 5697 1988 5771 leetio
2020 5715 2123 5771 non
2155 5697 2562 5771 spernenda;id
2587 5699 2729 5751 enim
2761 5699 3083 5771 llilariocst,
3117 5697 3396 5769 auctoritas

1828 5769 1969 5843 quod
2002 5769 2154 5826 nobis
2186 5756 2525 5840 principium.
2915 5756 2926 5757 ’
3118 5756 3416 5786 “"""-'wi

2905 5869 2970 5932 ll
