3930 6194
572 311 677 366 559

1779 318 2019 375 SANC'H
2065 317 2317 376 llllAlill
2363 319 2662 380 i'Il’lSCOPl
3735 346 3816 398 iiii

572 426 752 497 itaque
779 426 1021 483 diversus
1045 430 1358 499 composin
1381 428 1677 486 divinitatis
1703 435 1980 502 partibus:
2017 443 2071 490 ut
2097 437 2168 490 sit
2192 435 2245 498 Λ
2270 437 2384 492 Non
2428 441 2572 493 enim
2618 441 2707 496 ille
2750 457 2892 497 nunc
2943 445 3008 499 de
3037 445 3113 519 (c)
3161 449 3454 506 obtinendo
3499 452 3689 510 loculus
3725 472 3813 524 est;

571 519 626 573 in
657 533 725 574 eo
749 529 840 573 aut
871 527 987 589 post
1013 529 1290 590 stuporem
1320 522 1588 586 voluntas,
1621 533 1709 578 aut
1741 535 1861 594 post
1891 526 2166 581 silentium

571 617 783 676 Sermo,
828 620 920 665 aut
950 621 1068 679 post
1107 613 1276 667 otium
1315 628 1494 682 opus:
1529 620 1586 668 ut
1632 623 1723 669 aut
1749 616 1888 671 velle
1928 617 2161 688 aliquid,

572 703 673 758 nisi
703 702 768 756 ad
797 703 1084 758 volendum
1127 712 1305 760 motus
1350 706 1451 768 sit,
1487 721 1590 760 non
1625 714 1871 776 putetur;
1903 717 1995 762 aut
2019 709 2164 779 loqui

568 795 696 866 quid
714 837 728 861 ,
759 795 861 849 nisi
903 805 1024 865 poet
1050 797 1326 852 silentium
1353 810 1544 852 sonent
1581 800 1774 865 verba,
1803 816 1910 855 non
1949 803 2118 871 possit
2143 819 2158 869 ;

566 898 658 942 aut
685 903 844 959 agere
874 888 1072 959 aliquid
1095 930 1111 954 ,
1141 890 1241 944 nisi
1269 889 1324 944 in
1365 907 1501 960 opus
1530 901 1716 959 exeat,
1747 908 1852 947 non
1883 893 2153 966 intelliga-

565 992 675 1036 tur.
705 981 818 1036 Nor:
849 983 1086 1051 subjacet
1119 996 1324 1038 natura:
1354 983 1582 1054 legibus,
1613 999 1643 1038 a
1664 1001 1770 1055 quo
1795 986 1966 1056 legem
1989 987 2168 1043 omnia

567 1083 759 1130 natura
791 1075 1012 1129 sortitur
1041 1095 1053 1128 :
1090 1091 1267 1146 neque
1299 1077 1350 1130 in
1382 1077 1582 1145 aliquo,
1617 1076 1927 1132 infirmitate
1953 1086 2044 1132 aut
2073 1078 2167 1134 de-

567 1167 862 1221 mutatione
893 1166 1159 1222 elﬁcicndi
1199 1168 1494 1234 detinetur,
1525 1168 1612 1238 qui
1643 1179 1796 1222 extra
1833 1169 2050 1223 modum
2084 1179 2167 1225 est

566 1257 880 1330 poteStatis,
913 1261 1206 1314 secundum
1242 1260 1454 1315 Domini
1497 1260 1700 1315 dictum
1730 1280 1742 1316 :
1778 1262 1954 1328 Pater,
1988 1263 2164 1333 possi-

563 1353 690 1408 bilia
736 1354 828 1406 tibi
875 1354 1052 1407 omnia
1096 1363 1222 1408 sunt
1264 1352 1475 1427 (Marc.
1504 1370 1613 1419 xiv,
1638 1353 1730 1426 56)
1763 1373 1776 1407 :
1811 1366 1865 1409 ut
1906 1366 2166 1426 quantum

565 1463 757 1503 sensus
784 1449 1050 1503 humanus
1080 1465 1186 1504 non
1215 1449 1394 1519 capit,
1425 1456 1629 1503 tantum
1666 1449 1804 1504 Deus
1835 1449 2024 1519 possit.
2059 1450 2166 1505 Sed

566 1555 632 1594 ne
665 1541 836 1609 ipsum
866 1541 1086 1610 quidem
1125 1555 1184 1594 se
1214 1541 1621 1608 omnipotentiae
1651 1542 1848 1595 virtute
1880 1540 2163 1608 fraudavit,

562 1632 780 1698 dicens,
807 1631 997 1686 Omnia
1028 1647 1381 1701 quacumque
1410 1631 1534 1686 facit
1569 1630 1750 1697 Pater,
1783 1631 1968 1686 eadem
1997 1645 2052 1686 et
2079 1631 2168 1688 Fi-

563 1726 665 1780 lius
699 1725 826 1781 facit
849 1726 1100 1780 similiter
1133 1723 1312 1798 (Joan.
1347 1741 1399 1790 v,
1433 1726 1548 1797 19).
1578 1725 1692 1780 Νοη
1730 1735 1813 1781 est
1840 1725 2164 1795 difﬁcultas,

2270 531 2394 598 quia
2426 531 2566 586 aliud
2608 543 2691 588 est
2719 537 3055 593 extrinsecus
3090 539 3169 612 (ά)
3201 542 3539 599 sub~istentia
3580 559 3668 602 sua
3693 563 3815 617 esse,

2270 624 2414 680 aliud
2462 627 2629 682 estin
2679 629 2792 684 suis
2837 642 3000 702 atque
3029 633 3100 704 (ι’)
3145 635 3315 705 ipsum
3359 652 3418 692 se
3447 653 3816 711 essezquoruin

2273 731 2434 772 unum
2466 727 2546 774 est
2576 721 2852 790 possidere
2877 724 3072 778 caelum
3093 768 3106 792 ,
3140 736 3312 783 terras
3332 772 3345 795 ,
3390 729 3733 804 mundumque
3755 744 3817 790 to-

2273 819 2410 879 tum,
2438 814 2581 869 aliud
2625 825 2708 871 est
2744 833 2803 874 se
2851 819 3026 889 ipsum
3059 823 3111 877 in
3159 822 3242 878 his
3278 826 3580 896 signiﬁcare
3617 845 3722 898 qua:
3747 848 3818 888 sua

2270 915 2428 971 sunt,
2477 921 2570 960 sua
2600 920 2779 963 autem
2825 912 2894 965 ita
2917 953 2935 980 ,
2983 929 3090 968 non
3125 924 3391 987 tamquam
3423 929 3636 975 externa
3674 922 3821 993 subja-

2270 1007 2448 1064 ceant,
2477 999 2571 1054 sed
2597 1001 2735 1071 quod
2761 1019 2823 1058 ex
2849 1006 2961 1059 suis
2985 1006 3100 1076 ipse
3122 1008 3402 1065 subsistat.
3429 1011 3576 1068 Nune
3596 1030 3709 1083 ergo
3725 1029 3818 1070 cum

2271 1090 2483 1158 omnia,
2517 1107 2634 1162 qua:
2665 1093 2841 1150 Patris
2867 1107 3024 1164 sunt,
3054 1113 3148 1153 sua
3193 1113 3347 1167 sunt;
3379 1103 3667 1159 divinitatis
3691 1108 3821 1178 signi-

2272 1179 2398 1236 ﬁcat
2447 1193 2726 1249 naturam,
2767 1205 2872 1243 non
2913 1191 3256 1250 obtentornm
3304 1193 3372 1268 (Γ)
3411 1201 3818 1256 communionem.

2271 1271 2404 1328 Nam
2434 1275 2498 1330 ad
2528 1277 2579 1331 id
2601 1321 2615 1341 ,
2646 1280 2789 1349 quod
2817 1281 2884 1337 de
2925 1298 3023 1338 suo
3050 1297 3398 1358 accepturum
3433 1299 3663 1346 sanctum
3688 1293 3822 1364 Spiri-

2274 1375 2383 1422 tum
2423 1369 2760 1440 loquebatur,
2801 1374 2908 1441 ait,
2958 1377 3175 1447 Omnia,
3215 1397 3329 1452 quer:
3359 1381 3540 1437 Patris
3566 1398 3702 1452 sunt,
3737 1404 3823 1441 mea

2271 1470 2423 1524 sunt;
2468 1471 2515 1516 ct
2542 1463 2659 1518 ideo
2688 1467 2797 1521 dixi
2814 1510 2828 1532 ,
2877 1470 2940 1523 de
2969 1487 3079 1525 mea
3108 1474 3323 1543 accipiet
3353 1485 3373 1529 .‘
3405 1483 3462 1530 ut
3502 1473 3622 1530 dum
3653 1473 3711 1533 de
3747 1494 3823 1534 suo

2271 1551 2491 1622 accipit,
2526 1566 2634 1611 non
2663 1559 2826 1615 etiam
2857 1577 2962 1616 non
3005 1563 3072 1618 de
3103 1563 3278 1621 Patris
3321 1569 3570 1639 accipere
3597 1571 3825 1626 existima-

2272 1653 2453 1711 retur;
2485 1647 2567 1702 vel
2593 1664 2716 1704 cum
2745 1651 2811 1707 de
2839 1653 3012 1708 Patris
3036 1663 3313 1725 sumeret,
3348 1675 3457 1716 non
3481 1663 3634 1716 etiam
3662 1678 3750 1718 non
3774 1664 3825 1719 de

2272 1752 2372 1792 suo
2415 1753 2634 1797 sumere
2677 1745 3081 1816 intelligeretur.
3117 1749 3302 1821 Neque
3332 1751 3477 1809 enim
3510 1754 3576 1810 de
3609 1759 3824 1813 creaturis

565 1818 653 1872 ubi
697 1833 803 1872 non
829 1827 911 1872 est
941 1817 1258 1881 inﬁrmitas;
1289 1818 1410 1886 quia
1438 1817 1740 1872 difficultati
1769 1817 2013 1888 subiacet
2055 1818 2154 1872 im-

2269 1833 2512 1886 sumehat
2543 1833 2776 1903 Spiritus
2801 1846 3019 1894 sanctus
3039 1883 3054 1907 ,
3085 1839 3164 1914 (g)
3188 1817 3276 1911 qui
3303 1844 3394 1900 Dei
3422 1845 3646 1916 Spiritus
3665 1851 3761 1908 est;
3783 1858 3826 1901 ut

562 1915 756 1980 potens
823 1908 1093 1963 efﬁciendi
1154 1917 1413 1978 potestas.
1473 1907 1811 1964 Difﬁcultatis
1858 1911 2002 1964 enim
2069 1925 2166 1965 na-

563 2011 679 2055 tura
713 2000 788 2071 (a)
819 2001 874 2054 in
907 2000 1214 2057 infirmitate
1246 2001 1457 2055 virtutis
1482 2011 1607 2056 est:
1641 2017 1761 2072 qua:
1787 2017 1908 2057 cum
1941 2003 2162 2058 modum

565 2109 674 2149 non
743 2095 903 2149 habet
968 2095 1283 2164 potestatis,
1340 2101 1447 2149 non
1498 2104 1710 2150 tenetur
1765 2095 1882 2166 lege
1934 2095 2161 2150 inﬁrmi-

562 2187 705 2241 tatis.

636 2281 725 2335 75.
769 2277 920 2333 Diem
959 2295 1062 2334 non
1104 2280 1268 2350 potuit
1312 2280 1595 2350 aliquando
1632 2282 1847 2336 nescire.
1882 2282 2011 2338 Filii
2046 2297 2163 2338 cum

565 2372 724 2426 Patre
764 2381 948 2424 natura
989 2388 1111 2426 una.
1144 2400 1212 2412 --
1241 2371 1356 2427 Hoc
1409 2371 1611 2428 idcirco
1659 2373 2085 2430 demonstratum
2133 2392 2163 2431 a

564 2464 721 2520 nobis
747 2474 858 2530 cst,
895 2479 962 2519 ne
1002 2473 1093 2518 aut
1120 2464 1260 2520 Deus
1285 2473 1407 2535 post
1431 2465 1707 2521 silentium
1741 2467 1952 2523 locutus
1976 2468 2043 2523 ad
2073 2469 2164 2524 Fi-

563 2557 692 2610 lium
715 2597 729 2622 ,
763 2565 855 2610 aut
883 2555 1053 2611 Filius
1083 2563 1204 2627 post
1251 2558 1639 2627 ignorationem
1669 2560 1808 2615 scire
1835 2561 2163 2617 existimare-

562 2661 651 2704 tur
678 2668 691 2704 :
726 2649 820 2705 sed
853 2650 1266 2721 intelligentiam
1306 2662 1545 2706 nostram
1579 2661 1786 2708 natura:
1814 2660 2010 2708 nostrze
2041 2669 2164 2710 esse

561 2743 1050 2815 signiﬁcationibus
1090 2746 1490 2810 instruendam,
1521 2763 1639 2814 quae
1665 2747 2030 2802 demonstrari
2063 2749 2161 2802 ali-

560 2838 687 2907 quid
720 2837 822 2892 nisi
851 2854 947 2908 per
977 2838 1284 2909 loquentem
1315 2850 1420 2893 non
1449 2841 1794 2911 intelligeret,
1851 2849 1903 2896 et
1934 2860 2037 2897 non
2069 2859 2160 2897 ne-

563 2929 688 2984 sciri
721 2929 918 3000 aliquid
949 2928 1025 3003 (ιτ)
1063 2931 1164 2985 nisi
1197 2931 1420 2985 sciendo
1447 2947 1553 2986 non
1584 2933 1942 2990 existimaret.
1995 2935 2160 2992 Filius

561 3023 743 3093 itaque
784 3023 925 3077 diem
967 3022 1185 3088 idcirco,
1220 3025 1343 3093 quia
1388 3033 1562 3090 tacct,
1605 3027 1816 3080 nescit:
1850 3037 1906 3082 et
1945 3028 2157 3084 Patrem

561 3115 736 3167 solum
764 3114 966 3168 idcirco
997 3114 1137 3169 scire
1166 3115 1261 3178 ait,
1294 3116 1415 3186 quia
1447 3117 1594 3170 solus
1617 3119 1706 3173 uni
1735 3119 1834 3174 sibi
1859 3136 1964 3174 non
1995 3130 2156 3178 tacet.

562 3205 670 3260 Sed
703 3221 808 3258 non
849 3217 1154 3276 exspectat,
1191 3219 1247 3260 ut
1276 3207 1385 3261 dixi
1408 3251 1422 3274 ,
1452 3209 1616 3282 315
1645 3211 1741 3265 has
1779 3221 1984 3266 natura!
2015 3212 2159 3267 difﬁ—

560 3299 823 3363 cultates,
857 3306 914 3352 ut
959 3307 1086 3353 tunc
1126 3299 1259 3354 sciat
1304 3316 1424 3354 cum
1461 3303 1709 3372 ignorare
1751 3304 2051 3369 destiterit,
2103 3319 2158 3361 ut

561 3400 689 3445 tunc
727 3391 904 3444 audiat
939 3408 1060 3446 eum
1114 3393 1255 3464 loqui
1305 3395 1461 3449 Pater
1505 3397 1750 3464 coeperit.
1785 3398 2000 3454 Naturae
2046 3417 2158 3456 sum

559 3497 679 3536 cum
707 3498 807 3551 eo,
846 3493 1114 3554 tamquam
1149 3486 1405 3554 unigeniti
1428 3527 1441 3551 ,
1475 3487 1735 3541 unitatem
1771 3503 1878 3542 non
1908 3490 2159 3561 ambigue

558 3574 742 3630 docuit
788 3576 974 3632 dicens
1004 3595 1017 3630 :
1053 3576 1274 3644 Omnia,
1305 3593 1420 3647 qua:
1465 3578 1641 3632 Patris
1665 3591 1812 3646 stmt,
1865 3598 1975 3638 mea
2015 3599 2155 3642 sunt.

559 3735 725 3808 posita
754 3725 1036 3808 substantia
1059 3727 1163 3808 (vel
1197 3735 1488 3808 compositu:
1518 3737 1832 3808 substantiaz)
1867 3739 2151 3796 divinitatis

560 3804 809 3881 partibus.
826 3805 1042 3881 Martln.
1055 3805 1269 3881 diversis
1280 3807 1575 3881 coiiiposiue
1586 3804 1887 3865 substantia:
1903 3815 2148 3881 partibus.

633 3876 711 3947 (a)
743 3877 1000 3952 lloc_est,
1034 3878 1083 3927 in
1115 3876 1324 3952 virtutis
1349 3878 1651 3952 inopiasita
1685 3892 1801 3933 est:
1837 3876 1956 3952 quia
1984 3887 2152 3941 virtus

557 3945 703 4014 cum,
732 3956 835 3999 etc.
866 3946 999 4000 llinc
1023 3946 1165 4015 quod
1211 3945 1263 3998 in
1303 3946 1472 4000 tribus
1503 3947 1622 4002 Vat.
1658 3959 1709 4004 et
1735 3945 2150 4011 aliis-recondi»

556 4017 710 4073 ribus
754 4031 885 4072 mss.
906 4059 919 4081 ,
951 4017 1005 4070 in
1037 4015 1334 4085 inﬁrmitate
1361 4018 1562 4072 virtutis
1587 4032 1678 4074 est.
1711 4019 1808 4076 Dei
1851 4037 2022 4080 autem
2058 4037 2154 4082 n‘a.

557 4097 675 4164 tura
713 4103 828 4164 quce
869 4089 1077 4142 modum
1105 4103 1209 4143 non
1248 4089 1426 4159 habet,
1462 4101 1599 4157 etc.,
1640 4091 2011 4164 iuterpolatm-i
2057 4099 2151 4153 tri.

556 4159 855 4215 buendum.

632 4230 708 4301 (ὁ)
748 4230 802 4285 In
835 4229 1224 4285 recentioribus
1268 4246 1395 4286 mss.
1430 4233 1530 4286 nisi
1566 4235 1772 4290 sciendo
1795 4238 2104 4295 existimaret
2132 4257 2151 4297 :

560 4303 720 4372 male.
754 4301 882 4355 Illud
915 4301 1014 4372 nisi
1035 4301 1261 4366 sciendo,
1289 4303 1339 4356 id
1357 4314 1459 4366 est,
1493 4306 1591 4359 nisi
1616 4305 1888 4372 discendo.
1917 4325 1979 4366 ac
2002 4327 2152 4368 more

559 4371 837 4426 hominum
869 4372 938 4425 ab
959 4371 1167 4425 inscitia
1195 4372 1262 4424 ad
1293 4376 1569 4429 scientiam
1602 4371 1949 4437 transeundo.

633 4442 705 4514 (ο)
745 4441 799 4496 Id
828 4451 940 4517 est,
981 4457 1092 4517 non
1116 4442 1183 4496 de
1226 4442 1332 4517 illis
1378 4445 1558 4509 bouis,
1588 4463 1706 4517 qtae
1748 4469 1852 4506 non
1903 4465 2153 4511 tenentur

559 4513 772 4575 natura,
804 4513 896 4566 sed
925 4514 1094 4583 gratia
1122 4513 1414 4569 autlaborc
1444 4513 1782 4582 postmodum
1811 4523 2145 4581 obtinentur.

630 4583 709 4656 (d)
750 4585 960 4637 Mat-lin.
995 4585 1443 4656 ins.,substantiaz
1467 4605 1594 4641 sum.
1623 4588 1778 4646 Colb.
1810 4609 1929 4648 cum
1960 4596 2143 4652 Germ.

554 4653 849 4729 subsistenti
871 4671 890 4729 .'
911 4655 1138 4729 quodad
1164 4653 1356 4729 Filium
1382 4659 1566 4713 referri
1590 4671 1784 4729 potest.
1813 4665 1960 4718 Unus
1978 4669 2144 4723 Vatie.

555 4741 619 4779 ac
654 4727 805 4795 pauci
834 4728 961 4790 alii,
992 4725 1307 4779 subsistentia
1344 4743 1362 4780 :
1393 4729 1536 4798 quod
1576 4725 1723 4785 etde
1753 4735 1908 4789 Patre
1946 4737 2146 4793 dictum

557 4800 841 4852 commode
870 4797 1210 4872 interpretari
1243 4798 1387 4872 licet.
1416 4797 1614 4855 Verius
1644 4811 1821 4858 tamen
1851 4806 1962 4872 alii,
1991 4818 2046 4861 ut
2076 4809 2145 4862 li-

556 4880 685 4938 quet
723 4886 786 4922 ex
833 4883 980 4922 num.
1017 4869 1106 4932 iii,
1138 4869 1449 4923 extrinsecus
1493 4872 1846 4946 subsistentia,
1881 4869 1983 4932 hoc
2023 4889 2143 4946 est,

556 4955 643 5017 res
667 4949 939 5017 externas,
971 4947 1026 4993 ut
1052 4949 1195 5002 sunt,
1231 4955 1279 4992 v.
1301 4955 1390 5017 _g.,
1421 4943 1642 5017 celum,
1677 4955 1848 5010 terra,
1881 4943 2141 5017 mundus;

555 5013 638 5066 vel
672 5019 727 5065 ut
752 5011 979 5064 habetur
1003 5024 1160 5078 supra
1180 5049 1194 5073 ,
1223 5025 1276 5063 n.
1301 5011 1389 5074 3f,
1420 5015 1684 5069 elementa
1713 5025 1767 5071 et
1808 5011 2140 5076 creationuni

556 5083 718 5136 variat
764 5083 992 5152 species.
1037 5080 1284 5136 Defendit
1327 5083 1558 5140 Hilarius
1584 5088 1855 5143 Christum
1885 5105 1991 5145 non
2027 5095 2142 5149 sola

556 5152 732 5208 Patris
760 5153 894 5234 bona
935 5161 1154 5234 externa
1185 5159 1238 5206 et
1260 5163 1438 5234 creata
1464 5171 1557 5234 sua
1591 5161 1915 5234 es_se_dicere
1943 5181 1954 5216 :
1987 5163 2144 5234 idque

555 5237 618 5278 ex
653 5235 717 5277 eo
751 5224 995 5297 ιιι-οῐιειιἈ
1013 5223 1155 5291 quod
1200 5225 1445 5297 subjicit,
1480 5227 1602 5282 ideo
1631 5228 1887 5297 Spiritum
1928 5234 1996 5289 de
2043 5223 2144 5291 suo

554 5292 1092 5370 arceptu_rutt_i_._Cum
1136 5292 1572 5363 ettimicoustct,
1626 5292 1884 5370 spiritum
1933 5305 2024 5360 Dei
2076 5307 2143 5362 de

553 5367 816 5444 creaturis
843 5365 972 5444 nihil
997 5379 1247 5444 sumere;
1277 5375 1443 5421 restat
1469 5377 1528 5444 nt_
1551 5365 1756 5444 inti-ina
1781 5373 1956 5428 Patris
1980 5377 2137 5444 bona,

552 5435 801 5510 virtutem
822 5435 967 5501 scil.,
989 5437 1367 5510 internitatem,
1384 5441 1794 5509 providentiam,
1817 5455 1949 5510 etc.,
1964 5435 2141 5504 omnia

555 5519 650 5585 sua
668 5507 817 5586 dicat
841 5523 863 5586 ξ,
882 5521 1002 5575 qum
1022 5505 1237 5586 quidem
1262 5523 1368 5563 non
1386 5505 1534 5586 aliud
1555 5523 1678 5565 sunt
1699 5514 1768 5586 ab
1782 5505 2143 5586 'ipso,'quam-

556 5575 637 5629 vis
668 5577 980 5645 imperfecto
1009 5587 1191 5631 uestro
1221 5579 1472 5647 loquendi
1505 5597 1654 5637 more
1678 5575 1926 5641 dicar-nus,
1946 5575 2007 5642 e'a
2035 5588 2145 5644 Pa-

558 5647 681 5727 tris,
714 5647 867 5727 quasi
889 5647 1034 5727 aliud
1076 5647 1154 5727 sit
1175 5647 1378 5727 habena
1408 5651 1587 5727 Pater,
1617 5654 1760 5727 aliud
1789 5659 1930 5727 quod
1961 5659 2140 5717 habet.

557 5713 635 5768 Ex
668 5729 774 5784 quo
789 5714 955 5788 facile
982 5721 1247 5787 sequitur,
1279 5718 1397 5775 Filii
1427 5732 1482 5778 et
1510 5713 1685 5780 Patris
1713 5713 1872 5786 uuam
1896 5745 2018 5788 esse
2047 5713 2144 5788 iis;

553 5782 746 5840 turam.
779 5782 977 5840 Confer
997 5782 1145 5844 nu‘m.
1168 5782 1256 5846 3f.

2175 4629 2226 4690 D

2268 1937 2334 1978 ex
2367 1924 2450 1978 his
2477 1925 2726 1982 videatur
2753 1931 3034 2000 accipere,
3083 1934 3204 2003 quia
3248 1950 3309 1990 ea
3358 1937 3540 1992 omnia
3585 1938 3666 1993 Dei
3708 1948 3824 1994 sunt.

2271 2012 2350 2085 (It)
2372 2015 2476 2072 Sed
2505 2031 2610 2072 non
2645 2019 2764 2073 ideo
2787 2021 2987 2087 omnia,
3016 2037 3138 2094 qua:
3166 2025 3344 2082 Patris
3364 2037 3512 2095 sunt,
3536 2046 3625 2085 sua
3645 2040 3767 2097 sunt,
3785 2041 3826 2085 ut

2267 2109 2410 2178 quod
2447 2112 2611 2166 sumit
2639 2127 2704 2167 cx
2735 2113 2888 2180 Filio,
2923 2131 2992 2172 ne
3021 2119 3181 2173 etiam
3220 2132 3326 2176 non
3358 2121 3430 2178 de
3457 2121 3626 2180 Patris
3651 2139 3826 2179 sumere

2267 2199 2574 2271 videretur;
2602 2218 2722 2259 cum
2749 2209 2954 2275 omnia,
2983 2223 3103 2280 quia
3133 2205 3307 2268 Patris
3331 2224 3540 2283 essent,
3564 2230 3676 2272 esse
3698 2213 3824 2271 intel-

2267 2293 2565 2364 ligerentur
2589 2307 2643 2352 et
2670 2297 2812 2354 Filii.

2341 2385 2430 2440 74.
2471 2385 2568 2442 Cui
2597 2380 2862 2459 voluntas,
2894 2394 3120 2466 adeoque
3149 2399 3397 2466 scientia,
3438 2413 3553 2456 eum
3581 2400 3724 2456 Patre
3760 2418 3825 2456 ea-

2266 2479 2402 2534 dem.
2435 2510 2504 2521 -—
2530 2481 2654 2537 Haec
2704 2486 2867 2556 igitur
2912 2497 3102 2545 natura
3149 2507 3254 2546 non
3301 2496 3454 2562 eguit
3495 2496 3574 2550 vel
3616 2495 3823 2551 demuta-

2266 2576 2444 2640 tione,
2492 2576 2575 2630 vel
2620 2576 3072 2650 interrogatione,
3104 2584 3189 2639 vel
3235 2585 3597 2657 allocutione,
3642 2597 3694 2644 ut
3731 2599 3825 2661 post

2267 2666 2628 2734 ignorantiam
2657 2673 2815 2738 sciat,
2846 2683 2965 2744 post
2990 2676 3264 2734 silentium
3289 2681 3608 2753 interroget,
3635 2692 3743 2753 post
3763 2684 3823 2736 in-

2269 2762 2687 2830 terrogationem
2733 2764 2914 2822 audiat
2951 2785 2963 2821 :
3013 2770 3107 2824 sed
3142 2770 3380 2840 perfecta
3432 2775 3482 2828 in
3528 2785 3824 2830 sacramento

2267 2853 2486 2908 unitatis
2517 2870 2630 2911 sua:
2660 2873 2913 2926 manens,
2950 2869 3005 2916 ut
3031 2859 3216 2918 babuit
3244 2864 3313 2920 de
3357 2866 3469 2923 Deo
3497 2868 3820 2932 nativitatem,

2266 2946 2337 3001 ita
2371 2947 2557 3004 habuit
2582 2961 2632 3006 et
2662 2954 3093 3012 universitatem.
3125 2957 3543 3015 Universitatem
3566 2971 3726 3016 autem
3751 2959 3821 3014 lia.

2264 3037 2433 3106 hens,
2494 3057 2599 3097 non
2646 3044 2807 3099 etiam
2860 3061 2968 3100 non
3015 3063 3136 3112 quae
3182 3051 3554 3107 universitatis
3600 3061 3714 3108 sunt
3763 3062 3821 3104 tc-

2263 3133 2381 3186 nuit
2402 3173 2414 3197 ,
2449 3133 2514 3205 (ι)
2541 3136 2820 3192 scientiam
2848 3139 3076 3204 scilicet,
3101 3151 3194 3196 aut
3220 3143 3554 3200 voluntatem
3581 3163 3592 3198 :
3625 3155 3686 3200 ne
3707 3145 3819 3215 quod

2262 3224 2365 3277 scit
2397 3224 2575 3291 Pater,
2628 3243 2724 3297 per
2769 3229 3244 3301 interrogationem
3275 3231 3444 3307 316
3474 3235 3635 3290 Filius
3661 3236 3818 3294 sciret:

2263 3318 2345 3371 vel
2375 3320 2515 3389 quod
2541 3321 2651 3375 vult
2674 3321 2847 3385 Pater,
2877 3340 2971 3393 per
2994 3326 3446 3394 signiﬁcationem
3474 3330 3636 3384 Filius
3670 3329 3769 3383 veil.
3791 3337 3818 3381 t.

2263 3406 2368 3463 Sed
2398 3425 2518 3463 cum
2567 3413 2782 3479 omnia,
2815 3431 2934 3484 qua:
2967 3416 3142 3472 Patris
3187 3429 3345 3484 sunt,
3398 3436 3494 3477 sua
3541 3429 3740 3488 essent;
3782 3424 3819 3472 in

2261 3513 2324 3554 ea
2354 3497 2432 3574 (j)
2462 3500 2559 3557 fuit
2587 3507 2921 3575 proprietate
2949 3517 3176 3577 naturae,
3201 3528 3264 3566 ue
3289 3511 3434 3568 aliud
3459 3515 3672 3585 aliquid,
3692 3530 3820 3584 quam

2264 3589 2443 3656 Pater,
2488 3603 2579 3648 aut
2626 3597 2817 3662 vellet,
2851 3610 2946 3654 aut
2987 3603 3170 3657 sciret.
3218 3605 3297 3660 Ad
3343 3605 3820 3664 detttonslratiouu'nt

2315 3748 2408 3837 te),
2437 3749 2602 3837 rEditi,
2627 3758 3074 3837 atq.ue_id_ipsunt.
3110 3762 3185 3837 At
3207 3778 3331 3820 mss.
3361 3775 3514 3837 atque
3538 3767 3716 3835 ipsum,
3737 3783 3819 3820 non

2257 3819 2365 3872 alio
2393 3835 2598 3910 sensu‘:
2632 3819 2720 3895 qui
2753 3819 2952 3884 clarior
2991 3831 3110 3895 ﬁet,
3143 3833 3188 3888 si
3232 3846 3352 3905 post
3403 3819 3579 3907 aitquer
3599 3819 3749 3910 ipsum
3781 3856 3822 3890 se

2258 3906 2387 3956 esse,
2417 3894 2731 3964 suppleatur
2759 3915 2874 3969 quae
2898 3916 2994 3954 sua
3017 3894 3153 3958 sunt.

2295 3979 2671 4062 ,(f)_Rur_sum
2714 3988 3107 4062 hic_Erasmus
3151 3995 3203 4050 in
3255 3997 3518 4055 Hilarium
3556 4002 3820 4055 censoriam

2258 4056 2769 4137 virgtila‘indaxans,
2802 4060 2905 4137 σεξτ
2933 4065 3096 4134 fugis,
3135 4067 3336 4137 inquit,
3372 4071 3728 4127 communionis
3749 4088 3822 4124 uo-

2259 4126 2412 4210 men?
2439 4127 2535 4208 Citii
2586 4129 2673 4183 ille
2718 4147 2826 4210 non
2857 4126 3127 4210 immerito
3171 4126 3503 4210 respondeat
3530 4163 3542 4198 :
3572 4141 3672 4197 Cur
3713 4126 3818 4196 inihi

2258 4195 2581 4282 calumniam
2623 4203 2970 4282 Struis?_Non
3000 4205 3143 4282 fugio
3181 4195 3818 4282 cuiiimutiio—ncmsimpli-

2259 4270 2412 4352 citer,
2443 4270 2547 4352 sed
2594 4275 3000 4352 communionem
3036 4270 3388 4349 ovbtentorum,
3419 4270 3816 4340 Communium-iu

2260 4335 2607 4422 adventitiam
2641 4345 2900 4422 bonorum
2944 4335 3818 4422 quorumdatiicxternoianii:qua:

2262 4419 2466 4492 natura:
2505 4411 2616 4482 jam
2666 4411 2974 4472 constituite
3023 4422 3368 4492 adjiciantur,
3420 4411 3815 4482 cfitlitttttniiilit‘ttl

2260 4477 2725 4554 dciiique'uaturzc
2773 4493 2974 4544 unitate
3014 4477 3372 4552 destitutam;
3407 4477 3684 4554 recordare
3719 4513 3814 4551 mea

2256 4550 2437 4615 verba,
2472 4554 2562 4608 lib.
2594 4571 2668 4621 ix,
2701 4571 2754 4610 n.
2787 4559 2874 4614 3t.

2327 4644 2402 4732 (9)
2435 4645 2534 4732 βἱο
2561 4663 2692 4730 mss.
2720 4649 2791 4704 At
2811 4652 2962 4719 editi,
2993 4657 3118 4732 quia
3137 4656 3235 4713 Dei
3259 4661 3508 4732 Spiritus.
3536 4660 3648 4715 Mox
3668 4660 3814 4732 aptius

2251 4714 2535 4802 Ῑξῖῧέπθιυτι
2553 4721 2678 4802 {lilia
2701 4737 2777 4802 ιἰῐε⁸
2793 4714 2966 4802 omnes
2994 4714 3089 4782 Dei
3111 4742 3250 4796 sunt,
3273 4714 3576 4802 qruaiuﬁquia
3598 4714 3651 4784 ea
3670 4714 3813 4785 omnia

2251 4784 2350 4838 Dei
2378 4800 2512 4871 situt.
2552 4784 2662 4844 lloc
2693 4789 2836 4871 enim
2865 4795 2931 4849 ad
2970 4784 3249 4855 creaturas
3277 4784 3538 4858 Fel‘urtu'r.
3563 4784 3653 4858 llic
3677 4784 3810 4871 spiri-

2247 4867 2332 4983 lst‘ls‘
2356 4868 2573 4983 s‘anlctus
2595 4868 2876 4934 perspicue
2897 4871 3201 4927 ostenditur
3221 4873 3362 4928 Patri
3384 4888 3437 4930 et
3459 4875 3594 4930 Filio
3613 4867 3811 4930 conlub-

2299 4944 2367 4983 au
2397 4945 2443 4983 ia
2470 4946 2534 4983 is.

2299 4944 2534 4986 animus.

2317 5023 2398 5111 (lt)
2439 5025 2657 5111 Excusi,
2693 5039 2925 5101 excepto
2955 5033 3106 5100 Par.,
3137 5039 3227 5092 sed
3251 5039 3388 5104 ideo,
3420 5049 3675 5111 expuncto
3705 5053 3804 5096 non,

2253 5097 2394 5164 qttod
2424 5105 2600 5175 exstat
2639 5102 2691 5154 in
2717 5097 2865 5175 _m‘§'.
2913 5097 3140 5175 quorum
3190 5097 3509 5168 auctoritate
3553 5125 3692 5173 mox.
3731 5121 3808 5175 Pr"

2254 5180 2356 5240 non
2386 5168 2536 5240 etiam
2561 5185 2663 5224 non
2690 5172 2754 5226 de
2807 5168 2983 5240 Patre,
3017 5183 3351 5236 restituimus
3382 5199 3444 5237 ne
3481 5185 3624 5237 etiam
3645 5168 3807 5234 nonde

2254 5232 2448 5322 Patris.
2481 5239 2681 5322 liora-ru
2711 5253 2889 5299 autem
2917 5232 3108 5302 sensus
3140 5232 3258 5306 esti
3290 5232 3702 5322 assidebam
3726 5250 3807 5322 lfa-

2252 5307 2659 5385 t‘ris‘suntjilil
2688 5322 2842 5380 sunt,
2884 5322 3035 5385 quasi
3065 5323 3248 5376 omnia
3276 5340 3368 5378 sua
3397 5307 3556 5380 Pater
3583 5307 3650 5377 iis
3669 5319 3804 5374 refu-

2250 5379 2391 5454 derit
2419 5383 2470 5434 in
2501 5382 2726 5448 Filium,
2774 5379 2836 5440 ut
2879 5379 2979 5444 sibi
3031 5405 3092 5445 ea
3141 5410 3245 5447 non
3293 5397 3597 5454 retinuerit:
3641 5403 3697 5446 ac
3739 5391 3803 5441 sic

2289 5452 2393 5574 god
2447 5455 2613 5508 sumit
2662 5455 2893 5527 Spiritus
2945 5474 2976 5514 a
3033 5461 3202 5532 Filio,
3259 5480 3366 5521 non
3421 5452 3640 5537 accipiat
3690 5468 3738 5516 et
3778 5473 3801 5511 a

2289 5529 2292 5548 ν
2354 5537 2427 5576 re.

2245 5591 2384 5716 mg?
2417 5593 2472 5648 lu
2497 5609 2627 5650 mss.
2661 5597 2778 5653 Vat.
2817 5599 2933 5657 bas.
2959 5614 3012 5658 et
3041 5604 3284 5675 Martin.,
3309 5620 3366 5663 ut
3392 5609 3515 5663 sciat
3538 5607 3713 5662 scilicet
3729 5609 3802 5654 aut

2277 5679 2384 5716 ειη.

2318 5732 2390 5807 (j)
2431 5735 2608 5805 Editi,
2662 5739 2716 5793 in
2768 5758 2827 5798 ea
2883 5755 3070 5815 esset;

3117 5750 3448 5829 castigantur
3493 5761 3554 5807 es
3603 5743 3798 5825 potiori-

2243 5802 2496 5866 businss.
