3930 6194
155 308 245 365 3H
1364 301 1457 360 DE
1478 300 1855 360 THINITA'I‘E
1882 301 2086 362 LIBER
2115 304 2206 363 IX.

3325 324 3433 381 542

153 439 270 482 vero
296 417 584 478 nativitatis
610 416 928 490 plerumque
958 416 1353 477 demonstratio
1376 426 1463 476 est
1488 418 1728 475 adhibita
1754 422 1805 484 Α
1834 431 1962 477 sunt
2006 422 2299 481 secundum
2348 436 2535 481 aurem
2576 424 2909 485 intellexisse
2961 431 3173 491 nescire
3200 432 3427 503 Filium;

155 530 405 587 personae,
430 528 555 569 cum
580 511 776 568 dicitur
801 530 815 568 :
846 510 970 568 Non
988 513 1103 568 veni
1127 513 1442 568 voluntatem
1463 530 1627 569 mam
1648 518 1728 587 fa-

154 625 283 677 cere,
312 606 400 663 sed
426 604 738 661 voluntatem
765 607 876 678 ejus
898 604 989 675 qui
1016 620 1096 658 me
1118 604 1257 660 misit
1279 602 1462 677 (Joan.
1492 620 1578 673 vr,
1609 606 1725 677 58).

156 698 313 759 Patris
339 700 705 766 voluntatem,
742 714 851 754 non
882 713 1033 755 suam
1061 699 1190 756 iacit
1216 718 1231 755 :
1260 700 1386 755 dum
1413 713 1511 771 per
1536 701 1729 757 volun-

158 804 302 851 tatem
328 790 470 863 ejus,
499 792 589 864 qui
615 804 676 847 se
713 790 896 857 misit,
933 789 1202 861 signiﬁcat
1228 799 1283 846 et
1309 791 1544 847 Patrem.
1577 782 1730 860 Quod

157 896 317 942 autem
345 883 397 940 id
432 884 609 953 ipsum
637 882 801 949 velit,
831 898 936 937 non
966 881 1217 953 ambigue
1240 883 1476 939 ostendit
1495 883 1682 941 dicens
1712 901 1727 937 :

161 979 320 1041 Pater,
349 992 476 1047 quos
503 975 629 1029 mihi
664 974 885 1040 dedisti,
918 974 1032 1029 solo
1062 984 1116 1027 ut
1153 973 1239 1029 ubi
1269 991 1360 1045 ego
1396 992 1544 1041 sum,
1575 985 1620 1030 et
1655 975 1735 1034 illi

157 1074 247 1127 sint
268 1086 457 1126 meeum
482 1068 661 1142 (Joan.
690 1083 823 1136 xvu,
847 1067 966 1138 24).
986 1068 1121 1123 Cum
1149 1083 1280 1139 ergo
1295 1068 1457 1125 Pater
1484 1070 1611 1126 velit
1634 1085 1734 1126 nos

157 1181 263 1221 cum
285 1162 501 1220 Christo
522 1176 664 1227 esse,
695 1162 748 1217 in
773 1176 882 1231 quo
905 1161 1202 1217 secundum
1224 1161 1545 1231 Apostolum
1572 1164 1737 1234 elegit

158 1275 243 1315 nos
265 1266 383 1313 ante
406 1256 850 1313 constitutionem
882 1254 1089 1321 mundi,
1121 1264 1175 1309 et
1203 1254 1377 1325 ipsum
1412 1255 1540 1312 illud
1568 1256 1735 1311 Filius

161 1354 294 1418 velit,
315 1349 525 1407 scilicet
548 1365 672 1405 esse
700 1363 803 1405 nos
827 1362 1011 1404 secum
1046 1345 1265 1418 (Ephes.
1292 1362 1332 1414 ι,
1360 1345 1455 1420 ι);
1487 1348 1738 1404 voluntas

158 1448 214 1502 ad
241 1456 480 1501 naturam
509 1442 701 1500 eadem
730 1452 843 1511 est,
876 1458 997 1514 qua:
1023 1443 1091 1497 ad
1122 1442 1418 1498 nativitatis
1461 1444 1735 1515 signiﬁca-

160 1546 338 1600 tionem
356 1540 704 1612 distinguitur
725 1538 805 1613 (l)
828 1535 907 1613 (α)
934 1540 985 1593 in
1006 1538 1306 1595 voluntate.

220 1635 297 1691 75.
339 1632 469 1688 Eum
499 1649 604 1687 non
632 1632 959 1697 nescientem,
1004 1631 1095 1685 sed
1123 1646 1185 1685 ea:
1230 1631 1615 1703 dispensatione
1659 1641 1736 1687 ta.

158 1738 328 1783 centeni
356 1725 717 1782 intellexerunt
758 1726 1013 1795 Apostoli.
1044 1753 1118 1766 —
1145 1724 1263 1780 Non
1308 1726 1490 1797 itaque
1529 1727 1740 1798 ignorat

1835 530 1958 570 cum
1984 516 2091 588 ipsi
2117 532 2241 573 eum
2268 524 2541 590 tamquam
2567 519 2831 577 scientem
2857 536 3048 581 rursus
3072 525 3430 599 interrogent.

1834 605 1941 664 Sed
1964 618 2364 665 sacramentum
2392 610 2691 681 nesciendi,
2719 612 3179 684 dispensationem
3198 633 3321 676 esse
3350 620 3433 675 in-

1834 699 2141 772 telligentes
2165 701 2327 774 317
2355 705 2598 772 tacendi,
2633 720 2776 762 nunc
2819 716 2941 778 post
2976 714 3432 769 resurrectionem

1833 792 2094 863 loquendi
2121 800 2335 864 tempus
2368 794 2480 866 jam
2518 796 2848 856 arbitrantes
2878 815 3033 869 esse,
3075 802 3433 877 interrogant.

1835 883 2014 954 Atque
2060 883 2168 941 illis
2201 885 2367 940 Filius
2413 902 2518 943 non
2545 887 2653 958 iam
2681 904 2742 945 se
2768 891 2980 948 nescire
3020 894 3123 960 ait;
3154 896 3250 952 sed
3290 898 3438 969 quod

1836 977 1979 1032 scire
2004 991 2111 1031 non
2152 978 2227 1032 sit
2253 991 2464 1045 eorum,
2502 978 2577 1051 (e)
2606 981 2731 1051 quia
2762 982 2924 1039 Pater
2954 985 3006 1039 in
3040 996 3307 1055 potestate
3340 1008 3435 1047 sua

1837 1070 2098 1141 posuerit.
2132 1069 2191 1125 Si
2233 1071 2414 1141 itaque
2442 1070 2693 1143 Apostoli
2722 1073 2858 1143 hoc,
2884 1079 3027 1148 quod
3057 1083 3229 1138 nescit
3268 1083 3437 1142 Filius

1837 1161 2004 1229 diem,
2036 1162 2496 1234 dispensationem
2517 1180 2639 1221 esse
2666 1167 2988 1239 intelligunt,
3021 1187 3127 1229 non
3157 1175 3440 1232 inﬁrmita-

1838 1263 1982 1322 tem;
2011 1269 2112 1310 nos
2132 1253 2328 1310 Filium
2357 1256 2429 1312 ob
2450 1257 2502 1312 id
2537 1268 2742 1315 tantum
2776 1261 2919 1317 diem
2950 1262 3180 1321 dicimus
3207 1270 3439 1336 nescire,

1839 1362 1909 1402 ne
1936 1347 2081 1401 Deus
2105 1346 2214 1401 sit?
2244 1363 2366 1403 cum
2394 1348 2535 1404 diem
2574 1349 2735 1406 Pater
2766 1352 2907 1408 Deus
2935 1353 3140 1412 idcirco
3170 1359 3224 1413 in
3256 1370 3438 1430 potes-

1840 1449 1950 1496 tate
1981 1455 2077 1495 sua
2101 1442 2362 1511 posuerit,
2397 1457 2466 1498 ne
2491 1441 2560 1497 ad
2588 1444 2869 1499 scientiam
2903 1445 3154 1503 humanm
3178 1453 3442 1522 cognitio-

1841 1534 1926 1588 nis
1954 1533 2211 1589 evaderet
2240 1551 2252 1586 :
2285 1545 2340 1590 et
2368 1534 2537 1591 Filius
2567 1547 2693 1591 ante
2730 1537 3118 1612 interrogatus,
3144 1545 3356 1601 nescire
3382 1561 3442 1602 sc

1841 1625 2029 1681 dicens
2058 1641 2202 1681 nunc
2228 1641 2440 1682 rursum
2468 1644 2575 1684 non
2604 1643 2664 1685 se
2707 1632 2916 1688 nescire
2958 1637 3312 1705 respondeat,
3343 1639 3441 1694 sed

1842 1734 2029 1775 eorum
2059 1734 2182 1776 esse
2220 1721 2459 1789 nescire;
2506 1722 2724 1778 Patrem
2770 1740 2902 1782 vero
2947 1738 3188 1800 tempora
3235 1750 3341 1787 non
3389 1734 3443 1789 in

160 1820 340 1888 Filius,
380 1818 524 1891 quod
569 1834 680 1874 non
728 1817 941 1889 ignorat
988 1818 1176 1885 Pater;
1210 1834 1385 1889 neque
1414 1820 1541 1889 quia
1588 1820 1735 1875 solus
1764 1835 1813 1896 Β
1842 1815 2064 1871 scientia
2111 1829 2243 1883 sua,
2290 1815 2387 1871 sed
2430 1817 2484 1872 in
2514 1826 2781 1887 potestate
2825 1821 3110 1890 posuisse?
3157 1825 3287 1881 Nam
3318 1843 3442 1882 cum

158 1911 297 1968 Pater
325 1912 454 1980 scit,
482 1910 691 1968 idcirco
730 1911 901 1967 nescit
931 1916 989 1966 et
1016 1909 1184 1966 Filius
1215 1928 1231 1966 :
1272 1927 1393 1967 cum
1437 1913 1490 1967 in
1530 1913 1735 1969 unitate

157 2017 339 2063 natura:
388 2005 553 2061 Pater
596 2012 655 2061 et
688 2002 858 2059 Filius
897 2015 1185 2070 maneant;
1235 2004 1380 2075 quod
1417 2011 1597 2061 autem
1644 2005 1735 2062 Fi-

157 2097 244 2153 lius
281 2097 520 2163 nesciat,
571 2096 628 2151 in
661 2110 772 2167 quo
823 2109 1013 2153 omnes
1064 2093 1301 2151 thesauri
1354 2096 1633 2166 sapientia:
1681 2107 1736 2154 et

158 2190 368 2247 scientia:
422 2190 732 2246 absconditi
782 2190 926 2256 sint,
981 2189 1191 2245 tacendi
1235 2188 1567 2260 dispensatio
1608 2190 1680 2247 sit
1720 2209 1735 2248 :

158 2282 273 2337 sicut
305 2280 419 2352 ipse
461 2280 732 2337 Dominus
779 2288 1007 2337 testatus
1048 2288 1169 2348 est,
1203 2294 1326 2336 cum
1372 2281 1735 2351 quaerentibus

158 2375 404 2445 Apostolis
427 2374 497 2431 de
530 2374 871 2445 temporibus
895 2374 1176 2446 respondit
1203 2391 1223 2429 :
1255 2372 1378 2430 Non
1398 2385 1473 2430 est
1513 2386 1736 2431 vestrum

158 2467 269 2522 scire
301 2478 530 2539 tempora
568 2466 651 2539 (9)
685 2464 762 2539 (b)
797 2467 874 2522 uel
911 2476 1196 2535 momenta,
1238 2483 1353 2538 quae
1383 2467 1541 2523 Pater
1571 2469 1737 2539 posuit

160 2561 204 2614 in
244 2577 333 2615 sua
379 2568 635 2630 potestate
663 2559 818 2632 (Aet.
847 2576 906 2628 t,
940 2561 1020 2631 7).
1051 2558 1299 2631 Cognitio
1340 2570 1567 2633 negatur
1598 2579 1611 2616 :
1645 2579 1740 2619 ne-

160 2666 250 2723 que
293 2652 463 2708 solum
519 2662 770 2724 negatur,
823 2652 921 2709 sed
967 2661 1025 2708 et
1064 2652 1368 2709 sollicitudo
1414 2655 1738 2726 cognitionis

161 2744 428 2813 inhibetur,
459 2761 588 2801 cum
631 2745 774 2802 scire
802 2746 916 2801 haec
963 2756 1201 2817 tempora
1245 2763 1349 2802 non
1395 2756 1479 2804 est
1525 2764 1736 2806 eorum.

166 2835 254 2905 Ipsi
297 2848 439 2895 certe
487 2853 640 2896 nunc
691 2848 813 2910 post
867 2840 1318 2896 resurrectionem
1370 2841 1439 2898 de
1484 2845 1742 2915 tempori-

166 2928 251 2987 bus
292 2930 662 3003 interrogant,
716 2933 910 3002 quibus
965 2940 1095 2987 ante
1150 2933 1604 3005 interrogantibus
1656 2934 1741 2990 di-

167 3033 289 3079 ctum
315 3034 429 3094 est,
460 3040 532 3082 ne
573 3023 775 3081 Filium
812 3024 1033 3097 quidem
1070 3025 1213 3083 scire
1243 3042 1257 3080 :
1288 3041 1391 3083 nec
1419 3027 1590 3084 rideri
1619 3043 1741 3100 pos-

227 3162 299 3235 (l)
332 3160 399 3218 In
428 3163 653 3219 volente.

228 3234 302 3308 (ἢ)
335 3235 450 3292 Non
479 3242 667 3292 exstat
693 3234 772 3290 vel
800 3242 1059 3292 momenta
1087 3235 1142 3290 in
1164 3242 1351 3291 nostro
1377 3235 1588 3295 codice.

229 3396 294 3469 (ιι)
322 3396 395 3452 lta
420 3399 639 3469 optime
658 3406 800 3452 nota:
829 3410 960 3452 mss.
987 3396 1093 3452 duo
1118 3394 1301 3463 Colb.,
1322 3393 1509 3462 Carn.,
1534 3395 1743 3466 Germ.,

172 3468 407 3535 scribom,
438 3468 580 3531 ﬁt.
614 3468 920 3525 faventibus
953 3469 1074 3524 aliis
1101 3483 1195 3524 sex
1215 3509 1231 3536 ,
1260 3470 1312 3523 in
1348 3470 1541 3539 quibus
1567 3480 1746 3525 tamen

174 3540 291 3605 male
314 3550 506 3607 exstat,
537 3556 649 3596 non
673 3540 1006 3612 distinguitur
1025 3544 1078 3593 in
1103 3544 1376 3595 voluntate.
1406 3544 1475 3595 At
1496 3541 1659 3597 Corb.
1684 3557 1749 3598 ac

174 3614 304 3695 pauci
331 3615 419 3668 alii
446 3629 573 3668 cum
606 3614 869 3685 vulgatis,
900 3613 955 3667 in
990 3612 1199 3667 volente.
1239 3618 1571 3684 Quamquam
1600 3616 1750 3678 salvo

175 3705 219 3772 et
248 3706 443 3771 integro
477 3715 648 3758 sensu
681 3716 965 3759 removere
992 3702 1183 3758 liceret
1216 3702 1330 3758 sive
1371 3703 1424 3757 in
1458 3704 1746 3772 voluntate,

177 3768 269 3824 sive
287 3772 338 3824 in
353 3768 580 3827 colente.

237 3840 300 3914 (ι)
337 3844 384 3898 Δ
407 3860 539 3899 mss.
573 3853 890 3901 constanter
918 3843 1070 3899 abest
1094 3845 1172 3900 vel
1200 3855 1454 3900 momenta
1474 3888 1488 3908 ,
1521 3847 1659 3903 sicut
1694 3857 1751 3904 et

178 3915 295 3991 apud
321 3919 679 3991 Augustinum
711 3919 871 3985 epist.
903 3932 1095 3991 cxcvrt
1116 3927 1169 3972 et
1191 3932 1366 3991 ⁸(ζωαί
1393 3916 1460 3972 ad
1487 3918 1747 3991 Hesych.,

180 3984 479 4060 quiquidem
511 3989 675 4057 epist.
719 3984 930 4060 c'xcvu,
972 4005 1025 4041 n.
1066 3987 1122 4049 2,
1155 3986 1404 4060 observat
1438 3984 1614 4059 graece
1644 3989 1749 4060 legi

182 4055 379 4136 χρὸνους
401 4056 433 4118 ἦ
471 4055 686 4136 καίρούς
716 4077 730 4113 :
766 4059 948 4136 Nostri
986 4069 1183 4121 autem,
1230 4055 1750 4136 inquitfutrumqne

183 4128 262 4179 hoc
284 4129 479 4183 verbum
510 4128 743 4201 tempora
767 4131 1058 4201 appellant,
1091 4146 1208 4183 cum
1237 4128 1450 4184 habeant
1481 4132 1591 4186 lucc
1617 4128 1752 4188 inter

185 4212 226 4279 se
242 4214 332 4251 non
357 4201 1102 4279 negligendant_di/}'erentiant,
1128 4204 1339 4279 autpch
1359 4203 1549 4277 quippe
1573 4205 1752 4279 a_ppel-_

187 4267 274 4344 lant
313 4267 537 4338 tempor'a
567 4288 684 4344 qua:
716 4274 770 4328 in
796 4267 954 4327 rebus
994 4273 1062 4326 ad
1090 4267 1298 4342 aliquid
1333 4267 1652 4341 opportunis
1679 4276 1754 4331 vel

187 4337 459 4422 importunis
484 4337 791 4410 sentiuntur,
819 4344 1096 4422 mutassis,
1123 4337 1246 4422 pars,
1281 4337 1503 4410 bellum;
1532 4346 1756 4422 χρόνους

188 4420 329 4489 autem
348 4414 459 4485 ipsa
482 4429 771 4489 (nuperum
791 4418 976 4489 spatia.
1003 4415 1302 4489 Hesychius
1325 4425 1502 4471 tamen
1526 4414 1752 4489 epistola

189 4484 304 4548 apud
332 4484 962 4560 eumdemAngnstinum
993 4484 1262 4560 praedictis
1286 4484 1605 4543 intermedia
1629 4490 1756 4560 legit

190 4560 389 4633 tempora
426 4558 507 4633 pel
544 4571 801 4615 momenta
834 4558 1367 4633 ;quam_l_ectioncm
1402 4559 1602 4615 llilario
1646 4558 1752 4618 non

192 4628 396 4700 ignotam
421 4628 589 4688 fuisse
616 4632 789 4699 palam
823 4631 880 4687 lit
897 4628 962 4686 ex
989 4630 1264 4700 subjectis.

248 4697 315 4773 (ο)
343 4699 428 4773 Sic
454 4717 587 4758 mss.
616 4697 688 4757 λι
708 4703 859 4768 editi,
885 4717 999 4773 quae
1020 4697 1193 4758 Pater.

251 4770 320 4843 (ά)
344 4770 473 4843 Male
497 4775 737 4831 cohaeret
761 4770 1017 4830 illud'uon
1044 4790 1195 4843 ergo:
1223 4788 1347 4832 cum
1369 4775 1510 4831 aliud
1540 4791 1758 4843 prorsus

193 4840 529 4919 concludatur,
560 4846 805 4919 quamin
832 4840 1202 4919 superioribus
1230 4845 1390 4903 fuerit
1425 4840 1752 4905 conlectum.

194 4907 289 4963 lmo
344 4907 592 4986 pugnare.
654 4918 867 4973 videtur
899 4907 1055 4973 'hmc
1100 4919 1373 4973 conclusio
1422 4933 1543 4974 cum
1600 4920 1755 4978 dictis

196 4993 323 5038 num.
350 4985 455 5050 58',
484 4988 574 5043 ubi
607 4991 843 5047 Hilarius
870 4990 1012 5044 diem
1042 4990 1190 5044 illum
1215 5004 1243 5043 a
1266 4988 1484 5044 Christo
1523 4992 1752 5060 ignorari

197 5066 335 5131 posse
362 5070 560 5131 negat,
605 5080 715 5119 non
745 5061 919 5117 solum
949 5060 1070 5130 quia
1101 5072 1399 5131 temporum
1441 5074 1629 5117 auctor
1669 5073 1755 5122 est

197 5135 245 5207 tu
264 5128 480 5207 Verbum
507 5171 524 5196 ,
557 5136 650 5191 sed
688 5133 811 5207 quia
840 5128 1135 5207 secundum
1164 5128 1477 5207 ttiysteriunt
1509 5148 1754 5205 assump-

199 5200 255 5251 ta!
278 5201 445 5279 carnis
473 5208 540 5263 ad
572 5200 985 5279 eum-pertinet,
1016 5212 1071 5257 et
1104 5200 1271 5272 ipsius
1297 5203 1410 5258 dies
1438 5213 1542 5279 est,
1571 5206 1620 5258 in
1650 5200 1758 5279 qua

198 5277 546 5351 venutrusest
590 5276 834 5345 judicare
874 5276 1030 5351 vivos
1074 5285 1126 5329 et
1175 5285 1457 5351 mortuos._
1494 5277 1757 5342 Quocirca

201 5345 448 5402 minutiori
491 5352 808 5408 charactere
855 5345 1227 5415 distinguenda
1275 5347 1583 5417 censuimus
1638 5364 1759 5417 qua:

202 5424 467 5490 sequuntur
490 5464 507 5490 ,
534 5422 764 5479 maxime
784 5436 905 5477 cum
937 5432 1043 5472 non
1065 5423 1279 5490 exstent
1303 5416 1373 5490 in_
1382 5432 1512 5472 mss.
1540 5416 1759 5488 Optima:

205 5492 327 5557 uota:
351 5487 684 5550 Colbertinus
714 5494 883 5549 tribus
902 5531 918 5557 ,
948 5488 1265 5542 (larnutensi
1291 5529 1306 5555 ,
1335 5487 1519 5543 Germ.
1552 5487 1606 5544 et
1627 5490 1756 5545 Sor-

209 5548 317 5629 bon.
367 5548 663 5621 Eavtamen
718 5548 818 5620 suo
862 5548 1040 5614 c'loco
1070 5572 1175 5613 non
1206 5548 1471 5615 movimus
1501 5575 1759 5629 prorsus;

210 5625 314 5708 [uia
333 5640 387 5685 et
411 5635 462 5689 in
488 5636 807 5708 perantiquo
834 5629 1021 5708 codice
1050 5629 1282 5708 basilice
1308 5625 1601 5708 Vaticanus,
1624 5632 1771 5708 Mar-

218 5698 399 5772 tiniano
422 5747 437 5769 ,
482 5698 796 5764 Corbeieilsi
819 5748 833 5772 ,
873 5703 1123 5772 aliisque,
1145 5699 1446 5768 habentur,
1473 5713 1526 5756 et
1554 5703 1622 5757 ab
1655 5703 1774 5758 aliis

220 5767 599 5851 Bilagriiﬂverbis
643 5795 755 5851 per,
787 5767 848 5851 se
879 5767 1158 5827 suntsatis
1193 5767 1449 5851 discreta.
1600 5773 1778 5851 simile

220 5849 328 5915 quid
368 5848 456 5908 lib.
489 5865 543 5922 χ,
570 5868 622 5908 ιι.
644 5843 713 5921 ’8,
746 5848 1033 5912 haberent,
1062 5843 1457 5913 suspicaremur
1476 5844 1774 5919 librarium,

1770 3165 1818 3228 C

1841 1907 1957 1963 dies
1987 1917 2044 1963 et
2068 1915 2403 1963 momentum
2445 1910 2584 1964 intra
2629 1920 2933 1981 temporum
2977 1929 3173 1971 nomen
3203 1919 3305 1986 sit;
3334 1937 3444 1976 non

1840 2008 2021 2073 potest
2047 2001 2217 2057 videri
2242 2002 2408 2075 318
2431 2002 2573 2059 diem
2598 2012 2656 2061 et
2679 2017 3013 2063 momentum
3040 2010 3358 2069 restituendi
3391 2017 3445 2070 in

1840 2110 2064 2166 regnum
2098 2095 2262 2151 Israel
2279 2098 2395 2167 ipse
2416 2097 2635 2170 ille,qui
2659 2102 3007 2159 restituturus
3026 2120 3148 2161 eum
3171 2116 3274 2173 est,
3291 2108 3443 2181 igno-

1842 2205 1983 2247 rare.
2018 2190 2125 2247 Sed
2158 2206 2258 2247 nos
2298 2192 2366 2248 ad
2412 2192 2821 2267 intelligentiam
2867 2202 3161 2260 nativitatis
3200 2220 3313 2261 sua:
3353 2222 3450 2276 per

1843 2286 2215 2356 exceptionem
2257 2294 2497 2357 paterna:
2539 2292 2820 2359 potestatis
2855 2294 3146 2365 erudiens,
3176 2314 3350 2371 neque
3388 2315 3450 2357 se

1843 2379 2056 2434 nescire
2100 2380 2424 2450 respondit:
2456 2389 2511 2436 ct
2552 2381 2865 2441 facultatem
2912 2386 3046 2457 ipsis
3073 2389 3314 2447 scientia:
3340 2409 3448 2449 non

1846 2486 2161 2529 concessam
2186 2487 2306 2529 esse
2326 2471 2727 2544 demonstrans,
2748 2476 2800 2532 id
2825 2476 3000 2549 ipsum
3027 2481 3079 2536 in
3107 2496 3450 2541 sacramento

1848 2573 2085 2637 paternae
2115 2564 2396 2635 potestatis
2423 2567 2720 2624 consistere
2748 2577 2833 2624 est
2859 2570 3157 2641 professus.

1921 2661 1999 2732 (5)
2028 2658 2106 2733 (ά)
2134 2659 2250 2716 Νοη
2280 2675 2429 2734 ergo,
2461 2661 2585 2732 quia
2616 2664 2828 2720 nescire
2856 2680 2916 2721 se
2943 2665 3088 2723 diem
3112 2677 3168 2725 et
3196 2685 3445 2728 momen-

1850 2761 1962 2809 tum
1992 2753 2158 2808 Filius
2184 2751 2334 2819 dicit,
2370 2753 2585 2810 nescire
2616 2755 2923 2812 credendus
2950 2772 3054 2827 esr,
3084 2760 3242 2817 sicuti
3270 2778 3447 2836 neque

1847 2858 1969 2900 cum
1998 2845 2292 2900 secundum
2321 2844 2593 2902 hominem
2634 2858 2727 2902 aut
2765 2848 2861 2904 ﬂet
2885 2892 2899 2917 ,
2948 2860 3047 2906 aut
3085 2850 3323 2922 dormit,
3355 2864 3449 2912 aut

1850 2936 2019 2992 tristis
2047 2945 2151 3004 est,
2184 2937 2331 2992 Deus
2356 2937 2623 2994 obnoxius
2650 2952 2771 2996 esse
2801 2950 2894 2997 aut
2920 2943 3209 3017 lacrymis,
3255 2944 3325 3020 (e)
3357 2957 3449 3004 aut

1850 3030 2049 3097 timori,
2078 3040 2169 3085 aut
2195 3044 2389 3087 somno
2418 3041 2500 3088 est
2528 3032 2904 3092 conlitendus:
2944 3037 3039 3094 sed
3069 3039 3218 3096 salva
3247 3037 3448 3114 Unige-

1921 3166 2000 3245 (ξ)
2030 3167 2163 3236 Qua:
2187 3166 2594 3245 subsequuntur
2621 3183 2796 3245 usque
2815 3170 3075 3245 _ad_l_inem
3099 3214 3116 3239 ,
3159 3177 3447 3245 perspicue

1853 3239 2175 3295 exhibentur
2195 3254 2225 3293 a
2241 3241 2605 3295 vetustissimo
2620 3239 2880 3297 Eculesiae
2893 3239 3220 3301 Veronensis
3239 3239 3449 3306 codice.

1853 3411 2014 3469 quem
2061 3395 2115 3451 in
2162 3395 2649 3474 praedicto__codice
2689 3399 2863 3455 sancti
2906 3401 3050 3458 Petri
3086 3407 3445 3474 exscribenda

1855 3484 2048 3545 magna
2076 3484 2230 3545 usum
2273 3484 2398 3545 esse
2442 3469 2656 3524 licentia
2704 3483 2958 3545 constat,
3010 3474 3125 3531 lucc
3166 3483 3330 3536 verba
3375 3469 3444 3545 ad

1855 3539 2547 3616 Graacorumimitationem
2570 3556 2825 3616 expressa
2849 3539 3142 3603 addidisse.
3170 3550 3316 3610 Sane
3338 3539 3443 3616 non

1856 3620 2015 3690 longe
2045 3612 2112 3667 ab
2142 3612 2222 3668 eis
2248 3609 2515 3668 dissident
2545 3609 2660 3703 haec
2685 3613 2875 3703 Cyrilli
2904 3616 2999 3672 lib-
3029 3609 3301 3703 Tllﬁsdut'ir

1855 3706 1955 3761 2‘21
1988 3724 2001 3758 :
2056 3703 2500 3771 Quemadmodum
2544 3702 2641 3758 hoc
2679 3696 2733 3749 ἱη
2769 3716 2823 3757 se
2860 3704 3049 3774 recepit
3088 3696 3359 3771 Christus,
3384 3696 3441 3758 ut

1859 3779 2009 3831 homo
2040 3781 2207 3849 factus
2236 3792 2341 3830 una
2366 3793 2482 3829 cum
2512 3774 2802 3849 hominibus
2824 3775 3062 3842 esuriret,
3094 3776 3256 3849 sitiret
3282 3816 3295 3839 ,
3321 3774 3445 3849 reli-

1851 3846 2051 3920 quaque
2077 3857 2352 3919 pateretur,
2383 3862 2498 3917 quae
2519 3848 2582 3900 de
2608 3847 2882 3920 ipso_dicta
2908 3856 3067 3920 sunt;
3096 3847 3275 3920 eadem
3296 3846 3449 3915 plane

1851 3916 2052 3975 ratione
2078 3916 2195 3974 non
2223 3930 2294 3973 est
2319 3916 2454 3989 quad
2493 3916 2644 3989 quem
2682 3917 2910 3985 offendat
2934 3918 3051 3989 ,isii
3081 3930 3131 3973 ut
3162 3916 3317 3972 homo
3342 3934 3450 3989 una

1853 4009 1969 4073 cum
2010 3989 2297 4073 hominibus
2332 3987 2613 4073 ignorasse
2667 3989 2888 4073 dicatur.
2944 3988 3146 4073 Eadem
3200 3987 3447 4043 doctrina

1856 4063 1981 4118 licet
2028 4063 2096 4116 ab
2128 4058 2421 4116 Athanasio
2469 4070 2671 4114 asserta
2714 4060 2960 4114 videatur
2996 4058 3089 4114 Or.
3147 4074 3199 4114 tv
3256 4068 3443 4113 contra

1856 4137 1976 4198 Ar.,
2011 4149 2062 4203 p.
2111 4134 2218 4189 494
2243 4140 2299 4187 et
2324 4133 2450 4197 495,
2483 4145 2659 4203 neque
2674 4129 2937 4203 Gregorio
2958 4129 3111 4203 Naz.,
3136 4129 3240 4203 0r.
3257 4144 3442 4203 xxxvi,

1858 4222 1914 4261 n.
1947 4200 2035 4272 (θ’,
2065 4205 2297 4274 aliisque
2326 4203 2534 4272 magnis
2566 4200 2701 4274 viris
2722 4200 3060 4274 disiilicuisse
3082 4216 3120 4274 ;_
3148 4216 3180 4254 a
3220 4200 3451 4274 Leporio

1860 4269 2038 4331 tamen
2063 4278 2115 4332 in
2140 4269 2337 4339 libello,
2368 4269 2451 4328 cui
2475 4287 2596 4327 cum
2618 4272 2736 4326 aliis
2758 4272 3074 4341 subscripsit
3094 4269 3445 4341 Augustinus,

1858 4357 1989 4403 tom.
2048 4364 2087 4403 ll
2140 4346 2370 4409 Concil.,
2406 4360 2513 4399 non
2543 4343 2703 4398 modo
2735 4351 3019 4397 retractata
3050 4384 3067 4410 ,
3110 4343 3205 4399 sed
3234 4352 3289 4397 et
3315 4357 3449 4395 ana-

1859 4419 2097 4474 themate
2121 4420 2371 4473 damnata
2397 4426 2518 4473 est:
2565 4416 2685 4485 quia
2723 4413 2825 4467 dici
2858 4431 2959 4469 non
2986 4414 3141 4482 licet,
3173 4416 3327 4468 etiam
3370 4429 3451 4467 se-

1857 4490 2082 4563 cundum
2118 4490 2416 4563 hominem,
2457 4486 3026 4563 ignorasserminum
3057 4487 3443 4563 proph_etarum.

1861 4563 1969 4617 luto
2015 4562 2247 4633 Cyrillus
2269 4604 2282 4625 ,
2327 4558 2674 4633 Athanasius,
2704 4558 2902 4628 aliique
2930 4558 3140 4624 Patres,
3188 4558 3232 4613 si
3260 4572 3448 4633 corium

1784 4657 1832 4716 ι)
1860 4627 2122 4716 sententia
2153 4633 2372 4716 propius
2400 4627 2870 4716 illSpiCiallll‘,”lltlll
2899 4638 3003 4716 tam
3027 4637 3275 4716 asserunt
3302 4627 3451 4716 Chri-

1864 4715 2003 4780 stum
2025 4716 2086 4780 ut
2102 4699 2373 4780 hominem
2395 4699 2863 4780 reveranesriisse
2888 4700 3027 4780 diem
3051 4699 3448 4780 jndicii:_qua.m

1863 4779 1963 4848 ipsi
1996 4788 2050 4833 ut
2078 4776 2278 4832 homini
2310 4777 2525 4831 licuisse
2556 4774 2812 4851 singulari
2844 4768 3074 4842 quodam
3104 4768 3335 4851 consilio
3367 4768 3452 4851 di-

1860 4845 1986 4911 cere
2011 4865 2069 4906 se
2098 4852 2345 4914 nescire;
2376 4862 2549 4918 neque
2579 4845 2647 4901 ab
2671 4845 2902 4918 humana
2937 4854 3156 4918 natura,
3185 4845 3337 4909 cujus
3366 4845 3451 4893 in-

1862 4922 2142 4977 ﬁrmitates
2169 4918 2427 4988 suscepit,
2458 4914 2692 4973 alienam
2715 4931 2836 4970 csse
2864 4914 3217 4988 ignorantiam
3245 4928 3257 4963 :
3290 4925 3456 4979 quam

1859 5007 1968 5062 pra:
1994 5007 2053 5047 se
2081 4982 2503 5062 quodamjnodo
2536 4989 2712 5042 tulerit
2738 5028 2753 5054 ,
2803 4993 2860 5038 ut
2890 4982 3055 5062 nobis
3103 4990 3450 5062 congrueret.

1857 5053 2033 5130 'Alque
2062 5053 2133 5117 ita
2157 5078 2279 5117 cum
2312 5060 2518 5115 Hilario
2544 5053 2749 5130 nostro,
2770 5054 3053 5130 num._6_6,
3088 5053 3457 5130 potiuslacere

1861 5124 2111 5189 videntur
2135 5174 2149 5196 ,
2201 5148 2359 5203 quam
2384 5146 2507 5203 cum
2542 5129 2607 5203 iis
2634 5170 2648 5193 ,
2692 5127 2782 5198 qui
2813 5126 3115 5203 Justinia‘no
3155 5124 3458 5203 imperante

1861 5206 2129 5260 Christum
2164 5196 2231 5257 ut'
2250 5200 2521 5256 hominem
2547 5196 2824 5270 ignorasse
2854 5196 3257 5270 defendebant,
3306 5205 3359 5249 et
3385 5196 3456 5270 ab

1862 5285 2081 5330 auctore
2111 5291 2209 5328 suo
2233 5264 2593 5338 Themistiani;
2620 5269 2687 5323 ab
2712 5285 2898 5341 errore
2926 5268 3160 5341 Agnoin
3181 5264 3459 5341 cognomi-

1863 5345 1974 5402 nati
2004 5355 2167 5400 sunt:
2219 5355 2405 5398 contra
2453 5336 2585 5410 quos
2636 5341 2694 5397 S.
2748 5336 3461 5410 Eulogii'Commcntarirum

1864 5418 2126 5489 approbat
2151 5414 2444 5489 Gregorius
2470 5408 2616 5489 Papa
2644 5411 2701 5489 l_,
2736 5412 2831 5466 lib.
2864 5426 2963 5489 vu_t_
2983 5409 3183 5489 ,__epist.
3217 5408 3309 5489 42_.
3340 5408 3465 5489 _l£x-

1869 5478 1979 5544 s'tat
2005 5504 2219 5559 quoque
2248 5478 2381 5559 opus
2412 5478 2686 5559 Agobardi
2714 5492 2898 5537 contra
2922 5478 3179 5548 Felicem,
3210 5479 3301 5559 qui
3322 5478 3466 5559 diem

1877 5551 2060 5629 indicii
2087 5600 2101 5625 ,
2134 5551 2321 5614 Lazari
2358 5551 2708 5629 sepulcrum,
2742 5566 3021 5629 sermones
3051 5553 3383 5629 pergentium
3412 5551 3468 5606 in

1884 5622 2165 5696 Emtnaus,
2185 5638 2312 5695 etc.,
2344 5622 2799 5683 Cliristolatuisse
2825 5623 3184 5679 existimabat.
3204 5622 3337 5678 Vide
3377 5637 3472 5677 [ιο-ί

1884 5701 2286 5778 tata‘adlibq,
2315 5699 2451 5778 n.__8.
2512 5768 2527 5778 .
2695 5777 2698 5778 ν
2742 5768 2788 5778 __
2880 5765 2892 5778 ,

1957 5772 2028 5846 (e)
2060 5776 2118 5831 in
2145 5766 2331 5833 codice
2362 5770 2479 5829 Vat.
2512 5768 2630 5827 bas.
2653 5777 2708 5826 et
2742 5766 2981 5836 Marum,
3030 5778 3116 5823 aut
3166 5766 3338 5833 morti,
3366 5778 3474 5819 non

1884 5861 1968 5902 aut
1996 5847 2186 5904 timori.
