3930 6194
442 254 554 314 5ιὸ

448 463 659 533 fletum,
692 481 964 533 somnum,
992 464 1250 533 inediam,
1278 467 1457 535 sitim,
1489 467 1860 524 lassitudinem
1880 508 1896 536 ,
1927 484 2044 524 me-

452 568 565 613 tum
589 599 605 626 ,
656 558 769 628 pari
811 571 1033 613 necesse
1062 567 1144 613 est
1182 558 1479 613 secundum
1516 558 1788 614 hominem
1814 572 2003 614 natura
2027 599 2044 626 ,

452 648 560 705 diei
574 660 733 720 atque
744 648 894 705 hora:
908 648 1176 719 professus
1195 665 1318 706 esse
1340 650 1669 721 intelligatur
1691 651 2045 709 inscientiam.

1632 257 1877 314 SANCTI
1918 256 2176 313 HILARII
2231 258 2537 317 EPISCOPI

449 370 547 426 niti
577 370 631 426 in
656 386 720 426 se
769 372 996 427 veritate
1019 413 1035 438 ,
1084 368 1379 425 secundum
1411 370 1591 425 carnis
1636 371 2000 427 infirmitatem
2028 415 2043 440 ,
2073 375 2128 435 Α

768 788 1128 861 319-320
1176 789 1378 844 LIBER
1417 788 1731 849 DECIMUS.

456 924 617 981 Totus
642 936 713 981 est
744 926 991 982 adversus
1019 944 1123 993 eos,
1154 930 1242 999 qui
1269 928 1468 984 nullant
1508 931 1561 984 in
1590 928 1798 985 Christo
1832 932 2053 988 volentes

524 1036 633 1075 esse
671 1019 1049 1087 substantiam,
1105 1038 1220 1093 qua:
1257 1040 1360 1078 non
1407 1024 1461 1078 in
1521 1026 1757 1097 passione
1808 1028 2054 1093 doluerit,

526 1112 722 1167 nullam
765 1128 878 1182 qua:
917 1113 979 1166 ab
1009 1116 1175 1167 esurie
1196 1156 1211 1177 ,
1241 1115 1327 1168 siti
1352 1156 1367 1179 ,
1395 1117 1606 1170 tristitia
1625 1159 1641 1183 ,
1674 1118 1855 1172 timore
1886 1117 2059 1173 aliena

531 1207 711 1275 fuerit,
738 1205 934 1260 divitia:
964 1207 1314 1276 prol‘essiOois
1342 1219 1654 1281 naturaeque
1678 1210 2054 1279 immemores,

531 1298 599 1351 ad
642 1310 1019 1368 argumentum
1078 1301 1369 1370 impietatis
1424 1317 1535 1356 sua:
1574 1345 1589 1369 ,
1641 1302 2061 1373 dispensationis

532 1399 682 1460 gesta
711 1402 766 1444 et
789 1390 929 1446 dicta
960 1401 1246 1447 tenuerunt
1285 1392 1306 1466 (
1334 1391 1447 1446 Lib.
1481 1409 1520 1459 ι,
1550 1410 1603 1447 n.
1635 1393 1766 1465 52).
1828 1394 2060 1463 Quorum

531 1483 625 1537 alii
653 1481 910 1537 Christum
960 1486 1250 1539 asserebant
1297 1502 1495 1540 merum
1543 1501 1650 1540 esse
1673 1487 1965 1553 hominem,
2007 1488 2061 1543 in

532 1577 689 1646 cujus
717 1576 952 1632 animam
980 1621 994 1642 ,
1028 1594 1131 1632 non
1157 1577 1381 1647 simplex
1404 1620 1419 1643 ,
1460 1578 1549 1633 sed
1587 1594 1851 1634 DOIINANS
1887 1591 2065 1635 metus

539 1669 772 1724 tristitia:
826 1669 1159 1725 imminentis
1211 1671 1501 1736 inciderit,
1547 1673 1638 1741 qui
1692 1681 2090 1729 consternatus,

537 1760 699 1817 fuerit
730 1763 997 1832 passionis
1020 1777 1402 1832 necessnne,
1428 1752 1477 1819 et
1506 1781 1653 1835 quem
1674 1765 1964 1821 obtinuerit
1988 1766 2066 1822 vis
2098 1771 2144 1830 Β

540 1851 745 1907 doloris
776 1851 983 1926 (Ibid,
1016 1871 1069 1907 n.
1102 1854 1212 1923 55).
1239 1856 1341 1909 Alii
1376 1854 1601 1910 Verbum
1628 1873 1742 1911 cum
1765 1873 1920 1912 carne
1947 1874 2071 1913 cou-

540 1945 810 2016 fundentes
830 1986 843 2010 ,
878 1945 1042 2015 ofﬁcio
1067 1947 1255 2000 anima:
1284 1950 1517 2016 [unctum
1556 1965 1665 2003 esse
1700 1949 2068 2021 praedicabant.

546 2034 658 2088 Nec
688 2038 894 2089 deerant
934 2039 1021 2105 qui
1060 2037 1226 2105 ipsum
1259 2038 1322 2091 ab
1351 2037 1557 2094 homine
1595 2057 1808 2112 prorsus
1831 2057 2075 2113 separau-

525 2137 618 2180 ~tes
653 2169 667 2194 ,
699 2127 894 2181 nullam
918 2126 1060 2183 illius
1083 2129 1137 2182 in
1164 2127 1367 2186 Christo
1392 2132 1717 2199 prwsentiam
1758 2133 2072 2203 fatebantur,

550 2217 650 2272 nisi
675 2234 827 2288 quam
852 2221 905 2272 in
936 2220 1197 2289 praphetis
1221 2223 1560 2293 agnoscimus.
1608 2223 1836 2279 Rursum
1875 2228 2075 2282 discre-

547 2321 724 2383 pantes
757 2313 1219 2382 complectebantur
1257 2316 1531 2371 sententias
1556 2358 1572 2383 ,
1612 2334 1729 2372 cum
1760 2317 1949 2374 Christi
1973 2338 2076 2376 non

547 2403 700 2458 modo
738 2420 965 2472 carnem,
1008 2407 1098 2461 sed
1120 2416 1167 2461 et
1191 2407 1417 2461 animant
1449 2408 1512 2462 ab
1539 2410 1704 2464 Adam
1740 2424 2077 2483 prapagatam

548 2501 815 2553 sentientes
836 2542 849 2565 ,
880 2510 933 2554 ut
964 2498 1264 2570 Scripturas
1292 2501 1592 2571 eluderent,
1637 2504 1818 2575 quibus
1849 2506 1913 2560 de
1937 2509 2076 2563 caelis

550 2592 868 2647 descendisse
892 2593 1236 2664 signiﬁcatur,
1259 2594 1556 2652 descensum
1572 2598 1719 2653 illum
1742 2616 1843 2653 non
1874 2602 1938 2654 de
1959 2619 2078 2671 per-

555 2705 682 2744 sona
714 2687 867 2743 Verbi
893 2704 1097 2742 carnem
1123 2689 1221 2743 sibi
1240 2702 1550 2759 assumente,
1580 2692 1669 2747 setl
1694 2693 1757 2746 de
1783 2694 1896 2763 ipsa
1924 2710 2077 2749 carne

550 2801 579 2838 e
601 2782 738 2838 caelis
761 2783 968 2838 advecta
999 2786 1482 2853 interpretabantur.

480 2876 670 2933 Contra
702 2876 822 2932 illos
847 2876 1112 2932 htereticos
1156 2878 1394 2934 llilarius
1424 2895 1482 2935 eo
1510 2890 1565 2934 ut
1609 2880 1889 2952 plurimum
1915 2883 2079 2936 utitur

551 2971 838 3041 argumenti
858 2988 1061 3041 genere,
1084 2989 1184 3043 quo
1208 2973 1263 3026 in
1290 2973 1398 3027 suis
1428 2974 1658 3043 ipsorum
1687 2976 1950 3030 sententiis
1975 2990 2079 3029 non

551 3075 820 3119 succurrat
857 3065 931 3120 eis
964 3067 1101 3134 quod
1136 3077 1409 3135 reponant.
1462 3066 1611 3133 Quod
1649 3078 1821 3122 autem
1857 3070 2078 3123 aliorum

556 3155 783 3226 Operam
812 3156 958 3210 initio
988 3167 1158 3227 rogat,
1185 3158 1241 3211 id
1270 3159 1316 3213 ei
1342 3159 1563 3213 maxime
1597 3160 1652 3212 in
1680 3158 1776 3214 hoc
1804 3158 1934 3215 libro
1955 3176 2078 3215 con-
2104 3155 2150 3218 C

558 3248 839 3302 cedendum
862 3288 877 3313 ,
905 3264 968 3301 ne
1008 3249 1198 3302 scilicet
1228 3248 1291 3303 de
1321 3250 1434 3320 ipso
1463 3258 1580 3303 ante
1601 3251 1755 3318 ﬁnem
1789 3252 2075 3321 judicetur.

550 3342 615 3399 Si
639 3342 765 3413 quid
790 3343 926 3397 enim
948 3340 1245 3411 offendiculi
1273 3345 1483 3413 pariunt
1514 3344 1663 3397 initia
1688 3385 1703 3408 ,
1732 3345 1853 3413 ﬁnis
1875 3345 2077 3400 levabit.

559 3435 883 3504 Quamquam
926 3437 1155 3507 exposita
1194 3436 1603 3491 adversariorum
1634 3436 1882 3491 sententia
1930 3437 2083 3508 facile

544 3531 821 3605 judicatur
844 3573 857 3594 ,
890 3532 968 3585 vel
993 3530 1156 3585 solum
1194 3548 1225 3585 a
1254 3530 1432 3584 dolore
1454 3570 1470 3594 ,
1513 3538 1650 3583 metu
1676 3570 1690 3595 ,
1727 3529 1934 3584 tristitia
1974 3532 2083 3585 exi-

554 3639 691 3677 mere
732 3622 923 3677 Christi
955 3623 1305 3687 divinitatem;
1352 3622 1430 3676 vel
1455 3620 1735 3675 humanam
1762 3621 1904 3677 illius
1935 3632 2083 3677 natu-

556 3734 669 3772 ram
700 3734 734 3771 a
760 3718 1144 3771 dominantibus
1180 3718 1448 3771 dumtaxat
1490 3727 1537 3770 et
1567 3718 1756 3771 coactis
1785 3715 2085 3788 hujusmodi

557 3808 913 3876 affectionibus
963 3810 1240 3865 vindicare.
1312 3809 1458 3865 Illud
1507 3812 1665 3865 etiam
1719 3811 2085 3866 attendendum

556 3904 693 3974 quod
715 3903 991 3976 Gregorius
1019 3902 1179 3974 Nysa.
1211 3901 1305 3957 0r.
1337 3918 1372 3956 v
1399 3913 1578 3958 contra
1609 3903 1809 3959 Eunoni
1862 3922 1893 3959 a
1922 3904 2085 3960 Theo-

559 4000 760 4064 doreto,
792 3996 936 4052 Dial.
967 4013 1048 4061 ιιι,
1076 3997 1320 4050 laudatus
1348 3997 1453 4051 ait:
1476 3996 1610 4052 Cum
1636 3999 1779 4053 enim
1810 3998 2004 4067 duplex
2032 4008 2086 4053 et

557 4090 807 4161 ambigua
851 4096 923 4144 sit
961 4089 1185 4159 opinio.
1239 4089 1565 4144 divinitasne
1595 4133 1610 4158 ,
1660 4104 1727 4143 an
1783 4090 2084 4147 humanitas

560 4197 717 4253 passa
746 4182 847 4236 sit:
881 4182 1040 4237 unius
1069 4181 1312 4252 reiectio,
1342 4181 1563 4237 alterius
1586 4196 1814 4252 prorsus
1835 4184 1935 4237 erit
1964 4198 2086 4239 eou-

560 4273 812 4327 firmatio.

486 4362 669 4433 Itaque
701 4360 963 4429 Hilarius,
995 4380 1138 4417 num.
1171 4364 1236 4430 9,
1266 4364 1475 4420 insanas
1511 4364 1867 4421 luereticorum
1908 4378 2086 4423 contra

558 4455 749 4511 Christi
785 4457 1101 4511 divinitatem
1129 4458 1396 4526 opiniones
1423 4474 1673 4529 exponere
1702 4459 1859 4515 simul
1886 4477 1947 4514 ac
1972 4478 2086 4531 per-

3614 272 3705 327 ῗιὶι

2221 384 2269 429 et
2292 375 2511 448 angelici
2537 378 2805 433 ministerii
2820 382 3109 453 expendens
3130 401 3336 453 causas,
3360 402 3470 441 eum
3492 403 3586 441 non
3605 386 3706 451 sibi,

2222 470 2311 523 sed
2348 470 2607 540 Apostolis
2638 472 2832 527 tristem
2880 476 3039 546 fuisse
3064 519 3078 541 ,
3127 494 3331 546 orasse,
3384 487 3429 533 et
3458 479 3518 533 ab
3548 479 3715 549 Angela

2223 562 2564 629 confortatum
2591 580 2701 618 esse
2730 581 3038 639 propugnat.
3085 568 3223 624 Tum
3268 571 3488 639 quinque
3524 571 3718 625 numeris

2222 654 2543 724 sequentibus
2569 667 2773 710 enarrat
2793 674 2906 728 qua:
2924 658 3158 715 Christus
3184 663 3237 715 in
3260 661 3497 733 passione
3515 660 3718 733 praebue-

2225 747 2293 799 rit
2339 747 2525 801 divina:
2565 749 2948 818 omnipotentitc
2990 768 3097 807 sua:
3141 753 3289 823 signa
3321 769 3341 806 :
3365 752 3545 821 quibus
3593 752 3722 820 facile

2226 849 2515 911 appareat,
2559 840 2754 895 doloris
2795 829 3183 913 necessitatem,
3223 847 3325 900 vim
3353 863 3412 899 ac
3451 846 3652 899 dedecus
3674 847 3724 900 in

2229 948 2344 988 eum
2367 949 2470 987 non
2492 936 2760 991 convenire
2783 978 2796 998 .
2829 938 2919 1008 qui
2948 947 3089 993 tanta
3110 940 3370 1008 potuerit;
3407 950 3457 995 et
3487 955 3595 993 eum
3627 940 3727 1008 qui-

2231 1025 2348 1078 dem
2373 1027 2667 1081 secundum
2709 1026 2981 1084 hominem
3015 1045 3111 1101 pro
3152 1031 3308 1085 nobis
3337 1030 3543 1086 infirma
3569 1033 3727 1086 omnia

2232 1118 2340 1188 pati
2365 1158 2381 1182 ,
2408 1118 2505 1175 sed
2533 1122 2827 1176 secundum
2861 1123 3025 1179 Deum
3070 1126 3120 1178 in
3168 1124 3250 1180 his
3286 1123 3539 1180 omnibus
3562 1123 3729 1179 trium-

2235 1210 2402 1279 phare
2427 1210 2594 1282 (num.
2628 1213 2740 1284 47).

2164 1303 2304 1358 Hinc
2332 1304 2612 1360 adversarii
2637 1323 2811 1362 vocem
2837 1307 3026 1363 Christi
3068 1309 3318 1383 objiciunt
3359 1326 3414 1364 se
3460 1309 3734 1364 derelictum

2237 1398 2527 1453 clamantis.
2576 1398 2705 1467 Qua:
2734 1410 2902 1456 autem
2931 1403 3140 1457 illorum
3164 1405 3228 1457 de
3263 1401 3469 1457 Christo
3494 1403 3616 1473 ﬁdes
3640 1404 3736 1469 sit,

2236 1495 2465 1549 declarat
2508 1511 2753 1549 numerus
2795 1497 2888 1552 49.
2949 1498 3020 1550 Ac
3058 1495 3270 1552 subinde
3307 1497 3485 1552 multis
3507 1496 3741 1567 oppositis

2239 1588 2603 1659 quaestionibus
2632 1589 2695 1644 de
2724 1588 2915 1644 Christi
2946 1601 3063 1645 ortu
3093 1590 3366 1660 temporali
3395 1630 3408 1654 ,
3456 1591 3578 1660 ﬂetu
3601 1631 3615 1656 ,
3640 1589 3742 1642 ani.

2242 1697 2341 1734 mre
2370 1684 2620 1751 ponenda:
2646 1699 2706 1736 ac
2732 1682 3047 1737 resumenda:
3070 1693 3317 1755 potestate
3340 1724 3356 1750 ,
3388 1684 3600 1753 spiritus
3619 1697 3748 1735 cont-

2246 1776 2570 1831 mendatione
2620 1785 2667 1830 et
2716 1777 3026 1841 traditione,
3084 1793 3200 1849 qua:
3251 1793 3370 1831 cum
3417 1775 3750 1831 lttrreticorum

2243 1868 2480 1921 doctrina
2522 1869 2793 1923 conciliari
2834 1880 3123 1939 nequeant,
3174 1868 3367 1923 nodum
3420 1883 3593 1921 earnm
3618 1866 3755 1920 solrit

2245 1974 2387 2012 num.
2416 1958 2507 2023 61,
2541 1975 2604 2014 ea:
2634 1960 2736 2030 fide
2769 1959 3036 2025 Ecclesice,
3070 1977 3186 2028 qua:
3201 1965 3321 2015 cum
3345 1957 3541 2014 Christi
3563 1970 3758 2013 naturas

2248 2068 2349 2106 non
2367 2053 2670 2123 confundat,
2700 2070 2790 2107 nec
2817 2053 3011 2108 dividat
3039 2070 3306 2125 personas,
3345 2054 3403 2107 in
3428 2069 3531 2106 uno
3573 2052 3762 2106 eodem-

2245 2160 2342 2215 que
2369 2144 2574 2200 Christo
2602 2144 2754 2201 habet
2782 2157 3207 2218 conquerentem
3251 2146 3318 2202 ad
3347 2156 3576 2202 mortem
3617 2145 3761 2201 relie-

2251 2246 2361 2291 tum
2392 2251 2453 2292 se
2479 2251 2620 2305 esse,
2653 2239 2779 2309 quia
2807 2238 2971 2294 homo
3017 2249 3136 2304 est,
3181 2250 3228 2293 et
3255 2254 3378 2294 eum
3419 2238 3510 2309 qui
3553 2236 3764 2292 moritur

2250 2328 2591 2399 profitentem
2639 2346 2699 2386 se
2756 2332 2809 2385 in
2855 2331 3107 2402 paradiso
3159 2344 3423 2401 regnare,
3477 2330 3599 2401 quia
3636 2329 3764 2383 Deus

2255 2431 2359 2477 est.
2405 2419 2610 2479 Interea
2661 2421 2899 2477 Hilarius
2946 2423 3068 2493 fidei
3115 2422 3467 2478 necessitatem
3512 2435 3650 2475 more
3683 2435 3765 2473 suo

2251 2515 2568 2571 commendat
2594 2533 2613 2571 :
2634 2533 2732 2587 quo
2753 2517 3099 2588 arrogantiam
3126 2516 3364 2570 retundat
3406 2514 3765 2577 hcereticorum,

2250 2609 2604 2682 321-322
2632 2610 2719 2681 qui
2741 2606 2930 2664 Christi
2977 2610 3220 2680 mysteria
3261 2625 3314 2663 se
3352 2606 3763 2678 comprehendere

2242 2702 2571 2777 jactitubant.
2624 2700 2690 2758 Ut
2738 2704 2874 2757 enim
2923 2703 3079 2757 tradit
3126 2699 3442 2756 Athanasius
3470 2698 3539 2753 ad
3592 2698 3767 2753 calcem

2252 2797 2288 2849 l.
2314 2794 2378 2849 de
2391 2795 2622 2850 Salutari
2641 2795 2770 2849 Adv.
2793 2793 2850 2850 1.
2872 2795 2928 2850 C.
2955 2795 3046 2866 qui
3060 2794 3324 2849 divinitati
3339 2794 3459 2861 ejus
3477 2791 3765 2861 passionem

2252 2886 2585 2953 adscribunt,
2612 2897 2705 2942 aut
2732 2887 2824 2959 qui
2855 2887 3173 2942 humanitati
3202 2886 3319 2956 ejus
3343 2885 3503 2940 fidem
3532 2899 3638 2939 non
3684 2881 3769 2937 ba-

2253 2980 2401 3044 bent,
2433 2989 2527 3035 aut
2567 2979 2657 3050 qui
2687 2995 2848 3034 unum
2880 2979 2931 3034 in
2957 2979 3065 3033 duo
3103 2986 3375 3047 separant,
3396 2976 3434 3030 ii
3459 2975 3638 3032 carnis
3665 2975 3769 3044 ejus

2252 3071 2643 3127 dimensiouem
2671 3070 2893 3139 faciunt,
2917 3080 2969 3125 et
2992 3085 3237 3134 ousn'ruu
3258 3080 3310 3125 et
3324 3082 3575 3132 ououooo
3590 3076 3768 3137 praeter

2253 3179 2435 3219 sacras
2464 3152 2769 3235 Scripturas
2816 3164 3076 3219 deliniant
3103 3204 3116 3229 ,
3147 3165 3206 3219 τὸ
3246 3163 3407 3219 πόσον
3432 3162 3463 3222 ἦ
3487 3170 3602 3224 πῶς
3629 3162 3765 3236 παρά

2252 3264 2349 3321 τὰς
2377 3262 2576 3336 γραφὰς
2598 3260 2756 3334 λέγειν
2783 3262 3089 3333 τολμῶντες.

2259 3434 2309 3488 1.
2355 3433 2720 3489 Dissidentium
2746 3436 3111 3490 sententiarum
3130 3450 3245 3506 qum
3264 3448 3453 3489 causa.
3485 3431 3769 3488 Doctrimuu

2185 3526 2379 3600 placiti,
2411 3543 2511 3580 non
2540 3527 2752 3582 rationis
2778 3537 3046 3583 sectantes.
3075 3557 3148 3569 —
3176 3526 3291 3582 Non
3321 3538 3406 3581 cat
3447 3526 3779 3596 ambiguum;

2185 3632 2400 3673 munem
2429 3618 2645 3674 humani
2671 3619 2871 3687 eloquii
2908 3635 3213 3675 sermonem
3244 3618 3660 3674 contradictioni
3687 3615 3773 3672 ob.

2186 3710 2405 3766 noxium
2433 3726 2650 3781 semper
2689 3711 2855 3766 fuisse
2885 3729 2897 3765 :
2929 3712 3050 3783 quia
3098 3711 3552 3784 dissentientibus
3593 3709 3770 3765 volun-

2188 3815 2355 3862 tatum
2398 3806 2657 3874 motibus,
2688 3804 3018 3861 dissentiens
3064 3818 3277 3875 quoque
3321 3802 3393 3858 sit
3437 3818 3632 3858 sensus
3672 3800 3769 3856 aui-

2188 3914 2436 3964 morum;
2467 3914 2588 3955 cum
2618 3899 3016 3955 adversantium
3041 3897 3365 3968 iudiciorum
3390 3896 3468 3969 (a)
3501 3895 3771 3953 affectione

2188 4006 2577 4063 compugnans,
2635 3991 3024 4047 assertiOnibus
3070 3990 3174 4058 his,
3221 3990 3415 4061 quibus
3470 3988 3768 4051 offenditur,

2188 4085 2527 4144 contradicit.
2558 4086 2811 4155 Quamvis
2838 4086 2981 4141 enim
3011 4098 3169 4139 omne
3199 4084 3404 4139 dictum
3431 4084 3549 4139 veri
3579 4082 3772 4139 ratione

2191 4181 2486 4252 perfectum
2510 4180 2615 4243 sit;
2649 4188 2827 4235 tamen
2853 4178 2982 4233 dum
3011 4178 3152 4232 aliud
3176 4177 3294 4233 aliis
3315 4187 3408 4232 aut
3432 4175 3664 4239 videtur,
3691 4182 3772 4229 aut

2188 4275 2511 4345 cumplacet,
2549 4281 2694 4344 patet
2739 4272 2977 4327 veritatis
3019 4287 3198 4327 sermo
3240 4271 3649 4326 adversantium
3695 4281 3747 4324 re

2189 4367 2465 4438 Sponsioni
2496 4386 2510 4421 :
2543 4368 2666 4438 quia
2696 4378 2884 4422 contra
2914 4367 3190 4421 veritatem
3215 4375 3427 4420 autnon
3460 4365 3769 4422 intellectam

2190 4467 2282 4515 aut
2306 4458 2690 4522 oll'endentem,
2720 4458 2804 4512 vel
2835 4457 3013 4513 stulta}
3034 4457 3116 4513 vel
3145 4457 3353 4513 vitiosm
3378 4457 3669 4513 voluntatis
3692 4468 3767 4510 cr-

557 4551 703 4621 sequi
726 4550 995 4621 incipiens,
1010 4550 1269 4622 deinceps,
1294 4566 1449 4621 usque
1471 4552 1539 4604 ad
1562 4569 1704 4606 num.
1733 4552 1821 4617 56,
1847 4554 1911 4608 de
1934 4556 2086 4609 tnira-
2115 4549 2165 4609 D
2194 4569 2284 4608 ror
2310 4552 2586 4607 obnilitur.
2631 4551 2987 4607 Iutmoderata
3033 4550 3179 4607 enim
3211 4561 3295 4608 est
3338 4551 3522 4607 omnis
3563 4562 3768 4618 suscepi

561 4644 651 4700 bili
688 4644 829 4699 illius
859 4643 1185 4715 conceptione
1207 4644 1281 4695 ita
1309 4642 1554 4708 disserit,
1595 4654 1650 4697 ut
1700 4659 1764 4698 ea:
1797 4661 1856 4698 ca
1885 4655 2084 4700 naturte

558 4749 749 4794 nostra:
775 4737 1034 4792 veritatem
1075 4753 1108 4789 a
1148 4733 1307 4789 Verbo
1338 4738 1450 4789 sine
1483 4735 1563 4789 sui
1605 4735 1883 4791 abolitione
1910 4777 1925 4802 ,
1977 4738 2085 4793 sine

556 4833 745 4888 nostris
771 4832 902 4885 vitiis
922 4839 1204 4901 susceptam
1226 4844 1337 4882 esse
1363 4828 1690 4883 demonstret.
1846 4845 1943 4898 quo
1963 4846 2085 4883 con-

555 4927 661 4996 [icit
681 4968 694 4992 ,
726 4924 984 4980 Christum
1016 4938 1173 4978 unum
1197 4921 1526 4989 eumdetuque
1550 4963 1566 4988 ,
1606 4921 1703 4977 etsi
1728 4938 1829 4975 non
1859 4923 2085 4978 humana

558 5021 667 5091 lege
694 5026 1013 5089 conceptum,
1046 5026 1215 5071 tamen
1242 5025 1290 5070 et
1343 5013 1784 5069 verumltominem
1811 5016 2081 5084 exstitisse,

552 5120 601 5167 et
628 5125 800 5164 verum
828 5107 1036 5164 Deum:
1065 5118 1119 5162 ut
1146 5124 1315 5163 rerum
1345 5106 1626 5169 hominem,
1656 5106 1960 5176 passionum
1984 5124 2081 5163 na-

557 5205 691 5258 turis
721 5203 1029 5271 permissum
1052 5216 1193 5255 esse:
1244 5210 1296 5253 ut
1319 5198 1508 5269 absque
1536 5198 1749 5269 originis
1777 5209 1962 5254 nostra:
2001 5202 2079 5254 vi-

555 5294 638 5348 tiis
665 5305 996 5365 conceptum,
1047 5292 1358 5361 passionum
1404 5299 1694 5344 nostrarum
1732 5307 1833 5346 non
1878 5294 2082 5364 confec-

553 5396 659 5442 tunt
693 5403 802 5443 esse
829 5386 1070 5456 injuriis;
1103 5394 1159 5439 ut
1183 5400 1356 5439 verum
1383 5383 1544 5439 Deum
1565 5427 1579 5454 ,
1611 5383 1675 5438 ab
1712 5386 1896 5440 iisdem
1925 5401 2076 5457 pror-

554 5496 642 5533 sus
667 5480 827 5552 fuisse
851 5479 1096 5534 alienum.

481 5568 688 5626 Exinde
714 5588 867 5642 usque
915 5572 983 5625 ad
1008 5587 1150 5625 num.
1178 5568 1250 5627 45
1273 5610 1288 5635 ,
1316 5569 1536 5625 tristitite
1564 5570 1728 5641 ipsius
1749 5612 1764 5637 ,
1788 5570 2035 5626 orationis
2059 5610 2075 5640 ,

577 5686 630 5754 a)
670 5687 769 5741 Ms.
796 5686 1011 5742 Martia.
1041 5694 1096 5746 et
1119 5686 1211 5741 alii
1242 5687 1509 5753 nonnulli,
1539 5687 1840 5755 assertione.
1893 5741 1898 5746 .
2065 5707 2071 5711 ·

550 5689 625 5829 ib)
670 5757 787 5812 Vati
818 5750 958 5826 ba's‘.,
986 5756 1196 5813 Martin.
1228 5772 1291 5813 ac
1331 5758 1483 5829 pauci
1514 5757 1603 5815 alii
1629 5772 1758 5815 mss.
1792 5757 2071 5816 adversand

890 5750 896 5764 l

2191 4655 2363 4701 tarum
2412 4645 2740 4699 voluntalum
2788 4644 3081 4715 pertinacia
3135 4662 3148 4698 :
3198 4654 3252 4699 et
3314 4643 3587 4700 indeﬂexa
3633 4647 3765 4698 motu

2189 4736 2265 4810 (ὁ)
2297 4735 2617 4791 adversandi
2644 4736 2879 4791 studium
2914 4735 3173 4807 persistit,
3206 4734 3297 4792 ubi
3325 4751 3430 4791 non
3470 4734 3661 4792 rationi
3687 4746 3769 4787 vo-

2189 4830 2367 4884 luntas
2409 4828 2715 4897 subjicitur,
2765 4843 2867 4884 nec
2887 4827 3120 4883 studium
3148 4827 3407 4883 doctrina:
3435 4824 3767 4900 impenditur,

2188 4923 2284 4980 sed
2316 4921 2398 4978 his
2430 4938 2550 4993 qua:
2570 4923 2819 4978 volumus
2857 4921 3123 4978 rationem
3152 4921 3555 4992 conquirimus,
3586 4927 3639 4976 et
3691 4915 3767 4971 his

2184 5031 2307 5088 qua:
2360 5015 2639 5072 studemus
2686 5016 2987 5072 doctrinam
3036 5023 3351 5086 coaptantes
3420 5012 3650 5085 Jamque
3674 5025 3767 5066 uo-
3812 5078 3817 5087 ν

2190 5108 2354 5164 minis
2382 5109 2583 5178 potius,
2631 5124 2786 5179 quam
2816 5120 3046 5174 natum,
3078 5108 3183 5162 erit
3211 5106 3458 5162 doctrina
3485 5120 3603 5177 qua:
3629 5101 3767 5171 fingi-

2188 5210 2276 5256 tur
2308 5219 2323 5256 :
2355 5211 2408 5255 ct
2454 5215 2561 5256 non
2603 5200 2715 5271 jam
2766 5201 2882 5255 veri
2935 5199 3174 5255 manebit
3214 5198 3374 5262 ratio,
3425 5198 3524 5253 sed
3563 5191 3763 5267 placiti;

2184 5307 2346 5363 quam
2376 5291 2476 5347 sibi
2504 5292 2751 5348 voluntas
2776 5291 2947 5362 magis
2967 5292 3034 5345 ad
3054 5289 3426 5346 defensionem
3456 5286 3761 5359 placentium

2184 5384 2537 5454 coaptaverit,
2568 5401 2674 5440 non
2700 5400 2821 5455 qua:
2862 5384 3153 5441 voluntatis
3174 5383 3486 5438 instinctum
3512 5396 3604 5452 per
3622 5374 3761 5434 intel-

2183 5477 2456 5549 ligentiam
2487 5478 2599 5534 veri
2639 5479 2978 5534 rationabilis
3019 5477 3281 5534 incitabit.
3328 5475 3435 5532 Per
3480 5476 3594 5531 [nec
3617 5472 3760 5542 igitur

2183 5571 2313 5628 vitia
2356 5572 2715 5629 studiosarum
2765 5573 3100 5630 voluntatum
3130 5584 3319 5628 omnes
3364 5565 3749 5626 adversantium

578 5733 628 5829 t7;
670 5733 1211 5826 ῐῐεὶῐίῦἷιὲξζῑιᾶιῖιῖιίζ’
1228 5733 2100 5829 {quiasinatiiimana
2125 5733 2317 5811 studio;
