3930 6194
108 278 197 336 5ίῦ

1290 271 1377 328 ne
1417 269 1783 328 TBINITA'I‘F.
1822 270 2022 351 unm
2062 273 2129 329 κ.

3252 276 3357 333 546

107 391 428 452 intentionutn
459 399 744 459 emergunt
771 388 1222 447 contradictioaes
1250 405 1262 441 :
1293 397 1347 445 et
1378 389 1518 443 inter
1548 384 1659 443 veri
1687 388 1734 447 A
1763 388 1978 458 penitus
2026 391 2095 445 ab
2135 390 2319 448 auditu
2361 391 2603 448 veritatis
2647 391 2826 459 alieni,
2883 399 3029 448 totos
3072 405 3132 448 se
3161 390 3356 448 fabulis

108 485 443 550 assertionem,
471 494 521 540 et
555 486 734 555 placiti
765 483 1152 551 defensionem,
1196 485 1440 553 pertinax
1488 496 1659 553 pugna

107 589 199 635 est:
228 577 341 632 dum
370 592 429 632 se
480 586 535 631 et
593 576 789 631 veritas
819 583 985 641 tenet,
1056 584 1111 630 et
1165 583 1345 631 tuetur
1390 573 1658 629 voluntas.

106 674 337 728 Caeterum
385 671 428 725 si
475 685 585 724 non
644 670 859 739 praeiret
915 670 1179 725 ratiOnem
1236 670 1518 735 voluntas,
1564 666 1660 723 sed

107 785 186 841 per
219 767 318 823 veri
348 766 753 836 intelligentiam
797 764 862 819 ad
894 765 1028 820 velle
1072 764 1124 818 id
1148 756 1313 836 quod
1345 779 1529 819 verum
1578 771 1663 819 cst

108 869 405 918 moveretur:
424 873 713 930 numquam
741 858 982 915 doctrina
1001 856 1078 931 (1)
1104 856 1183 930 (ιι)
1204 857 1490 913 voluntatis
1511 872 1661 928 qua:-

105 963 299 1020 rcretttr,
329 951 418 1008 sed
448 953 775 1008 voluntatem
803 967 1016 1007 omnem
1060 950 1321 1007 doctrina:
1350 952 1488 1007 ratio
1512 965 1661 1006 com-

108 1056 350 1113 moveret;
379 1057 631 1117 essetque
659 1046 834 1102 omnis
861 1045 978 1103 sine
1004 1045 1433 1102 contradictione
1459 1045 1659 1102 verita-

108 1142 483 1208 tissermo,cum
508 1140 875 1212 unusquisque
897 1154 1001 1196 non
1014 1139 1159 1211 quod
1181 1140 1362 1206 vellet,
1392 1138 1444 1194 id
1470 1153 1656 1193 verum

106 1233 530 1300 essedefenderet,
545 1232 638 1289 sed
654 1231 794 1304 quod
811 1248 994 1288 verum
1009 1239 1112 1298 est,
1141 1230 1192 1286 id
1218 1231 1358 1287 velle
1380 1229 1653 1301 cmpisset.

158 1331 203 1387 2.
243 1329 369 1399 Quos
388 1328 659 1399 magistros
681 1336 932 1396 quierant.
964 1357 1035 1368 —
1065 1325 1267 1382 Harum
1291 1326 1470 1395 itaque
1496 1323 1656 1379 vitio-

105 1439 249 1478 sarum
270 1423 724 1477 voluntatnmaton
748 1423 965 1493 ignarus
984 1420 1297 1491 Apostolus,
1323 1420 1461 1475 inter
1485 1419 1653 1476 multa

105 1513 420 1571 conteSIandu:
448 1512 574 1569 ﬁdei
604 1522 656 1569 et
686 1511 1014 1584 prtedicandi
1063 1511 1212 1566 verbi
1262 1520 1552 1581 praecepta,
1580 1510 1646 1565 ad

104 1607 392 1662 Timotheum
422 1604 671 1661 scribens
700 1604 794 1669 ait,
828 1602 941 1658 Erit
968 1613 1166 1675 tempus
1185 1620 1303 1659 cum
1324 1619 1505 1658 sanam
1529 1602 1654 1656 doc-

103 1700 254 1754 trinam
272 1715 363 1753 non
390 1697 731 1764 sustinebunt,
761 1697 852 1752 sed
877 1698 945 1751 ad
973 1713 1070 1755 sua
1101 1698 1355 1752 desideria
1378 1712 1649 1752 coacerva-

1762 481 2034 539 deStinant
2060 503 2073 539 :
2105 495 2161 538 ut
2192 484 2297 550 bis,
2327 501 2446 557 qua:
2490 486 2799 557 loquantur,
2849 486 3090 541 veritatis
3117 486 3354 555 Speciem

1761 576 2062 646 acquirant,
2095 576 2219 633 dum
2251 593 2369 650 qua:
2396 593 2520 635 vera
2544 588 2671 635 sunt
2694 589 2749 635 et
2774 578 2921 650 loqui
2942 589 2997 635 et
3024 578 3213 638 audire
3243 594 3349 636 non

1763 681 2007 741 possunt.

1832 769 1886 823 3.
1927 767 2137 823 Arionis
2162 768 2462 824 conveniunt
2489 768 2752 843 praedicta.
2783 798 2857 810 —-
2879 767 3170 826 Incidimus
3194 769 3355 839 plane

1760 859 1814 915 in
1846 859 1948 917 hoc
1969 860 2267 932 prophetia:
2294 862 2606 931 apostolica:
2633 861 3069 918 molestissimum
3114 868 3344 933 tempus.

1759 955 2089 1029 Conquisitis
2136 956 2280 1012 enim
2323 971 2466 1012 nunc
2506 965 2769 1011 creatura:
2823 956 3000 1025 potius
3043 971 3204 1026 quam
3258 954 3350 1010 Dei

1760 1049 2086 1122 pratdieandi
2153 1049 2467 1119 magistris,
2525 1048 2811 1105 desideriis
2864 1048 3117 1104 humanis
3173 1049 3352 1120 potius

1759 1158 1920 1215 quam
1953 1141 2035 1216 (4)
2065 1158 2212 1197 sana:
2240 1141 2364 1197 fidei
2394 1139 2654 1197 doctrinis
2683 1140 2931 1196 studetur
2959 1159 2973 1194 :
3001 1149 3056 1195 et
3084 1156 3150 1195 eo
3186 1141 3347 1214 323

1760 1251 1930 1306 usque
1955 1249 2048 1290 eos
2093 1235 2312 1306 prurigo
2339 1233 2545 1289 aurium
2574 1232 2639 1289 ad
2670 1247 2732 1290 ea
2760 1248 2883 1303 qua:
2909 1232 3222 1288 desiderant
3248 1248 3347 1287 au.

1757 1326 1952 1385 dienda
1980 1328 2254 1393 excitavit,
2287 1335 2345 1383 ut
2383 1325 2714 1382 coacervatis
2743 1325 3060 1381 doctoribus
3086 1325 3202 1380 sola
3233 1323 3351 1379 haec

1758 1437 1901 1477 nunc
1922 1421 2135 1476 interim
2162 1418 2473 1491 przedicatio
2501 1419 2717 1487 polleat,
2745 1432 3018 1489 perquam
3041 1416 3350 1486 unigenitus

1756 1512 1899 1569 Deus
1924 1528 1952 1565 a
1983 1520 2246 1582 potestate
2292 1521 2347 1565 et
2376 1511 2600 1566 veritate
2644 1509 2737 1563 Dei
2785 1509 2954 1579 patris
2998 1507 3224 1572 alienus,
3255 1514 3350 1562 aut

1755 1604 1980 1659 alterius
2007 1606 2222 1674 generis
2248 1600 2389 1656 Deus
2416 1600 2488 1656 sit
2508 1599 2558 1655 in
2586 1600 2690 1655 lide
2717 1608 2923 1664 nostra,
2952 1606 3046 1654 aut
3073 1598 3217 1655 Deus
3240 1611 3348 1652 non

1754 1697 1864 1752 sit:
1889 1696 2166 1752 mortifera
2192 1711 2258 1751 ex
2283 1706 2511 1764 utroque
2540 1692 2835 1766 impietatis
2864 1691 3222 1763 professione,
3253 1702 3349 1749 aut

101 1794 199 1847 bunt
234 1792 318 1846 sibi
356 1792 627 1863 magistros
659 1790 731 1862 (ὁ)
775 1791 1059 1864 prurientes
1087 1806 1238 1845 aures
1267 1807 1287 1845 :
1310 1798 1355 1844 et
1383 1806 1416 1843 a
1441 1789 1648 1843 ueritate
1681 1778 1724 1838 Β
1751 1790 1888 1846 duos
1913 1789 2046 1845 deos
2075 1788 2177 1844 sub
2215 1787 2532 1843 diversitate
2572 1785 2868 1840 divinitatis
2893 1782 2974 1854 (5)
3001 1784 3344 1855 eloquentes,

22 1942 23 1945 η
99 1884 265 1955 quidem
287 1884 511 1937 auditum
539 1894 788 1951 averterit,
818 1882 887 1935 ad
915 1881 1120 1952 fabulas
1151 1892 1317 1937 autent
1348 1890 1646 1938 converten-

99 1987 165 2032 tur
200 1977 255 2050 (ll
285 1976 407 2031 Tim.
452 1992 528 2043 tv,
558 1976 640 2045 5).
671 1975 771 2031 Ubi
802 1975 945 2031 enim
974 1991 1068 2046 per
1090 1975 1379 2045 impietatis
1406 1974 1644 2030 studium

98 2079 214 2125 extra
237 2084 368 2124 sonte
395 2068 659 2125 doctrina:
702 2070 1012 2141 patientiam
1042 2078 1223 2135 erunt,
1254 2078 1380 2124 tunc
1411 2068 1497 2124 bis
1526 2084 1646 2138 qute

99 2162 357 2217 desiderant
391 2161 790 2220 concervabunt
822 2158 1133 2230 magistros,
1164 2169 1290 2230 apta
1321 2159 1528 2216 scilicet
1552 2175 1647 2216 cu-

99 2254 359 2325 piditatibus
401 2255 513 2309 suis
561 2254 933 2309 doctrinarum
978 2252 1221 2308 instituta
1266 2251 1641 2319 cumulantes,

98 2363 233 2419 neque
249 2347 419 2403 doceri
442 2361 501 2403 se
513 2346 915 2413 desiderantes,
941 2345 1036 2402 sed
1062 2344 1312 2401 doctores
1333 2343 1397 2399 ad
1427 2343 1478 2399 id
1501 2344 1643 2415 quod

98 2440 354 2497 desiderant
396 2451 832 2515 congregantes:
866 2453 924 2496 ut
949 2441 1198 2497 cumulus
1225 2440 1341 2511 ipse
1370 2439 1645 2511 conquisi—

100 2543 234 2589 torum
252 2544 751 2593 cteoacervasornm
768 2537 1173 2607 magistrorum,
1190 2534 1534 2591 aestuantium
1549 2534 1646 2591 dc-

100 2625 364 2681 sideriorunt
387 2627 686 2684 satisfaciat
706 2627 988 2683 doctrinis.
1016 2627 1085 2682 Et
1106 2628 1191 2682 hic
1219 2636 1395 2683 tantus
1414 2626 1485 2698 (c)
1514 2629 1643 2683 stul-

102 2727 149 2772 ta:
175 2717 559 2791 irrcligiositatis
585 2720 737 2776 fnror
768 2735 874 2790 quo
914 2720 1147 2776 tamdetn
1186 2719 1376 2792 spiritu
1399 2762 1412 2784 ,
1454 2734 1640 2775 sanan:

101 2808 342 2866 doctrinam
370 2828 475 2868 non
519 2813 822 2881 sustinens,
857 2824 1167 2884 corruptam
1212 2812 1565 2879 desiderabit,
1597 2814 1642 2869 si

102 2901 289 2970 ignorat;
318 2905 381 2959 ab
404 2905 603 2961 cadent
629 2905 889 2976 Apostqu
910 2905 976 2960 ad
1009 2905 1152 2962 bunc
1173 2905 1422 2961 eumdem
1453 2905 1638 2961 Timo-

104 2994 241 3051 lltettnt
262 2997 521 3054 scribente
539 3006 837 3068 cognoscat
866 3017 878 3054 :
910 2997 1142 3070 Spiritus
1177 3008 1347 3053 unum
1372 2998 1645 3068 manifeste

103 3088 212 3156 dicit,
235 3090 339 3161 quia
360 3091 410 3146 in
440 3091 735 3146 novissimis
763 3092 1072 3163 temporibus
1110 3092 1342 3146 recedent
1371 3092 1583 3160 quidam
1609 3108 1643 3145 a

1749 1893 1845 1938 aut
1875 1884 2039 1938 Deum
2069 1882 2314 1947 omnino,
2338 1881 2423 1936 cui
2445 1888 2637 1935 natura
2657 1894 2720 1934 ex
2756 1878 2866 1933 Deo
2893 1892 2987 1947 per
3010 1878 3343 1933 nativitatem

1748 1976 1840 2041 sit,
1868 1976 2219 2045 abnegantes.
2255 1971 2369 2027 Hoc
2402 1971 2654 2026 alienatis
2680 1969 2746 2024 ab
2771 1968 2955 2024 auditu
2998 1967 3265 2034 veritatis,
3291 1975 3348 2022 et

1747 2068 2029 2124 conversis
2078 2067 2142 2121 ad
2196 2065 2403 2122 fabulas
2445 2065 2666 2120 auribus
2715 2063 2890 2134 placet
2930 2079 2943 2116 :
2990 2061 3151 2130 bujua
3197 2075 3345 2117 sunto

1753 2159 2015 2217 doctrinae
2032 2158 2304 2215 audientia
2325 2173 2429 2213 non
2461 2156 2783 2223 sustinetur,
2805 2162 2861 2211 et
2882 2154 2995 2226 ipsa
3019 2154 3199 2210 omnis
3220 2167 3346 2209 cum

1750 2250 2197 2324 praedicatoribus
2209 2251 2321 2306 suis
2347 2250 2575 2306 exsulat.

1819 2345 1873 2400 4.
1918 2343 2154 2399 Hilarius
2198 2347 2253 2399 in
2280 2344 2465 2400 exsilio
2514 2343 2644 2399 liber
2687 2359 2749 2398 ac
2777 2343 2945 2401 iratus.
2975 2371 3048 2383 —-
3078 2341 3183 2399 Sed
3215 2341 3345 2397 licet

1752 2439 1831 2511 (6)
1875 2441 1947 2511 (e)
1979 2454 2171 2495 nunca
2202 2438 2406 2504 multis,
2442 2438 2895 2494 eoacervantibus
2919 2437 3020 2493 sibi
3045 2436 3343 2493 secundum

1746 2531 2013 2588 desideria
2043 2546 2137 2586 sna
2169 2533 2479 2600 magistros,
2510 2545 2638 2586 sana
2666 2530 2913 2585 doctrina
2956 2529 3201 2596 essulet;
3231 2544 3340 2586 non

1749 2636 1929 2682 tamen
1977 2643 2007 2681 a
2051 2627 2252 2683 sanctis
2301 2628 2604 2697 quibusque
2665 2624 3062 2696 praedicationis
3137 2624 3340 2680 veritas

1748 2718 1819 2792 (Ῑ)
1841 2721 2127 2776 exsulabit.
2159 2721 2470 2794 Laqnentur
2489 2719 2633 2775 enim
2656 2718 2877 2775 exsules
2905 2733 2999 2787 per
3021 2717 3121 2773 bos
3148 2717 3338 2786 libros,

1746 2822 1801 2870 et
1829 2829 2008 2870 sermo
2026 2813 2142 2879 Dei,
2158 2815 2245 2885 qui
2267 2813 2456 2869 vinciri
2476 2828 2581 2868 non
2597 2820 2791 2884 potest.
2825 2812 2965 2868 liber
2983 2821 3258 2880 excttrret,
3273 2812 3343 2869 de

1748 2909 1852 2965 Itoe
1873 2908 2064 2965 eodem
2086 2909 2401 2979 apostolicae
2423 2908 2719 2978 prophetia:
2733 2906 3032 2963 admonens
3055 2915 3302 2976 tempore
3325 2921 3340 2961 :
3364 2918 3365 2921 ‘

1746 3010 1806 3057 ut
1835 3016 1957 3057 cum
1988 3001 2206 3057 auditus
2228 3001 2475 3057 veritatis
2502 3001 2789 3071 impatiens
2819 2997 3263 3070 deprehenditur,
3288 3006 3345 3053 et

1745 3093 2042 3150 secundum
2069 3091 2340 3149 desideria
2370 3091 2604 3147 humana
2637 3090 2943 3148 coacervati
2985 3089 3229 3159 magistri
3256 3103 3345 3144 re-

105 3176 195 3245 βόε,
218 3183 510 3237 attendentes
539 3183 808 3254 spiritibus
850 3183 1223 3251 seductoribtts,
1254 3184 1504 3238 doctrinis
1530 3183 1639 3238 dw-
1670 3168 1715 3232 C
1750 3185 2051 3256 pariuntur,
2078 3185 2191 3256 jam
2222 3185 2290 3241 de
2321 3194 2564 3256 tempore
2585 3201 2690 3239 non
2712 3183 3042 3254 ambigatur;
3074 3181 3167 3237 sed
3201 3182 3342 3238 ineo

108 3276 337 3331 tuoniorum
382 3278 433 3331 in
500 3276 771 3349 hypocrisi
825 3276 905 3350 (2)
971 3275 1051 3350 (d)
1114 3278 1645 3347 mendaciloquioruut

106 3362 178 3432 (IT
181 3366 254 3422 int.
276 3382 339 3435 tv,
366 3367 555 3438 l).Qtti
583 3372 729 3424 enim
749 3368 1007 3424 doctrina:
1032 3368 1301 3438 profectus
1318 3379 1419 3437 est,
1449 3369 1643 3439 placita

107 3457 233 3527 magis
258 3475 401 3528 quam
426 3460 675 3517 docenda
708 3460 1066 3532 conquirere?
1103 3464 1207 3516 Aut
1233 3477 1354 3533 qua:
1380 3461 1645 3517 doctrina:

107 3548 250 3621 religio
270 3564 363 3622 est,
392 3570 495 3611 non
526 3555 775 3610 docenda
808 3556 1138 3624 desiderare,
1189 3557 1282 3613 sed
1321 3557 1645 3614 desideratis

24 3686 41 3721 (τ
106 3635 364 3703 coacervare
390 3648 739 3705 doctrinam?
783 3648 891 3705 Sed
934 3652 1049 3706 hare
1076 3649 1452 3706 seducentium
1478 3650 1645 3722 spiri-

108 3743 218 3791 tuum
242 3739 484 3796 incentiva
526 3740 901 3811 suppeditant,
947 3750 1002 3797 et
1049 3743 1317 3798 simulata:
1362 3742 1646 3814 religionis

36 3896 43 3917 ᾖ]
108 3825 343 3904 ialsiloquia
370 3836 715 3891 conﬁrmant.
749 3834 1003 3905 Sequitur
1041 3836 1185 3891 enim
1218 3835 1338 3891 fidei
1385 3836 1646 3892 defectio-

36 3936 37 4001 j
110 3933 199 3978 neut
218 3925 490 3998 hypocrisis
533 3928 792 3993 mendax,
839 3939 895 3983 ut
920 3929 992 3983 sit
1023 3929 1107 3984 vel
1139 3930 1191 3984 in
1237 3928 1417 3984 verbis
1445 3929 1636 3999 pietas,

110 4026 226 4081 quam
250 4020 470 4076 amiserit
499 4020 855 4076 conscientia.
895 4020 952 4075 Et
983 4021 1151 4091 ipsam
1180 4019 1395 4090 quidem
1421 4019 1644 4076 simula-

112 4113 185 4161 tam
204 4111 423 4180 pietatem
452 4114 603 4171 omni
627 4114 913 4168 verborum
945 4114 1226 4170 mendacio
1271 4114 1489 4184 impiam
1521 4113 1641 4168 red-

36 4226 37 4237 ι
114 4198 223 4268 dunt,
246 4205 377 4264 falsa:
391 4208 655 4265 doctrinzc
673 4208 933 4263 institutis
954 4216 1367 4278 corrumpentes
1386 4205 1466 4281 (5)
1484 4221 1640 4262 sanc-

36 4284 45 4375 ³,
116 4294 267 4354 titatem
305 4300 458 4357 fidei:
499 4305 633 4357 dum
677 4300 973 4357 secundum
1021 4301 1289 4357 desideria
1337 4301 1639 4356 studiormn

38 4394 43 4407 '
114 4387 262 4456 potius,
284 4408 431 4462 quam
470 4394 768 4450 secundum
812 4392 1175 4461 evangelicum
1206 4392 1387 4460 tidem,
1421 4407 1639 4448 coacer-

116 4488 199 4533 vata
218 4482 431 4541 doctrina
473 4498 579 4543 est.
627 4485 861 4541 Auribus
887 4486 1030 4540 enim
1061 4484 1336 4556 prurigine
1381 4485 1638 4548 incitatis.

1747 3282 2086 3342 coessulare,
2134 3276 2529 3332 exsultantibus
2552 3290 2697 3331 sanae
2728 3273 2850 3329 lidei
2876 3272 3341 3344 praedicatoribus,

1746 3371 1948 3427 veritas
1993 3370 2345 3441 intelligatur.
2396 3368 2478 3425 Ac
2504 3370 2573 3424 de
2603 3369 2940 3441 temporibus
2987 3384 3093 3423 non
3145 3382 3340 3439 quere-

1747 3480 1870 3521 mur
1900 3482 1913 3519 :
1944 3466 2073 3534 quin
2118 3464 2280 3520 etiam
2311 3462 2688 3535 gaudebimus,
2720 3463 2845 3532 quia
2876 3461 3129 3533 iniquitas
3156 3475 3216 3515 se
3247 3475 3344 3530 per

1749 3558 1851 3614 hoc
1877 3558 2053 3614 exsilii
2102 3558 2270 3613 nostri
2319 3567 2532 3628 tempus
2574 3557 2895 3621 ostenderit,
2944 3572 3053 3627 quo
3097 3555 3343 3611 veritatis

1746 3651 2032 3722 impatiens
2057 3663 2205 3705 sanas
2225 3649 2487 3707 doctrina:
2511 3650 2891 3720 prtedicatores
2913 3692 2927 3717 ,
2959 3659 3020 3705 ut
3045 3648 3342 3705 secundum

1746 3743 2011 3800 desideria
2038 3759 2132 3799 sua
2156 3743 2237 3816 (7)
2283 3752 2570 3799 coacervet
2594 3743 2694 3799 sibi
2728 3743 3042 3814 magistros,
3085 3741 3296 3811 relegat
3327 3758 3343 3797 :

1744 3835 1938 3892 exsilio
1957 3845 2143 3892 nostro
2165 3836 2408 3891 lactantes
2425 3846 2478 3891 et
2497 3837 2827 3893 exsultantes
2851 3836 2902 3890 itt
2928 3836 3177 3900 Domino,
3204 3848 3339 3890 con-

1744 3930 1950 3986 stitisse
1970 3930 2024 3986 in
2051 3931 2204 3986 nobis
2226 3931 2613 4002 plenitudinem
2639 3929 2953 4001 apostolica:
2980 3927 3294 4000 prophetizn.

1820 4024 1873 4079 5.
1922 4024 2090 4092 Quam
2128 4034 2275 4079 caute
2317 4041 2373 4079 se
2400 4026 2613 4097 gesserit
2652 4024 3001 4097 superioribus
3041 4023 3205 4078 libris.
3234 4022 3341 4078 So-

1745 4118 1937 4173 leumes
1963 4117 2273 4173 Arianorum
2318 4118 2590 4173 calumniw
2632 4119 2685 4172 in
2726 4116 3039 4172 Cat/tolicos.
3068 4146 3140 4157 —
3165 4115 3341 4186 Supe-

1746 4211 1980 4269 rioribus
2005 4212 2168 4284 igitur
2194 4211 2391 4267 libellis
2430 4215 2688 4276 sincerat,
2722 4219 2778 4263 nt
2818 4209 3077 4276 arbitror,
3111 4207 3235 4263 fidei
3283 4217 3339 4263 et
3379 4254 3383 4259 .

1748 4302 2184 4359 incontaminata:
2262 4304 2507 4359 veritatis
2574 4302 2965 4373 professionem
3032 4312 3339 4385 tenentes,

1745 4412 2070 4470 quamquam
2091 4397 2384 4453 secundum
2411 4397 2657 4453 humana:
2677 4408 2878 4451 natura:
2896 4395 3341 4453 consuetudinem

1747 4488 1928 4543 nullus
1959 4504 2140 4544 sermo
2171 4504 2277 4544 non
2309 4491 2378 4546 sit
2427 4491 2695 4546 obnoxius
2741 4488 3178 4554 contradictioni,
3222 4503 3342 4543 eam

115 4568 204 4626 dum
238 4589 319 4643 per
362 4577 610 4635 audiendi
661 4578 1033 4648 impatientem
1081 4577 1523 4664 oblectationem-
1539 4578 1642 4633 sub
1668 4593 1719 4654 ι)
1747 4588 1923 4635 tanten
1953 4595 2051 4636 nos
2077 4583 2491 4638 arbitrortutius
2523 4581 2891 4654 reSponsionis
2922 4590 3122 4638 nostrae
3144 4580 3334 4637 mode-

115 4664 271 4723 ttorella
296 4668 540 4728 desiderii
590 4671 672 4726 sui
724 4669 1107 4741 praedicatione
1153 4669 1490 4740 scalpuntur,
1536 4671 1638 4742 ipsi

163 4800 223 4876 ll)
262 4804 523 4866 Voluntati.

256 4878 841 4956 {lendacioloquentium
870 4877 1080 4948 Graece,
1113 4878 1453 4956 ψευδολόγων.

162 4945 225 5018 (3)
257 4948 542 5008 Sanitatem.

163 5020 221 5089 (ι)
255 5019 441 5079 Sancta
464 5024 606 5094 fidei.

162 5154 219 5230 (a)
249 5160 299 5217 In
321 5165 541 5237 esensis,
572 5164 826 5220 voluntati
849 5171 1185 5233 qtuereretur.
1219 5163 1356 5221 Tum
1387 5164 1440 5221 in
1472 5165 1641 5237 pluri-

165 5242 300 5287 sntss.
323 5235 366 5288 si
390 5238 711 5293 voluntatem.

124 5364 134 5379 ε
165 5297 222 5383 (6)
254 5302 746 5383 §ic_pler_ique_mss.
771 5305 984 5383 favente
1010 5321 1190 5383 gratco
1218 5310 1507 5383 κγηθόμινρι
1545 5314 1635 5370 τὴν

263 5373 411 5434 Solus
431 5373 551 5452 Vat.
599 5379 715 5435 bas.
746 5379 920 5452 code;
947 5373 1068 5452 cujn
1109 5377 1323 5434 Martin.
1357 5373 1644 5452 sculpentes

119 5450 243 5509 “res,
268 5450 520 5518 quomodo
539 5451 736 5522 legitur
771 5451 864 5505 lib.
908 5449 962 5504 in
984 5449 1293 5519 Conslant.,
1321 5467 1378 5507 n.
1412 5449 1639 5507 ΒΕ(Ιίιὶ

120 5517 229 5578 τετυ.
250 5521 516 5578 prurientes
542 5522 773 5578 auribus.

126 5534 229 5578 ’των
281 5534 516 5576 rurtcntes
542 5534 773 5578 auribus.

121 5582 222 5705 mist)
250 5534 373 5647 {idin
398 5632 413 5659 ,
473 5594 640 5649 stulta:
680 5592 1088 5666 religiositatis;
1159 5593 1521 5651 emendantur
1570 5610 1637 5650 ex

126 5722 231 5840 ﬂ(tl)
264 5726 464 5813 Aliquot
493 5750 617 5792 mss.
644 5752 773 5798 ,cnm
802 5737 1038 5840 vulgata,
1071 5737 1404 5811 mendacium
1422 5738 1633 5804 loqttoua

155 5803 229 5840 Im.
256 5799 340 5840 Alii
364 5818 478 5840 mam
509 5800 611 5840 ιιηδ
644 5832 652 5840 »γ
694 5808 765 5840 υ.
814 5816 864 5840 ιιι
945 5809 1025 5840 ιιι.
1100 5802 1623 5840 ωηκιιιηηηιιηηιηηιὴι

155 5803 229 5847 ιω.
255 5799 341 5857 Alii
361 5799 478 5863 eum
509 5800 659 5879 llam,
694 5808 782 5865 Er.
814 5802 869 5864 et
895 5799 1073 5877 ΗΜ..
1100 5799 1626 5877 σηεηᾱᾱεὸιοᾲυόνωηδ

1749 4682 1896 4730 ratos
1940 4689 2062 4733 esse
2092 4676 2381 4749 rationem,
2413 4687 2470 4734 ιιι
2498 4677 2870 4734 contradicere
2916 4676 3200 4748 quisquam
3240 4672 3347 4730 nisi

1845 4814 1899 4885 ὀ)
1935 4814 2243 4888 Loquentes.

1842 4890 1901 4949 6i
1939 4886 2080 4944 Licet
2109 4905 2243 4943 cum.

1817 4957 1897 5030 (7)
1936 4957 2287 5016 Coaceroaret.

1747 5164 1917 5232 Quam
1940 5179 2063 5220 cum
2092 5164 2214 5220 Par.
2247 5180 2311 5222 ac
2350 5161 2622 5219 veteribus
2667 5175 2795 5217 mss.
2845 5160 3000 5217 Colb.
3053 5170 3109 5218 et
3157 5159 3340 5217 Germ.

1748 5235 2087 5309 praeferimus
2113 5235 2426 5299 lectionem,
2457 5234 2780 5309 confirmant
2802 5232 3208 5305 subsequentia.

1816 5307 1889 5448 (ε)
1929 5307 1985 5362 In
2011 5320 2166 5374 mss.,
2196 5308 2314 5363 licet
2344 5322 2482 5368 cum,
2517 5321 2621 5361 non
2649 5307 2764 5359 licet
2785 5322 2938 5361 nunc.

1839 5381 1870 5448 Ῑ
1932 5378 1989 5433 In
2015 5377 2268 5448 vulgatis,
2312 5378 2539 5433 exulavit
2566 5378 2695 5448 :_cui
2728 5377 2894 5430 verbo
2927 5393 2938 5430 I

1839 5376 1889 5450 ι’)
1932 5378 1989 5433 1η
2015 5377 2268 5450 vulgatis,
2312 5378 2539 5450 exulavit
2566 5378 2695 5450 :_cui
2728 5377 2894 5430 verbo
2927 5390 3032 5450 non
3065 5376 3197 5431 satis
3219 5390 3339 5430 mu-

1743 5446 1896 5506 des'te
1921 5446 2267 5521 subjungeret
2297 5449 2552 5515 Hilarius,
2585 5446 2875 5521 Loquemur
2898 5448 3053 5521 enim,
3082 5464 3142 5504 se
3171 5462 3335 5521 unum

1743 5536 1811 5578 ex
1831 5518 2080 5576 omnibus
2105 5518 2306 5575 sanctis
2328 5534 2658 5576 memorans.
2684 5520 2768 5577 Al)
2789 5519 2890 5573 hoc
2907 5518 3181 5587 iactantia:
3206 5519 3337 5573 vitio

1743 5607 2047 5663 sermonem
2093 5592 2234 5663 illius
2265 5600 2454 5663 purgat
2501 5590 2659 5646 lectio
2699 5605 2831 5645 mss.
2861 5591 3159 5663 casutabit:
3192 5600 3251 5645 ut
3277 5591 3337 5647 τὸ

1741 5664 1931 5719 sanctis
1962 5662 2030 5717 ad
2059 5662 2245 5718 lideles
2280 5662 2520 5718 veritatis
2550 5671 2795 5717 amantes
2821 5662 3107 5728 referatur,
3140 5663 3335 5730 quibus

1741 5749 1922 5805 veram
1945 5733 2269 5805 doctrinam,
2294 5735 2556 5791 librorum
2577 5748 2797 5791 suorum
2820 5731 3088 5804 Subsidia,
3112 5733 3334 5790 minimo

1739 5796 2101 5864 exsulatu'ram
2130 5794 2434 5878 pollicetur.
