3930 6194
535 257 640 314 557

1725 259 1967 318 SANGTI
1996 259 2250 326 illLARil
2285 261 2583 322 EPISCOPI
3695 279 3776 335 εις

532 389 656 434 Cum
681 373 975 446 impietatis
1006 375 1343 447 professione
1375 389 1479 430 non
1523 375 1710 446 possit.
1746 377 1942 431 Eorum
1974 378 2119 432 cutim
2149 381 2200 442 Α
2296 380 2350 434 7.
2395 380 2534 446 Quid
2577 381 2642 438 de
2689 384 2983 455 temporali.
3020 414 3088 428 ——
3119 385 3297 458 Atque
3340 387 3418 460 (g)
3445 386 3574 443 hanc
3601 391 3776 461 quidem

535 467 827 534 dictorum,
875 479 994 539 quae
1021 466 1318 522 serundum
1367 467 1657 538 ialsiloqnii
1709 469 1792 523 sui
1846 477 2016 523 artem
2063 485 2127 524 ex

535 558 843 630 Evangeliis
873 559 1114 616 haeretici
1144 571 1496 631 praesumunt,
1529 562 1600 614 ita
1645 560 2012 616 demonstrata
2040 576 2133 616 ve-

537 654 669 710 ritas
694 662 796 716 est,
828 661 887 707 ut
912 652 1021 722 jam
1050 653 1102 708 in
1125 653 1554 710 contradictione
1584 655 1943 726 ignorantiam
1969 653 2134 727 325

537 761 796 804 excusare
827 762 933 802 non
975 747 1154 814 liceat,
1192 748 1286 804 sed
1316 748 1774 819 irreligiositatem
1808 763 2034 804 necesse
2064 749 2134 803 sit

535 839 800 895 Conﬁteri.
839 839 968 894 Eam
1003 853 1222 910 quoque
1242 855 1408 907 nunc,
1441 839 1737 896 secundum
1770 841 1941 895 sancti
1963 840 2134 910 Spiri-

536 943 624 990 tus
648 935 869 997 donum,
905 935 1326 1004 temperavimus
1367 935 1532 989 totius
1562 934 1684 989 ﬁdei
1715 933 2133 990 demonstratio-

537 1045 683 1094 nem,
718 1028 794 1100 (a)
829 1040 883 1082 ut
917 1043 984 1082 ne
1029 1027 1158 1099 quid
1187 1029 1435 1082 ementiri
1466 1027 1660 1082 saltem
1708 1028 1995 1082 adversum
2038 1040 2136 1081 nos

536 1123 781 1177 criminis
825 1129 1066 1190 possent.
1096 1120 1286 1176 Solent
1312 1121 1456 1175 enim
1498 1121 1571 1174 ita
1602 1119 1670 1175 de
1705 1119 1862 1174 nobis
1910 1119 2136 1188 implere

536 1231 697 1271 aures
719 1215 1098 1287 ignorantium,
1118 1224 1175 1269 ut
1199 1230 1296 1270 nos
1308 1228 1552 1269 asseram
1567 1229 1762 1285 negare
1777 1215 2133 1279 nativitatem,

539 1323 662 1363 cum
691 1307 953 1362 unitatem
978 1305 1276 1361 divinitatis
1301 1305 1654 1376 prtedicamus
1686 1323 1700 1359 ι
1733 1314 1788 1360 et
1809 1305 1989 1359 dicant
2011 1304 2138 1360 soli-

540 1403 733 1457 tarium
765 1415 796 1454 a
828 1398 982 1454 nobis
1012 1415 1106 1468 per
1137 1399 1236 1454 hoc
1258 1440 1272 1463 ,
1309 1399 1382 1468 (b)
1414 1397 1529 1470 Ego
1555 1407 1604 1452 et
1635 1395 1839 1452 Patrem
1863 1414 2022 1451 unum
2051 1413 2139 1450 su‘

539 1510 650 1547 mus
681 1491 862 1565 (Joan.
913 1508 941 1545 κ
965 1533 980 1558 ,
1014 1492 1130 1560 50),
1161 1491 1451 1561 signiﬁcari
1486 1491 1652 1545 Deum
1685 1509 1698 1543 :
1733 1500 1787 1544 ut
1807 1490 2139 1545 innascibilis

543 1590 682 1643 Deus
729 1586 1069 1640 descendens
1111 1586 1160 1638 iu
1194 1584 1468 1655 Virginem
1513 1584 1676 1638 homo
1731 1596 1888 1638 natus
1923 1585 2013 1649 sit,
2048 1584 2138 1652 qui

541 1685 612 1755 (υ)
635 1685 700 1737 ad
724 1681 1180 1753 dispensationem
1210 1679 1388 1733 carnis
1412 1677 1462 1731 id
1488 1677 1629 1748 quod
1651 1678 1723 1731 ita
1739 1677 1981 1747 coeperit,
2003 1676 2136 1747 Ego,

2231 479 2284 527 ct
2329 473 2764 545 intemporalem,
2813 484 2869 533 ct
2913 479 3357 550 inenarrabilem,
3402 492 3456 538 et
3478 498 3676 538 omnem
3702 486 3774 539 hu-

2233 579 2408 620 mante
2456 566 2826 639 intelligentiae
2888 585 3106 627 sensum
3156 573 3508 630 excedentem
3553 576 3778 648 Unigeniti

2231 660 2635 728 generationem
2680 661 3059 732 prmdicantes,
3091 667 3200 721 nati
3237 683 3453 739 quoque
3479 669 3530 723 in
3555 669 3780 728 hominem

2233 766 2299 808 ex
2328 762 2482 822 partu
2533 753 2762 826 Virginis
2810 757 2905 813 Dei
2947 771 3342 815 sacramentum
3388 761 3785 821 docuimus:de-

2233 854 2598 901 monstrantes
2627 848 2924 903 secundum
2956 851 3118 926 325
3163 851 3619 924 dispensationem
3644 859 3786 912 carnis

2233 949 2545 1008 assumptaz,
2582 949 2692 994 tum
2740 957 2861 996 cum
2891 957 2950 998 se
2977 960 3044 1000 ex
3075 949 3243 1001 forma
3293 946 3384 1001 Dei
3426 962 3678 1002 evacuans
3703 949 3792 1004 inr-

2237 1045 2380 1084 mam
2409 1032 2549 1086 servi
2581 1034 2808 1103 accepit,
2839 1035 3208 1094 inﬁrmitttem
3243 1039 3460 1094 habitus
3491 1038 3697 1094 humani
3719 1039 3790 1096 Dei

2239 1137 2344 1177 non
2369 1123 2668 1179 inﬁrmasse
2699 1132 2962 1193 naturam,
2995 1129 3090 1184 sed
3140 1130 3287 1184 salva
3320 1131 3612 1186 divinitatis
3641 1133 3686 1186 in
3711 1133 3792 1188 lio-

2239 1216 2382 1269 miue
2414 1216 2605 1272 virtute
2629 1220 2944 1288 acquisitam
2974 1236 3096 1277 esse
3122 1222 3212 1278 Dei
3242 1222 3308 1277 ad
3343 1223 3611 1278 hominem
3635 1235 3784 1293 potes-

2239 1317 2421 1365 tatem.
2455 1309 2696 1381 Namque
2720 1328 2840 1368 cum
2865 1312 2944 1388 (It)
2981 1314 3033 1370 in
3064 1314 3336 1371 hominem
3373 1317 3512 1371 Deus
3545 1326 3688 1372 natas
3711 1321 3796 1382 sit;

2241 1417 2350 1457 non
2383 1403 2583 1460 idcirco
2613 1413 2770 1461 natus
2809 1419 2913 1472 eat,
2944 1423 3011 1462 ne
3053 1423 3158 1464 non
3189 1410 3330 1465 Deus
3363 1420 3622 1474 maneret,
3645 1411 3724 1466 sed
3753 1423 3801 1464 ut

2242 1503 2494 1550 manente
2556 1497 2664 1552 Deo
2713 1498 2876 1553 homo
2929 1509 3083 1555 natus
3135 1502 3185 1557 in
3247 1504 3412 1557 Deum
3467 1506 3553 1558 sit.
3608 1504 3722 1559 Nam
3755 1513 3802 1558 et

2241 1585 2324 1658 (2)
2353 1587 2664 1644 Emmanuel
2689 1606 2882 1646 nomen
2905 1593 3020 1663 ejus
3033 1604 3117 1648 est
3136 1593 3350 1666 (Matth.
3372 1613 3410 1662 ι,
3441 1596 3554 1668 2'5),
3578 1598 3704 1668 quod
3730 1608 3800 1652 est

2243 1681 2522 1734 nobiscum
2547 1681 2688 1737 Deus
2714 1699 2726 1736 :
2755 1692 2811 1737 ut
2835 1698 2939 1740 non
2967 1684 3201 1741 defectio
3224 1687 3320 1743 Dei
3348 1689 3413 1742 ad
3447 1690 3702 1743 hominem
3725 1691 3803 1755 sit,

538 1775 606 1830 ad
629 1773 925 1829 divinitatis
954 1787 1066 1826 sua:
1109 1785 1240 1826 vero
1268 1767 1788 1824 demonstrationem
1817 1767 2130 1836 subiecerit,
2164 1771 2210 1830 Β
2238 1773 2331 1827 sed
2365 1773 2596 1828 hominis
2629 1777 2900 1845 profectus
2937 1779 3002 1832 ad
3037 1781 3201 1835 Deum
3233 1782 3302 1836 sit
3341 1781 3523 1854 (Joan.
3563 1799 3687 1849 xvu,
3733 1784 3800 1852 5).

540 1876 589 1922 et
622 1865 798 1929 Pater.
831 1875 1108 1934 tamquam
1133 1863 1288 1932 hujus
1310 1861 1546 1916 hominis
1573 1862 1652 1914 sui
1685 1855 1836 1932 pater
1863 1869 2038 1924 esset;
2069 1875 2135 1914 ex

541 1959 752 2014 duobus
774 1973 901 2014 vero
925 1955 1248 2023 consistens,
1275 1958 1493 2013 homine
1517 1956 1726 2011 scilicet
1749 1963 1803 2010 et
1825 1955 1953 2021 Deo,
1986 1953 2056 2009 de
2082 1968 2142 2008 se

542 2053 752 2107 locutus
781 2053 870 2117 sit,
908 2067 1066 2106 unum
1091 2067 1287 2108 sumus.

616 2145 672 2200 6.
719 2145 854 2212 Quid
877 2143 1121 2201 hactenus
1140 2145 1328 2198 dictum
1351 2144 1416 2199 de
1440 2153 1629 2199 (eterna
1649 2141 1773 2196 Filii
1792 2142 2140 2214 generatione.

543 2267 615 2278 ——
653 2236 759 2293 Sed
811 2253 909 2293 nos
955 2238 1286 2293 nativitatem
1318 2239 1698 2292 subsistentem
1746 2239 1866 2291 sine
1895 2245 2140 2304 tempore

547 2337 930 2401 protestantes,
975 2330 1385 2400 pmdicavimus
1416 2331 1582 2385 Deum
1615 2331 1782 2385 ﬁlium
1813 2345 1920 2383 non
1948 2330 2142 2384 aliena:

547 2437 575 2475 a
609 2422 719 2478 Deo
748 2433 896 2492 patre
927 2433 1132 2478 natura;
1181 2425 1348 2480 Deum
1379 2443 1390 2477 :
1425 2439 1600 2494 neque
1620 2439 1686 2478 ex
1716 2422 2136 2477 innascibilitate

546 2514 852 2572 lnnascibili
874 2518 1224 2588 comqunlem,
1245 2517 1342 2572 sed
1368 2533 1432 2572 ex
1460 2517 1811 2588 generatione
1835 2517 1912 2586 (ά)
1946 2515 2143 2586 Unige-

549 2610 643 2663 niti
677 2624 779 2664 non
808 2609 1079 2680 disparem
1106 2627 1117 2662 :
1143 2624 1317 2682 neque
1345 2627 1508 2665 unum
1541 2625 1636 2666 eos
1665 2625 1785 2666 esse
1809 2625 1876 2665 ex
1906 2613 2146 2680 gemina-

547 2703 614 2757 tis
641 2702 950 2758 nomiuibus
976 2703 1048 2778 (ε)
1082 2706 1329 2769 unionis,
1363 2705 1456 2760 sed
1485 2721 1548 2760 ex
1593 2706 1874 2762 nativitate
1895 2715 2146 2764 naturze:

546 2809 721 2866 neque
750 2794 887 2849 duos
930 2794 1065 2851 deos
1115 2813 1210 2866 per
1251 2796 1620 2852 diversitatem
1672 2798 1889 2868 generis
1937 2797 1991 2852 in
2038 2797 2148 2854 ﬁde

544 2902 687 2953 esse,
739 2901 917 2958 neque
956 2903 1171 2944 rursum
1217 2889 1542 2960 singularem
1577 2888 1655 2962 (i)
1690 2887 1760 2962 (Ι)
1803 2890 1926 2959 quia
1975 2889 2148 2943 solum

551 2983 738 3049 Deum,
773 2983 861 3038 ubi
895 2993 1293 3040 sacramentum
1329 2984 1420 3039 Dei
1466 2985 1723 3054 unigeniti
1768 2991 1853 3039 est
1891 2983 2152 3038 conﬁten-

548 3075 677 3131 dum
703 3092 717 3141 ;
747 3075 840 3131 sed
862 3077 913 3130 in
940 3076 1097 3132 Patre
1117 3076 1404 3148 signiﬁcari
1429 3085 1591 3146 atque
1617 3091 1744 3132 esse
1775 3075 1993 3142 Filium,
2018 3075 2148 3129 dum

549 3169 602 3222 in
632 3183 699 3223 eo
721 3176 776 3222 et
805 3179 990 3222 natura
1023 3169 1194 3222 Patris
1223 3179 1277 3222 et
1306 3183 1498 3222 nomen
1532 3168 1669 3240 (scit.
1701 3169 1931 3235 natura)
1952 3177 2056 3233 est,
2087 3170 2138 3220 in
2177 3165 2222 3229 C
2257 3205 2399 3244 mam
2451 3190 2674 3264 intelligi

552 3260 688 3315 Filio
718 3274 848 3314 vero
873 3260 1085 3315 Patrem
1119 3260 1344 3332 intelligi
1370 3277 1431 3316 ac
1463 3275 1702 3326 manere,
1732 3260 1858 3314 dum
1885 3259 2026 3314 ﬁlius
2053 3276 2146 3314 ne-

549 3372 655 3428 que
682 3355 789 3410 dici
837 3363 1013 3426 potest
1058 3355 1157 3410 nisi
1198 3371 1262 3410 ex
1291 3366 1458 3424 patre,
1493 3369 1668 3424 neque
1711 3367 1834 3408 esse
1869 3371 1882 3407 :
1917 3354 2148 3407 viventis

549 3467 763 3525 quoque
796 3464 1003 3508 naturae
1043 3467 1162 3507 esse
1191 3453 1457 3508 viventem
1510 3452 1816 3520 imaginem,
1872 3457 1926 3504 et
1973 3449 2151 3504 consi-

549 3555 762 3615 gnatam
795 3545 1110 3600 naturaliter
1143 3544 1234 3600 Dei
1283 3545 1333 3598 in
1390 3545 1496 3598 lteo
1542 3543 1768 3597 formam
1800 3557 1970 3612 usque
2012 3541 2150 3596 adeo

550 3635 908 3692 iudiﬁ'erentis
934 3637 1216 3706 potestatis
1239 3643 1294 3690 et
1313 3637 1544 3706 generis,
1591 3645 1646 3688 ut
1676 3636 1726 3689 in
1759 3649 1824 3689 eo
1862 3649 1960 3689 nec
1986 3649 2146 3706 Opus,

554 3742 655 3782 nec
685 3743 885 3790 sermo,
936 3744 1035 3783 nec
1063 3731 1210 3783 visus
1236 3727 1444 3782 alienus
1485 3743 1514 3780 a
1561 3728 1714 3782 Patre
1743 3728 1813 3783 sit
1843 3744 1854 3779 :
1889 3727 1982 3782 sed
2027 3741 2149 3780 cum

551 3819 873 3874 naturaliter
901 3820 952 3873 in
976 3833 1036 3874 se
1064 3819 1260 3873 haheat
1291 3819 1526 3872 auctoris
1557 3821 1638 3871 sui
1673 3818 1848 3888 imago
1879 3828 2148 3884 naturam,

555 3928 652 3982 per
684 3913 980 3968 naturalem
1006 3927 1220 3984 quoque
1249 3913 1535 3984 imaginem
1559 3925 1712 3968 suam
1737 3922 1926 3968 auctor
1946 3923 1998 3968 et
2021 3926 2151 3983 ope-

551 4013 718 4071 ratus,
752 4017 806 4060 et
836 4005 1065 4071 locutus,
1096 4013 1152 4060 et
1177 4006 1321 4060 visus
1350 4006 1440 4059 sit.

626 4144 706 4220 (1)
751 4143 923 4201 Verba
955 4143 1074 4214 quia
1100 4142 1264 4198 solum
1295 4140 1496 4197 desunt
1523 4140 1575 4196 in
1599 4139 1788 4196 codice
1817 4139 2020 4195 Veron.

627 4283 706 4355 (a)
743 4282 817 4337 Ita
849 4297 979 4337 mss.
1015 4281 1155 4355 Editi
1189 4296 1336 4349 vero,
1370 4290 1426 4335 ut
1451 4297 1514 4336 ne
1535 4282 1741 4353 quidem
1768 4279 2154 4335 mentiri...cri-

559 4354 710 4410 minis
739 4354 936 4425 aliquid
959 4354 1173 4425 possint.

630 4424 707 4497 (b)
744 4421 800 4478 In
839 4421 1064 4495 vulgatis
1109 4423 1194 4479 hic
1219 4423 1433 4479 additur
1453 4424 1588 4496 quod
1631 4425 1876 4497 scriptum
1912 4431 1990 4478 est
2019 4439 2036 4477 :
2066 4437 2152 4478 re-

555 4497 887 4563 fragantibus
917 4509 1046 4548 mss.

631 4570 703 4639 (ε)
750 4567 873 4622 llazc
905 4567 1083 4630 lectio,
1114 4580 1234 4635 qum
1259 4575 1344 4639 est
1374 4565 1757 4639 plerarumque
1788 4581 1860 4639 ac
1887 4565 2156 4639 sincerio-

555 4636 834 4697 rum'mss.
874 4639 1076 4706 integra
1105 4639 1229 4699 erit,
1261 4638 1306 4692 si
1337 4638 1555 4692 verbum
1579 4640 1767 4709 referat
1787 4636 1875 4709 hic
1897 4638 2151 4706 supplea-

2242 1864 2336 1919 Vel
2367 1880 2488 1920 cum
2513 1867 2802 1937 gloriﬁcari
2827 1885 2886 1924 se
2915 1883 3088 1942 rogat,
3133 1887 3239 1927 non
3271 1873 3458 1944 utique
3485 1884 3680 1929 natura:
3707 1875 3810 1941 Dei,

2242 1958 2337 2012 sed
2362 1962 2720 2032 assmnptioni
2763 1962 3085 2020 humilitatis
3126 1965 3230 2021 hoc
3278 1967 3510 2035 proﬁcit.
3545 1967 3670 2023 Nam
3695 1968 3813 2023 hanc

2242 2051 2466 2121 gloriam
2499 2057 2754 2124 postulat,
2806 2073 2966 2128 quam
2992 2070 3118 2116 ante
3162 2061 3603 2118 constitutionem
3654 2062 3812 2118 mundi

2244 2145 2385 2215 apud
2417 2147 2582 2201 Deum
2611 2148 2819 2204 habuit.

2315 2235 2370 2290 8.
2406 2237 2543 2304 Quid
2571 2239 2634 2292 de
2661 2238 2790 2294 Itara
2820 2241 3076 2312 ignorata.
3101 2274 3172 2285 —
3203 2244 3610 2316 Respondentes
3633 2261 3818 2318 quoque

2245 2329 2578 2386 stultissimis
2607 2347 2792 2387 eorum
2827 2334 3272 2405 professionibus,
3303 2353 3475 2410 usque
3494 2339 3558 2394 ad
3588 2343 3817 2410 ignorata:

2247 2421 2400 2476 horae
2426 2422 2808 2480 descendimus
2838 2426 3355 2486 demonstrationem
3392 2449 3409 2487 :
3470 2447 3590 2502 qua:
3613 2431 3820 2497 etiamsi,

2246 2514 2546 2569 secundum
2606 2517 2748 2583 illos,
2781 2533 2811 2572 a
2853 2518 2989 2575 Filio
3015 2523 3351 2591 apprehensa
3399 2524 3692 2594 (percepta)
3732 2539 3819 2576 non

2249 2617 2415 2674 esset,
2449 2616 2630 2666 tamen
2688 2610 2742 2666 id
2795 2611 2861 2667 ad
2893 2616 3276 2670 contumeliam
3335 2615 3635 2672 divinitatis
3661 2617 3822 2687 unige-

2251 2698 2378 2753 nitaa
2404 2715 2508 2753 non
2540 2703 2834 2770 pertineret
2866 2720 2880 2769 ;
2911 2705 3032 2775 quia
3067 2715 3256 2762 natura
3284 2723 3390 2763 non
3425 2707 3615 2776 ferret,
3642 2718 3693 2762 ut
3717 2724 3822 2763 eum

2253 2792 2504 2848 nativitas
2553 2804 2889 2868 retroageret
2919 2800 2984 2854 ad
3041 2800 3478 2856 iuuascibilitatis
3521 2803 3583 2873 (i)
3614 2803 3825 2857 iniuitia-

2251 2882 2414 2937 bilem
2447 2885 2913 2957 substitutiouem,
2952 2892 3203 2960 potestati
3248 2908 3359 2946 sum
3407 2893 3565 2949 Patre
3611 2910 3828 2948 momen-

2253 2992 2364 3037 tum
2394 2983 2682 3040 deﬁniendi
2730 2987 2905 3044 adhuc
2949 2989 3053 3044 diei
3085 2989 3152 3046 ad
3209 2991 3722 3047 demonstrationem
3749 3010 3828 3047 au-

2253 3086 2523 3142 ctoritatis
2567 3088 2900 3145 itmascibilis
2929 3102 3280 3147 reservante:
3315 3107 3489 3164 neque
3528 3093 3581 3148 in
3611 3107 3676 3148 eo
3702 3090 3829 3146 inﬁr-

2704 3207 2862 3264 posse
2893 3202 3161 3262 naturam,
3196 3196 3248 3251 in
3279 3211 3381 3266 qua
3418 3206 3620 3251 tantum
3649 3195 3830 3249 inesset

2257 3305 2324 3346 ex
2377 3291 2655 3348 nativitate
2711 3302 2939 3360 naturze,
2973 3304 3230 3365 quantum
3264 3295 3493 3367 implere
3527 3305 3705 3366 posset
3731 3310 3833 3364 pero

2259 3391 2397 3448 fecta
2451 3395 2706 3449 nativitas
2757 3410 2982 3466 :neqne
3028 3395 3094 3450 ad
3144 3395 3502 3450 differentiam
3558 3393 3833 3450 divinitatis

2261 3494 2536 3564 unigenito
2558 3497 2666 3550 Deo
2687 3495 3080 3567 ignorationem
3102 3496 3206 3550 diei
3230 3496 3448 3551 ethortc
3467 3495 3831 3567 deputandum,

2259 3610 2381 3649 cum
2412 3596 2477 3650 ad
2510 3595 2984 3654 demonstrandam
3016 3596 3304 3652 adversum
3338 3596 3624 3652 lia-retices
3662 3595 3834 3652 Sabel-

2254 3697 2426 3752 iianos
2451 3699 2616 3770 336
2637 3698 3004 3754 innascibilem
3023 3699 3073 3752 in
3101 3697 3263 3753 Patre
3279 3707 3444 3768 atque
3475 3696 3836 3752 ininitiahiletu

2255 3807 2600 3868 potestatem.
2631 3799 2965 3854 innascibilis
3007 3800 3121 3854 hrec
3167 3800 3217 3853 iu
3246 3814 3312 3854 eo
3343 3800 3416 3854 sit
3448 3799 3730 3868 potestatis
3758 3810 3836 3851 ex-

2253 3901 2451 3970 ceptio.
2482 3903 2500 3972 (
2514 3900 2568 3974 j)
2599 3901 2705 3957 Sed
2737 3903 2859 3974 quia
2892 3901 3030 3956 hanc
3057 3902 3276 3957 nescitur
3298 3901 3406 3958 diei
3439 3901 3838 3971 professionem.

2257 4018 2362 4058 non
2411 4003 2764 4072 ignorationis
2793 4019 2914 4059 esse
2939 4003 3335 4070 inﬁrmitaem,
3370 4004 3466 4059 sed
3496 4004 3706 4060 tacendi
3738 4003 3835 4058 dls~

2337 4140 2413 4212 (2)
2449 4135 2744 4194 Immanttel
2769 4155 2865 4212 pro
2887 4138 3214 4196 Emmanuel.

2269 4280 2452 4349 Carn.,
2488 4281 2721 4350 Remig..
2768 4281 2976 4344 Germ.,
3017 4289 3150 4346 etc.,
3181 4280 3270 4336 ubi
3296 4283 3356 4337 τὸ
3383 4281 3551 4334 solum
3581 4296 3686 4336 non
3728 4281 3839 4336 solio

2271 4352 2462 4407 tarium
2505 4354 2790 4424 signiﬁcat,
2842 4352 2936 4406 sed
2983 4368 3187 4424 unum:
3222 4353 3323 4424 hoc
3353 4362 3458 4417 est,
3511 4368 3687 4422 neque
3731 4353 3839 4421 quia

2268 4423 2678 4493 praedicavimns
2729 4439 2888 4478 unum
2923 4438 2983 4478 ac
3012 4423 3186 4477 solum
3224 4423 3414 4490 Deum,
3449 4424 3567 4477 ideo
3602 4424 3840 4492 praedici.

2267 4494 2438 4549 vimus
2492 4497 2813 4566 singularem
2840 4509 2898 4546 ac
2921 4494 3258 4566 solitarium;
3289 4494 3334 4549 si
3357 4495 3572 4566 quidem
3602 4493 3838 4564 unigeniti

2267 4566 2358 4620 Dei
2391 4564 2680 4629 confesSio,
2715 4575 2770 4620 ut
2801 4580 2906 4620 non
2935 4564 3071 4619 duos
3100 4581 3300 4635 genere
3343 4565 3609 4630 diversos,
3653 4567 3720 4620 ita
3747 4579 3831 4618 nec

2263 4638 2556 4693 solitarium
2581 4638 2787 4706 recipit.

557 4721 664 4768 tur.
705 4711 756 4764 In
791 4711 962 4765 tribus
995 4725 1123 4763 mss.
1143 4709 1473 4778 exstat,quia
1495 4709 1562 4761 ad
1583 4708 2012 4778 dispensationem
2038 4724 2150 4760 car-
2179 4710 2234 4771 D
2330 4708 2350 4780 (
2388 4709 2405 4780 )
2434 4711 2654 4780 Aliquot
2682 4710 2897 4779 optima:
2927 4717 3068 4763 nota:
3092 4723 3219 4762 mss.
3243 4719 3394 4777 atque
3420 4709 3469 4760 in
3492 4708 3644 4761 hanc.
3677 4753 3680 4755 .

557 4787 637 4832 m‘s
666 4784 730 4832 sit
760 4782 896 4832 (mod
926 4782 1021 4832 ita.
1046 4789 1153 4832 etc.
1188 4784 1254 4832 At
1288 4782 1337 4832 in
1363 4780 1590 4832 vulgatis
1613 4781 1817 4832 absone
1841 4779 1950 4831 ulla
1970 4788 2155 4832 ancto-
2331 4729 2413 4832 (χι
2439 4781 2494 4832 in
2527 4783 2771 4832 vulgatis.
2804 4783 2854 4832 in
2904 4781 3152 4832 nomine:
3191 4780 3376 4832 sicnue
3401 4781 3535 4832 alias
3566 4781 3680 4832 legit

555 4787 637 4839 nis
666 4784 730 4836 sit
760 4782 896 4851 quod
926 4782 1021 4844 ita,
1046 4789 1153 4835 etc.
1188 4784 1254 4833 At
1288 4782 1337 4834 in
1363 4780 1590 4844 vulgatis
1613 4781 1817 4848 absque
1841 4779 1950 4851 ulla
1970 4788 2155 4835 aucto-

555 4858 716 4911 ritate
745 4849 986 4916 Iiabetur,
1017 4854 1137 4922 quia
1167 4852 1235 4904 ad
1255 4851 1687 4920 dispensationem
1707 4849 1877 4923 carnis
1905 4851 2152 4923 pertineat

557 4928 612 4980 id
640 4925 774 4996 quod
803 4926 894 4989 ita,
927 4934 1032 4996 etc.
1084 4923 1181 4996 ilic
1213 4923 1668 4996 notaturSabellii
1697 4922 1970 4996 doctrina,
2003 4922 2154 4992 cujus

558 4993 815 5053 invidiam
839 4997 892 5050 in
915 4995 1226 5049 Catholicos
1256 4993 1443 5050 Ariani
1469 4994 1841 5050 conferebant.

637 5091 714 5161 (d)
740 5090 902 5152 Editi,
925 5097 1151 5158 excepto
1177 5089 1296 5143 Par.
1324 5090 1640 5161 unigenitum
1666 5105 1684 5142 :
1712 5089 1873 5145 male.
1902 5088 2032 5161 Nam
2060 5104 2155 5141 vo-

566 5159 820 5218 eabulum
851 5161 1111 5228 disparem
1143 5161 1373 5214 refertur
1401 5160 1466 5214 ad
1510 5161 1826 5214 natiuitatem
1873 5159 2156 5214 subsisten-

561 5245 680 5292 tem.
717 5232 766 5286 id
796 5241 898 5297 est,
929 5231 1276 5286 subsistentia
1305 5248 1333 5284 a
1372 5233 1626 5302 gignente
1655 5231 1963 5288 distinctam
1991 5248 2004 5286 :
2036 5246 2157 5302 qmc

562 5305 707 5360 Patri
758 5304 993 5374 aequalis
1024 5303 1350 5372 praedicatur
1395 5303 1602 5359 ratione
1630 5303 2020 5374 generationis,
2053 5315 2157 5358 non

563 5376 775 5432 ratione
797 5373 1246 5429 innascibilitatis.

643 5470 714 5544 (θ)
761 5469 871 5524 lloc
898 5478 1001 5533 est,
1052 5484 1226 5550 neque
1255 5484 1416 5550 unum
1449 5483 1542 5550 eos
1571 5484 1691 5525 esse
1714 5469 1783 5550 ob
1813 5466 2158 5550 singularita-

573 5537 978 5611 tetu'pcrsouae,
1026 5540 1111 5594 cui
1146 5541 1360 5595 nomina
1389 5541 1658 5611 geminata
1687 5541 1813 5597 sint.
1866 5537 2001 5594 llinc
2032 5553 2164 5594 Con-

576 5614 826 5696 ﬁrmatn‘r
853 5613 993 5696 quod
1025 5611 1431 5696 elisi-{vavimus
1462 5613 1596 5696 (σοι.
1636 5613 1759 5676 16ῖὶ,
1791 5621 1895 5666 ηοι.
1929 5625 1964 5696 «'3.
1984 5623 2183 5696 uestra:

586 5682 760 5755 edit),
778 5680 1068 5755 Sabellium
1085 5684 1138 5739 in
1166 5683 1384 5753 Virgine
1401 5680 1651 5740 unionem
1677 5693 1897 5738 eatenus
1914 5680 2180 5750 dividere.

601 5754 866 5827 quatenus
901 5754 1187 5827 incipiebat
1221 5755 1312 5809 Dei
1341 5755 1578 5823 ejusdem
1607 5757 1821 5827 nomina
1851 5757 2144 5827 geminare.

679 5829 694 5892 (
705 5826 750 5898 1)
775 5823 1121 5880 Rcstitnitnus
1143 5828 1262 5895 quia
1284 5828 1444 5881 solum
1462 5841 1524 5882 ex
1549 5823 1986 5898 potioribusinss.
2005 5823 2181 5896 Colh.,

2331 4776 2413 4851 (ἦ)
2439 4781 2494 4835 in
2527 4776 2771 4851 vulgatis,
2804 4783 2854 4832 in
2904 4781 3152 4843 nomine;
3191 4776 3376 4848 sicque
3401 4781 3542 4851 alias
3566 4781 3690 4850 legit
3715 4776 3842 4832 Hila-

2257 4851 2390 4913 rius,
2425 4860 2551 4921 puta
2605 4850 2698 4906 lib.
2727 4867 2777 4916 ν,
2815 4851 2976 4917 n.i8,
3023 4863 3072 4904 et
3126 4852 3221 4905 lib.
3249 4866 3325 4914 Ix,
3360 4865 3418 4904 η.
3447 4855 3499 4904 ι.
3535 4850 3633 4905 Hic
3680 4861 3840 4902 tamrn

2258 4923 2581 4979 auctoritate
2621 4938 2750 4976 mss.
2799 4924 3137 4977 restituimus
3181 4923 3235 4975 in
3277 4922 3572 4988 hominem,
3619 4921 3752 4992 quod
3793 4930 3842 4992 _t'i

2262 4997 2418 5064 paulo
2438 5007 2562 5050 ante
2596 4995 2796 5048 habent
2822 4994 2974 5058 editi,
3006 5009 3068 5047 ac
3095 4993 3263 5063 magis
3293 4995 3542 5062 congruit
3584 4989 3702 5048 cum
3727 4989 3841 5045 5th-

2261 5069 2416 5120 ncxis
2441 5076 2594 5120 natus
2623 5067 2676 5118 in
2709 5065 2874 5119 Deum
2913 5067 2998 5119 sit.

2337 5157 2400 5233 (i)
2431 5159 2646 5233 A_liqnot
2677 5172 2847 5233 mss,
2880 5157 3184 5233 initiabilrm
3227 5156 3636 5211 snbstitutionem
3663 5172 3680 5211 :
3705 5166 3841 5233 men-

2263 5226 2414 5286 dose.
2448 5229 2820 5284 Ininitiabilem
2848 5229 3257 5282 substitutionem
3315 5236 3470 5282 vocat
3517 5243 3633 5282 eam
3684 5226 3841 5278 subsi-

2264 5302 2442 5357 steudi
2465 5301 2752 5366 rationem,
2777 5317 2894 5371 qua:
2916 5299 3090 5353 omnis
3115 5299 3359 5371 principii
3389 5313 3585 5371 expers
3610 5298 3695 5352 sit.
3719 5292 3844 5348 Con-

2265 5372 2378 5428 ccdi
2433 5373 2618 5442 nequit
2671 5369 3166 5444 Patrempmestati
3209 5384 3320 5423 sua:
3369 5369 3655 5444 quidquam
3689 5378 3846 5444 rest-r-

2268 5459 2444 5508 vasse,
2472 5436 2576 5499 nisi
2599 5443 2739 5498 ﬁlius
2765 5443 2862 5512 ipsi
2896 5436 3172 5512 inaequalis
3195 5436 3746 5495 Concedatttr.Verunt
3769 5436 3845 5486 hic

2279 5515 2510 5569 llilarius
2560 5530 2664 5570 non
2721 5525 2825 5568 tam
2859 5529 2924 5568 ex
2954 5527 3048 5586 sua
3077 5527 3236 5586 quant
3287 5527 3355 5586 es
3381 5512 3700 5586 Arianorum
3730 5522 3844 5560 seu-

2291 5587 2455 5640 teutia
2481 5587 2750 5657 loquitur:
2784 5587 2954 5656 inqua
2987 5583 3156 5639 Filius
3188 5599 3293 5657 non
3317 5583 3625 5654 simpliciter
3647 5588 3848 5647 negt-tur

2292 5661 2450 5725 scire,
2513 5655 2604 5711 sed
2661 5655 2884 5711 eatenus
2930 5661 3140 5710 nescire
3186 5655 3415 5720 dicatur,
3473 5663 3728 5725 quatenus
3758 5664 3847 5701 non

2284 5729 2612 5784 itmascibilis
2642 5742 2760 5784 esse
2781 5727 3112 5798 intelligitur.

2350 5824 2422 5901 (j)
2458 5824 2712 5882 Erasmus
2742 5823 2828 5880 hic
2858 5823 3157 5882 inseruerat
3182 5819 3318 5879 :Per
3337 5838 3488 5894 quam
3510 5818 3665 5893 patuit
3722 5811 3851 5871 Verbi
