3930 6194
136 334 223 391 Ξιῦ
1260 331 1348 390 DE
1387 328 1757 388 TRINITATE

136 449 464 521 pensationem
506 446 790 502 docuimus
812 465 825 502 :
851 445 928 521 (It)
959 447 1308 519 expurganda
1349 448 1511 504 etiam
1536 462 1680 503 nunc
1706 450 1759 510 Α

135 553 203 599 est
225 541 380 597 omnis
406 539 580 610 impiae
608 540 926 596 assertionis
954 542 1190 608 occasio,
1214 546 1268 596 et
1293 554 1485 598 omnes
1508 539 1681 597 haere-

135 632 579 703 ticaeblaspltemiai
608 633 1049 690 transcurrendte
1089 642 1215 689 sunt
1242 632 1677 705 praedicationes,

134 739 181 785 at
202 729 378 784 veritas
404 725 678 797 Evangelii
702 736 802 797 per
828 740 892 783 ea
924 726 1039 798 ipsa
1070 726 1267 798 quibus
1294 724 1375 800 (l)
1400 724 1678 783 obscurari

131 820 311 876 sitit-tor
334 820 556 875 eluceat.

195 911 500 969 9.Passionis
528 915 681 966 timor
705 928 767 966 ac
793 911 941 966 dolor
969 920 1149 966 contra
1178 909 1310 967 Filii
1339 910 1684 984 aqualitatem

131 1002 351 1077 obiicitur.
373 1033 441 1045 -
465 1002 668 1059 Volunt
703 1003 846 1060 enim
872 1001 1113 1075 plerique
1143 1002 1220 1078 (b)
1246 1018 1433 1061 eorum
1462 1020 1527 1061 ex
1558 1019 1684 1075 pas-

134 1104 272 1159 sion'ts
294 1111 429 1157 metu
452 1107 507 1155 et
532 1114 595 1156 ex
630 1099 947 1155 inﬁrmitate
979 1097 1237 1168 patiendi,
1275 1113 1379 1153 non
1412 1098 1463 1153 iu
1489 1106 1681 1154 natura

131 1210 232 1253 eum
260 1194 593 1266 impassibilis
636 1193 730 1250 Dei
776 1193 939 1249 fuisse
965 1208 979 1248 :
1003 1202 1061 1246 ut
1087 1193 1175 1262 qui
1208 1192 1383 1247 timuit
1408 1196 1464 1248 et
1487 1188 1679 1259 doluit,

131 1304 219 1346 non
251 1288 399 1344 fuerit
420 1288 501 1344 vel
538 1288 591 1342 in
618 1302 682 1342 ea
714 1284 998 1357 potestatis
1025 1285 1315 1339 securitate
1336 1299 1454 1354 qua:
1482 1298 1587 1337 non
1611 1280 1681 1338 ti-

131 1389 237 1447 met,
263 1382 339 1439 vel
365 1383 415 1437 in
443 1396 509 1438 ea
535 1380 771 1452 Spiritus
794 1379 1198 1447 incorruptione
1220 1391 1340 1447 quae
1367 1391 1471 1431 non
1494 1374 1639 1430 dolet
1664 1390 1678 1441 ;

131 1482 208 1536 sed
246 1480 508 1537 inferioris
550 1493 579 1532 a
616 1476 725 1532 Deo
756 1482 908 1547 patre
938 1482 1168 1540 naturte,
1200 1483 1251 1529 et
1282 1472 1530 1527 humanae
1560 1485 1684 1542 pas-

126 1576 269 1632 sionis
291 1570 634 1646 trepidaverit
662 1580 832 1632 metu.
863 1577 916 1625 et
947 1569 1012 1622 ad
1040 1567 1334 1638 corporalis
1357 1578 1532 1636 prenso
1551 1579 1684 1621 oon-

127 1668 359 1741 gemuerit
400 1665 743 1721 atrocitatem
791 1672 953 1733 atque
996 1663 1095 1717 hac
1123 1659 1419 1731 impietatis
1444 1674 1555 1714 sua:
1580 1670 1683 1713 as-

125 1763 327 1818 sertione
371 1758 654 1825 nitantur,
700 1752 825 1828 quia
880 1753 1139 1825 scriptum
1185 1751 1258 1808 sit
1304 1767 1319 1804 :
1366 1748 1556 1806 Tristis
1610 1761 1684 1804 est

127 1858 268 1911 utinm
316 1866 423 1910 mea
469 1864 633 1921 usque
660 1851 731 1905 ad
777 1852 988 1903 mortem
1019 1843 1262 1921 (Mutila,
1291 1856 1440 1910 xxvs,
1471 1838 1600 1913 38);
1630 1848 1685 1896 ct
1715 1836 1758 1899 Β

124 1962 342 2005 rursum:
374 1944 552 2010 Pater,
588 1945 634 1998 si
685 1936 927 2016 possibile
954 1948 1050 2008 est,
1106 1946 1334 1995 transeat
1371 1938 1511 1992 ralia:
1536 1937 1629 1990 iste
1653 1948 1685 1989 a

122 2052 187 2093 nte
208 2034 381 2115 (lbid.,
407 2036 501 2108 39)
530 2052 547 2102 ;
581 2034 677 2090 sed
729 2036 786 2090 et
835 2028 969 2087 illud
999 2047 1012 2085 :
1064 2029 1145 2102 (Ξ)
1169 2027 1315 2084 Deus
1352 2042 1516 2093 meus,
1550 2026 1685 2079 Dens

121 2146 256 2187 meus.
287 2144 438 2201 quare
482 2140 568 2181 me
596 2122 918 2195 dereliquiin
963 2120 1202 2196 (Matth.,
1230 2130 1401 2186 XXVII,
1423 2117 1515 2189 46)
1535 2116 1559 2169 ’l
1582 2118 1684 2172 hoc

121 2236 302 2293 quoque
352 2218 613 2291 adiiciant
645 2230 660 2271 :
697 2215 874 2280 Pater,
904 2213 1202 2270 continendo
1248 2212 1302 2266 in
1338 2224 1521 2264 manus
1568 2218 1683 2281 tuas

121 2312 323 2383 spiritum
358 2328 527 2368 meum
571 2309 755 2385 (Luci:
808 2323 960 2375 xxttt,
1006 2306 1121 2379 46).
1170 2307 1277 2361 llas
1318 2303 1461 2360 enim
1491 2317 1682 2358 omnes

119 2408 203 2477 pits
225 2407 336 2463 iidei
368 2412 571 2463 nostra
625 2403 993 2476 professiones
1044 2402 1109 2456 ad
1138 2396 1433 2471 impietatis
1462 2413 1575 2453 sum
1597 2412 1682 2452 ra-

121 2500 243 2570 piunt
269 2499 675 2570 usurpationem
702 2514 717 2552 :
759 2504 817 2552 ut
846 2496 1109 2560 timuerit,
1140 2493 1229 2563 qui
1262 2492 1431 2548 tristis
1459 2496 1562 2556 est,
1592 2488 1681 2560 qui

120 2600 160 2647 et
181 2592 438 2649 transferri
485 2604 516 2647 n
549 2606 617 2649 se
650 2591 875 2647 calicem
905 2591 1225 2661 deprecatus
1269 2590 1339 2643 sit
1367 2598 1382 2655 ;
1414 2595 1472 2643 ut
1497 2586 1683 2642 dolue—

120 2687 193 2755 rit,
218 2687 299 2759 qui
328 2686 653 2743 dereiietum
681 2693 740 2740 se
782 2699 812 2740 a
832 2683 946 2740 Deo
973 2684 1028 2739 in
1078 2682 1331 2754 passione
1357 2689 1685 2754 conquestus

120 2778 191 2841 sit;
209 2787 262 2832 ut
287 2777 531 2834 inﬁrmus
555 2786 775 2849 quoque
806 2777 985 2839 fuerit,
1014 2772 1107 2846 qui
1133 2775 1375 2846 spiritum
1400 2784 1555 2830 suum
1587 2773 1689 2830 Pa-

121 2870 173 2925 tri
190 2870 660 2940 commendaverit,
683 2880 784 2926 nec
817 2870 1061 2926 anxietas
1096 2868 1346 2925 admittat
1382 2865 1690 2925 similitudi-

177 2986 243 3058 (l)
265 2985 456 3054 Quibus
481 2986 706 3043 obscura
724 2982 1006 3041 videbatur.

122 3081 454 3150 professionem
503 3074 576 3132 ad
621 3076 1011 3150 consummandi
1039 3075 1262 3132 hominis
1305 3087 1683 3134 sacramentum

123 3148 336 3219 pertinere
367 3158 464 3204 :ut
490 3150 585 3217 qui
637 3148 962 3220 inﬁrmitates
1014 3159 1216 3204 nostras
1252 3151 1506 3216 portabat,
1539 3150 1686 3220 inﬁr-

121 3222 310 3276 mitatem
347 3238 549 3292 quoque
578 3219 675 3275 sibi
731 3221 971 3276 humana
999 3221 1336 3290 ignorationis
1364 3219 1638 3292 assumeret
1665 3238 1685 3278 ι·

121 3304 243 3363 atque
261 3294 328 3347 ita
369 3290 508 3347 diem
560 3293 760 3346 nescire
785 3308 839 3347 se
860 3294 1069 3358 diceret,
1102 3303 1159 3349 ut
1186 3292 1479 3363 sepulcrum
1500 3291 1687 3348 Lazari

122 3366 353 3428 nesciebat,
384 3373 433 3418 et
475 3373 835 3419 attrectantem
882 3363 1035 3416 vestis
1063 3380 1168 3418 sua:
1198 3362 1453 3430 ﬁmbriam
1507 3366 1687 3418 mulie-

121 3449 209 3489 rrnt
248 3436 507 3507 ignorabat
539 3451 563 3507 ζ
589 3443 696 3487 tam
735 3434 973 3507 inﬁrmus
999 3435 1067 3489 ad
1113 3434 1395 3507 sciendum.
1421 3444 1574 3501 quam
1598 3437 1681 3507 ln-

122 3506 276 3574 ﬁrmus
310 3509 375 3563 ad
419 3506 682 3575 ﬂendum,
706 3506 797 3560 sub
849 3506 1170 3559 lassitudinis
1213 3515 1259 3558 et
1287 3507 1398 3559 sitis
1430 3515 1477 3559 et
1501 3506 1687 3560 inedire

123 3578 255 3648 ofﬁcio
278 3620 292 3641 ,
342 3574 644 3633 nescientiar
696 3578 849 3631 etiam
896 3592 1000 3631 non
1056 3574 1363 3648 dedignatus
1414 3593 1684 3633 errorem:

123 3646 309 3704 maxime
351 3666 468 3703 cum
521 3665 590 3704 ea:
631 3647 849 3702 mortuis
889 3646 1233 3718 resurgentem
1264 3656 1309 3700 et
1338 3646 1687 3719 ingressurum

122 3735 640 3794 supergressurumque
664 3719 827 3794 caelos
867 3719 1094 3790 Apostoli
1112 3736 1212 3773 non
1225 3721 1337 3794 jam
1366 3721 1684 3794 nescientem,

123 3790 192 3843 sed
214 3790 354 3866 ltitjus
374 3790 674 3866 ipsinspdiei
696 3806 802 3844 sua:
826 3801 1077 3861 patentem
1110 3807 1171 3843 ac
1198 3791 1682 3866 scientenriuterro-

123 3856 311 3930 gusten't,
334 3856 466 3918 nihil
496 3860 650 3916 aliud
673 3856 1020 3924 percontantes
1050 3876 1201 3932 quam
1228 3860 1284 3915 id
1310 3860 1449 3933 quod
1469 3856 1564 3915 sub
1583 3862 1690 3915 dis-

124 3937 384 3998 pensatione
406 3934 642 3988 hominis
674 3933 938 3986 tacebatur
969 3947 989 3986 :
1009 3942 1064 3987 ut
1092 3933 1143 3986 in
1167 3948 1226 3986 ea
1247 3934 1385 4003 quod
1414 3933 1608 3987 nescire
1635 3947 1690 3987 se

125 4004 312 4072 dixerat,
344 4003 1070 4078 dum,rursumiuterraqunt,
1094 4005 1495 4078 assumptionem
1522 4006 1689 4071 potius

122 4090 245 4141 quant
291 4077 646 4132 necessitatem
703 4075 1011 4146 ignorantia:
1048 4075 1330 4146 intelligere
1380 4075 1685 4129 uiderentur.

125 4148 228 4220 tium
253 4150 302 4202 in
324 4148 561 4220 quodam
587 4146 780 4220 codice
823 4147 1010 4220 adsuta
1034 4162 1094 4202 se
1120 4146 1387 4220 reperisse
1411 4146 1687 4220 admouet.

127 4215 168 4271 in
193 4234 286 4274 uno
313 4215 521 4274 tantum
574 4234 680 4273 ms.
718 4216 1033 4288 Remigiauo
1075 4234 1201 4274 ann.
1243 4217 1462 4273 circiter
1483 4217 1606 4282 700,
1637 4220 1691 4272 in

125 4290 638 4373 timintulta_passiin
662 4295 905 4373 truncata
950 4301 1042 4345 aut
1097 4290 1405 4373 perturbata
1455 4300 1600 4373 sunt,
1627 4302 1689 4345 ea

128 4361 214 4427 itm
238 4358 533 4431 ruperititus
563 4358 721 4416 initio
759 4360 915 4431 hujus
960 4358 1167 4431 numeri
1213 4360 1402 4416 adsuta
1451 4358 1692 4425 proxime

128 4442 223 4498 ptist
241 4430 395 4491 verba
427 4455 440 4489 :
471 4430 653 4499 Usque
680 4433 749 4487 ad
771 4430 1021 4505 ignorata:
1051 4430 1190 4489 liora:
1217 4431 1569 4505 descendimus
1603 4434 1693 4489 de-

126 4506 529 4561 mnstrotionem.
559 4505 619 4561 in
646 4505 766 4558 aliis
787 4504 964 4559 autem
984 4515 1109 4559 mss.
1143 4507 1348 4559 uultum
1377 4514 1458 4559 est
1484 4504 1694 4560 addita-

127 4576 264 4646 tnenti
293 4574 447 4646 hujus
471 4574 785 4646 vestigium.
811 4570 959 4646 Sicut
986 4572 1039 4630 in
1060 4576 1360 4646 appendice
1383 4575 1449 4630 ad
1489 4572 1691 4631 auloem

128 4641 224 4718 liliri
274 4664 321 4704 ix
360 4641 582 4714 itdjeCta
617 4641 645 4710 ξ
678 4642 749 4701 ita
797 4645 957 4702 etiam
1016 4641 1107 4718 hic
1133 4641 1691 4718 ignorantiaCltristi

126 4715 255 4788 aliter
278 4719 605 4787 explicatur,
632 4732 792 4787 quam
819 4720 869 4771 iu
903 4726 1017 4773 toto
1045 4714 1187 4774 libro
1213 4734 1263 4773 ιχ
1290 4714 1532 4788 esposita
1568 4724 1648 4773 est
1674 4734 1688 4787 ;

1712 3402 1757 3467 C

1799 330 1996 388 LIBER
2040 332 2105 390 Χ.
3271 336 3376 395 350

1786 465 1907 504 nem
1934 460 2229 521 exaequata:
2254 450 2321 507 ad
2343 444 2511 508 Deum
2535 451 2589 507 in
2619 450 2887 523 Unigeniti
2922 451 3198 507 nativitate
3218 444 3376 525 327

1785 550 1992 599 natura:
2008 560 2127 614 qutt-
2153 542 2516 601 infirmitatem
2533 544 3009 615 diversitatemquc
3030 559 3182 599 suam
3208 556 3256 600 et
3287 545 3381 599 dc-

1784 634 2099 707 precatiouc
2125 634 2332 704 calieis,
2353 647 2405 693 et
2421 634 2776 694 desolationis
2800 634 3044 709 querela,
3062 645 3117 692 et
3141 634 3211 709 (c)
3233 650 3381 693 com-

1785 726 2148 784 mendationis
2172 726 2513 784 confessione
2544 739 2789 785 teSIetur.

1858 814 1945 875 {0.
1980 817 2203 875 Mortem
2232 822 2372 875 haud
2418 832 2553 877 recte
2603 822 2793 876 dicitur
2826 820 3073 887 timuisse,
3103 838 3258 894 quam
3286 821 3380 877 do-

1784 911 1889 965 cuit
1918 927 2017 965 nou
2049 912 2345 967 timendam.
2369 943 2441 955 -—
2472 914 2547 970 Ac
2588 915 2818 985 primum
2862 924 2987 971 ante
3013 930 3171 985 quam
3199 931 3262 969 ex
3294 913 3378 970 his

1785 996 1919 1071 ipsis
1971 1002 2131 1058 dictis
2180 1003 2640 1071 demonstremus,
2672 1020 2772 1061 nec
2818 1003 3095 1060 metuendi
3127 1002 3193 1060 de
3238 1020 3297 1059 se
3324 1004 3377 1061 in

1785 1109 1909 1151 eum
1961 1095 2329 1152 inﬁrmitatem
2385 1092 2643 1152 incidisse
2686 1096 2944 1164 aliquam,
2987 1112 3087 1153 nec
3120 1096 3377 1152 dolendi:

1784 1186 2135 1255 quazrendum
2182 1195 2267 1244 est
2295 1184 2551 1259 quidnam
2590 1189 2838 1244 videatur
2881 1190 3073 1246 timere
3119 1189 3378 1257 potuisse,

1785 1289 1844 1337 ut
1886 1283 1937 1338 in
1969 1298 2093 1338 eum
2140 1280 2372 1338 formido
2403 1283 2723 1339 intolerandi
2772 1278 3082 1355 dolorisld)
3113 1278 3383 1338 inciderit.

1785 1374 1853 1432 Et
1893 1384 2020 1447 puto
2067 1391 2172 1432 non
2202 1376 2304 1431 alia
2332 1374 2421 1431 hic
2468 1375 2534 1431 ad
2564 1375 2884 1443 timendum,
2916 1391 3077 1448 quam
3111 1372 3382 1447 passionis

1783 1479 1840 1527 et
1878 1472 2089 1537 mortis,
2118 1486 2279 1527 causa
2312 1470 2685 1541 praetenditur.
2722 1470 2793 1526 Et
2824 1470 3100 1542 interrogo
3148 1486 3266 1533 eos,
3290 1468 3380 1541 qui

1785 1560 1889 1621 hoc
1917 1563 1990 1620 ita
2017 1562 2349 1631 existimant,
2380 1579 2447 1617 an
2480 1563 2692 1618 ratione
2720 1563 2994 1628 subsistat,
3029 1571 3085 1617 ut
3133 1561 3269 1616 muri
3318 1553 3385 1615 ti-

1784 1658 2007 1726 muerit,
2038 1656 2128 1729 qui
2186 1673 2403 1711 onmem
2452 1654 2521 1711 ab
2556 1655 2831 1726 Apostolis
2880 1665 3143 1711 terrorem
3193 1656 3384 1711 monis

1788 1750 2050 1822 apellens,
2097 1750 2163 1804 ad
2211 1749 2435 1821 gloriam
2485 1764 2578 1803 eos
2629 1750 2698 1803 sit
2747 1746 2992 1821 martyrii
3039 1745 3380 1816 adhortatus,

1787 1841 2013 1898 dicens:
2048 1840 2148 1909 Qui
2177 1859 2278 1896 non
2306 1842 2493 1912 accipit
2533 1856 2735 1895 crucem
2770 1855 2919 1895 suam
2948 1849 2994 1893 et
3026 1836 3253 1910 sequitur
3280 1856 3378 1907 me,

1786 1953 1887 1992 non
1910 1944 1985 1992 est
2008 1952 2089 1991 me
2114 1936 2299 2009 dignus
2327 1952 2346 1991 :
2368 1942 2415 1990 et
2449 1935 2536 2009 qui
2557 1935 2744 1989 invenit
2764 1933 2989 1989 animam
3014 1952 3185 2001 suam,
3209 1936 3387 2008 perdet

1788 2030 1938 2086 illam
1978 2047 1996 2086 :
2027 2040 2075 2085 et
2097 2029 2184 2101 qui
2215 2029 2493 2095 perdiderit
2523 2045 2635 2084 eam
2661 2038 2872 2102 propter
2899 2045 2997 2092 me,
3031 2027 3250 2083 inveniet
3273 2040 3385 2083 eam

1786 2123 2002 2198 (Matth.
2030 2139 2085 2190 x,
2126 2122 2218 2188 58,
2266 2122 2382 2192 39).
2435 2119 2567 2176 Cum
2592 2122 2736 2177 enim
2767 2135 2864 2191 pro
2890 2135 2958 2176 eo
2988 2120 3123 2174 mori
3148 2120 3252 2174 vita
3277 2118 3383 2185 sit;

1786 2215 1914 2288 quid
1945 2212 2059 2287 ipse
2101 2209 2153 2270 in
2200 2214 2390 2271 mortis
2415 2222 2760 2270 Sacramento
2802 2212 3039 2270 doluisse
3071 2212 3386 2272 existiman-

1786 2306 1888 2363 dus
1925 2315 2032 2375 est,
2086 2300 2177 2378 qui
2199 2318 2299 2379 pro
2350 2320 2409 2363 se
2459 2305 2816 2363 morientibus
2864 2307 3026 2363 vitam
3082 2306 3384 2379 rependat?

1786 2401 1854 2458 Et
1884 2414 2008 2456 cum
2059 2414 2165 2456 non
2208 2398 2478 2456 timendos
2529 2414 2652 2456 esse
2696 2401 2786 2472 qui
2831 2415 3028 2473 corpus
3073 2401 3385 2459 occiderent

1787 2503 1969 2551 monet
2006 2488 2196 2567 (lbid.,
2227 2492 2322 2566 ΞΒ)
2352 2510 2366 2559 ;
2416 2494 2589 2564 ipsam
2637 2490 2786 2549 illum
2838 2509 2984 2549 mors
3014 2490 3090 2565 (e)
3118 2494 3184 2550 ad
3228 2493 3386 2551 timo-

1787 2603 1902 2645 rem
1929 2589 2194 2658 passiouis
2224 2580 2525 2657 corporalis
2552 2586 2861 2641 exterruit?

1862 2678 1949 2737 Η.
1984 2674 2154 2747 Quarti
2175 2686 2222 2734 et
2248 2688 2425 2751 sponte
2455 2676 2670 2751 appetiit
2712 2695 2828 2732 cum
2851 2677 3184 2734 reviviscendi
3213 2687 3382 2751 potes-

1788 2774 2238 2847 tate.—Tum(f)
2265 2773 2462 2832 deinde
2511 2788 2671 2845 quem
2700 2769 2942 2829 dolorem
2991 2773 3181 2829 mortis
3228 2772 3383 2828 time-

1790 2879 1913 2940 ret,
1965 2871 2247 2942 potestatis
2293 2880 2406 2923 sua:
2453 2866 2702 2923 libertate
2753 2863 3098 2922 moriturus?
3130 2864 3381 2921 Humano

1868 2988 1945 3060 (ἒ)
1981 2986 2137 3053 Deus,
2166 2985 2307 3041 Deus
2325 3002 2488 3043 meus.

1865 3077 1943 3164 (τι)
1970 3074 2118 3152 Lips.
2141 3095 2208 3136 ex
2235 3078 2447 3137 Erasmi
2502 3079 2760 3152 margine,
2790 3080 3173 3155 expugnanda:
3205 3080 3384 3138 minus

1791 3165 2073 3207 concmne.

1869 3221 1945 3292 (b)
1970 3222 2089 3277 Non
2111 3222 2221 3291 jam
2247 3222 2388 3293 quod
2420 3232 2610 3296 omnes
2637 3239 2651 3290 ;
2675 3222 2769 3279 sed
2795 3220 2935 3294 quod
2961 3222 3202 3296 plerique
3227 3223 3380 3279 Aria-

1795 3309 1985 3349 norum
2027 3292 2282 3360 sentiant,
2343 3295 2696 3350 refellendum
2755 3292 3089 3365 proponitur.
3117 3292 3383 3351 'Seutiuut

1792 3382 1955 3438 porro
1986 3365 2086 3430 illi,
2114 3378 2173 3438 ut
2202 3367 2285 3420 hic
2312 3366 2444 3438 satis
2467 3365 2702 3422 dilucide
2731 3367 3056 3431 declaratur,
3077 3365 3375 3434 Christum,

1791 3436 1949 3507 quem
1980 3437 2273 3491 secundum
2320 3436 2592 3491 hominem
2622 3438 2864 3493 timuisse
2916 3453 2981 3493 ac
3020 3437 3257 3507 doluisse
3288 3438 3380 3492 lli-

1791 3504 1961 3563 larius
2013 3507 2319 3574 conﬁtetur,
2355 3519 2559 3563 natura)
2588 3507 2814 3564 alterius
2854 3504 3196 3579 impossibilia
3229 3523 3380 3576 pror-

1790 3594 1880 3650 sus
1909 3589 2193 3650 expertem
2225 3595 2367 3634 esse.
2395 3580 2501 3634 Sed
2549 3580 2618 3635 de
2659 3581 2742 3634 liis
2768 3580 3027 3635 Leontius
3054 3579 3373 3634 audiendus.

1791 3649 2003 3721 Exstitit
2034 3661 2224 3713 autem,
2273 3650 2445 3721 inquit
2489 3652 2579 3705 lib.
2622 3652 2693 3708 de
2727 3653 2923 3717 Sectis,
2953 3664 3060 3705 act.
3094 3666 3171 3713 lli,
3206 3652 3377 3705 statim

1788 3721 1901 3791 ipso
1946 3719 2278 3777 Constantino
2307 3719 2588 3791 imperante
2626 3723 2734 3793 Arii
2773 3721 3003 3787 htcresis,
3035 3724 3121 3793 qui
3168 3732 3214 3776 et
3241 3725 3378 3778 circa

1791 3793 2123 3860 divinitatem,
2164 3804 2210 3847 et
2237 3794 2373 3860 circa
2396 3805 2631 3848 naturam
2667 3792 2945 3849 humanam
2971 3792 3172 3850 errabat
3198 3809 3217 3849 :
3243 3795 3381 3848 circa

1791 3858 2126 3931 divinitatem,
2158 3863 2280 3932 quia
2322 3858 2370 3917 F
2372 3864 2517 3919 ilium
2551 3864 2748 3920 dicebat
2799 3882 2903 3921 esse
2951 3863 3045 3920 Dei
3073 3875 3377 3929 creaturam,

1789 3934 2081 4007 itidemque
2108 3932 2361 4007 Spiritum
2411 3948 2643 4007 sanctum
2677 3953 2709 4007 Δε
2763 3936 2900 3990 circa
2952 3936 3378 4000 incarnationem,

1790 3952 1961 3987 utaem
2002 3952 2060 3989 ue
2108 3952 2361 4007 aptruum
2411 3952 2643 3991 sanctum
2689 3953 2709 3990 :
2763 3953 2900 3990 circa
2952 3952 3378 4000 incarnationem,

1790 4010 1909 4082 quia
1961 3952 2147 4082 Zbristi
2207 4023 2390 4082 corpus
2426 4006 2601 4082 aiebat
2665 4002 2975 4082 inariimmtr
2999 4024 3122 4082 esse,
3182 4008 3237 4062 in
3280 4024 3381 4076 quo

1792 4075 1978 4131 animi:
2009 4079 2118 4132 loco
2146 4075 2313 4132 sermo
2357 4078 2700 4148 principatum
2727 4077 3019 4134 obtinuerit.
3074 4075 3184 4148 Hoc
3210 4075 3382 4148 autem

1793 4156 2058 4221 propterea
2110 4149 2329 4221 dicebat,
2358 4144 2617 4221 quoniam
2664 4147 2969 4221 conduceret
3014 4144 3080 4202 ad
3120 4146 3383 4221 stabilien-

1793 4216 1917 4273 dum
1941 4221 2102 4293 ipsius
2129 4222 2191 4275 de
2214 4216 2464 4275 Trinitate
2490 4219 2811 4293 dogma.-Q_u_i
2832 4228 3009 4293 autem
3031 4216 3382 4293 conduceret.

1794 4303 1915 4364 post
1962 4288 2236 4364 ἰιοιιιιιιΙΙξιΔ
2277 4294 2355 4348 sic
2383 4288 2617 4364 expliciti
2651 4288 2887 4364 :ldcirco
2918 4290 3173 4364 Ariattttttt
3194 4289 3380 4364 dogma

1792 4359 1981 4420 Christi
2010 4380 2195 4433 corpus
2219 4359 2502 4420 inanimum
2518 4380 2624 4418 esse
2649 4361 2900 4430 tradebat,
2931 4373 2984 4418 ut
3005 4359 3226 4417 Immites
3251 4359 3386 4433 ejus-

1793 4436 1932 4489 modi
1977 4432 2118 4490 voces
2143 4433 2345 4490 Christo
2373 4452 2473 4490 non
2527 4447 2583 4491 ut
2614 4435 2806 4489 homini
2834 4434 3188 4497 tribueremus,
3213 4432 3305 4488 sed
3327 4444 3381 4488 ut

1795 4503 2042 4581 Deiﬂlio,
2071 4506 2409 4581 dequeipsius
2455 4507 2703 4581 sententia
2722 4503 2895 4581 Filius
2918 4504 3077 4581 i’atre
3101 4505 3384 4581 minorue-

1793 4574 2205 4647 prelienderetur.
2231 4574 2386 4647 Quod
2413 4578 2756 4645 Athanasius,
2783 4575 2877 4634 lib.
2900 4577 2965 4632 de
2992 4576 3203 4633 lucaris.
3229 4574 3387 4630 Chii-

1794 4646 1860 4702 Sti
1890 4691 1905 4715 ,
1960 4665 2079 4719 pag.
2132 4648 2257 4712 6'28.
2309 4651 2597 4706 conﬁrmat
2619 4648 2700 4704 his
2728 4650 2909 4705 verbis
2938 4666 2950 4701 :
2985 4646 3199 4719 Frustra
3225 4647 3384 4716 igitur

1794 4716 2102 4777 cavillantur
2154 4721 2356 4794 Ariani,
2396 4726 2482 4794 qui
2513 4716 3107 4794 curnenttantummodo
3154 4727 3383 4794 statuen-

128 4784 169 4867 in
203 4805 303 4867 quo
324 4784 591 4867 praeterea
644 4784 764 4867 cum
810 4789 926 4867 dici.
970 4784 1687 4867 ignorantiadispensationi
1714 4797 1888 4867 Dtes,
1914 4809 1996 4857 ea,
2023 4808 2137 4867 qua:
2186 4790 2250 4851 de
2293 4784 2900 4867 passioneintelligitur,
2942 4791 3009 4867 ad
3054 4787 3386 4867 iinputibilem

128 4861 306 4931 tacendi
325 4858 618 4925 tribuitur,
649 4858 1041 4928 dispensationis
1069 4860 1330 4931 vocabulo
1362 4877 1464 4914 nou
1492 4875 1685 4931 quem-

127 4926 377 5002 admodum
412 4932 501 4987 hic
555 4926 875 5002 intelligitur
914 4928 1228 5002 mysterium
1256 4926 1544 5002 assumpta:
1569 4946 1689 4988 car-

130 4946 377 4987 Iamooum
412 4946 501 4987 nte
556 4946 875 5002 intelligitur
914 4952 961 4988 ιιι
1006 4946 1228 4988 stertqu
1256 4946 1544 5002 assumpta:
1569 4946 1685 4988 car-

130 5000 214 5075 nis,
233 5003 329 5075 sed,
349 5004 679 5075 abstrusum
694 5001 786 5057 Dei
816 4946 1119 5075 censimum,
1149 5018 1256 5075 quo
1288 5002 1578 5074 prudenter
1602 5002 1685 5073 ju.

132 5070 298 5130 dicavit
317 5074 456 5129 hanc
486 5073 637 5128 diem
670 5072 973 5128 liomiuihns
1016 5088 1044 5128 a
1068 5070 1417 5130 Cht‘isto'uon
1450 5088 1571 5129 esse
1600 5070 1687 5131 re-

133 5142 403 5218 ttglandam.
462 5144 713 5218 Dubitari
761 5145 849 5218 vix
902 5155 1101 5218 potest,
1148 5145 1281 5218 quin
1334 5144 1435 5200 hoc
1478 5156 1688 5218 nierum

132 5212 477 5272 adnuntiatum
533 5216 628 5272 sit.
662 5216 729 5272 Et
773 5217 853 5272 vel
887 5212 953 5288 ex
1001 5215 1105 5272 hoc
1148 5212 1517 5281 confirmatur,
1545 5216 1689 5288 quod

132 5296 232 5341 cunt
270 5303 373 5344 non
421 5296 608 5343 exstet
637 5288 737 5342 nisi
782 5288 833 5342 iu
882 5287 1092 5344 duobus
1117 5303 1249 5343 mss.
1272 5302 1409 5358 quos
1436 5287 1691 5358 sciamus,

133 5366 288 5412 unum
339 5372 482 5414 unus
527 5372 643 5413 uno
699 5358 838 5417 loco.
871 5358 1045 5413 altero
1093 5357 1228 5414 alter
1270 5355 1403 5413 illud
1443 5355 1692 5415 collocat.

132 5421 385 5501 Prqhabile
432 5432 746 5501 etiatuest,
783 5428 913 5484 illud
968 5429 1211 5501 ejusdem
1242 5444 1387 5495 esse,
1413 5431 1565 5498 cujus
1614 5440 1697 5486 est

138 5488 695 5577 additameuttt_m__lihri
733 5488 806 5565 ix,
835 5488 1077 5577 quam'vis
1108 5510 1286 5556 exstet
1315 5488 1556 5570 in'lon'ge
1577 5502 1700 5575 pitt-

138 5564 261 5625 ribus
284 5586 439 5640 mss.;
474 5572 738 5627 lliiarium
772 5564 901 5626 vero
942 5572 1220 5643 utriusque
1266 5564 1540 5627 auctoru'n
1578 5564 1699 5628 (esse

136 5647 399 5697 stantum
448 5643 667 5713 ratione
707 5642 948 5713 cogitare
990 5645 1132 5713 licet,
1164 5650 1221 5697 ut
1250 5652 1369 5713 post
1394 5643 1699 5698 aitsOlutum

280 5712 627 5791 spnotaterit
657 5711 853 5791 nurum
881 5711 1165 5791 quemdam
1195 5711 1532 5791 capticaudte
1577 5728 1717 5785 prte-

145 5778 280 5838 dietze
310 5784 639 5857 ignorantiae
687 5778 913 5843 modum
951 5784 1199 5842 Patrituts
1244 5778 1365 5846 aliis
1412 5789 1543 5844 satis
1570 5778 1722 5846 com-.-

1797 4860 2212 4936 deitatem’impie
2249 4860 2491 4936 referunt.
2533 4864 2643 4921 Hac
2666 4860 2930 4936 sententia
2969 4860 3384 4936 sic_explicnta,

1796 4951 2071 5007 scopoque
2121 4932 2314 4991 Hilarii
2359 4946 2662 5007 perspecto,
2712 4932 2919 4990 facilius
2961 4933 3241 5007 capientur
3264 4946 3417 4999 qtae

1797 5000 2071 5135 sugjici'et,
2096 5014 2189 5063 aut
2224 5000 2373 5064 certe
2421 5000 2786 5079 suspiciunem
2829 5017 2934 5058 non
2982 5004 3054 5058 ita
3085 5000 3242 5058 facile
3267 5014 3385 5057 tuo-

1797 5094 1860 5135 ve
1904 5089 2018 5135 unt.

1797 5089 2018 5135 veDtIItt.

1894 5157 1941 5213 ε)
1976 5150 2099 5206 Vat.
2127 5150 2243 5206 has.
2279 5164 2437 5214 mss.,
2461 5144 2919 5203 commendationis
2945 5146 3175 5217 spiritus.

1895 5220 1950 5289 ά)
1979 5220 2170 5277 Excusi
2206 5223 2290 5278 hic
2311 5221 2515 5276 addunt
2539 5224 2616 5275 uel
2639 5220 2870 5287 terroris,
2903 5233 3012 5289 non
3034 5232 3163 5271 mss.

1869 5285 1944 5362 (ε)
1973 5290 2062 5347 Sic
2117 5308 2246 5348 mss.
2287 5294 2357 5348 At
2405 5292 2555 5356 editi,
2584 5308 2616 5345 a
2667 5285 2869 5362 timore.
2917 5288 3207 5362 [lic‘timor
3229 5285 3392 5362 algeo

1799 5356 2161 5435 arcetnrtpro
2189 5379 2296 5435 quo
2329 5363 2468 5435 mori
2502 5364 2609 5435 vita
2656 5360 2763 5435 sit:
2806 5375 2870 5416 ac
2924 5359 3149 5435 proinde
3191 5358 3259 5413 ali
3288 5356 3394 5415 huc

1801 5434 1965 5490 animi
1997 5433 2188 5490 aiiectu
2207 5431 2520 5490 rvindicatur
2548 5431 2796 5490 Christus
2818 5443 3087 5502 quatenus
3117 5431 3254 5486 Deus
3287 5437 3393 5497 est,

1802 5519 1909 5563 non
1934 5516 2205 5576 quatenus
2246 5508 2428 5560 homo.

1877 5570 2033 5704 (Qin
2070 5576 2321 5649 vulgatis,
2364 5576 2601 5649 denique.
2650 5574 2719 5631 Et
2759 5573 2848 5632 hic
2890 5573 3069 5630 denuo
3095 5570 3400 5633 ostenditur

1952 5648 2120 5704 ltristo
2165 5665 2288 5704 esse
2317 5660 2504 5704 natura
2534 5646 2709 5704 aliutta
2735 5646 2942 5702 timoris
2960 5657 3153 5704 expers
3181 5661 3194 5697 :
3226 5658 3400 5704 ueune

1821 5648 1874 5728 in
1904 5646 2120 5728 Christo
2153 5646 2296 5728 esse
2317 5646 2506 5728 natura
2534 5646 2709 5728 aliqua
2735 5646 2942 5702 timoris
2960 5657 3153 5728 expers
3181 5661 3194 5697 :
3226 5658 3419 5728 neque

1824 5714 1927 5791 hoc
1981 5721 2084 5776 nisi
2136 5716 2204 5776 de
2246 5721 2425 5779 divina
2468 5714 2807 5791 praedicatur,
2832 5734 2950 5791 quae
2991 5714 3244 5791 nimirum
3287 5714 3402 5782 sola

1829 5790 1987 5852 habet
2016 5792 2276 5864 ponendu-
2300 5789 2683 5863 atqueiterum
2718 5789 2993 5864 sumenda:
3013 5789 3209 5857 anitum
3227 5797 3408 5860 potes-

1838 5861 2030 5922 tatem;
2052 5863 2207 5936 Quod
2262 5861 2561 5925 illustratur
2587 5865 2672 5923 liis
2699 5861 2978 5921 Athanasii
3004 5874 3260 5920 sermone
3303 5872 3419 5922 ma-
