3930 6194
539 276 638 337 sai
1739 272 1982 331 SANCTI
2038 274 2290 332 lltl.Altll
2336 276 2640 334 EPISCOPI
3700 288 3782 341 διε

543 395 689 451 enim
721 394 904 465 generi
940 393 1062 448 vita:
1110 401 1342 448 mortem
1371 400 1459 445 aut
1511 390 1588 446 vis
1643 391 1901 455 exterior,
1934 389 1983 446 id
2036 401 2141 458 est,

2281 411 2497 452 minante
2519 397 2621 452 sub
2652 397 2942 452 voluntatis
2963 413 3072 453 sum
3103 397 3350 454 libertate
3378 399 3667 455 moriturus.
3693 401 3784 459 Non

544 488 730 556 febris,
768 487 1028 552 vulneris,
1061 499 1243 549 casus,
1274 485 1465 549 ruina),
1517 482 1831 554 degrassata
1860 485 1911 537 in
1944 499 2141 554 corpus
2241 500 2326 544 est
2359 489 2408 543 in
2443 490 2718 545 voluntate
2769 490 2848 564 (5)
2902 490 2972 564 (ε)
3009 492 3292 547 morientis
3323 501 3378 546 et
3425 501 3667 562 potestate
3702 513 3784 554 ιιοη

551 581 819 637 accelerat
846 597 860 646 ;
892 588 986 633 aut
1029 579 1142 648 ipsa
1187 585 1373 632 natura
1421 577 1666 647 corporis
1708 577 1875 632 nostri
1904 577 2057 631 senio
2087 576 2138 630 in
2243 581 2332 635 diu
2359 582 2491 637 mori
2524 583 2684 636 timor
2714 583 2907 638 mortis
2939 601 2952 638 :
2979 584 3099 655 quia
3130 592 3186 637 et
3217 584 3461 638 Voluntas
3495 586 3728 642 moriendi
3749 599 3788 644 ct

547 689 666 730 eam
713 672 882 742 ipsam
935 678 1163 726 mortem
1202 671 1340 724 victa
1394 668 1658 723 concedit.
1698 667 2011 739 Unigenitus
2041 683 2138 721 au-
2247 682 2486 745 potestas
2512 675 2863 730 rcvivisecndi
2897 686 3045 731 extra
3079 686 3325 732 naturam
3355 677 3557 732 timoris
3578 682 3789 746 est,dum

546 773 652 820 tem
698 764 839 818 Deus
892 765 964 817 ita
1016 770 1340 835 potestatem
1390 760 1595 816 habens
1634 761 1898 830 ponendae
1923 760 2139 827 animm,
2249 766 2425 820 timeri
2467 781 2613 820 mors
2644 782 2748 822 non
2807 777 2982 838 potest
3014 780 3067 824 et
3108 769 3159 824 in
3193 770 3467 825 voluntate
3497 773 3733 828 moliendi
3754 784 3796 830 et

548 856 628 929 (Ι)
653 863 710 910 ut
735 854 1179 920 resumendw,ad
1202 855 1566 926 peragendum
1591 856 1641 909 itt
1671 870 1730 910 se
1762 853 1950 908 mortis
1972 868 2147 908 sacra-
2248 857 2299 912 in
2332 867 2596 928 potestate
2619 859 2850 915 vivendi.

546 960 812 1015 mentum,
840 965 962 1003 cum
1004 957 1133 1020 poto
1158 956 1312 1002 aceto
1335 961 1744 1002 eonsumtnasse
1773 961 1833 1002 se
1857 961 2018 1000 omne
2047 945 2148 999 ltu-
2325 953 2410 1006 15.
2465 954 2543 1005 An
2572 969 2748 1022 poenas
2794 955 3037 1007 tinmrrit.
3071 985 3142 994 —
3181 955 3288 1011 Sed
3348 953 3485 1010 forte
3536 955 3733 1024 penduli
3757 957 3796 1012 in

546 1057 828 1098 manarum
884 1040 1200 1112 passionum
1253 1055 1388 1110 opus
1417 1038 1491 1112 (α)
1525 1047 1754 1093 testatos
1795 1047 1959 1104 esset,
1989 1036 2146 1091 incli-
2250 1059 2410 1098 cruce
2441 1046 2688 1114 corporis
2730 1045 2811 1116 (6)
2841 1060 3011 1114 ναξυιι)
3037 1046 3472 1116 t-tcolligantium
3498 1046 3686 1101 iunium
3711 1049 3799 1102 vio-

555 1143 683 1191 nato
711 1135 886 1204 capite
912 1133 1162 1202 spiritum
1196 1131 1416 1186 tradidit
1439 1129 1644 1202 (Joan.,
1680 1147 1792 1196 xix,
1816 1131 1934 1200 50).
1959 1129 2016 1185 Si
2047 1133 2149 1184 hoc
2252 1137 2394 1192 lenta
2428 1137 2657 1201 vincula,
2691 1148 2742 1192 et
2780 1139 3090 1193 adactorum
3132 1140 3406 1193 clavorum
3437 1139 3504 1210 (ι’)
3539 1140 3688 1194 cruda
3715 1142 3802 1194 vul-

555 1237 763 1285 naturae
813 1227 1052 1283 hominis
1095 1229 1184 1296 jus
1207 1226 1447 1280 relictum
1472 1235 1577 1292 est,
1600 1235 1658 1280 ut
1690 1240 1783 1296 per
1803 1241 1864 1280 se
1891 1224 2150 1279 exhalans

2281 1249 2379 1288 tera
2422 1243 2546 1288 sunt
2579 1233 2801 1288 timori?
2832 1234 2897 1288 Et
2922 1235 3196 1288 videamus
3229 1235 3385 1305 cujus
3413 1235 3650 1304 corporis
3674 1235 3803 1292 homo

549 1319 1297 1392 Spiritumrcquicscatazs
1320 1318 1370 1372 in
1391 1326 1643 1384 mortem,
1675 1327 1728 1372 et
1754 1333 1858 1372 non
1879 1317 2146 1371 dissoluto
2251 1323 2499 1379 Christus
2548 1327 2654 1392 sit;
2685 1336 2739 1380 ιιι
2791 1325 2844 1380 iu
2895 1341 3234 1395 suspenSam,
3287 1337 3342 1382 et
3387 1326 3462 1397 (g)
3495 1327 3742 1393 nudatam,
3764 1335 3806 1382 et

552 1428 782 1484 corpore
826 1411 1144 1468 labefactata
1190 1412 1367 1465 anima
1397 1410 1640 1476 decedat,
1669 1412 1750 1465 vel
1794 1409 2036 1480 abruptis
2061 1417 2154 1464 aut
2255 1419 2609 1474 trand'ossam
2651 1435 2870 1473 cm-ncm
2902 1419 3055 1476 dolor
3081 1419 3362 1475 manserit,

550 1506 812 1578 perfo:sis
858 1515 950 1560 aut
998 1504 1203 1561 collisis
1238 1504 1495 1558 membris
1529 1504 1753 1574 spiritus
1798 1511 2068 1573 tamquam
2099 1502 2151 1556 in
2326 1514 2488 1584 329
2519 1515 2607 1568 η,
2660 1513 2880 1569 undet"
2920 1514 3218 1585 corporibus
3259 1531 3456 1569 δεηειιδ,
3484 1545 3554 1554 ._
3578 1514 3644 1569 Ea
3691 1515 3805 1570 enim

552 1600 681 1656 sede
712 1615 807 1655 sua
838 1597 1067 1654 violatus
1106 1607 1353 1668 erumpat
1383 1605 1476 1651 aut
1515 1595 1697 1650 eilluat
1725 1612 1737 1648 :
1764 1595 1966 1650 incidat
1994 1594 2046 1648 in
2076 1593 2152 1666 (b)

2281 1617 2446 1660 natura
2473 1622 2764 1676 corporum
2796 1617 2900 1672 est,
2933 1606 3012 1679 (h)
3042 1617 3097 1661 ut
3144 1624 3210 1662 cx
3238 1607 3512 1662 consortio
3559 1608 3734 1661 anima:
3766 1609 3809 1662 in

554 1693 842 1748 Dominum
877 1693 1005 1748 vita:
1055 1692 1243 1746 mortis
1271 1698 1467 1755 metus,
1492 1690 1536 1744 si
1563 1688 1705 1759 quod
1735 1691 1935 1744 emisso
1963 1688 2155 1758 spiritu

2281 1713 2475 1754 .eusum
2525 1699 2812 1769 quemdam
2859 1701 3054 1754 animae
3100 1699 3384 1753 sentientis
3430 1700 3682 1764 animata,
3726 1715 3811 1756 non

552 1797 797 1843 mortuus
823 1796 925 1851 cst,
953 1800 1054 1840 non
1086 1785 1352 1841 libertatis
1397 1799 1510 1840 sua:
1551 1784 1616 1839 ad
1662 1783 1998 1839 moriendum
2025 1800 2151 1838 usus
2184 1792 2229 1852 Β
2257 1795 2326 1847 sit
2355 1793 2519 1848 hebes
2559 1793 2918 1864 inanimis.-lne
2947 1794 3197 1848 materies
3225 1810 3236 1844 ε
3267 1793 3359 1846 sed
3393 1803 3446 1847 ρι
3487 1802 3676 1848 θεωρία
3712 1809 3811 1847 seu.

555 1890 640 1938 est
691 1890 977 1952 potestate.
1011 1879 1165 1946 Quod
1217 1879 1262 1934 si
1289 1895 1354 1934 ex
1385 1894 1444 1934 se
1495 1887 1738 1934 mortuus
1765 1889 1869 1942 est,
1899 1885 1953 1932 et
1975 1893 2068 1949 per
2093 1892 2153 1932 se

2281 1886 2375 1950 iat,
2407 1894 2462 1941 et
2504 1896 2826 1956 compuncta
2863 1885 3065 1952 doleat,
3097 1897 3151 1940 ct
3179 1886 3363 1956 algetis
3395 1887 3583 1954 rigeat,
3621 1897 3668 1939 et
3707 1901 3815 1940 con-

553 1975 803 2046 ερῑτὶιυιη
832 1973 1060 2030 Γείιάῖάίι
1089 1989 1104 2040 ἱ
1135 1989 1240 2028 ιιοη
1280 1982 1362 2028 εει
1389 1981 1564 2028 ῑοιτοτ
1592 1972 1784 2027 mimis
1812 1973 1862 2025 ί¹¹
1889 1978 2153 2042 Ροιθειθίθ
2257 1981 2362 2035 fota
2393 1981 2646 2052 gaudeat,
2670 1990 2726 2036 et
2768 1981 2943 2035 inedia
2978 1980 3239 2046 tabescat,
3287 1988 3343 2034 et
3373 1979 3676 2050 pinguescat
3699 1979 3814 2034 cibo.

559 2067 848 2124 moriendi.
2258 2073 2341 2128 Ex
2373 2073 2606 2144 quodam
2623 2074 2766 2128 enim
2783 2073 3079 2128 obtinentis
3102 2087 3162 2127 se
3189 2074 3630 2142 penetrantisque
3655 2072 3818 2126 anima:

631 2163 719 2218 i2.
768 2161 880 2217 Nec
911 2164 1115 2233 corpori
1146 2179 1235 2218 nec
1263 2163 1472 2234 spiritui
1499 2179 1636 2218 mors
1663 2163 1760 2233 fuit
1796 2161 2056 2216 terribilis.
2084 2191 2156 2201 -—
2262 2177 2600 2230 transcursu,
2631 2166 2926 2222 secundum
2949 2181 3011 2220 ea
3042 2166 3094 2220 in
3121 2166 3316 2236 quibus
3338 2166 3463 2230 erit,
3502 2175 3592 2217 aut
3619 2164 3819 2218 oblecta.

555 2256 661 2314 Sed
735 2258 870 2312 forte
947 2257 1191 2311 humana!
1262 2257 1577 2328 ignorantia:
1655 2255 1938 2310 timiditate
2018 2253 2156 2310 hanc
2261 2270 2366 2327 tur,
2398 2268 2490 2314 aut
2515 2260 2747 2315 la'ditur.
2777 2258 2911 2314 Cum
2945 2261 3105 2330 igitur
3149 2268 3476 2329 compuncta
3529 2265 3617 2310 aut
3655 2255 3819 2311 effossa

557 2353 726 2422 ipsam
762 2351 841 2422 (Ξ)
875 2352 944 2422 (ε)
992 2351 1254 2407 moriendi
1297 2353 1348 2406 in
1381 2368 1440 2408 se
1483 2351 1659 2408 timuit
1698 2360 2020 2422 potestatem
2051 2366 2064 2415 ;
2099 2359 2158 2404 ut
2259 2366 2486 2422 Corpora
2515 2351 2718 2414 dolent,
2751 2368 2968 2406 sensum
2999 2353 3208 2407 doloris
3236 2353 3522 2408 transfusa:
3551 2353 3601 2406 in
3638 2365 3694 2404 ea
3729 2349 3821 2404 ani-

555 2444 685 2502 licet
706 2443 774 2500 ab
812 2459 870 2499 se
897 2443 975 2516 (3)
1005 2453 1248 2499 mortuus
1295 2443 1385 2510 sit,
1427 2453 1606 2500 tamen
1658 2443 1760 2498 hoc
1789 2444 1985 2514 ipsum,
2011 2442 2154 2513 quod
2261 2462 2361 2501 ma:
2402 2460 2594 2500 sensus
2635 2447 2890 2502 admittit.
2922 2449 3160 2518 Denique
3193 2447 3387 2502 vulnus
3413 2445 3656 2516 corporis
3681 2458 3823 2513 usque

559 2537 854 2592 moriturus
893 2546 1058 2596 esset.
1094 2538 1351 2592 timuerit.
1389 2537 1457 2593 Et
1501 2537 1548 2594 si
1582 2535 1720 2592 forte
1749 2545 1930 2602 erunt,
1963 2537 2053 2606 qui
2086 2537 2154 2589 ita
2261 2535 2326 2594 ad
2353 2540 2450 2594 hos
2477 2539 2645 2607 dolet,
2680 2551 2735 2596 et
2758 2541 2906 2611 digiti
2962 2541 3326 2596 euidentium
3368 2539 3547 2610 (alias,
3593 2536 3824 2594 exceden-

556 2631 1347 2697 existimabuat;constituant
1399 2631 1485 2686 cui
1541 2633 1618 2687 rei
1673 2632 1985 2688 existiment
2016 2647 2160 2686 mor-
2263 2632 2418 2702 tium)
2465 2648 2531 2687 ex
2559 2647 2724 2687 Carne
2773 2635 3029 2703 unguium
3082 2635 3438 2704 praesegmina
3484 2633 3735 2688 nesciunt.
3773 2631 3824 2684 Et

559 2733 666 2781 tem
726 2725 890 2781 fuisse
937 2709 1258 2792 terribilem,
1293 2726 1541 2797 Spiritui,
1573 2743 1638 2780 an
1670 2728 1910 2796 corpori.
1956 2727 2012 2782 Si
2039 2741 2158 2782 cor-
2264 2725 2307 2779 si
2341 2726 2558 2796 quando
2590 2727 2879 2783 accedente
2898 2729 3028 2784 vitio
3061 2743 3181 2798 pars
3209 2728 3390 2798 aliqua
3421 2737 3664 2797 corrupta
3686 2741 3825 2780 mem-

558 2819 674 2891 pori
701 2834 716 2884 ;
747 2834 887 2873 anne
920 2819 1190 2891 ignorant,
1222 2820 1366 2892 quod
1382 2819 1581 2876 Sancto
1612 2821 2016 2888 cormptionem
2050 2835 2156 2876 non
2264 2818 2504 2886 brorum,
2558 2835 2775 2875 sensum
2819 2821 2957 2875 viva:
3005 2821 3185 2876 carnis
3216 2820 3494 2886 amiserit;
3525 2835 3586 2875 ea
3626 2834 3736 2873 cum
3758 2816 3826 2872 vel

557 2912 740 2968 vi~uro
795 2911 933 2985 (Ps.
983 2929 1068 2978 xv,
1131 2914 1259 2985 10),
1313 2913 1451 2968 intra
1494 2915 1728 2968 triduum
1781 2915 2026 2983 corporis
2077 2914 2159 2969 sui
2265 2913 2608 2968 desecabitur
2640 2915 2718 2968 vel
2764 2925 2970 2980 uretnr,
3021 2914 3263 2969 dolorem
3307 2914 3554 2985 quisquis
3601 2927 3710 2968 esse
3751 2927 3829 2981 po-

558 3008 817 3078 templum
849 3018 995 3064 esset
1040 3012 1440 3065 suscitaturus?
1481 3011 1538 3066 Si
1573 3025 1700 3065 vero
1747 3011 1968 3082 Spiritui
2016 3028 2160 3066 mors
2268 3008 2480 3072 tuisset,
2513 3023 2616 3060 non
2649 3017 2900 3062 manente
2932 3008 2982 3062 in
3014 3023 3074 3062 ca
3104 3010 3296 3062 animo:
3329 3008 3702 3078 permixtione,
3741 3021 3828 3060 nou

560 3100 816 3156 terribilis
843 3101 1067 3176 est;(i)
1100 3102 1176 3176 (ά)
1219 3103 1423 3158 LaZaro
1468 3104 1519 3158 iu
1575 3103 1806 3160 Abraltze
1840 3104 2047 3160 sinibus
2069 3105 2162 3159 lte-
2270 3101 2486 3155 sentiet.
2533 3100 2640 3156 Aut
2685 3116 2807 3155 cum
2853 3101 3031 3172 gravis
3079 3103 3371 3156 necessitas
3418 3100 3685 3156 recidendi
3727 3113 3829 3154 cor-

561 3201 724 3258 tante,
756 3192 1022 3248 infernum
1070 3193 1235 3249 chaos
1271 3193 1520 3250 Christus
1546 3197 1802 3252 timeret?
1827 3196 1956 3252 Haec
1993 3197 2153 3251 stulta
2182 3197 2225 3258 C
2261 3197 2408 3268 poris
2434 3207 2635 3263 manet,
2665 3195 2932 3251 medicato
2974 3206 3102 3266 potu
3130 3195 3447 3265 consopitur
3473 3198 3621 3266 vigm-
3643 3196 3828 3256 animai,

559 3296 720 3355 atque
751 3283 974 3340 ridicula
1005 3297 1151 3351 sunt,
1186 3297 1241 3341 ut
1271 3287 1323 3340 in
1357 3297 1622 3356 potestate
1653 3289 1913 3357 ponenda:
1957 3289 2154 3343 animze
2263 3299 2317 3344 et
2344 3290 2397 3344 in
2427 3298 2724 3345 emortuam
2755 3302 2948 3342 sensus
2971 3288 3054 3341 sui
3077 3287 3403 3341 oblivionem
3436 3303 3587 3343 ruens
3625 3285 3701 3359 (Ἰ)
3726 3300 3826 3341 suc-

558 3389 623 3432 ac
674 3377 1013 3433 resumenda:
1068 3379 1202 3434 mori
1235 3380 1470 3445 timeret,
1503 3379 1569 3434 ad
1598 3389 1994 3436 sacramentum
2034 3383 2156 3437 vita:
2263 3383 2343 3440 cis
2383 3383 2443 3457 (i)
2490 3383 2899 3438 violentioribus
2947 3390 3206 3452 occupata
3254 3380 3562 3437 coniicitur.
3623 3387 3694 3436 Ac
3741 3391 3832 3434 tuut

631 3496 714 3568 (1)
750 3496 844 3553 Vel
872 3499 1213 3554 resumendae.

631 3566 712 3639 (2)
743 3569 798 3624 In
824 3587 926 3625 ms.
964 3571 1161 3626 Veron.
1187 3571 1270 3625 hic
1295 3566 1512 3624 additur
1534 3579 1710 3623 suam.

633 3640 718 3708 (3)
743 3642 797 3694 In
836 3643 978 3706 aliis,
1002 3645 1299 3698 moriturus.

635 3710 720 3778 (4)
750 3710 1026 3767 Eleazaro.

559 3804 680 3873 jore
723 3807 817 3877 de‘
839 3805 944 3859 [ide
964 3807 1103 3876 apud
1145 3805 1548 3862 Theodoretum
1598 3807 1820 3877 Dialogo
1862 3822 1958 3861 ill:
1990 3805 2157 3862 Homo

565 3883 734 3928 autent
781 3874 1101 3942 Dominieus,
1133 3895 1223 3932 nec
1269 3881 1316 3932 ri
1345 3879 1506 3933 morbi
1535 3874 1824 3950 superatus,
1856 3897 1948 3934 nec
1975 3881 2160 3933 inritus

569 3957 798 4002 mortuus
827 3957 934 4002 est:
969 3950 1056 4003 sed
1101 3967 1194 4003 sua
1237 3961 1415 4019 sponte
1445 3953 1574 4005 venit
1597 3951 1664 4003 ad
1690 3954 1866 4006 mortis
1897 3951 2162 4015 dispensa—

566 4019 774 4078 tionem.
807 4020 1164 4076 corroboratus
1187 4021 1251 4076 ab
1274 4022 1586 4077 inhobitante
1612 4023 1661 4075 in
1689 4023 1801 4088 ipso
1833 4021 1940 4076 Deo
1977 4021 2160 4087 Verbo,

566 4089 653 4159 qui
683 4092 832 4155 dixit,
861 4090 1029 4145 Nemo
1057 4093 1188 4148 tollit
1218 4095 1443 4147 animum
1485 4111 1648 4148 meam
1687 4110 1716 4145 a
1742 4109 1840 4159 me,
1874 4105 1979 4149 etc.
2014 4092 2162 4146 Divi-

567 4161 702 4214 nitas
723 4178 841 4241 ergo
864 4161 1002 4241 _Filii
1036 4174 1130 4230 est,
1159 4182 1274 4236 qum
1302 4176 1346 4241 et
1395 4168 1558 4241 ponit,
1584 4176 1630 4220 et
1659 4182 1837 4219 rursus
1866 4168 2017 4220 sumit
2048 4165 2164 4217 ani-

568 4247 710 4307 mam
737 4236 956 4288 hominis
977 4252 1124 4307 quem
1149 4238 1378 4306 gestavit.

642 4303 719 4376 (ιι)
760 4303 1344 4376 ΑΙὶιιιιοι⁷ιιιςε.’ρι·οὶ);ιε
1373 4319 1534 4372 notae,
1552 4317 1762 4363 testatus
1783 4317 1875 4362 est.

645 4375 726 4449 (b)_
754 4375 914 4430 Vetus
959 4392 1060 4431 ms.
1098 4375 1280 4445 Colb.,
1311 4381 1364 4434 in
1415 4379 1577 4433 Deum
1621 4381 1756 4434 uiue.
1801 4378 1968 4448 Magis
1993 4377 2169 4449 placet

568 4443 873 4511 Dominum,
904 4449 1160 4518 quamvis
1199 4443 1299 4504 hoc
1329 4452 1492 4505 verho
1519 4451 1698 4505 divina
1741 4443 1930 4504 natura
1958 4443 2167 4518 signiti-

570 4525 876 4590 cetur,qu:e
907 4518 1029 4574 hinc
1053 4524 1104 4573 in
1130 4517 1346 4574 Christo
1376 4522 1794 4587 demonstratur,
1830 4519 1972 4590 quod
2001 4517 2068 4576 ex
2111 4537 2170 4575 se

571 4588 812 4665 moriens
863 4590 984 4665 jore
1034 4591 1187 4665 nulli
1219 4590 1502 4647 hominum
1568 4604 1774 4646 naturae
1824 4588 2014 4647 relicto
2048 4608 2168 4647 sese
2197 4648 2244 4665 η
2274 4605 2450 4665 potest
2478 4593 2630 4648 reddi
2662 4609 2674 4644 :
2705 4592 2820 4646 Non
2846 4601 2928 4645 est
2957 4591 3119 4665 timor
3141 4589 3332 4644 mortis
3356 4591 3409 4644 in
3441 4605 3530 4656 eo,
3553 4590 3640 4665 qui
3672 4597 3810 4665 spont

571 4661 805 4737 gaudere
831 4661 1235 4737 palamt‘eeerit.
1273 4733 1285 4737 _
1311 4733 1342 4737 η
1845 4734 1857 4737 _
2195 4661 2247 4707 υ
2276 4661 2438 4737 atque
2469 4681 2534 4720 ex
2565 4665 2840 4737 voluntate
2872 4661 3096 4737 moritur
3145 4670 3200 4715 et
3230 4669 3409 4732 potest
3437 4677 3543 4715 non
3584 4662 3672 4715 diu
3696 4661 3832 4721 mori,

647 4733 722 4806 (ς)
748 4733 803 4787 lu
829 4734 1053 4804 vulgatis
1087 4735 1174 4788 hic
1202 4733 1436 4806 additur
1463 4749 1609 4788 suam
1635 4750 1652 4790 :
1679 4748 1782 4806 vox
1811 4734 1967 4790 abest
2010 4751 2036 4788 a
2069 4750 2166 4806 po-
2276 4733 2371 4794 seu
2394 4738 2501 4792 cito
2535 4737 2598 4788 ad
2625 4736 2784 4788 vitam
2816 4733 3013 4806 redire.
3046 4805 3050 4806 ν
3245 4805 3252 4806 γ
3444 4767 3447 4770 -

575 4804 802 4859 tioribus
848 4803 978 4858 mss.
1015 4821 1078 4860 ac
1107 4804 1284 4860 verbis
1312 4806 1363 4858 in
1395 4821 1447 4859 se
1474 4806 1607 4859 satis
1639 4805 1980 4875 exprimitur,
2015 4803 2161 4874 puta,
2351 4809 2402 4877 (Ῑ
2453 4807 2794 4862 Pratcllensis
2818 4803 2987 4859 codex
3019 4805 3149 4859 dura
3169 4805 3400 4858 uulnera.

576 4893 638 4930 ac
662 4875 908 4950 inoriendi
937 4887 1252 4950 patestatem,
1279 4892 1398 4950 qua:
1426 4878 1476 4930 in
1498 4893 1551 4930 se
1566 4876 1673 4950 Asita
1698 4887 1832 4944 erat,
1861 4877 2056 4950 timuit.
2349 4806 2424 4950 (gi
2455 4879 2508 4933 in
2542 4895 2669 4934 mss.
2714 4876 2876 4930 Corb.
2930 4882 2984 4950 et
3026 4876 3342 4950 quibusdam
3385 4892 3400 4928 ς

576 4893 638 4930 ac
662 4875 908 4952 moriendi
937 4887 1252 4952 potestatem,
1279 4892 1398 4952 qua:
1426 4878 1476 4930 in
1498 4876 1673 4952 se_sit_a
1698 4873 1832 4944 erat,
1861 4873 2056 4952 timuit.
2148 4873 2153 4874 γ
2455 4879 2669 4952 lnimss.
2714 4876 2876 4930 Corb.
2930 4882 2984 4952 et
3026 4876 3342 4952 quibusdam
3385 4875 3527 4952 aliis,
3576 4873 3831 4934 nudatam,

652 4944 734 5019 ((1)
765 4944 1092 5019 Vetustiores
1124 4963 1253 5002 mss.
1287 4944 1534 5002 Eleazaro
1565 4947 1784 5010 habent,
1810 4965 1914 5002 non
1945 4947 2163 5003 Lazaro.

2335 3497 2417 3570 (5)
2454 3499 2723 3553 Morientis
2752 3514 2911 3551 mors.

2333 3568 2413 3642 (6)
2451 3570 2642 3638 Pana;
2675 3583 2820 3637 mox,
2850 3584 3022 3637 crura,
3047 3582 3152 3624 non
3176 3568 3356 3622 cruda.

2335 3643 2415 3716 (7)
2449 3643 2584 3698 Scis.

2266 3826 2433 3867 mana
2454 3806 2749 3880 ignorantia
2777 3806 3165 3880 proﬁciscatur.
3202 3805 3430 3880 Demom
3457 3804 3557 3880 hoc
3579 3819 3835 3873 argumen-

2266 3894 2378 3940 tum
2423 3876 2490 3938 iis
2529 3890 2703 3948 porest
2751 3876 3050 3940 accenscri,
3085 3894 3202 3946 qum
3256 3877 3325 3929 ad
3351 3876 3606 3930 hominem
3644 3885 3834 3932 vocant.

2268 3965 2321 4010 et
2343 3971 2406 4009 cx
2439 3951 2869 4005 adversariorum
2901 3950 3169 4003 sententia
3198 3948 3576 4002 coniiciuntur.

2340 4023 2412 4096 (e)
2443 4023 2560 4077 Vat.
2597 4024 2710 4074 has.
2751 4037 2851 4074 ms.
2891 4022 2943 4073 in
2995 4024 3254 4096 uoluntate
3295 4020 3500 4096 mortis.
3529 4019 3581 4072 In
3616 4017 3834 4086 vulgatis,

2270 4089 2529 4150 morientis
2584 4109 2720 4147 mors
2747 4109 2764 4146 :
2795 4101 3066 4161 corrupte.
3098 4091 3233 4144 Tum
3277 4093 3417 4161 apud
3464 4089 3556 4143 Er.
3587 4098 3641 4143 et
3686 4099 3839 4159 poste-

2273 4170 2444 4222 riores
2473 4165 2757 4229 editiones,
2802 4175 2847 4216 et
2876 4165 2927 4216 in
2979 4172 3221 4230 potestate
3248 4179 3349 4214 non
3375 4163 3466 4215 diu
3493 4163 3544 4213 in
3569 4170 3726 4214 morte
3747 4176 3837 4212 uta-

2273 4240 2428 4294 nendi
2479 4240 2647 4289 timor.
2674 4234 2733 4289 in
2761 4235 2969 4289 duobus
3000 4250 3131 4288 mss.
3169 4231 3322 4286 Colb.
3357 4245 3409 4287 et
3457 4249 3561 4288 uno
3603 4232 3832 4295 Sorhou.,

2273 4321 2321 4366 et
2347 4311 2565 4381 potentis
2597 4323 2695 4360 non
2743 4307 2830 4359 diu
2879 4307 3026 4381 mori,
3051 4313 3155 4381 etc.
3208 4304 3264 4381 In
3299 4303 3602 4381 antiquiore
3653 4302 3788 4381 Colb.
3821 4317 3836 4353 :

2277 4375 2398 4437 Non
2419 4390 2494 4434 est
2516 4381 2567 4432 in
2597 4387 2842 4447 potestate
2862 4376 3108 4429 moriendi
3132 4375 3393 4429 morientis
3437 4386 3486 4429 et
3517 4375 3728 4447 potentis
3754 4388 3837 4424 non

2273 4455 2362 4507 ditt
2386 4469 2494 4507 esse
2517 4446 2791 4511 mortuum,
2815 4459 2860 4501 et
2888 4456 3140 4517 potentem
3160 4462 3259 4500 non
3287 4447 3376 4500 diu
3405 4447 3536 4500 mori
3560 4446 3706 4499 timor
3723 4459 3839 4517 mor—

2273 4526 2358 4580 tis.
2388 4524 2628 4577 Caeteros
2654 4516 2928 4586 sequimur
2959 4535 3088 4573 mss.
3115 4534 3341 4588 quorum
3375 4518 3534 4572 lectio
3556 4517 3745 4571 clarius
3778 4516 3834 4566 ita

2274 4605 2450 4668 potest
2478 4593 2674 4668 reddi:
2705 4592 2820 4646 Non
2846 4601 2928 4645 est
2957 4591 3119 4668 timor
3141 4589 3332 4644 mortis
3356 4591 3409 4644 in
3441 4605 3530 4656 eo,
3553 4590 3640 4668 qui
3672 4597 3835 4665 sponte

2277 4947 2439 5006 male.
2490 4951 2599 5005 Hac
2657 4957 2712 5004 et
2777 4947 3041 5016 superiori
3087 4947 3353 5002 sententia
3407 4948 3628 5001 docetur
3667 4956 3837 5010 corpus

579 5017 858 5073 vocabulo
889 5018 1118 5089 Spiritus
1161 5031 1406 5074 naturam
1440 5019 1674 5074 divinam
1717 5020 1805 5074 hic
1841 5021 2063 5090 intelligi
2105 5021 2168 5074 li-

579 5100 710 5161 quet
733 5105 799 5145 ex
827 5106 974 5145 num.
1032 5092 1125 5154 3i,
1152 5103 1342 5162 eStque
1369 5092 1648 5162 adrquata
1670 5091 1869 5148 Christi
1899 5094 2088 5147 divisio
2115 5093 2164 5147 in

579 5109 710 5161 quet
733 5109 799 5145 ex
827 5109 974 5145 num.
1032 5109 1125 5154 οι,
1152 5109 1342 5162 eStque
1369 5109 1482 5146 aur
1528 5109 1648 5147 nata
1670 5109 1869 5148 blll‘tSlt
1899 5109 2088 5147 utvtsm
2115 5110 2164 5147 ιιι

579 5176 779 5232 Corpus
802 5173 854 5216 et
883 5162 1164 5232 Spiritum,
1204 5164 1254 5216 id
1285 5175 1388 5228 est,
1418 5109 1774 5220 initomincm
1797 5176 1851 5220 et
1890 5166 2091 5230 Deum;
2119 5177 2172 5220 et

582 5247 647 5308 ea
664 5234 878 5308 quidem
893 5235 1294 5290 accommodata
1310 5239 1592 5291 sententiae
1609 5239 1949 5303 Arianorum,
1975 5253 2172 5308 corpus

583 5305 636 5379 in
661 5306 878 5361 Christo
906 5308 1186 5361 dumtaxat
1234 5317 1288 5362 ct
1312 5323 1619 5364 sermonem
1651 5311 1793 5364 vices
1829 5311 2022 5364 animat
2046 5305 2174 5379 sup-

585 5376 823 5446 plentem
896 5380 1328 5448 agnoscentium.
1377 5381 1581 5447 Quibus
1633 5380 1868 5436 ostendit
1913 5376 2167 5446 Hilarius,

585 5464 694 5503 non
721 5459 964 5505 neutram
1002 5451 1150 5506 illam
1194 5462 1436 5504 naturam
1484 5454 1660 5507 timori
1690 5468 1811 5508 esse
1859 5452 2170 5520 obnoxiam,

586 5523 680 5577 sed
707 5523 836 5578 nihil
864 5538 986 5578 esse
1026 5537 1203 5577 causa:
1247 5537 1342 5576 cur
1369 5521 1616 5577 Christus
1658 5524 1897 5578 alterutri
1948 5523 2167 5578 timeat:

583 5595 736 5664 juxta
763 5610 882 5664 qua:
906 5595 1239 5661 Augustinus
1262 5593 1314 5646 in
1343 5610 1423 5663 p-‘.
1449 5609 1629 5660 xcxtn,
1662 5613 1714 5651 ιι.
1749 5595 1815 5651 19
1849 5613 1860 5647 :
1891 5594 1961 5648 Te
1994 5597 2176 5665 praesi-

588 5667 758 5737 gnavit
787 5665 1130 5737 Dontinus_in
1174 5681 1267 5717 sua
1307 5665 1624 5731 inﬁrmitate,
1650 5683 1751 5721 non
1787 5683 1840 5721 se
1863 5685 1880 5719 .'
1913 5683 2014 5721 non
2042 5669 2175 5720 enint

586 5734 790 5802 timebat
839 5734 984 5802 tertio
1011 5735 1092 5787 die
1119 5744 1515 5802 resurrecturus.
1561 5737 1794 5792 Prtetera
1831 5753 1934 5792 non
1971 5738 2057 5792 hic
2087 5751 2178 5794 re—

587 5801 796 5879 l‘pttitttt‘
831 5800 1147 5870 simpliciter
1188 5800 1366 5868 timor,
1411 5806 1503 5858 seu
1544 5807 1589 5858 is
1637 5803 1840 5861 tantum
1872 5805 1957 5874 qui
1987 5820 2048 5862 ex
2084 5807 2181 5862 limI

2278 5021 2478 5077 Christi
2521 5035 2626 5075 non
2671 5019 2797 5074 solis
2849 5015 3042 5081 clavis,
3097 5019 3191 5073 sed
3220 5019 3469 5072 violentis
3513 5016 3709 5072 iunium
3736 5015 3835 5067 vin-

2279 5095 2418 5148 culis
2469 5093 2612 5148 cruci
2686 5091 2850 5145 fuisse
2894 5089 3220 5160 colligatum.
3269 5090 3406 5144 Tum
3454 5089 3517 5143 ad
3571 5088 3833 5160 marginem

2276 5165 2511 5230 Erasmi,
2543 5165 2689 5218 dolor
2732 5162 3002 5236 invaserit;
3026 5156 3169 5236 quod
3216 5177 3251 5236 a_
3299 5161 3480 5236 Lipsio
3519 5156 3833 5236 absque-alia

2275 5238 2594 5291 auctoritate
2632 5246 2927 5304 arreptum,
2961 5229 3155 5287 deinde
3203 5229 3533 5286 obtinuerat.
3563 5231 3676 5284 .lam
3726 5229 3836 5304 legi-

2277 5325 2397 5363 tnus
2425 5310 2477 5362 in
2508 5324 2586 5378 ps.
2613 5299 2771 5374 Lvnt,
2794 5323 2847 5359 n.
2873 5299 2948 5378 7::
2986 5305 3115 5372 Qua:
3161 5305 3212 5357 in
3240 5305 3553 5378 impietatem
3585 5299 3754 5378 populi
3772 5315 3834 5350 rs-

2274 5391 2383 5436 sent
2429 5374 2688 5434 mansura.
2755 5375 3019 5444 Quocirca
3079 5390 3184 5429 non
3252 5376 3427 5444 placet
3465 5377 3607 5443 quod
3651 5374 3700 5427 in
3735 5382 3834 5444 uno

2277 5467 2308 5505 e
2361 5466 2490 5506 mss.
2524 5450 2694 5505 Vatic.
2756 5443 2809 5503 ut
2862 5463 3109 5518 suspensa
3152 5457 3196 5500 et
3251 5443 3440 5500 nodato
3483 5454 3529 5499 et
3582 5443 3834 5512 transfosso

2275 5539 2450 5587 carne,
2482 5533 2588 5577 etc.

2351 5586 2616 5667 (h)’Solus
2645 5592 2813 5667 codex
2845 5591 2964 5667 Val.
2995 5590 3134 5653 bas.,
3180 5600 3234 5642 ut
3276 5586 3730 5667 nisi_e.t:_consortio
3755 5601 3766 5635 :
3793 5588 3835 5667 et

2280 5660 2424 5724 mox
2453 5682 2555 5718 non
2599 5665 2818 5718 sentiant
2845 5665 3014 5727 hebes,
3063 5678 3158 5731 pro
3199 5678 3300 5715 non
3344 5662 3420 5731 sit
3455 5661 3633 5731 hebes:
3661 5666 3711 5712 et
3735 5660 3836 5724 post

2281 5723 2472 5812 pauca,
2505 5751 2565 5790 ea;
2590 5732 2862 5812 cujusdam
2892 5723 3179 5812 ettitlt,-pl‘Q_
3202 5723 3827 5812 ea;quatiant.eninthLMJ

2355 5809 2419 5876 tt)
2452 5794 2506 5858 in
2551 5794 2818 5862 veteribus
2850 5816 2976 5860 mss...
3016 5794 3183 5869 turis}
3214 5794 3332 5858 cum
3366 5799 3542 5858 nitier}.
3575 5799 3625 5860 ιιι
3654 5794 3828 5868 “Plui?”
