3930 6194
119 302 207 357 555
1280 294 1368 351 DE
1409 294 1683 352 TRlNl'l‘A

1822 297 2026 354 LIBER
2070 296 2136 353 Χ.

3250 300 3358 361 554

115 413 281 470 doloris
322 410 489 466 nescia
521 411 761 468 membra
789 410 1087 479 caeduntur,
1118 418 1173 467 ct
1198 425 1415 468 omnem
1444 411 1523 486 (a)
1553 412 1649 468 alti
1676 415 1732 477 Α
1756 413 1887 469 Nam
1935 398 2041 485 quo
2087 412 2250 469 modo
2300 412 2440 469 filius
2489 414 2581 470 Dei
2610 413 2844 471 hominis
2870 415 3010 473 [ilius
3036 417 3141 472 erit
3166 426 3352 487 natus;

116 508 312 563 vulneris
335 506 534 576 plagam
562 520 757 562 sensus
788 507 966 562 carnis
1004 515 1301 573 emortuus,
1349 521 1515 561 sensu
1542 507 1657 561 ani-

116 613 199 654 ma:
237 598 283 652 in
325 610 381 652 se
408 597 666 664 torpentis
716 599 917 653 evadit.
966 596 1140 652 Aﬂ‘ert
1186 597 1368 668 itaque
1409 597 1656 653 dolorem

116 706 195 764 per
218 692 393 746 anima:
418 691 643 747 infirmis
683 690 1093 759 admixtionem,
1124 691 1179 746 in
1225 691 1498 747 inﬁrmum
1528 706 1658 748 sen-

114 802 211 843 sum
229 799 368 841 suum
395 800 589 854 corpus
615 785 934 843 animalum.

175 874 245 930 15.
276 874 412 931 Unde
433 873 622 931 Christi
648 892 837 945 corpus
858 887 904 931 et
925 877 1196 931 anima.—
1220 876 1276 933 Si
1304 875 1465 948 igitur
1495 876 1658 933 homo

117 970 246 1027 iesus
269 967 505 1025 Christus
535 983 629 1040 per
657 969 807 1025 initia
836 970 1082 1043 corporis
1117 979 1280 1040 atque
1321 970 1517 1025 animae
1564 985 1660 1026 no-

117 1076 219 1119 stra:
243 1063 363 1117 vixit
387 1062 437 1116 in
465 1076 717 1133 corpore,
751 1071 807 1119 et
837 1078 944 1118 non
974 1062 1046 1118 ita
1078 1070 1136 1117 ut
1174 1062 1420 1133 corporis
1451 1065 1551 1128 soi,
1583 1062 1664 1118 sic

116 1174 159 1219 et
195 1163 365 1217 anima:
408 1176 518 1217 sum
542 1162 797 1233 princeps
828 1161 994 1229 Deus,
1020 1162 1101 1231 (1)
1145 1162 1199 1216 in
1254 1159 1658 1216 similitudinem

116 1256 249 1328 330
271 1255 490 1310 hominis
516 1256 863 1320 constitutus,
895 1266 949 1311 et
975 1254 1160 1310 habitu
1190 1265 1440 1325 repertus
1464 1263 1523 1310 ut
1564 1255 1665 1310 ho-

116 1365 187 1406 mo
211 1359 346 1404 natus
374 1355 489 1413 est;
540 1348 618 1420 (ὁ)
647 1347 889 1403 dolorem
918 1347 1150 1404 senserit
1191 1347 1434 1419 corporis
1479 1346 1671 1410 nostri,

117 1443 277 1497 animai
303 1451 495 1498 nostrae
521 1452 577 1497 et
603 1442 867 1513 corporis,
903 1450 962 1496 ut
1013 1451 1297 1509 conceptu,
1330 1441 1399 1495 ita
1430 1439 1666 1505 et‘ioitio

118 1535 412 1591 animatusin
441 1550 691 1606 corpore.
733 1533 887 1603 Quod
931 1535 976 1589 si
1015 1544 1291 1604 assumpta
1337 1533 1437 1588 sihi
1472 1546 1568 1601 per
1608 1546 1668 1587 se

116 1646 169 1685 es
192 1629 386 1698 Virgine
416 1644 606 1697 carne,
639 1630 753 1702 ipse
780 1630 880 1686 sibi
916 1629 991 1701 (Ξ)
1022 1628 1091 1701 (c)
1139 1640 1192 1684 et
1232 1645 1297 1684 ex
1345 1644 1405 1684 se
1432 1629 1666 1683 animam

119 1722 325 1792 concepti
355 1737 448 1793 per
478 1737 537 1776 se
568 1721 811 1791 corporis
834 1721 1134 1790 cooptavit;
1161 1719 1453 1776 secundum
1473 1719 1668 1773 animo:

116 1816 423 1887 corporisque
494 1826 763 1878 naturam,
839 1829 1060 1870 necesse
1108 1822 1192 1870 est
1247 1824 1299 1869 et
1360 1813 1667 1882 passionum

119 1906 255 1963 fuisse
279 1917 537 1962 naturam.
573 1906 855 1962 Evacuans
882 1921 940 1962 se
971 1905 1113 1962 enim
1141 1921 1207 1961 ex
1239 1904 1335 1961 Dei
1381 1905 1573 1967 forma.
1617 1914 1672 1959 et

115 2000 306 2056 fortnam
346 2002 483 2056 servi
531 1999 830 2071 accipiens,
880 2009 932 2054 et
982 1997 1124 2052 ﬁlios
1176 1998 1266 2054 Dei
1312 1998 1473 2052 etiam
1528 1994 1673 2052 lilius

118 2092 312 2149 hominis
339 2107 591 2157 nascens,
615 2108 683 2148 ex
706 2107 766 2148 se
797 2107 1000 2163 suaque
1027 2092 1225 2147 virtute
1254 2106 1359 2145 non
1390 2090 1672 2158 deficiens,

114 2184 228 2241 Deus
253 2184 475 2241 Verbum
509 2182 595 2257 (ά)
634 2182 1030 2240 consummavit
1076 2181 1350 2237 hominem
1378 2182 1671 2238 viventem.

169 2322 236 2396 (Ι)
261 2323 709 2396 Ιιιδίηιίιὶιμάὶῃε;
737 2337 946 2396 graece,
983 2323 1032 2377 ἐν
1061 2321 1366 2396 ὁμοιώματι.
1392 2318 1481 2375 Sic
1511 2319 1668 2387 infra,

117 2393 238 2449 nunt.
266 2395 352 2461 25,
389 2397 443 2449 in
481 2394 822 2449 similitudine
849 2394 1067 2448 hominis
1089 2393 1421 2447 constitutus.

172 2465 241 2540 (2)
266 2465 436 2523 Codex
465 2465 673 2521 Veron.
703 2484 793 2537 per
820 2482 891 2534 se,
919 2466 1124 2535 absque
1156 2463 1414 2536 particula
1445 2471 1513 2517 et.

118 2590 272 2646 codice
292 2589 608 2647 Colbertino
636 2588 988 2659 quaternione
1016 2585 1103 2659 hie
1122 2585 1341 2659 avulso,
1368 2582 1681 2659 desideran-

121 2673 190 2718 tur
211 2678 319 2729 qute
345 2662 412 2718 ab
442 2663 573 2717 hinc
604 2655 772 2729 usque
800 2659 867 2714 ad
895 2673 1045 2713 num.
1075 2658 1139 2712 51
1176 2655 1539 2712 intercedunt.

175 2678 190 2717 l'
244 2678 319 2717 nte
345 2678 412 2718 al)
442 2678 573 2717 tunc
604 2678 772 2729 usque
800 2678 867 2714 au
895 2678 1045 2713 tium.
1075 2678 1139 2712 οι
1177 2678 1539 2712 tltterceuum.

175 2678 240 2805 (t3
265 2733 392 2790 Tres
422 2749 586 2802 mss.,
615 2732 752 2798 acti;
776 2739 831 2787 et
862 2745 983 2785 mox
1030 2729 1256 2797 Pratel.,
1288 2735 1535 2794 emortuo,
1577 2741 1684 2782 non

121 2815 359 2860 mrtuus.

180 2877 245 2948 (ὁ)
284 2874 339 2931 In
388 2874 665 2948 vulgatis,
713 2890 885 2945 parem
932 2871 1185 2948 dolorem.
1216 2868 1383 2948 Abest
1427 2885 1607 2948 parem
1654 2883 1684 2924 a

122 2942 370 3003 mssITria
402 2942 506 3002 hic
555 2942 817 3001 adversus
865 2944 1094 2999 Arianos
1141 2942 1686 3010 Appollinaristarum

123 3031 337 3088 parentes
397 3026 725 3074 asseruntur
771 3034 784 3070 :
836 3015 1090 3086 primum,
1144 3015 1433 3088 humanam
1479 3012 1685 3067 Christi

122 3082 334 3146 naturam
392 3104 497 3145 non
560 3082 850 3143 hominum
892 3103 1077 3147 more,
1131 3082 1226 3139 sed
1282 3085 1400 3138 solo
1465 3094 1688 3137 auctore

124 3161 272 3218 Verbo
311 3162 376 3217 de
415 3159 647 3227 Virgine
694 3159 857 3213 hii~se
901 3163 1243 3226 conceptam;
1274 3156 1524 3227 alterum,
1558 3154 1689 3207 Ver-

122 3213 448 3288 bum—Vanimm
471 3213 645 3287 'irice;
676 3246 782 3285 non
814 3213 1169 3297 Sttpplevisse,
1214 3213 1307 3281 sed
1349 3213 1581 3279 animam
1609 3226 1682 3278 si-
1715 3213 1760 3275 C

122 3305 211 3358 mul
250 3321 366 3360 cum
398 3318 635 3374 corpore
681 3300 1077 3374 assumpsisse;
1111 3307 1463 3368 postremum,
1500 3297 1570 3374 ita
1599 3306 1684 3374 _lo-

126 3384 213 3429 tum
255 3367 524 3432 hominem
566 3389 601 3427 a
645 3375 750 3427 lilio
801 3367 892 3426 Dei
942 3367 1308 3440 assumptum,
1344 3377 1403 3422 ut
1439 3385 1473 3440 a
1504 3367 1683 3440 divina

123 3459 199 3500 sua
245 3449 431 3503 virtute
481 3460 550 3500 ac
608 3454 799 3499 natura
852 3438 1160 3497 nullatenus
1216 3438 1495 3494 defecerit.
1550 3439 1686 3494 llinc

122 3515 333 3574 Christus
359 3522 523 3574 etiam
558 3524 621 3569 ut
647 3518 807 3569 homo
830 3524 974 3568 recte
1003 3522 1225 3581 negatur
1265 3511 1500 3565 sensisse
1541 3508 1689 3581 dolo-

124 3604 210 3642 rem
271 3589 499 3659 corporis
573 3588 767 3651 nostri;
814 3586 958 3659 quia
993 3580 1236 3659 corporis
1308 3582 1478 3635 nostri
1527 3580 1685 3659 dolor

125 3662 297 3727 peccati
332 3650 488 3729 p'mna
518 3667 630 3715 est.
658 3650 1005 3728 eique-inniti
1038 3650 1376 3729 suhjacemus
1406 3660 1503 3729 :‘at
1530 3650 1687 3707 Chri-

125 3723 219 3786 stus
240 3723 343 3787 alia
364 3734 481 3803 lege
513 3723 829 3799 eoneepins,
876 3741 984 3803 nec
1021 3724 1221 3803 peccati
1267 3739 1390 3779 reos
1418 3723 1536 3803 fuit,
1588 3736 1689 3803 nec

126 3815 270 3870 ptena:
292 3795 586 3866 obnoxius,
616 3795 704 3854 cui
734 3814 905 3869 neque
933 3798 1036 3870 nisi
1065 3806 1255 3870 sponte
1274 3795 1685 3870 suasubjaeuit.

123 3865 180 3928 lit
214 3890 331 3931 vero
358 3876 401 3930 si
431 3865 726 3940 conceptio
756 3865 898 3925 illius
932 3868 1059 3940 ideo
1096 3868 1181 3923 hic
1205 3865 1594 3940 consideretur,
1630 3874 1690 3920 ttt

125 3959 179 3999 ex
216 3946 461 4018 singulari
508 3936 882 4018 conceptionis
939 3939 1101 4018 modo
1157 3948 1353 4009 printer
1396 3936 1688 4018 humanam

126 4008 339 4074 naturain
362 4008 911 4073 ostendatur-habere
930 4008 1182 4077 divinam,
1208 4008 1502 4065 secundmn
1528 4024 1687 4079 quam

126 4086 333 4144 dolorem
358 4104 464 4144 non
495 4086 736 4143 senserit
765 4084 1009 4151 corporis
1041 4082 1244 4145 nostri;
1279 4080 1330 4134 in
1364 4080 1426 4134 iis
1457 4096 1575 4148 quze
1604 4081 1689 4134 hic

126 4157 615 4228 diSputanturnuIl-a
658 4158 762 4228 erit
804 4154 1144 4228 difﬁcultas.‘
1167 4153 1282 4207 Erit
1319 4153 1516 4221 quippe
1548 4152 1689 4228 rcl'u-

128 4220 243 4286 latio
259 4247 468 4300 eorum,
498 4228 676 4300 quiin
709 4226 944 4300 Verbum
976 4233 1033 4280 ut
1060 4223 1254 4300 apium:
1300 4220 1522 4277 munere
1572 4220 1691 4276 l'un-

127 4315 234 4369 gens
254 4293 499 4359 dolorem
519 4293 723 4357 'cadere
745 4298 1075 4354 existimant.
1104 4293 1288 4369 Neque
1316 4308 1444 4369 vero
1470 4302 1692 4369 apparet

129 4364 348 4440 quorsum
399 4374 450 4428 in
504 4374 593 4427 his
623 4389 636 4424 :
666 4368 853 4426 Tenuit
894 4369 949 4423 in
985 4367 1203 4440 hominis
1231 4365 1513 4440 _n_ntiu_itate
1556 4364 1692 4440 quod

128 4436 276 4514 taetris
302 4456 396 4514 est,
434 4461 556 4500 cum
588 4451 757 4497 tamen
786 4440 1073 4514 haberetin
1109 4438 1321 4509 originis
1351 4436 1531 4514 uirtute
1556 4436 1693 4505 quod

128 4512 242 4587 Deus
265 4510 645 4587 est,'aliisque
676 4521 826 4567 tanto
870 4512 1046 4587 studip
1095 4517 1396 4587 exponetur
1445 4510 1692 4587 liuttiana}

128 4578 401 4669 divinisque
442 4578 900 4669 Cliristi‘natiipm
929 4579 1125 4669 veritas
1155 4595 1217 4634 ac
1241 4579 1554 4669 ldistiuctio,
1589 4578 1691 4633 nisi
1722 4609 1772 4669 υ

127 4663 174 4709 ut
193 4653 357 4714 divitia
386 4659 503 4715 sola
535 4674 566 4711 a
594 4655 782 4712 dolore
807 4654 980 4709 aliena
1011 4653 1429 4708 demonstretur.

188 4731 252 4799 (ε)
299 4730 626 4786 Particolam
654 4737 722 4790 et,
756 4724 1120 4799 qu_:e_perindc
1149 4732 1230 4799 es_t
1258 4736 1321 4799 ac
1345 4719 1698 4799 etiam,_adje-

125 4792 273 4857 cimus
297 4817 363 4858 ex
394 4817 531 4857 mss.
565 4792 949 4855 duobus'Colh.
979 4803 1034 4851 et
1062 4810 1168 4849 uno
1191 4792 1423 4850 Sorhon.
1456 4793 1544 4863 qui
1576 4808 1696 4846 eum

126 4872 330 4943 vulgatis
373 4873 673 4941 subjiciunt
720 4884 785 4923 ex
829 4884 902 4943 s_e_,
946 4864 1203 4943 uh_i__al_iis
1245 4864 1298 4919 in
1340 4880 1471 4918 mss.
1505 4863 1699 4934 legitur

127 4937 293 5011 per'se,
326 4961 432 5000 non
466 4937 579 4999 alio
623 4956 804 4996 sensu.
840 4939 970 4993 Nam
1008 4937 1135 5011 illud
1165 4951 1228 4991 ea:
1267 4951 1321 4989 se
1368 4950 1475 4989 non
1527 4946 1697 4989 uiato-

128 5008 289 5071 rialem
338 5030 563 5072 causam
615 5019 789 5076 sonat,
832 5011 928 5066 sed
977 5008 1298 5065 efﬁcientem
1329 5021 1491 5076 :uno
1535 5020 1697 5061 sensu

127 5098 341 5154 ﬁmum,
374 5104 528 5142 num.
583 5084 654 5139 εξ
683 5075 912 5154 habetur
939 5100 953 5135 :
989 5078 1056 5136 Ut
1101 5095 1190 5149 per
1215 5094 1269 5154 se
1296 5075 1699 5150 sibi’assumpsit

128 5150 417 5225 carpam-ita
444 5174 511 5213 ea:
538 5174 591 5212 se
608 5155 707 5210 sibi
737 5153 960 5208 animant
989 5150 1288 5225 assumpsit.

207 5218 261 5301 Β)
300 5218 362 5285 ω
408 5238 518 5293 est,
564 5226 805 5283 condidit
844 5234 899 5281 et
943 5223 1228 5292 assumpsit
1284 5219 1581 5301 hominem,
1613 5218 1703 5290 qui

129 5292 332 5370 corpore
359 5310 416 5357 et
437 5292 617 5373 anima
648 5303 1167 5373 cottsta_i_t_s,_vivens._
1194 5292 1466 5373 perfectus
1495 5300 1703 5373 elucen-

128 5361 409 5429 sunimatus
437 5371 606 5427 homo
634 5380 770 5424 erat.
803 5366 947 5422 Nihil
978 5366 1122 5422 enim
1154 5361 1242 5419 hic
1270 5378 1392 5418 eum
1426 5361 1705 5431 Apollina-

130 5440 218 5508 rio,
258 5445 347 5517 qui
394 5443 663 5517 sentiebat
698 5439 934 5517 Verbum
975 5438 1135 5517 carni
1176 5434 1520 5517 coniunctum
1571 5447 1705 5517 con.-

132 5509 408 5570 sumrnasse
457 5514 728 5569 hominem
780 5511 1072 5573 viventem,
1125 5509 1176 5562 in
1216 5516 1468 5572 quantum
1502 5509 1708 5575 praesti-

134 5580 268 5657 lisset
301 5588 350 5641 ei
380 5586 571 5650 vitam,
596 5599 658 5639 ac
686 5582 830 5657 vices
857 5581 1059 5657 ξιιιίιῃειξ⁸
1091 5577 1475 5657 suppleviSSet.
1622 5654 1631 5657 Α
1668 5645 1680 5657 ⁸

190 5654 256 5725 (e)
304 5657 530 5727 Aliquot
568 5671 701 5712 mss.
754 5650 915 5727 Verbo
960 5650 1174 5727 θείη..-
1202 5656 1571 5727 assumeret....
1600 5650 1710 5727 ptri-

135 5720 307 5782 tum.
369 5720 655 5783 Hominem
714 5726 1005 5795 perfectum
1054 5738 1084 5777 a
1137 5720 1312 5795 Verbo
1362 5726 1707 5795 assumptum

134 5806 261 5867 esse,
306 5797 439 5855 hinc
489 5789 729 5871 proxime
761 5795 1041 5867 probatum
1068 5801 1169 5861 est,
1203 5791 1326 5863 quia
1352 5789 1597 5846 Christus
1626 5795 1709 5843 est

1700 1872 1748 1932 B

1759 507 1842 562 vel
1876 521 2101 562 manens
2143 507 2194 561 in
2243 507 2337 562 Dei
2369 505 2565 573 forma,
2598 507 2824 563 formam
2853 510 2997 563 servi
3030 509 3305 579 acceperit
3340 527 3355 565 :

1763 598 1806 653 si
1835 613 1941 653 non
1984 607 2205 669 potente
2247 597 2315 669 (e)
2353 597 2529 655 Verbo
2558 599 2669 655 Deo
2698 614 2760 655 ex
2790 614 2849 654 se
2875 609 2930 655 et
2957 614 3174 656 carnem
3221 600 3363 656 intra

1764 689 2038 761 Virginem
2062 690 2139 761 (5)
2192 705 2496 759 assumere,
2548 700 2604 747 et
2645 693 2795 748 carni
2835 691 3070 748 animum
3098 693 3362 762 tribuere,

1763 784 1928 839 homo
1975 782 2226 839 Christus
2271 782 2429 841 Jesus
2470 783 2538 839 ad
2599 784 3031 856 redemptionem
3076 787 3271 843 animae
3312 794 3370 842 et

1763 876 2009 947 corporis
2036 878 2205 933 nostri
2239 878 2510 949 perlectus
2547 888 2631 934 est
2658 888 2854 946 natus;
2908 889 2963 936 et
3003 895 3201 950 corpus
3249 880 3368 952 qui-

1764 969 1887 1025 dem
1915 968 1986 1043 (Ῑ)
2020 971 2089 1025 ita
2132 971 2506 1042 assumpserit,
2533 981 2588 1026 tit
2617 972 2667 1027 id
2689 987 2756 1028 ex
2784 972 3004 1046 Virgine
3020 986 3364 1045 conceptum,

1761 1061 1990 1117 formam
2006 1077 2128 1118 eum
2144 1077 2268 1119 esse
2289 1062 2435 1119 servi
2455 1063 2739 1121 ell‘ecerit?
2770 1065 2932 1137 Virgo
2954 1067 3098 1122 enim
3122 1083 3230 1123 non
3260 1067 3367 1125 nisi

1766 1152 2001 1227 (4)(g)ex
2013 1170 2112 1211 suo
2124 1167 2310 1212 sancto
2326 1155 2526 1229 Spiritu
2541 1158 2724 1229 genuit
2737 1158 2878 1230 quod
2894 1160 3171 1232 genuit.Et
3184 1178 3371 1232 quam-

1763 1246 2064 1303 vistantnm
2086 1247 2151 1303 ad
2180 1249 2510 1306 nativitatem
2543 1251 2722 1306 carnis
2738 1266 2805 1308 ex
2826 1267 2884 1308 se
2909 1252 3083 1318 daret,
3108 1267 3366 1325 quantum

1771 1357 1839 1397 ex
1871 1356 1931 1399 se
1954 1342 2191 1400 ﬂemina:
2219 1344 2552 1401 edendorum
2580 1361 2869 1418 corporum
2900 1352 3167 1420 susceptis
3204 1347 3373 1418 origi-

1781 1434 1939 1491 nibus
1967 1436 2375 1508 impenderent;
2425 1455 2530 1494 non
2573 1449 2752 1496 tamen
2800 1441 2961 1498 Jesus
3001 1442 3248 1498 Christus
3270 1434 3372 1514 per

1776 1526 2026 1583 humanm
2068 1530 2436 1599 conceptionis
2485 1531 2687 1587 coaluit
2728 1543 2996 1589 naturam.
3041 1533 3146 1591 Sed
3195 1535 3373 1592 omnis

1777 1637 1937 1677 causa
1982 1625 2237 1681 nascendi
2287 1626 2495 1684 invecta
2542 1643 2636 1698 per
2666 1627 2947 1698 Spiritum,
2974 1633 3152 1697 tenuit
3179 1631 3229 1685 iu
3270 1630 3371 1687 ho-

1776 1713 1941 1769 minis
1984 1717 2265 1772 natiritatc
2299 1718 2439 1788 quod
2468 1719 2656 1775 matris
2685 1729 2795 1785 est;
2836 1735 2958 1776 eum
2991 1733 3165 1778 tamen
3204 1721 3373 1779 hahc-
3452 1712 3459 1713 ⁷

1778 1817 1861 1863 ret
1891 1805 1973 1880 (5)
2004 1806 2081 1882 (It)
2109 1808 2162 1863 in
2195 1810 2417 1881 originis
2445 1812 2640 1868 virtute
2666 1811 2729 1885 (i)
2759 1812 2900 1885 (μιυά
2933 1814 3074 1870 Deus
3100 1826 3201 1873 est.

1851 1902 1937 1958 16.
1990 1901 2226 1958 Christus
2266 1905 2352 1976 qui
2392 1916 2438 1960 et
2469 1905 2533 1959 de
2558 1907 2707 1974 caelo,
2739 1918 2785 1961 et
2812 1907 2954 1978 [ilius
2979 1908 3221 1977 hominis,
3246 1922 3292 1965 et
3322 1912 3374 1968 in

1780 1995 1926 2050 caelo.
1964 2027 2036 2037 --
2068 1996 2201 2053 lline
2251 1996 2416 2069 igitur
2464 1998 2756 2055 inaximom
2800 1999 2927 2055 illud
2975 2015 3039 2056 ac
3081 2001 3378 2072 pulcherri-

1782 2105 1925 2144 mum
1955 2089 2114 2162 331
2146 2092 2380 2162 suscepti
2421 2091 2656 2148 hominis
2685 2104 3079 2150 sacramentum
3118 2095 3381 2156 Dominus

1785 2185 1901 2254 ipse
1932 2185 2188 2251 ostendit,
2212 2184 2396 2243 dicens
2426 2185 2635 2243 :Nemo
2665 2186 2739 2262 (j)
2767 2187 3032 2246 adscendit
3063 2189 3115 2244 in
3170 2190 3376 2262 caelum,

1851 2323 1928 2389 (5)
1959 2323 2294 2390 Adsumeret;
2325 2324 2542 2389 exinde,
2575 2326 2839 2386 tribueret.

1844 2393 1924 2466 (4)
1959 2393 2041 2466 Ea:
2070 2395 2264 2452 Sancto
2286 2394 2511 2465 Spiritu.

1845 2464 1927 2539 (5)
1957 2464 2023 2520 In
2052 2467 2266 2540 originis
2295 2464 2584 2524 nativitate.

1792 2583 1933 2667 [ilius
1989 2584 2284 2667 ltomiois_:
2326 2605 2466 2646 nunc
2515 2590 2568 2645 id
2596 2590 2769 2667 ipsum
2820 2591 2947 2667 inde
2995 2597 3378 2667 conﬁrmatur,

1790 2656 2069 2740 quodnnon
2110 2659 2287 2740 carnis
2329 2669 2559 2728 tantum,
2592 2656 2688 2718 sed
2717 2674 2772 2740 et
2800 2665 2994 2740 animus
3024 2667 3097 2740 sit
3110 2656 3378 2740 redempl

1794 2725 1896 2806 tor.
1930 2725 2169 2806 Utroque
2196 2730 2288 2786 illo
2315 2725 2935 2806 argumento_adversus
2966 2725 3376 2806 Apollinaristas

1792 2798 1870 2853 sic
1899 2800 2065 2853 utitur
2105 2798 2404 2872 Gregorius
2426 2802 2579 2869 Naz.,
2628 2803 2722 2859 Or.
2756 2821 2829 2870 LI,
2863 2822 2918 2861 n.
2954 2798 3065 2863 15:
3103 2809 3253 2875 Quod
3293 2829 3380 2865 as-

1793 2879 2053 2938 sumptum
2077 2888 2179 2925 non
2205 2883 2300 2939 est,
2324 2876 2605 2930 curationis
2626 2886 2699 2930 est
2724 2892 3000 2945 τωρωι...
3028 2878 3092 2934 Si
3111 2880 3382 2938 dimidiata

1790 2951 1995 3023 tantum
2028 2957 2092 2996 ea:
2121 2955 2266 3023 porte
2292 2944 2520 3001 Adamus
2545 2947 2723 3016 lapsus
2760 2944 2855 3011 est,
2900 2949 3224 3005 dimidiatum
3251 2969 3379 3023 quo-

1789 3029 1885 3095 que
1921 3013 1996 3096 sit
2028 3016 2540 3107 nquod‘afls‘umptun‘t
2578 3013 2673 3082 est.
2704 3030 2759 3074 et
2784 3028 2907 3107 post
2934 3035 3139 3107 pauca:
3263 3013 3381 3107 ipse

1790 3085 2211 3160 inanimatusest
2233 3085 2560 3160 _(Christus),
2608 3106 2709 3159 qua
2757 3085 2963 3145 tandem
2986 3093 3139 3147 modo
3165 3085 3384 3150 hominis

1793 3171 1975 3209 nomen
2001 3157 2304 3212 sustinebit?

1864 3226 1932 3297 (ί)
1982 3225 2072 3305 δῖε
2116 3227 2289 3305 βρύον
2341 3230 2433 3305 Et
2476 3240 2691 3305 9!.is
2725 3233 2795 3286 At
2840 3232 2990 3305 Lips.
3036 3244 3091 3291 et
3130 3236 3277 3305 Par.,
3310 3241 3382 3298 ita

1790 3297 2082 3371 assumpsit.
2125 3297 2308 3371 Neque
2351 3301 2454 3357 hoc
2482 3303 2687 3358 llilario
2715 3297 2975 3371 insolens,
3004 3316 3059 3363 ut
3080 3308 3187 3364 duo
3219 3297 3380 3368 verba

1791 3368 1980 3443 eadem
2023 3368 2402 3443 conjunctione
2446 3375 2693 3443 copulata
2735 3391 2841 3431 non
2876 3368 2982 3432 uno
3009 3379 3171 3434 modo
3208 3396 3381 3438 enun-

1792 3441 1926 3494 tiet:
1962 3440 2134 3514 lllpllic
2165 3442 2395 3511 primunt
2450 3440 2600 3514 ponit
2629 3457 2782 3500 natus
2820 3456 2918 3513 est,
2947 3464 3010 3504 ac
3047 3449 3243 3507 deinde
3291 3469 3376 3508 as-

1789 3512 2081 3587 sumpserit,
2126 3516 2370 3587 quamvis
2421 3512 2707 3587 utrumque
2753 3518 2974 3573 verbum
3021 3520 3091 3575 ad
3134 3522 3381 3580 eamdem

1794 3581 2105 3660 particulam
2144 3581 2190 3660 si
2238 3585 2523 3660 referatur.
2578 3581 2673 3642 llic
2702 3588 2871 3643 altera
2914 3589 3167 3660 adjicitur
3192 3594 3385 3650 condi-

1793 3654 1889 3734 tio,
1940 3662 2016 3734 uti
2040 3652 2287 3711 Christus
2329 3673 2459 3734 vere
2490 3657 2725 3734 hominis
2756 3660 2898 3714 tilius
2933 3652 3026 3727 sii,
3050 3666 3377 3732 necessaria,

1792 3726 1921 3805 scil:
1967 3733 2024 3778 ut
2075 3728 2871 3805 non,undecumqueallatam
2922 3726 3164 3801 carnem,
3194 3736 3287 3792 sed
3316 3726 3385 3794 ei

1793 3793 1956 3873 Maria
1995 3806 2266 3873 acceptant
2317 3793 2670 3869 assumpserit
2713 3818 2727 3855 :
2783 3803 2967 3873 sicque
3012 3793 3267 3863 transitur
3312 3793 3382 3865 ad

1793 3866 2147 3949 refellendum
2178 3870 2342 3925 alium
2378 3866 2893 3949 Apotliuaristaruni'
2930 3891 3193 3949 errorem,
3246 3895 3374 3949 quo,

1792 3937 1870 3991 uti
1917 3937 2140 4013 credere
2193 3955 2291 4008 par
2338 3937 2442 4010 est,
2497 3954 2614 4013 post
2659 3944 2887 4001 Arianos
2955 3944 3143 4003 dieuttt
3182 3937 3389 4009 Christi

1794 4022 2012 4063 carnem
2044 4009 2111 4064 de
2132 4013 2272 4067 caelo
2304 4009 2465 4068 foisSe
2492 4009 2727 4070 allatam.

1866 4076 1943 4152 (9)
1986 4078 2068 4134 Ex
2117 4082 2327 4137 duobus
2353 4099 2482 4138 mss.
2516 4083 2669 4140 Colh.
2698 4095 2752 4140 et
2781 4101 2887 4141 uno
2916 4086 3145 4144 Sorbon.
3181 4089 3268 4145 hic
3296 4092 3392 4148 ad-

1794 4149 1970 4225 dimus
1999 4168 2114 4219 sua,
2146 4152 2199 4208 id
2227 4164 2329 4221 est,
2356 4169 2423 4209 ex
2451 4154 2649 4225 Spiritu
2682 4156 2904 4219 Christi,
2923 4172 3021 4213 seu
3051 4175 3154 4214 non
3181 4159 3284 4216 nisi
3312 4179 3383 4218 ex

1797 4220 2250 4297 Verbogenuit:
2291 4225 2432 4296 quod
2471 4220 2778 4297 perspicuis
2826 4228 3005 4283 verbis
3053 4230 3119 4285 ad
3172 4232 3380 4290 calcem

1796 4294 2005 4347 numeri
2036 4294 2416 4365 sequentis'sic
2452 4294 2799 4352 declaratur:
2839 4299 2972 4354 Caro
3024 4317 3126 4356 non
3176 4302 3391 4360 aliunde

1796 4365 2039 4447 originem
2106 4377 2417 4447 sumpserat.
2474 4383 2627 4447 quam
2679 4385 2742 4423 ea:
2799 4368 2979 4447 Verbo.
3037 4370 3165 4429 [hec
3219 4376 3390 4447 magis

1798 4446 2073 4516 spectant“
2101 4436 2167 4516 ad
2216 4436 2563 4516 declarandos
2612 4441 3009 4510 propositiones
3059 4436 3389 4516 superiorEs,

1797 4503 1991 4589 quibus
2014 4503 2286 4589 Christum
2325 4524 2420 4589 per
2446 4503 2624 4589 initia
2647 4503 2830 4589 nostra
2859 4522 3042 4589 natum
3071 4503 3195 4573 esse
3226 4503 3392 4589 nega:

1799 4586 2071 4703 simtesest,
2103 4592 2260 4649 quam
2314 4581 2381 4637 ad
2435 4583 2834 4639 conlirmandas
2882 4585 3126 4655 proxime
3177 4581 3386 4657 praece-

1838 4663 1902 4703 en
1996 4687 2008 4703 .

1838 4663 1902 4704 en
1911 4658 2008 4704 tes.

1875 4719 1952 4793 (h)
1982 4719 2150 4796 Editi,
2190 4723 2245 4777 in
2287 4724 2499 4795 originis
2529 4727 2810 4781 nativitate.
2844 4725 2980 4783 Tres
3010 4741 3164 4796 mss.,
3209 4731 3264 4785 in
3292 4731 3401 4786 ari-

1801 4790 1941 4872 gine.
1982 4790 2192 4865 Remig.
2238 4790 2483 4872 finalem
2533 4796 2585 4851 in
2633 4797 2845 4872 originis
2887 4790 3171 4872 nativitatei.
3209 4801 3391 4872 Magis

1804 4864 1975 4940 placet
1997 4879 2123 4940 cum
2152 4864 2338 4921 codice
2369 4866 2638 4940 Vaticana:
2666 4864 2920 4933 h:isilic:e,
2947 4869 3003 4924 in
3032 4870 3242 4940 originis
3294 4864 3400 4927 uir-

1804 4942 1929 5015 tute,
1961 4933 2012 4989 id
2041 4946 2144 5000 est,
2175 4947 2440 5015 quatenu‘s
2468 4939 2661 5015 anima:
2686 4948 2741 4995 et
2763 4940 3004 5015 corporis
3022 4933 3394 5015 psui'prioccps

1802 5013 1963 5080 atque
2011 5016 2198 5062 auctor
2243 5015 2345 5063 est.
2387 5007 2505 5077 Quo
2548 5008 2796 5080 loquendi
2829 5007 2989 5064 modo
3020 5007 3191 5067 habes
3240 5007 3392 5071 nunt.

1801 5077 1896 5159 2.5..
1947 5086 2130 5159 nostra
2178 5080 2228 5132 in
2259 5094 2323 5134 eo
2346 5095 2437 5150 per
2466 5077 2699 5135 virtutem
2726 5082 2972 5154 profecta:
2998 5098 3060 5137 ea:
3104 5098 3158 5137 se
3182 5085 3400 5157 originis

1803 5159 1931 5201 Villa
1964 5164 2069 5202 non
2100 5163 2297 5205 messe.

1877 5216 1939 5289 (i)
1970 5218 2024 5271 In
2056 5218 2308 5290 volgatis,
2338 5236 2439 5290 quo
2468 5218 2562 5275 Dei
2586 5229 2679 5274 est.
2710 5221 2897 5278 Melius
2921 5222 2975 5279 in
3002 5224 3255 5281 omnibus
3285 5226 3399 5286 fere

1805 5288 1937 5342 mss.
1986 5288 2358 5371 quod_’l).eus.‘
2408 5291 2646 5371 hp_e__est,
2693 5294 3023 5371 ea_rirtute,
3070 5312 3171 5371 qua
3201 5314 3401 5371 corpus

1807 5373 1961 5438 suum
1989 5375 2054 5438 es
2094 5362 2299 5438 virgine
2328 5361 2590 5438 eop_d_i_dit_,
2620 5378 2740 5420 sese
2769 5364 2935 5438 Deum
2959 5361 3231 5438 patefecit.

1883 5429 1962 5511 (1')
1994 5428 2067 5488 Ut
2090 5428 2376 5511 conﬁrmet
2405 5432 2660 5511 Hilarius,
2690 5435 2831 5511 quod
2863 5428 3110 5511 superius
3135 5441 3404 5511 probavit,

1810 5499 2097 5582 Christum
2112 5517 2233 5582 esse
2262 5504 2429 5559 Deum
2478 5505 2636 5559 simul
2666 5499 2722 5582 et
2767 5499 3039 5582 hominem
3075 5499 3408 5582 pe'rl'ectom';

1812 5574 1887 5654 ita
1935 5573 2098 5629 Verbi
2127 5576 2364 5654 _vir_tuto_,
2414 5585 2470 5631 et
2515 5591 2620 5630 non
2672 5578 2902 5654 humana
2934 5579 3048 5654 lege
3071 5573 3412 5654 conceptum,

1811 5652 1871 5699 ut
1902 5655 2079 5699 tamen
2109 5644 2178 5701 de
2225 5645 2407 5702 Mariae
2435 5661 2599 5703 carne
2627 5657 2783 5705 natus
2826 5651 2898 5704 sit
2934 5668 2949 5706 :
2986 5644 3137 5709 hunc
3166 5644 3413 5714 ac'duos

1812 5716 2221 5795 subsequentes‘
2252 5718 2546 5795 Scriptura:
2594 5718 2949 5795 locosusano
2975 5725 3154 5780 sensui
3209 5727 3410 5795 reddit,

1814 5785 2004 5859 quibus
2035 5785 2279 5847 hmretiei
2306 5785 2688 5850 abutebantur.
2732 5789 2826 5851 Sic
2866 5793 3011 5851 enim
3057 5811 3152 5853 eos
3179 5785 3406 5860 Arriano;
