3930 6194
587 303 693 362 359

1801 299 2044 357 SANCTI
2081 298 2336 356 IIILARII
2377 299 2684 356 EPISCOPI

3747 311 3830 368 360

589 423 668 496 (τι)
703 438 807 478 non
840 422 1007 479 nostri
1029 420 1270 492 corporis
1308 428 1467 490 atque
1489 418 1682 474 animai
1709 417 1982 474 hominem
2016 436 2028 471 :
2059 433 2178 473 cum
2209 423 2258 480 Α
2288 425 2344 470 ut
2392 427 2538 472 esset
2587 417 2727 472 alius
2771 424 2932 488 atque
2972 417 3112 474 alius
3144 435 3157 474 :
3188 419 3282 475 sed
3335 428 3394 476 ut
3437 428 3560 477 ante
3602 420 3826 479 hominem

590 531 690 572 nos
735 515 967 571 Verbum
1013 529 1230 569 carnem
1264 512 1484 581 factum,
1521 511 1597 585 (b)
1632 522 1686 567 et
1712 527 1770 568 se
1797 528 1864 567 ex
1892 512 2059 567 forma
2091 511 2186 567 Dei

590 616 936 664 evacuantem
982 605 1277 669 Christum,
1307 616 1361 661 et
1383 603 1607 660 formam
1630 605 1773 660 servi
1796 614 2183 669 assumentem,

589 702 884 774 perfectum
943 700 1240 757 secundum
1293 699 1536 754 habitum
1593 697 2036 754 conformationis
2089 697 2187 750 lm-

592 810 800 863 manzc,
850 804 904 850 et
958 803 1160 850 nostra:
1220 791 1585 848 similitudinis
1655 801 1836 846 natum
1909 791 2184 845 hominem

584 887 939 959 prmdicemus
971 905 985 941 :
1015 897 1074 942 ut
1110 884 1180 958 (c)
1225 901 1354 942 vere
1404 885 1498 940 Dei
1557 883 1696 940 ﬁlius
1741 899 1904 939 verus
1954 881 2186 937 hominis

584 979 726 1036 ﬁlius
767 995 932 1036 verus
959 979 1082 1036 sit:
1131 994 1307 1050 neque
1355 993 1465 1034 non
1516 989 1671 1032 natus
1727 992 1792 1033 ex
1853 977 1968 1032 Deo
1996 981 2182 1043 homo,

585 1089 762 1146 neque
803 1077 930 1145 quia
990 1082 1148 1129 natus
1198 1089 1266 1129 ex
1317 1073 1429 1128 Deo
1486 1071 1669 1138 homo,
1711 1070 1836 1128 ideo
1875 1071 2018 1127 Deus
2063 1085 2184 1126 esse

582 1167 866 1224 deﬁciens.

658 1260 751 1316 22.
779 1258 970 1316 Christi
997 1259 1173 1314 anima
1214 1277 1247 1313 a
1273 1257 1405 1313 Deo.
1439 1256 1584 1313 Unus
1614 1266 1687 1312 est
1728 1259 1781 1312 in
1809 1257 2007 1312 duabus
2032 1266 2184 1312 uatu-

587 1353 661 1408 ris
693 1355 955 1424 perfectis.
986 1383 1058 1394 -—-
1086 1353 1188 1409 Sed
1220 1361 1278 1408 ut
1307 1368 1402 1423 per
1431 1367 1490 1408 se
1516 1353 1619 1406 sibi
1653 1352 1946 1422 assumpsit
1973 1367 2037 1406 ex
2064 1350 2183 1406 Vir-

583 1448 709 1518 gine
735 1459 951 1516 corpus,
988 1446 1058 1500 ita
1088 1460 1154 1501 ex
1195 1461 1256 1500 se
1283 1445 1384 1499 sibi
1423 1445 1660 1500 animam
1706 1444 2032 1514 assumpsit;
2062 1458 2182 1514 quae

582 1537 770 1610 utique
810 1553 1103 1609 numquam
1147 1537 1214 1592 ab
1257 1537 1470 1592 homine
1514 1537 1843 1607 gignentium
1884 1536 2182 1608 originibus

583 1631 874 1704 praebetur.
926 1630 984 1686 Si
1018 1631 1161 1686 enim
1208 1640 1529 1700 conceptum
1584 1630 1763 1683 carnis
1819 1628 1920 1684 nisi
1969 1645 2033 1684 ex
2070 1629 2181 1684 Deo

587 1723 748 1796 Virgo
781 1740 889 1780 non
933 1724 1120 1780 habuit
1146 1739 1161 1788 ;
1187 1724 1346 1794 longe
1396 1723 1564 1793 magis
1605 1737 1829 1778 necesse
1868 1729 1972 1786 est,
2003 1723 2176 1777 anima

2290 509 2468 576 Deus,
2524 511 2826 579 suscipiens
2871 510 3146 568 hominem
3201 515 3282 584 (i)
3323 515 3482 570 homo
3535 516 3601 586 (Γ)
3637 525 3686 570 et
3721 517 3829 574 Deus

2283 612 2472 674 posset
2519 603 2763 674 intelligi.
2798 603 2930 658 Nam
2977 620 3082 675 quo
3131 607 3293 661 modo
3321 605 3477 662 Jesus
3507 605 3735 663 Christus
3758 610 3829 665 Dei

2287 697 2426 752 ﬁlius
2451 706 2608 752 natus
2628 711 2692 753 ex
2719 697 2880 752 Maria
2907 707 3012 764 est,
3047 699 3146 754 nisi
3179 701 3320 770 quod
3351 699 3586 756 Verbum
3613 717 3726 757 caro
3748 701 3832 758 fac-

2289 797 2397 843 tum
2428 797 2512 845 est
2543 807 2556 845 :
2589 790 2795 846 scilicet
2837 791 2978 862 quod
3026 791 3165 846 ﬁlius
3191 791 3309 856 Dei,
3353 808 3476 847 cum
3503 793 3555 848 in
3586 793 3738 848 forma
3759 795 3832 851 Dei

2286 889 2451 946 esset,
2489 882 2711 936 formam
2757 883 2896 938 servi
2948 883 3196 955 accepit?
3237 883 3528 955 Accepisse
3565 895 3727 940 autem
3750 888 3835 941 lor-

2287 989 2430 1029 mam
2453 975 2591 1029 servi
2625 990 2768 1042 eum,
2802 975 3052 1045 quiesset
3076 977 3127 1030 in
3158 975 3250 1030 Dei
3281 976 3472 1044 forma,
3503 978 3569 1034 de
3597 980 3835 1034 contrariis

2289 1065 2374 1138 (g)
2404 1075 2750 1137 comparatur
2781 1085 2794 1121 :
2818 1077 2874 1122 ut
2895 1077 3094 1139 quanta
3117 1069 3315 1124 veritas
3345 1079 3428 1125 est
3457 1085 3665 1126 manere
3689 1070 3733 1126 in
3762 1071 3838 1127 Dei

2287 1158 2493 1226 forma,
2517 1170 2660 1216 tanta
2689 1162 2888 1218 veritas
2917 1163 2987 1218 sit
3025 1164 3301 1234 accepisse
3339 1163 3566 1221 foro-iam
3593 1167 3736 1222 servi.
3771 1167 3837 1222 Ad

2285 1255 2678 1324 proprietatem
2721 1257 2864 1311 enim
2904 1267 3109 1312 naturm
3147 1257 3570 1329 intelligendam,
3612 1259 3841 1328 signiﬁca~

2289 1348 2434 1402 tione
2482 1347 2633 1431 verbi
2673 1349 2738 1403 ad
2784 1349 2833 1403 id
2874 1349 3180 1405 communis
3219 1352 3564 1421 impellimur.
3606 1353 3657 1408 lu
3697 1353 3839 1410 forma

2299 1439 2441 1495 enim
2471 1441 2612 1494 servi
2641 1451 2744 1508 est,
2780 1441 2871 1510 qui
2899 1452 2953 1498 et
2995 1443 3045 1496 in
3083 1441 3254 1498 forma
3288 1443 3379 1498 Dei
3407 1453 3507 1499 est.
3535 1445 3599 1500 Et
3628 1461 3735 1500 cum
3758 1446 3843 1501 hoc

2288 1529 2366 1602 (2)
2399 1529 2482 1602 (ἡ)
2510 1541 2732 1600 naturm,
2768 1533 2898 1588 illud
2933 1549 3060 1589 vero
3086 1536 3502 1606 dispensationis
3523 1537 3618 1603 sit;
3649 1537 3695 1592 in
3722 1539 3841 1607 ejus-

2294 1621 2418 1678 dem
2465 1633 2640 1680 tamen
2671 1632 2755 1680 est
2783 1627 3022 1681 veritatis
3050 1629 3398 1697 proprietate,
3426 1630 3569 1699 quod
3599 1638 3843 1700 utrumque

2291 1724 2413 1771 est:
2447 1727 2503 1770 ut
2551 1726 2656 1771 tam
2687 1732 2848 1773 verus
2889 1720 2961 1773 sit
3004 1720 3055 1773 in
3091 1720 3184 1774 Dei
3224 1716 3419 1788 forma,
3453 1737 3609 1792 quam
3638 1739 3774 1778 verus
3800 1723 3841 1776 in

583 1815 848 1885 corporis,
892 1815 993 1869 nisi
1035 1815 1196 1887 335
1224 1829 1288 1869 ex
1317 1815 1446 1880 Deo,
1489 1814 1707 1869 aliunde
1754 1827 1860 1868 non
1893 1813 2071 1868 fuerit.
2115 1813 2180 1867 Et
2212 1831 2259 1891 Β
2287 1809 2449 1864 servi.
2493 1809 2564 1866 Ut
2592 1827 2719 1865 vero
2750 1813 3117 1883 assumpsisse
3156 1812 3388 1868 formam
3431 1817 3574 1870 servi
3605 1832 3701 1872 non
3727 1817 3843 1872 aliud

584 1925 706 1966 cum
731 1911 846 1980 ipse
870 1909 963 1964 ille
1005 1909 1146 1962 ﬁlius
1171 1907 1402 1963 hominis
1435 1911 1552 1978 ipse
1580 1908 1651 1963 sit
1687 1911 1778 1978 qui
1801 1917 1854 1962 et
1890 1907 2031 1962 ﬁlius
2055 1907 2176 1975 Dei,

585 2000 664 2072 (ά)
688 2001 809 2071 quia
835 2009 979 2054 totus
1003 1997 1240 2054 hominis
1270 2000 1408 2054 ﬁlius
1435 2009 1576 2055 totus
1600 1999 1692 2054 Dei
1718 1997 1860 2054 ﬁlius
1881 1998 1988 2064 sit;
2017 2013 2177 2069 quam

584 2091 810 2148 ridicule
839 2100 1036 2163 praeter
1071 2090 1167 2146 Dei
1199 2091 1390 2155 ﬁlium,
1423 2089 1514 2161 qui
1562 2089 1793 2145 Verbum
1820 2105 1947 2145 caro
1975 2089 2174 2146 factum

583 2196 690 2256 est,
725 2189 888 2243 alium
921 2187 1103 2242 nescio
1130 2203 1289 2258 quem
1337 2195 1608 2257 tamquam
1654 2185 1967 2257 prophetam
2000 2183 2177 2240 Verbo

590 2277 690 2334 Dei
735 2277 1030 2334 animatum
1079 2276 1510 2348 prmdieahimus,
1558 2293 1680 2334 cum
1728 2278 1984 2334 Dominus
2021 2277 2180 2334 Jesus

584 2371 833 2431 Christus
879 2384 932 2429 et
972 2372 1205 2428 hominis
1233 2373 1376 2427 ﬁlius
1413 2383 1469 2429 et
1505 2372 1600 2428 Dei
1645 2372 1788 2428 ﬁlius
1835 2371 2075 2428 sitfper
2127 2371 2178 2426 id

582 2482 733 2534 vero,
763 2466 904 2538 quod
938 2465 1106 2522 tristis
1151 2475 1235 2522 est
1260 2465 1438 2520 anima
1486 2480 1579 2521 sua
1612 2481 1780 2536 usque
1824 2465 1890 2520 ad
1921 2473 2173 2529 mortem,

579 2559 787 2631 etquod
813 2568 1132 2631 palestatem
1177 2557 1339 2614 habet
1365 2559 1558 2613 anima:
1583 2573 1695 2613 sua:
1722 2558 1985 2628 ponendae
2009 2567 2064 2615 et
2085 2573 2172 2614 re-

581 2651 876 2718 sumendae,
931 2653 1121 2708 volunt
1154 2649 1587 2721 extrinsecus(e)
1637 2650 1896 2717 animam,
1950 2666 2053 2706 non
2107 2667 2175 2708 ex

576 2743 782 2816 Spiritu
812 2754 1025 2813 sancto,
1060 2753 1119 2800 ut
1156 2755 1211 2800 et
1249 2759 1446 2814 corpus
1483 2759 1550 2797 ex
1591 2758 1658 2798 eo
1705 2753 2023 2814 conceptum
2069 2753 2173 2810 est,

575 2837 838 2910 deputare
869 2854 1030 2894 :eum
1065 2836 1294 2893 Verbum
1313 2837 1475 2901 Deus,
1508 2836 1562 2890 in
1592 2846 1931 2892 sacramento
1969 2849 2174 2892 natura:

573 2946 688 2988 suae
715 2946 964 2998 manens,
998 2929 1159 2986 homo
1201 2938 1359 2984 natus
1385 2928 1472 2984 sit.
1505 2926 1674 2984 Natus
1715 2937 1891 2985 autem
1922 2938 2031 2996 est,
2066 2945 2172 2985 non

645 3070 726 3141 (1)
756 3068 928 3125 Homo
959 3067 1098 3122 Deus
1125 3067 1308 3138 possit.

2285 1911 2390 1968 est,
2423 1919 2585 1974 quam
2620 1903 2894 1960 hominem
2945 1915 3129 1960 natum
3173 1922 3327 1972 esse;
3380 1910 3450 1962 ita
3493 1909 3547 1963 in
3579 1908 3733 1964 forma
3771 1910 3846 1965 Dei

2288 2014 2410 2056 esse
2440 2015 2546 2054 non
2588 1999 2731 2055 aliud
2776 2011 2878 2068 est,
2923 2018 3081 2071 quam
3126 2000 3288 2072 336
3329 2001 3497 2057 Deum
3529 2019 3664 2068 esse,
3707 2020 3844 2058 unum

2284 2101 2462 2146 tamen
2493 2091 2877 2163 eamdemque,
2913 2109 3018 2147 non
3051 2092 3143 2148 Dei
3173 2093 3500 2161 defectione,
3526 2095 3617 2150 sed
3648 2095 3846 2150 hominis

2283 2184 2676 2254 assumptione,
2721 2185 3037 2254 proﬁtentes
3075 2195 3130 2240 et
3170 2184 3421 2240 informa
3473 2187 3566 2242 Dei
3597 2204 3686 2258 per
3722 2198 3846 2243 natu-

2283 2291 2399 2331 ram
2429 2277 2692 2345 divinam,
2735 2287 2790 2332 et
2822 2277 2872 2330 in
2905 2276 3074 2332 forma
3103 2279 3245 2332 servi
3276 2294 3342 2334 ex
3372 2281 3722 2352 conceptione
3747 2281 3845 2351 Spi-

2286 2370 2423 2426 ritus
2466 2369 2637 2426 sanCti
2684 2369 2984 2426 secundum
3031 2369 3270 2425 habitum
3320 2370 3558 2426 hominis
3606 2385 3845 2444 repertum

2286 2463 2470 2520 fuisse.
2499 2464 2684 2536 Itaque
2701 2479 2822 2520 cum
2845 2464 3001 2520 Jesus
3028 2464 3273 2520 Christus
3297 2475 3350 2521 et
3378 2475 3559 2532 natus,
3587 2477 3638 2522 et
3666 2482 3844 2537 passus,

2283 2565 2338 2612 et
2367 2567 2635 2624 mortuus,
2685 2566 2740 2612 et
2779 2557 3021 2627 sepultus
3060 2557 3158 2623 sit;
3195 2555 3257 2630 (i)
3311 2567 3359 2612 et
3407 2563 3713 2613 resurrexit.
3752 2558 3842 2612 Non

2285 2657 2462 2716 potest
2491 2649 2541 2702 in
2576 2648 2658 2702 bis
2693 2661 3152 2704 sacramentorum
3184 2650 3588 2706 diversitatibus
3611 2651 3678 2706 ita
3717 2652 3775 2705 ab
3800 2665 3845 2703 se

2283 2741 2532 2798 dividuus
2562 2756 2704 2808 esse,
2735 2759 2801 2798 ne
2827 2743 3072 2799 Christus
3095 2745 3164 2798 sit
3205 2762 3219 2799 :
3250 2760 3371 2800 cum
3416 2763 3522 2801 non
3555 2746 3690 2802 alius
3723 2745 3847 2801 Chri-

2285 2844 2421 2903 stus,
2455 2851 2614 2906 quam
2659 2837 2748 2906 qui
2777 2837 2829 2891 in
2863 2837 3032 2891 forma
3068 2837 3165 2892 Dei
3192 2849 3330 2904 erat,
3365 2838 3592 2894 fortnam
3618 2839 3752 2894 servi
3777 2853 3846 2892 ac-

2279 2932 2512 3004 ceperit;
2556 2949 2731 3004 nequc
2778 2933 2938 3002 alius,
2980 2949 3141 3004 quam
3172 2936 3264 3006 qui
3300 2944 3456 2990 natus
3497 2943 3601 3003 est,
3632 2947 3844 2990 mortuus

2351 3067 2428 3141 (2)
2459 3067 2735 3124 Naturale.

646 3207 734 3281 (α)
755 3208 914 3281 Deest
942 3205 1206 3281 particula
1234 3219 1436 3281 negans
1459 3204 1510 3281 i_n
1539 3202 1748 3281 duobus
1771 3219 1900 3281 mss.
1926 3201 2079 3281 Colb.
2102 3214 2164 3281 _et
2192 3206 2236 3270 C
2269 3204 2362 3260 Or.
2395 3223 2468 3273 LI,
2505 3224 2558 3260 n.
2586 3207 2641 3271 5,
2674 3207 2748 3281 ait
2782 3225 2794 3260 :
2830 3205 3011 3278 Neque
3054 3210 3187 3264 enim
3231 3210 3486 3266 hominem
3532 3228 3564 3267 a
3609 3212 3845 3268 divinitate

574 3274 683 3335 uno
705 3274 954 3336 'Sorbon.‘
975 3279 1201 3334 Prorsus
1233 3277 1512 3331 retinenda
1539 3286 1641 3330 est.
1686 3274 1856 3343 Hujus
1879 3276 2164 3332 calumnia:

580 3351 908 3422 repellenda:
934 3351 1104 3421 gratia
1138 3358 1286 3402 tanto
1325 3347 1509 3422 studio
1529 3346 1614 3401 hic
1651 3346 1878 3402 inculcat
1909 3347 2158 3422 Hilarius,

571 3418 847 3479 Christum
891 3418 1013 3476 esse
1042 3423 1334 3491 perfectum
1369 3419 1639 3491 hominem
1669 3428 1858 3491 natura
1908 3418 2068 3491 nobis,
2091 3420 2163 3474 si-

570 3496 776 3559 milem,
808 3494 924 3548 licet
958 3507 1024 3547 ex
1045 3489 1331 3560 'singulari
1368 3490 1508 3543 illius
1547 3489 1901 3557 conceptione
1931 3490 2162 3545 maxime

569 3567 698 3621 velit
735 3565 1070 3619 divinitatem
1106 3564 1272 3632 ipsius
1299 3560 1652 3629 comprobare
1680 3577 1700 3632 εί
1735 3561 1872 3613 sicut
1919 3567 2030 3632 toto
2062 3561 2163 3615 hoc

569 3635 710 3691 libro
725 3635 788 3691 «in
823 3651 960 3691 unos
987 3631 1216 3690 Arianos
1245 3634 1504 3694 intentus,
1537 3633 1650 3701 pari
1681 3631 1791 3684 fere
1821 3631 1996 3684 studio
2032 3648 2162 3685 con-

569 3716 650 3761 tra
677 3706 972 3762 Sabellium
1012 3714 1231 3775 pugnat,
1263 3714 1322 3759 ut
1361 3703 1566 3758 nullum
1597 3701 1803 3757 usitata:
1829 3703 2041 3758 illorum
2073 3718 2162 3758 ca-

569 3777 786 3833 lumnia)
806 3777 979 3832 locum
1004 3777 1300 3845 permittat.

643 3848 722 3919 (b)
752 3848 914 3903 Solus
943 3844 1112 3903 codex
1134 3845 1257 3919 Vat.
1281 3846 1504 3919 _bas.,get
1537 3847 1752 3917 formam
1793 3844 1890 3898 Dei
1913 3861 2160 3919 evacuati-

570 3916 668 3976 teui
687 3916 708 3975 ἐ
727 3921 906 3978 minus
933 3919 1167 3974 sincere.
1195 3916 1382 3973 Obiter
1406 3916 1698 3973 observare
1723 3926 1825 3980 est,
1851 3918 1939 3987 qui
1965 3917 2159 3972 Christi

567 3991 887 4048 vocabulum
919 3992 984 4046 ad
1011 4001 1255 4044 naturam
1289 3991 1523 4044 divinam
1566 3987 1850 4042 referatur.
1886 3988 1976 4044 Sic
2003 3988 2160 4056 paulo

567 4072 694 4118 ante
747 4078 1044 4135 synonyma
1091 4061 1557 4135 stinthubsisteus
1606 4057 1828 4112 Verbum
1871 4057 2033 4125 Deus,
2083 4069 2157 4126 et,

569 4130 791 4190 manens
809 4136 860 4188 in
887 4130 1055 4204 [arma
1084 4131 1180 4187 Dei
1211 4130 1466 4204 Christus.

645 4205 720 4277 (ο)
746 4200 911 4271 ΕιΙίιῖ,
935 4214 987 4259 ut
1023 4220 1187 4259 verus.
1215 4203 1415 4274 Majore
1440 4200 1668 4277 quadam
1694 4201 2160 4277 energia_mss.‘_ut

564 4271 711 4342 uere,
727 4277 842 4332 scil.
874 4285 1025 4330 uatus
1063 4277 1149 4339 sit,
1193 4271 1434 4344 qui'vere
1461 4271 1600 4342 ﬁlius
1647 4273 1739 4326 Dei
1766 4271 1868 4327 est.
1909 4271 2041 4344 Tota
2071 4271 2159 4327 illa

604 4348 809 4402 radatio
833 4348 909 4402 sic
932 4354 1108 4416 potest
1134 4342 1451 4416 explicatius
1473 4344 1688 4414 exponi,
1718 4354 1775 4397 ut
1802 4343 1893 4397 Dei
1919 4342 2062 4398 ﬁlius
2093 4360 2159 4399 ex

604 4364 809 4402 f30:ll.|0
833 4364 909 4402 SIC
932 4364 1108 4416 ροιεδι
1134 4364 1451 4416 explicatius
1473 4364 1688 4414 EXPOIII,
1718 4364 1775 4397 υι
1802 4364 1893 4397 DCI
1919 4364 2062 4398 IIIIUS
2093 4364 2158 4399 CX

565 4364 788 4487 ﬁ’irgine
817 4434 974 4472 verus
1004 4416 1236 4487 hominis
1284 4415 1422 4487 ﬁlius
1457 4431 1587 4470 vere
1636 4427 1794 4487 natus
1819 4416 1926 4483 sit;
1965 4418 2034 4469 ita
2065 4431 2158 4469 au-

567 4485 757 4545 tem—ex
784 4489 1000 4557 Virgine
1027 4485 1260 4541 hominis
1281 4486 1422 4540 ﬁlius
1444 4486 1716 4557 natussit,
1747 4495 1804 4540 ut
1832 4502 1938 4543 non
1964 4487 2066 4541 nisi
2090 4501 2156 4542 es

564 4560 676 4616 Deo
703 4559 867 4615 homo
882 4555 986 4624 sit;
1018 4573 1080 4613 ac
1107 4557 1323 4612 demum
1350 4573 1413 4612 ex
1449 4558 1579 4622 Deo,
1613 4555 1716 4610 hoc
1739 4567 1842 4623 est,
1874 4572 1996 4613 eum
2017 4557 2157 4614 Deus

559 4641 727 4698 eSset,
762 4633 831 4686 ita
864 4639 1018 4685 natus
1043 4629 1108 4684 sit
1142 4629 1325 4693 homo,
1356 4636 1412 4682 ut
1439 4628 1578 4682 Deus
1609 4641 1733 4682 esse
1773 4643 1878 4682 non
1909 4627 2154 4683 desierit.

638 4726 721 4800 (ά)
749 4725 990 4800 Scilicet,
1016 4733 1074 4778 ut
1099 4739 1192 4800 per
1207 4722 1439 4777 eumdem
1463 4732 1625 4800 toturn
1647 4721 1900 4800 hominem
1927 4723 2084 4778 simul
2103 4740 2164 4777 ac

561 4792 728 4854 Deum
755 4807 890 4852 totus
924 4797 1074 4850 homo
1100 4792 1156 4850 iu
1183 4804 1448 4865 peccaturi;
1467 4793 1644 4864 lapsus
1671 4792 1955 4865 reﬁiigatur
1979 4809 2044 4849 ac
2076 4809 2162 4850 rc-

560 4870 848 4935 formetur,
899 4869 1074 4938 inquit
1111 4862 1372 4938 adversus
1423 4862 2159 4938 Apellinarium‘Gregorius

558 4934 840 5006 Nazianz.,
868 4934 1064 5004 θείω,
1109 4955 1164 4994 n.
1195 4936 1250 4992 5.
1290 4937 1365 4992 De
1394 4935 1558 4992 verbo
1589 4945 1724 4990 totus
1753 4934 1878 4991 vide
1905 4947 2158 4992 annotata

559 5011 625 5068 ad
659 5013 795 5085 psal.
830 5029 870 5080 ι,
901 5028 954 5066 n.
987 5011 1080 5065 27.

632 5101 708 5175 (e)
741 5103 852 5158 lloe
877 5112 984 5170 est,
1017 5117 1191 5173 neque
1217 5116 1245 5155 a
1283 5099 1460 5157 Verbo
1483 5098 1783 5175 conditam,
1817 5099 1911 5156 sed
1940 5115 1968 5152 a
1995 5114 2155 5175 causa

559 5171 736 5230 aliena
765 5186 930 5246 atque
949 5171 1172 5246 externa
1189 5182 1562 5246 propagatam,
1581 5180 1637 5246 ut
1663 5171 1865 5246 dictum
1893 5173 2152 5238 estn.20,

559 5261 736 5316 neque
764 5242 940 5302 eidem
973 5245 1149 5302 Verbo
1178 5242 1466 5316 intrinsece
1496 5252 1552 5297 et
1581 5244 1632 5316 in
1678 5242 1936 5298 unitatem
1966 5259 2154 5312 perso-

558 5313 663 5388 ῃιιεξ
691 5317 1055 5388 conjunctam.
1096 5314 1326 5388 Eosdem
1356 5313 1868 5388 quippe_btereticos
1895 5330 2154 5383 personas

557 5386 613 5443 in
634 5384 851 5444 Christo
879 5387 1151 5451 divisisse,
1179 5397 1234 5441 et
1279 5384 1512 5441 humiles
1541 5384 1738 5439 Christi
1770 5400 1926 5439 voces
1960 5387 2150 5440 buma—

560 5473 667 5528 nae,
684 5459 880 5515 divinae
904 5469 1081 5514 autem
1103 5457 1369 5528 gloriosos
1391 5457 1572 5510 titulos
1603 5457 1876 5520 tribuisse,
1900 5457 2052 5528 testis
2071 5467 2153 5512 est

558 5527 806 5655 girdatus
851 5527 1142 5602 Gregorius
1191 5527 1441 5585 Nazianz.
1503 5530 1803 5597 praesertim
1843 5527 1946 5582 sub
1987 5527 2150 5584 ﬁnem

607 5616 652 5654 r.
683 5616 774 5655 ut.

607 5616 652 5654 Γ.
683 5616 774 5656 ιιι.

629 5671 698 5753 (ρ
732 5671 1051 5753 Particulam
1085 5682 1130 5726 et
1157 5671 1208 5726 in
1236 5670 1751 5753 vulgatis-omissam
1783 5672 1983 5753 rectius
2020 5684 2149 5725 mss.

561 5741 820 5804 retinent,
851 5757 918 5797 ne
935 5751 1244 5796 naturarum
1271 5741 1515 5797 confusio
1540 5741 1892 5810 intelligatur.
1921 5742 2154 5796 Rursum

560 5812 645 5873 his
669 5813 960 5869 Concincns
985 5811 1242 5867 adversus
1272 5811 1967 5885 ApollinariumGregorius
1995 5811 2153 5884 Naz.,

2268 3294 2572 3358 separamus
2597 3295 2615 3333 :
2641 3279 2731 3358 sed
2767 3295 2936 3358 _uuum
2985 3293 3051 3358 et_
3079 3281 3310 3358 e_umdem
3353 3285 3675 3358 proﬁtemur,
3729 3291 3843 3358 prius
3902 3311 3903 3331 ι

2265 3349 2474 3425 quidem
2504 3368 2606 3425 nou
2639 3351 2917 3419 hominem,
2961 3352 3051 3406 sed
3083 3353 3271 3420 Deum,
3311 3349 3529 3419 etc.,'iu
3577 3357 3679 3425 ﬁne
3705 3349 3844 3411 autem

2264 3422 2420 3474 etiam
2451 3422 2726 3476 hominem.

2339 3497 2421 3573 (9)
2455 3495 2630 3573 Atque
2680 3493 2816 3548 adeo
2873 3494 2992 3549 duae
3036 3494 3142 3573 illa:
3189 3505 3396 3573 natura:
3438 3499 3722 3573 contrarim
3749 3508 3845 3570 post

2264 3565 2703 3642 coniunctionem
2737 3578 3086 3642 perseverant
3114 3566 3436 3642 itictitiittszc.
3468 3569 3559 3625 Sic
3585 3565 3844 3642 Gregorius

2263 3633 2543 3703 Nazianz.,
2575 3635 2667 3690 0r.
2701 3633 2831 3700 XLII,
2855 3639 3038 3692 carnis
3069 3640 3332 3694 vocabulo
3375 3641 3668 3698 humanam
3693 3633 3845 3697 νηπια-

2265 3722 2404 3782 r_am,
2446 3707 2680 3760 divinam
2716 3723 2846 3764 vero
2869 3708 3111 3782 Aspil‘iltts
3155 3714 3372 3766 nomine
3426 3715 3707 3782 appellans
3749 3717 3838 3768 ait;

2265 3775 2577 3852 Progressus
2633 3789 2802 3852 autem
2857 3775 2992 3834 Deus
3052 3798 3166 3834 cum
3216 3775 3841 3852 assumpta'ltumauitate.

2265 3864 2427 3901 unum
2468 3847 2633 3921 (nunc
2679 3851 2983 3905 diceremus
3016 3868 3148 3906 unus
3188 3850 3281 3921 est)
3330 3847 3619 3909 eafduobus
3646 3858 3768 3910 inter
3801 3873 3842 3909 se

2263 3923 2566 3995 contrariis,
2591 3936 2744 3995 carne
2769 3923 3008 3976 nimiruut
3055 3933 3100 3976 et
3133 3923 3356 3994 Spiritu,
3390 3942 3610 3995 quorum
3649 3932 3839 3982 alterum

2263 3991 2500 4047 deitatem
2533 3992 2670 4046 dedit
2705 3994 2989 4064 (ἒθέωσεν),
3022 3991 3240 4048 alterum
3271 3991 3487 4067 arrepit,
3512 4001 3717 4058 ἐθεὼθη.

2339 4082 2420 4155 (Ii)
2457 4083 2573 4138 \‘at.
2609 4082 2724 4156 bas.
2756 4099 2857 4138 ms.
2903 4101 3026 4138 cum
3056 4085 3373 4156 quihusdam
3415 4087 3560 4154 aliis,
3592 4090 3843 4143 naturale:
3896 4079 3897 4089 “

2264 4154 2443 4209 minus
2471 4154 2758 4210 concinne.
2802 4157 2880 4210 Ex
2905 4157 3010 4210 hoc
3045 4154 3186 4222 loco,
3227 4172 3439 4212 necnon
3489 4176 3556 4214 ex
3590 4178 3732 4214 num.
3766 4160 3840 4220 6i,

2265 4226 2334 4281 65
2383 4235 2440 4281 et
2467 4227 2586 4280 aliis
2614 4227 2828 4296 planum
2874 4237 2977 4289 est,
3007 4227 3082 4282 uti
3105 4227 3216 4297 jam
3262 4229 3692 4294 observavimus,
3722 4231 3843 4286 Hila-

2264 4299 2345 4353 rio
2372 4299 2586 4366 quoties
2624 4297 2692 4352 de
2717 4297 2934 4353 Christo
2962 4313 3142 4353 sermo
3173 4307 3282 4359 est.
3313 4310 3516 4355 natura:
3553 4305 3839 4357 vocabulum

2264 4383 2480 4443 semper
2507 4367 2575 4422 ad
2604 4368 2940 4443 divinitatem
2975 4369 3187 4424 referri.
3216 4370 3372 4434 Quod
3397 4375 3556 4437 enim,
3608 4376 3772 4443 inquit
3798 4374 3839 4425 iu

2265 4441 2399 4509 psal.
2437 4455 2656 4511 CXXXIX,
2685 4455 2741 4493 ιι.
2769 4439 2827 4506 2,
2890 4439 3030 4494 Deus
3073 4453 3166 4506 est,
3215 4451 3413 4496 natura:
3440 4461 3550 4497 sure
3595 4439 3699 4511 est,-
3726 4443 3841 4510 quod

2262 4520 2432 4585 autem
2455 4510 2607 4585 homo
2652 4519 2747 4585 est,
2780 4522 2978 4585 natura:
3002 4523 3206 4585 nostris
3242 4517 3530 4585 assumptio
3573 4510 3839 4583 est.anus

2185 4598 2240 4658 Β
2266 4582 2340 4666 rei
2374 4583 2638 4666 rationem
2670 4584 2749 4635 sic
2797 4582 2970 4666 reddit
2999 4583 3056 4638 in
3086 4598 3166 4652 ps.
3208 4582 3504 4666 vam,.'n.
3537 4586 3610 4666 ἓξ
3642 4604 3660 4666 :_
3684 4582 3840 4666 {Vcth

2267 4657 2449 4724 {omne
2470 4653 2665 4708 servitis
2693 4655 2975 4728 assumptio
2993 4664 3253 4724 tamquam
3272 4655 3510 4725 genuina:
3529 4659 3736 4728 originis
3755 4653 3834 4709 na-

2266 4735 2380 4799 tura
2405 4733 2514 4799 est;
2555 4741 2672 4799 cum
2713 4725 2764 4799 id
2795 4731 2935 4799 quod
2959 4737 3277 4796 assumptum
3319 4735 3419 4799 est,
3447 4745 3551 4799 uou
3583 4725 3838 4799 proprietas

2265 4797 2478 4870 interior
2521 4796 2609 4860 sit,
2639 4794 2728 4870 sed
2774 4795 2998 4850 exterior
3033 4794 3281 4870 accessio.
3311 4796 3404 4870 Sic
3445 4794 3637 4870 Cyrill.
3676 4794 3748 4853 Ἠ
3793 4804 3834 4850 in

2263 4866 2420 4921 Joan.
2443 4875 2687 4921 naturain
2706 4867 2990 4944 humanam
3007 4868 3074 4944 ad
3092 4869 3247 4923 Verbi
3265 4866 3563 4944 unitioném
3579 4878 3832 4944 σχετικῶς.

2265 4953 2372 4993 non
2393 4946 2620 5012 φυσικῶς
2637 4939 2957 5012 ascendisse
2994 4938 3174 5005 docet,
3205 4938 3356 5012 quod_
3380 4956 3444 4995 ea:
3488 4958 3544 4996 se
3588 4938 3655 4996 εἴ
3675 4952 3834 5010 suapte

2265 5009 2558 5065 conditione
2607 5026 2708 5064 non
2746 5009 2894 5063 liabet
2937 5009 3056 5072 hoc,
3090 5021 3144 5064 ut
3175 5009 3290 5064 cum
3320 5009 3432 5066 Deo
3464 5029 3621 5066 unum
3661 5015 3740 5068 sit.
3765 5009 3835 5064 ’At

2263 5093 2420 5138 caute
2459 5081 2678 5136 omnino
2709 5079 2943 5136 Hilarius
2974 5079 3200 5136 subinde
3230 5084 3586 5148 demonsmit,
3615 5097 3833 5149 assump-

2265 5161 2372 5207 tatn
2419 5153 2560 5208 servi
2598 5153 2846 5226 formam,
2875 5151 3045 5208 nihilo
3087 5153 3274 5226 minus
3325 5157 3600 5226 propriam
3652 5152 3829 5210 Christi

2264 5239 2404 5291 esse,
2434 5239 2594 5294 quam
2627 5225 2798 5294 ipsam
2826 5225 3053 5278 formam
3084 5224 3198 5279 Dei.

2334 5312 2396 5387 (i)
2419 5315 2634 5381 Excusl,
2663 5325 2710 5369 et
2741 5316 3042 5381 resurrexit,
3075 5327 3120 5370 et
3140 5316 3194 5370 iu
3216 5317 3369 5372 caelos
3393 5317 3724 5380 adscenderit,
3743 5333 3827 5370 non
3867 5311 3870 5326 "

2264 5397 2450 5456 potest,
2479 5398 2585 5461 etc.
2616 5387 2930 5461 Simplicius
2972 5402 3036 5461 ac
3062 5389 3262 5461 verius
3290 5405 3419 5461 mss.
3453 5401 3499 5444 et
3529 5391 3646 5461 (pro
3669 5389 3826 5461 etiam)

2259 5457 2583 5530 resurrexit:
2615 5459 2715 5512 hoc
2739 5465 2842 5520 est,
2874 5459 2920 5530 si
2943 5457 3081 5530 inibi
3106 5458 3339 5530 objicitis
3358 5457 3631 5516 Christiin
3659 5459 3828 5515 nativi-
3865 5461 3878 5530 5'

2261 5539 2392 5602 tate,
2418 5528 2688 5602 passione,
2707 5541 2840 5602 ete.,
2870 5528 3268 5597 inﬁrmitatem;
3295 5547 3396 5602 ego
3420 5547 3680 5602 apponam
3701 5532 3826 5598 ejus-

2262 5599 2382 5654 dem
2413 5601 2902 5672 in‘resurrectione
2930 5603 3176 5672 gloriam.
3219 5599 3398 5672 Pergit
3445 5599 3672 5658 Hilarius
3699 5605 3820 5656 viam

2262 5669 2596 5744 praecludere
2631 5672 2810 5744 errori
2846 5671 3250 5738 haereticorum,
3283 5669 3509 5744 quorum
3551 5673 3821 5728 imitatores

2265 5740 2664 5816 Apollinarista;
2689 5742 2933 5799 Christos
2953 5744 3088 5816 duos
3117 5740 3431 5800 inducentes
3457 5745 3594 5816 apud
3640 5745 3822 5813 Grego-

2265 5810 2404 5869 rium
2435 5810 2591 5880 Naz.,
2620 5813 2714 5869 0r.
2765 5830 2834 5869 ιιι
2860 5831 2873 5870 :
2899 5815 3179 5885 oerbailla,
3209 5817 3450 5889 Auguore
3491 5810 3698 5886 electus
3737 5810 3818 5882 Est,
