3930 6194
509 292 620 358 $65

1653 323 1659 330 -
1720 282 1965 347 SANCTI
2005 285 2256 345 HILARII
2297 278 2612 347 EPISCOPI

3681 288 3767 346 561

516 420 763 469 nostrum
810 408 867 467 id
892 412 1103 466 naturae
1130 405 1316 474 habet,
1357 410 1417 461 ut
1450 404 1624 461 calcet
1648 403 1821 460 undas
1850 414 1903 460 et
1945 418 2107 474 super
2136 402 2190 463 Α
2213 418 2333 475 quzc
2364 402 2568 459 fructus
2611 412 2742 458 suos
2786 397 3045 456 esurienti
3094 411 3198 454 non
3228 393 3518 470 praebuerit
3544 394 3761 458 damnare

518 504 715 561 ﬂuctus
728 512 837 570 eat,
869 512 923 559 et
949 516 1055 557 non
1094 500 1416 571 degravetur
1447 497 1715 568 ingressu,
1751 510 1926 568 neque
1957 510 2113 568 aqua:

520 595 894 654 insistentibus
923 592 1164 665 vestigiis
1192 580 1409 657 cedant,
1441 597 1689 661 penetret
1716 589 1879 645 etiam
1916 587 2114 657 solida,

528 705 631 746 nec
670 690 869 746 clausas
909 686 1103 743 dotnus
1144 685 1440 741 obstaculis
1482 691 1750 740 arceatur.
1802 683 1872 738 At
1901 696 2029 738 vero
2070 682 2117 737 si

522 781 779 839 dominici
808 780 1052 851 corporis
1082 779 1199 834 sola
1228 777 1333 833 ista
1362 786 1549 832 natura
1578 776 1669 843 sit,
1703 785 1763 831 ut
1788 771 1865 847 (a)
1894 788 1990 830 sua
2010 774 2119 830 vir-

529 886 664 943 tute.
706 890 802 934 sua
833 874 1011 929 anima
1043 872 1245 929 feratur
1276 872 1330 927 in
1360 871 1617 937 humidis,
1658 878 1713 926 ct
1738 869 1952 926 insistat
1975 868 2028 924 in
2055 869 2121 925 li-

528 968 730 1041 quidis,
764 976 818 1024 et
848 974 1124 1023 exstructa
1166 973 1492 1021 transcurrat
1520 981 1534 1019 :
1560 962 1685 1034 quid
1730 979 1825 1033 per
1873 972 2119 1019 naturam

2219 497 2467 552 arborem
2499 493 2716 569 (Matth.
2746 478 2837 548 χιιι
2863 535 2877 559 ,
2912 489 3033 564 19),
3069 506 3168 547 nec
3210 501 3457 547 naturam
3508 505 3621 546 eam
3663 492 3774 549 vinci

2220 589 2397 646 inedia
2421 631 2436 657 ,
2469 602 2591 660 qua:
2635 596 2882 643 naturam
2922 583 3217 641 viriditatis
3254 583 3403 654 iussa
3436 582 3669 655 ariditate
3701 584 3775 642 de-

2222 692 2397 741 mutet
2427 683 2478 755 (1
2488 682 2644 755 bid.).
2674 681 2831 751 Quod
2861 681 2941 745 si,
2974 689 3174 751 praeter
3202 677 3362 735 ﬂetus
3389 686 3446 734 et
3475 676 3589 734 sitis
3614 687 3665 736 et
3678 694 3777 735 esu-

2223 775 2437 833 ritionis
2466 775 2806 845 mysterium,
2836 780 3110 843 assumpta
3132 785 3283 836 caro,
3313 770 3367 826 id
3395 778 3481 827 est
3502 812 3518 838 ,
3546 769 3695 829 homo
3715 782 3783 829 to-

2222 878 2339 937 tus,
2398 870 2711 942 passionum
2758 878 2843 925 eSt
2887 867 3148 939 permissa
3178 865 3391 931 naturis
3439 883 3454 921 :

2224 966 2322 1029 ita,
2371 961 2454 1034 (1)
2495 970 2552 1017 ιιι
2599 959 2916 1031 passionum
2965 957 3029 1034 (ἱ)
3073 957 3437 1015 conficeretur
3481 954 3703 1028 injuriis;
3742 967 3791 1014 ut

3503 881 3597 921 nec
3636 874 3788 924 tamen

521 1061 744 1118 humani
795 1060 1040 1131 corporis
1093 1056 1168 1129 (b)
1214 1065 1532 1128 conceptam
1579 1052 1746 1129 333
1790 1070 1860 1112 ex
1913 1054 2123 1126 Spiritu
2220 1055 2361 1111 flens
2408 1069 2515 1112 non
2556 1053 2657 1110 sibi
2682 1051 2963 1121 ﬂeret,ut
2992 1050 3183 1108 sitiens
3227 1051 3376 1107 sitim
3410 1066 3513 1105 non
3544 1059 3791 1122 potaturus

523 1169 743 1209 carnem
772 1150 1124 1224 iudicamus?
1164 1150 1305 1206 Caro
1336 1150 1449 1218 illa,
1497 1149 1549 1205 id
1581 1158 1684 1216 est,
1725 1149 1881 1221 panis
1920 1149 2014 1205 ille
2056 1148 2123 1206 de

524 1246 685 1309 ctelis
713 1255 837 1312 est;
871 1254 926 1301 et
957 1244 1119 1300 homo
1164 1243 1255 1298 ille
1280 1242 1349 1298 de
1391 1243 1498 1297 Deo
1538 1250 1645 1299 est.
1671 1241 1887 1297 [labens
1931 1241 1998 1297 ad
2031 1256 2126 1312 pa-

526 1341 768 1398 tiendum
802 1339 1018 1410 quidem
1046 1351 1265 1409 corpus,
1291 1344 1345 1391 et
1372 1349 1562 1407 passus
1591 1344 1713 1400 est;
1745 1334 1841 1391 sed
1872 1333 1940 1408 (c)
1969 1342 2128 1390 natu-

525 1449 642 1492 ram
667 1447 771 1488 non
794 1431 1002 1486 habens
1031 1428 1097 1484 ad
1125 1427 1439 1485 dolendum.
1471 1427 1686 1482 Naturae
1718 1424 1795 1500 (ά)
1832 1427 1980 1483 enim
2004 1442 2128 1497 pro-

521 1526 656 1597 priae
684 1540 748 1580 ac
771 1538 885 1579 suae
912 1536 1112 1593 corpus
1140 1520 1269 1577 illud
1295 1529 1400 1587 est,
1430 1519 1575 1590 quod
1616 1520 1671 1575 in
1701 1519 1976 1576 caelestem
2003 1519 2126 1591 glo-

522 1617 659 1675 riam
688 1615 759 1690 (e)
789 1615 1164 1672 conformatur
1193 1615 1246 1668 in
1275 1620 1481 1678 monte,
1511 1613 1656 1684 quod
1682 1622 1886 1669 attactu
1919 1628 2020 1675 suo
2047 1616 2129 1669 fu-

522 1719 612 1781 gat
635 1707 833 1775 febres,
866 1709 1011 1779 quod
1040 1707 1107 1763 de
1147 1714 1305 1777 sputo
1325 1722 1423 1761 suo
1449 1705 1652 1761 format
1679 1706 1892 1766 oculos.

2225 1148 2555 1220 depelleret.
2586 1154 2643 1204 et
2670 1147 2915 1203 esuriens
2940 1159 3044 1201 non
3072 1160 3129 1202 se
3148 1143 3273 1201 cibo
3300 1158 3443 1200 escae
3483 1141 3690 1213 alicujus
3712 1160 3794 1200 er-

2226 1242 2423 1313 plerct.
2455 1239 2645 1312 Neque
2673 1240 2817 1295 enim
2846 1248 2982 1304 tum,
3009 1252 3133 1294 cum
3161 1235 3331 1293 sitivit
3371 1243 3465 1292 aut
3492 1235 3700 1292 esurivit
3718 1246 3794 1292 aut

2226 1335 2412 1405 ﬂevit,
2444 1333 2652 1391 bibisse
2680 1334 2940 1390 Dominus
2972 1341 3065 1389 aut
3103 1331 3463 1389 manducasse
3485 1340 3573 1386 aut
3593 1329 3798 1387 doluisse

2228 1436 2560 1484 monstratus
2591 1437 2674 1482 est
2707 1445 2720 1481 :
2753 1426 2848 1483 sed
2876 1426 2942 1482 ad
2964 1422 3452 1481 demonstrandam
3477 1425 3703 1496 corporis
3720 1439 3800 1481 ιτε-
3894 1468 3895 1485 ;

2228 1522 2479 1587 ritatem,
2511 1520 2760 1591 corporis
2804 1518 3144 1576 consuetudo
3191 1528 3448 1589 suscepta
3480 1526 3598 1583 est,
3650 1518 3714 1572 ita
3751 1526 3803 1572 ut
3892 1518 3895 1581 ἐ

3888 236 3895 329 4

3892 1258 3895 1407 t

2228 1624 2440 1671 natura
2469 1590 2675 1669 nostra:
2696 1612 3094 1670 consuetudine
3118 1608 3500 1667 consuetudini
3532 1608 3595 1683 (ᾖ)
3620 1609 3684 1664 sit
3706 1623 3803 1664 cor-
3888 1590 3895 1653 ἶ

2230 1709 2378 1779 poris
2406 1707 2760 1764 satisfactum.
2799 1706 2899 1764 Vel
2929 1721 3052 1762 cum
3078 1712 3263 1777 potum
3288 1702 3553 1760 etcihttm
3582 1702 3800 1772 accepit,

595 1801 687 1856 24.
721 1799 997 1854 Passiones
1020 1798 1263 1853 humana:
1290 1815 1359 1853 an
1386 1800 1439 1854 in
1471 1798 1697 1855 Christo.
1730 1828 1801 1841 -
1843 1799 1951 1857 Sed
1985 1799 2126 1858 forte
2154 1801 2205 1864 B
2232 1817 2341 1858 non
2397 1817 2457 1859 se
2487 1801 2797 1858 necessitati
2850 1800 3096 1873 corporis
3121 1841 3138 1868 ,
3166 1797 3263 1855 sed
3319 1795 3688 1854 consuetudini
3723 1796 3804 1852 tri-

524 1895 581 1950 iu
606 1908 717 1965 quo
745 1890 960 1948 affectio
986 1891 1170 1956 ﬂendi,
1204 1890 1417 1946 sitiendi
1439 1932 1455 1959 ,
1483 1891 1871 1964 esuriendique
1902 1894 2127 1964 mansit,

533 1999 855 2045 caeterarum
879 1998 1097 2058 quoque
1124 1985 1484 2041 humanarum
1514 1985 1825 2057 passionum
1858 1987 1911 2042 iu
1940 2003 2008 2044 eo
2039 2003 2137 2046 ne-

528 2094 684 2137 cesse
715 2078 785 2135 sit
828 2078 1008 2134 inesse
1050 2082 1316 2132 naturam.
1347 2076 1451 2145 Qui
1493 2090 1890 2135 sacramentum
1931 2079 2131 2147 ﬂetus,

529 2173 653 2228 sitis
703 2179 869 2240 atque
919 2169 1234 2226 esuritionis
1276 2171 1526 2240 ignorat,
1557 2171 1696 2226 sciat
1749 2182 1803 2227 et
1857 2173 2133 2230 vivificare

524 2265 772 2331 ﬂentem,
805 2278 904 2320 nec
933 2272 1161 2319 mortem
1201 2263 1389 2319 Lazari
1412 2263 1542 2321 flere
1568 2262 1761 2340 (Joan.
1792 2283 1854 2335 ιι,
1886 2266 1987 2341 15)
2011 2308 2027 2334 ,
2062 2265 2132 2342 (Γ)

529 2375 692 2433 quam
715 2357 986 2431 gaudeat,
1016 2366 1072 2414 ct
1101 2356 1326 2414 ﬂumina
1354 2373 1511 2429 aquae
1532 2358 1671 2415 vivae
1699 2375 1767 2417 ex
1792 2375 1856 2417 se
1892 2362 2135 2432 praebere

528 2455 806 2510 sitientem
837 2450 1019 2523 (Joan.
1059 2466 1146 2516 vn,
1180 2449 1281 2521 58)
1306 2492 1320 2519 ,
1374 2466 1551 2522 neque
1579 2450 1659 2525 (g)
1710 2468 1862 2510 arere
1890 2456 2013 2523 siti,
2045 2458 2135 2529 qui

528 2545 694 2620 339
711 2552 900 2617 potens
914 2544 988 2600 sit
1013 2552 1200 2615 potare
1219 2541 1577 2619 sitientes,(lt)
1591 2552 1647 2602 et
1662 2546 1990 2606 esurientem
2010 2562 2134 2606 eam

602 2685 686 2757 (l)
716 2681 785 2741 Ut
812 2681 1101 2757 passionis,
1136 2696 1286 2747 mox,
1327 2695 1429 2736 non
1468 2689 1729 2754 potatura.

532 2840 717 2906 potest
737 2842 936 2906 corpus
964 2824 1181 2906 Domini
1212 2820 1468 2906 habuisse
1509 2820 1714 2906 doloris
1765 2820 1936 2906 nostri
1964 2828 2124 2874 natu-

530 2891 646 2963 ram
673 2921 686 2957 :
711 2891 1041 2963 quia'noster
1066 2896 1223 2951 dolor
1248 2894 1411 2949 etiam
1441 2891 1638 2948 invitos
1667 2901 1867 2963 pungat
1888 2906 1951 2946 ac
1980 2906 2127 2963 mor-

532 2961 677 3032 deat.
706 2961 800 3029 Vel
829 2982 978 3028 certe
1005 2969 1108 3022 hoc
1138 2974 1513 3036 argumentum
1547 2980 1609 3019 ex
1644 2962 1709 3017 iis
1732 2961 1815 3036 est
1837 3004 1850 3029 ,
1883 2976 2003 3036 qum
2034 2961 2127 3017 ad-

531 3045 807 3103 versarios
845 3043 916 3097 ita
947 3035 1231 3111 premant,
1278 3045 1334 3090 ut
1374 3036 1426 3090 in
1463 3050 1561 3090 sua
1587 3035 1854 3092 sententia
1895 3035 1975 3090 eis
2022 3048 2127 3090 non

530 3124 790 3189 suppetat
818 3113 958 3189 quod
989 3116 1273 3189 reponant.

607 3176 685 3261 ii.)
715 3190 795 3261 ᾼιι
816 3176 1156 3261 primurn—ait
1176 3195 1271 3261 stta
1299 3177 1506 3260 virtute,
1538 3178 1694 3261 quasi
1720 3176 1900 3232 divina
1930 3176 2133 3233 virtute

537 3247 679 3332 qua!
703 3247 836 3311 dicti
879 3252 1103 3332 prodigii
1132 3250 1404 3332 .primaria
1435 3257 1595 3332 cauSa
1652 3247 1758 3332 sit;
1791 3264 1854 3304 ac
1895 3258 2006 3331 tum
2038 3264 2135 3302 sua

541 3321 738 3393 anima,
764 3336 821 3381 ut
840 3321 958 3395 qua:
985 3341 1011 3377 a
1039 3322 1220 3378 divina
1252 3329 1441 3395 natura
1471 3322 1609 3395 hanc
1630 3321 1746 3395 vim
1774 3321 2136 3395 pro_xime_ex-

540 3389 803 3472 οἰρὶςιιζει
830 3389 1435 3472 εὸιιβιξιίἐεοιιιηιῑιιιιίιὶει
1465 3390 1621 3472 :quia
1651 3400 1707 3444 ut
1734 3390 1974 3472 loquitur
2000 3389 2135 3472 (ire-

541 3461 725 3546 gorius
753 3470 883 3525 Naz.
919 3461 1020 3521 sub
1048 3466 1208 3521 finem
1234 3461 1331 3546 _Or.
1360 3461 1467 3546 εἶδε
1500 3463 1757 3546 Deus‘pf‘ar
1780 3461 2137 3546 intermedium

542 3531 762 3600 "mentem
790 3556 904 3596 cum
932 3554 1086 3593 carne
1126 3536 1434 3600 conjunctus
1470 3541 1576 3598 est;
1605 3540 1661 3587 et
1688 3531 1917 3587 Rufinus
1946 3533 1998 3587 in
2038 3549 2135 3588 cx-

546 3616 820 3686 positione
870 3607 1112 3686 Sym‘boli
1146 3624 1160 3660 :
1193 3602 1365 3686 Filius
1397 3618 1527 3686 ergo
1570 3602 1671 3686 Qei
1714 3605 1979 3686 nascitur,
2033 3621 2137 3659 non

544 3675 1023 3759 principaliter'sofi
1062 3678 1206 3759 carni
1244 3675 1492 3759 sociatus,
1521 3675 1611 3730 sed
1650 3676 1825 3730 anima
1861 3676 1992 3732 inter
2025 3692 2139 3731 car-

544 3750 665 3813 item
689 3750 954 3816 Deumque
980 3750 1148 3803 media
1173 3756 1460 3820 generatus.

620 3824 700 3898 (b)
728 3825 804 3880 lta
834 3837 966 3877 mss.
997 3821 1135 3898 Editi
1164 3817 1292 3898 vero
1312 3859 1333 3898 ,_
1356 3825 1688 3898 conceptahea;
1727 3817 1939 3898 Spiritu_
1961 3828 2140 3875 sancto

550 3890 978 3970 caro'judicatur.
1010 3892 1150 3947 Caro
1164 3890 1271 3970 _illa
1303 3890 1369 3970 de
1403 3890 1558 3945 oculis
1585 3890 1783 3946 dicitur
1805 3932 1820 3959 ,
1852 3892 1977 3961 quia
2017 3906 2139 3963 per.

552 3960 1002 4026 sona'assuntcns
1033 3971 1118 4018 est
1147 3960 1216 4016 de
1242 3960 1415 4016 caelis.

625 4038 699 4113 (c)
732 4038 809 4113 1η¹
830 4051 941 4113 uno
967 4032 1260 4103 exemplari
1298 4030 1502 4101 reperit
1536 4031 1798 4113 Erasmus
1830 4032 1937 4113 hic.
1961 4032 2141 4113 inser.

552 4101 690 4175 tum,
719 4106 1020 4164 imbecillam
1050 4114 1102 4159 ut
1130 4101 1304 4159 nostra
1330 4120 1395 4158 ex
1434 4114 1655 4173 peccato.
1687 4101 1822 4159 Cum
1848 4102 2040 4159 habens
2072 4107 2143 4160 sit

552 4183 790 4237 Verbum
812 4221 827 4247 ,
857 4193 958 4234 nec
989 4176 1151 4247 Verbi
1183 4190 1243 4230 ea
1272 4185 1459 4230 natura
1501 4176 1574 4229 sit
1593 4218 1608 4242 ,
1638 4184 1697 4247 ut
1721 4178 1890 4246 possit
1913 4176 2140 4242 dolere;

554 4254 713 4310 facile
737 4246 1019 4320 expeditur
1044 4246 1342 4320 difficultas
1356 4287 1369 4307 .
1401 4246 1764 4320 qtttc_ex_hoc
1792 4248 1910 4301 loco
1948 4249 2141 4320 oritur.

550 4326 710 4395 Quod
736 4317 1006 4395 illustrare
1051 4319 1180 4395 licet
1203 4317 1487 4395 exm'l‘_ra_ct._
1506 4317 1670 4395 ‘Psal.
1700 4334 1831 4384 Lm,
1865 4334 1918 4373 ιι.
1952 4320 1985 4373 8
2007 4361 2019 4381 ,
2054 4318 2143 4374 ubi

554 4386 774 4452 furimus
822 4393 1046 4446 animam
1088 4389 1217 4461 hanc
1257 4386 1525 4461 (Christi)
1573 4390 1811 4445 humana:
1859 4400 2059 4444 natura:
2097 4400 2144 4443 et

553 4464 878 4536 inﬁrmitatis,
900 4478 1007 4517 esse
1033 4460 1543 4536 existimantes_cutn
1598 4461 1946 4536 reprehendit
1990 4461 2141 4536 Hila-

2236 1894 2370 1953 buit.

2306 1988 2400 2043 25.
2444 1985 2514 2042 In
2553 1985 2758 2043 Christo
2787 1987 3020 2059 corporis
3050 1986 3264 2041 humani
3284 1984 3507 2052 ueritas,
3538 1994 3639 2038 acts
3677 1981 3803 2037 sitia.

2238 2078 2363 2136 Non
2406 2097 2528 2137 caro
2572 2082 2810 2153 peccati,
2868 2080 2959 2137 sed
3012 2079 3319 2136 similitudo.
3348 2106 3425 2120 -
3451 2076 3646 2132 Habuit
3684 2074 3805 2130 enim

2236 2190 2467 2248 corpus,
2508 2175 2607 2233 sed
2633 2175 2855 2247 originis
2894 2189 3008 2232 suae
3037 2174 3315 2245 proprium
3341 2190 3358 2238 ;
3404 2186 3579 2244 neque
3602 2184 3664 2227 es
3692 2167 3809 2224 vitiis

2238 2269 2489 2326 humanae
2508 2269 2881 2339 conceptionis
2910 2268 3217 2336 assistens,
3245 2266 3343 2324 sed
3374 2267 3428 2323 in
3470 2267 3690 2321 formam
3711 2275 3812 2319 oor-

2236 2365 2385 2437 poris
2415 2366 2586 2421 nostri
2627 2363 2846 2420 virtutis
2886 2378 3003 2420 suae
3039 2370 3310 2435 potestate
3352 2360 3660 2417 subsistens
3688 2374 3701 2410 :
3725 2369 3808 2429 ge-

2235 2470 2364 2514 rens
2392 2456 2607 2529 quidem
2632 2472 2732 2513 nos
2760 2471 2855 2527 per
2879 2454 3110 2512 formam
3140 2456 3306 2523 servi,
3332 2451 3430 2510 sed
3466 2467 3498 2506 a
3526 2448 3750 2522 peccatis
3768 2455 3812 2503 et

2237 2565 2268 2609 ι
2298 2551 2441 2609 vitiis
2470 2550 2692 2609 humani
2715 2551 2963 2624 corporis
3006 2551 3180 2618 liber;
3202 2556 3267 2607 ut
3302 2562 3406 2607 nos
3432 2545 3650 2619 quidem
3676 2545 3725 2601 in
3759 2557 3813 2600 eo

3890 2152 3895 2295 ι

3890 2300 3895 2437 ἐ

3888 2444 3895 2609 4

2232 2817 2316 2877 ius
2347 2832 2511 2873 sensu
2534 2816 2668 2873 nihil
2693 2825 2882 2877 contra
2908 2816 3111 2875 Christi
3139 2816 3479 2877 divinitatem
3509 2832 3572 2874 ac
3590 2816 3814 2873 virtutem
3894 2788 3895 2829 ἰ

2275 2890 2485 2962 abetur,
2518 2891 2658 2945 sicut
2685 2906 2859 2962 neque
2888 2906 2955 2947 ex
2984 2891 3154 2961 ipsius
3174 2891 3268 2948 siti
3289 2903 3381 2948 aut
3403 2892 3605 2956 esurio,
3635 2897 3695 2945 ut
3711 2903 3813 2943 mox

2235 2961 2565 3035 declaratur.
2601 2961 2786 3018 Potest
2826 2966 2991 3019 etiam
3022 2964 3093 3019 ita
3132 2963 3405 3035 explicari
3422 2978 3617 3035 corpus
3639 2972 3817 3035 natura

2236 3041 2286 3088 et
2308 3033 2525 3118 originis
2549 3034 2987 3118 sumpropriuqz,
3030 3046 3089 3090 ut
3133 3032 3332 3118 corpus
3360 3033 3494 3091 illud
3520 3032 3689 3118 ‘ilerbi
3715 3045 3816 3118 pro:
3894 3092 3895 3095 η

2239 3104 2415 3175 prium
2446 3104 2610 3160 fuerit
2638 3105 2797 3171 eique
2836 3105 3026 3162 intime
3068 3104 3467 3176 coniunctum,
3497 3113 3556 3161 et
3600 3120 3732 3176 non,
3772 3109 3817 3176 ut

2237 3174 2397 3249 supra
2424 3180 2613 3249 volunt
2645 3176 2913 3241 ltmrelici,
2947 3178 3001 3233 in
3041 3192 3106 3233 eo
3131 3174 3409 3249 tamquam
3436 3178 3514 3249 in
3558 3174 3813 3249 prophetis

2240 3247 2519 3320 habitarit.
2565 3247 2662 3320 Cui
2698 3248 3044 3317 explicationi
3077 3249 3221 3305 favet
3238 3247 3278 3317 ,“
3301 3248 3449 3320 quod
3478 3248 3545 3302 de
3564 3247 3736 3320 gloria
3758 3259 3811 3299 sc

2238 3319 2436 3374 virtute
2497 3318 2657 3390 hujus
2701 3321 2948 3387 corporis
3010 3322 3258 3390 proxime
3321 3316 3639 3390 subjicitur.
3692 3316 3817 3390 lianc

2239 3391 2440 3517 quippe
2484 3385 2861 3473 probationem
2902 3385 3099 3473 lib.:de
3132 3390 3336 3464 Synod;
3386 3385 3540 3447 num.
3572 3389 3676 3455 48,
3699 3400 3747 3457 et
3778 3385 3819 3468 in

2286 3476 2332 3516 s.
2363 3478 2449 3517 Lv.
2482 3478 2537 3516 n.
2563 3462 2619 3517 5.
2645 3460 2878 3517 Hilartus
2906 3462 3145 3517 adlubet.
3172 3475 3228 3517 ut
3254 3460 3496 3517 Verbum
3518 3471 3646 3517 post
3667 3471 3817 3517 carnis

2286 3455 2449 3527 s.'t'.v,
2563 3462 2619 3526 5,
2645 3460 2878 3517 Hilarius
2906 3462 3145 3528 adhibet.
3172 3455 3228 3518 ut
3254 3460 3496 3518 Verbum
3518 3471 3646 3534 post

2241 3532 2669 3601 assumptionem
2711 3548 2743 3587 a
2783 3548 2843 3587 se
2883 3549 2993 3589 non
3035 3533 3303 3591 defecisse
3341 3529 3701 3589 demonstret.
3731 3529 3821 3585 Hoc

2242 3619 2406 3660 sensu
2450 3620 2556 3659 non
2583 3618 2780 3674 corpus
2805 3644 2821 3670 ,
2866 3619 2971 3661 non
3004 3606 3191 3670 homo,
3226 3605 3323 3661 sed
3353 3603 3602 3661 Verbum
3643 3602 3820 3674 habens

2241 3688 2441 3747 corpus
2467 3690 2496 3729 a
2523 3672 2710 3747 dolore
2726 3674 3059 3747 _vindicatur.
3102 3676 3240 3734 Cum
3268 3675 3355 3733 bis
3382 3675 3581 3733 contu
3608 3690 3722 3747 qus:
3755 3672 3820 3726 in-

2243 3745 2323 3801 fra
2343 3745 2507 3802 fnum.
2532 3746 2626 3814 26,
2656 3745 2948 3803 habentur.

2327 3817 2400 3892 (ε)
2430 3818 2572 3873 Editi
2593 3860 2608 3883 ,
2638 3821 3154 3892 trans[orgtatur.gAt
3177 3835 3310 3892 mss.
3335 3834 3537 3892 magno
3559 3828 3820 3892 consensa.

2244 3886 2599 3958 conformatur
2624 3905 2643 3944 :
2670 3886 2812 3960 quod
2852 3888 3147 3962 Gregorius
3193 3891 3322 3947 Νη.
3354 3886 3456 3947 Or:
3504 3907 3595 3954 LI,
3648 3886 3820 3943 factum

2245 3975 2370 4040 esse
2389 3962 2623 4040 explicat
2646 3961 2909 4040 divinitate
2929 3979 3132 4017 carnem
3160 3972 3438 4035 superante
3458 4004 3474 4033 ,
3499 3962 3824 4040 ὑπερναῶσης

2247 4033 2307 4090 τὸ
2331 4035 2543 4107 cupidos
2566 4033 2946 4107 τῆςᾲθῄεότητος.

2331 4066 2543 4107 υυιμιιυν
2566 4066 2653 4096 In;
2689 4066 2946 4096 υδυτιιτυε.

2331 4104 2402 4175 (f)
2443 4105 2888 4176 Praepositionetn
2918 4105 2980 4160 ob
3006 4106 3134 4162 hinc
3160 4104 3491 4162 removimus
3520 4066 3815 4163 auctorata:

2250 4189 2383 4230 mss.

2347 4245 2399 4319 g)
2434 4245 2576 4319 Editi
2598 4290 2613 4314 ,
2644 4263 2815 4319 carere
2835 4247 2921 4302 siti
2949 4264 2969 4304 :
2995 4248 3355 4305 emendantur
3382 4264 3448 4305 ex
3476 4264 3615 4306 mss.

2348 4317 2403 4400 Ῑι)
2436 4317 2567 4373 Batl.
2617 4318 2816 4400 ειλιῑιξἶ
2837 4361 2852 4385 ,
2881 4329 2927 4374 et
2965 4322 3278 4386 esurientes;
3322 4320 3471 4400 Lips.
3512 4317 3825 4400 et_Par.,‘et

2251 4390 2505 4445 esuriente
2549 4407 2621 4445 se.
2662 4390 2888 4446 Rectius
2920 4408 3053 4447 mss.
3104 4403 3153 4447 et
3201 4396 3552 4456 esurientem,
3582 4390 3683 4446 hoc
3718 4394 3823 4445 est:

2252 4462 2388 4516 sciat
2419 4476 2543 4515 eum
2566 4462 2728 4516 etiam
2753 4462 2879 4516 dum
2901 4464 3072 4519 esurit
3098 4479 3219 4519 cum
3248 4463 3577 4519 auctoritate
3595 4461 3823 4516 damnare

556 4527 670 4594 rius
690 4580 704 4603 ,
736 4534 1030 4605 praedicare
1054 4530 1327 4584 videretur
1344 4527 1800 4605 Christianimam
1828 4547 1933 4586 non
1957 4534 2148 4605 similis
2174 4527 2231 4588 D
2254 4537 2527 4588 arborem.
2554 4532 2609 4588 In
2636 4532 2717 4587 his
2741 4533 3082 4605 manifestum
3100 4545 3205 4601 est,
3226 4535 3330 4590 hoc
3358 4535 3619 4589 Hilarium
3643 4540 3821 4605 tanta!!!

558 4598 887 4666 cum'n'ostra
920 4604 1085 4658 fuisse
1112 4611 1336 4658 naturte.
1361 4598 1469 4653 nisi
1500 4599 1781 4655 adversam
1814 4604 2142 4659 sententiam

557 4689 683 4736 ante
719 4687 774 4734 ct
812 4686 932 4744 post
980 4685 1251 4735 tueretur;
1305 4680 1617 4740 paleretquc
1649 4672 1749 4744 hoc
1780 4689 1902 4727 cum
1936 4684 2143 4730 tantum

557 4754 696 4807 velle
722 4794 736 4816 ,
784 4746 986 4804 Christi
1025 4743 1582 4816 animamgpertinere
1610 4743 1677 4798 ad
1706 4759 1987 4816 personant
2051 4746 2147 4801 ﬁlii

559 4826 691 4889 Dei,
725 4813 814 4893 qui
843 4829 1037 4893 natura
1066 4816 1206 4893 Dens
1247 4813 1317 4893 sit
1355 4824 1410 4868 et
1452 4816 1629 4868 omnis
1680 4814 2006 4871 infirmitatis
2051 4833 2146 4873 ex-

558 4886 717 4968 pers;
745 4886 912 4968 idque
938 4887 1139 4944 Judzeis
1170 4886 1408 4968 latuisse.

632 4956 714 5037 (ά)
747 4956 881 5019 Illud
905 4972 1102 5037 natura;
1127 4960 1259 5037 enim
1279 4956 1522 5037 propriis,
1553 4965 1686 5024 etc.,
1718 4956 2142 5037 idem_est_qttod

557 5029 711 5093 iniiio
737 5052 882 5091 num.
908 5033 981 5086 ‘25
1010 5049 1023 5084 :
1053 5029 1243 5084 Habuit
1274 5030 1410 5100 enim
1439 5044 1646 5100 corpus.
1678 5031 1768 5083 sed
1798 5031 2011 5100 originis
2038 5048 2145 5088 sua:

558 5109 850 5182 proprium,
883 5115 1012 5182 cie,
1040 5101 1180 5182 quod
1213 5099 1480 5182 significat.
1506 5098 1705 5155 Christi
1733 5098 1946 5182 c‘orpajri
1990 5114 2143 5159 uatu-

559 5171 674 5235 ran't
709 5181 875 5233 fuisse
915 5174 1261 5241 singularem,
1292 5171 1566 5242 propriam
1588 5213 1602 5233 ,
1636 5188 1700 5226 ac
1733 5173 1824 5227 Dei
1858 5172 1967 5228 filio
2010 5192 2143 5231 con-

557 5262 910 5311 sentaneam;
942 5248 1051 5311 ipse
1079 5245 1214 5296 enim
1255 5245 1595 5315 corporisgsui
1627 5246 1771 5315 origo
1802 5255 1872 5299 est
1893 5288 1905 5310 ,
1944 5257 2001 5301 ut
2030 5247 2145 5302 dic-

558 5333 668 5376 tum
719 5331 802 5376 est
833 5334 981 5373 num.
1017 5315 1103 5370 18.
1134 5318 1252 5380 Quo
1293 5328 1454 5387 sensu
1496 5313 1570 5368 ita
1612 5313 2020 5387 intelligendum
2062 5326 2148 5374 est

555 5393 756 5448 Cinisti
781 5404 977 5460 corpus
1004 5396 1201 5439 natura:
1231 5385 1483 5457 proprite,
1509 5396 1569 5439 ut
1595 5385 1810 5460 naturae
1828 5396 2027 5444 nostra:
2060 5391 2142 5443 vi-

555 5464 643 5518 tiis
676 5464 838 5518 fuerit
861 5459 1087 5531 vacuum
1116 5500 1130 5521 ,
1164 5470 1266 5511 non
1296 5468 1365 5531 ut
1390 5467 1590 5511 nastrte
1612 5459 1791 5512 carnis
1815 5475 2011 5531 corpus
2037 5476 2145 5516 non

556 5535 736 5589 fuerit.
770 5534 902 5587 Nam
931 5542 985 5585 et
1011 5529 1105 5583 lib.
1134 5544 1190 5593 t,
1225 5543 1280 5581 ιι.
1310 5527 1396 5592 11,
1424 5538 1612 5582 nostra:
1640 5530 1812 5584 carnis
1842 5527 1980 5586 Deus
2024 5548 2147 5587 caro

560 5608 728 5676 factus
757 5602 1119 5676 praedicatur)
1150 5609 1207 5652 ut
1228 5609 1283 5676 et
1306 5600 1359 5652 in
1379 5599 1489 5652 suis
1512 5604 1766 5676 perfectus
1804 5601 1900 5676 sit,
1923 5613 1975 5659 et
2000 5619 2147 5658 verus

556 5667 610 5728 in
641 5667 826 5727 nostris
844 5683 941 5746 ;_et
970 5671 1059 5725 hic
1086 5667 1363 5746 ipse_lib_er
1386 5667 1548 5738 supra
1576 5667 1632 5726 et
1658 5670 1800 5746 infra
1827 5667 1954 5729 nihil
1989 5675 2146 5746 quid—

557 5761 717 5814 quam
748 5742 917 5814 inagis
942 5748 1183 5801 resonat.
1214 5739 1269 5792 ln
1298 5741 1399 5797 hac
1439 5751 1630 5814 natura
1678 5758 1709 5797 a
1755 5745 1901 5800 vitiis
1942 5739 2145 5802 nostris

553 5812 727 5874 libera
749 5813 903 5869 tloior
927 5824 1033 5865 non
1060 5817 1243 5878 potest
1269 5823 1391 5866 esse
1416 5812 1519 5868 nisi
1548 5821 1879 5883 spontaneus
1909 5834 1920 5869 :
1954 5832 2028 5873 ex
2050 5833 2146 5874 cu-

2257 4605 2431 4677 γειιβ,
2468 4613 2712 4677 naturam
2745 4603 2796 4677 in
2826 4603 3043 4661 Christo
3085 4598 3361 4662 exstitisse
3402 4607 3637 4677 aliquam
3673 4598 3821 4677 abar-

2256 4670 2489 4731 fectionc
2513 4674 2960 4748 flendi,_siticudi,
2988 4678 3369 4748 esuriendique
3391 4670 3655 4739 alienam;
3683 4670 3819 4727 etiam

2257 4764 2380 4819 eum
2411 4746 2630 4819 easdem
2655 4746 2967 4803 affectiones
2991 4746 3819 4819 secundum—caruempaterelur.

2256 4818 2467 4874 Eodem
2511 4818 2673 4874 modo
2726 4819 2793 4874 de
2842 4818 3048 4877 doloris
3075 4835 3241 4877 sensu
3287 4820 3524 4876 locutum
3565 4831 3681 4875 eum
3716 4824 3821 4869 esse

2257 4889 2604 4946 sentiendum
2630 4899 2733 4946 est.

2299 4962 2399 5045 .(i)
2447 4960 2647 5030 Supple
2691 4963 2939 5045 permissa
2978 4976 3072 5045 est.
3122 4963 3263 5019 Tum
3295 4962 3530 5031 mitia“!
3561 4970 3612 5016 ⁸¹¹

2252 5028 2388 5097 nis,‘
2411 5048 2473 5087 ac
2501 5028 2647 5099 mox,
2677 5028 2725 5087 et
2746 5036 2921 5090 sitiens
2950 5036 3090 5091 sitim
3120 5052 3225 5090 non
3253 5028 3494 5103 potatura
3518 5028 3541 5088 7:
3570 5028 3823 5103 corrigun-

2259 5115 2345 5158 tur
2374 5120 2439 5158 ex
2488 5120 2616 5159 mss.
2637 5097 2763 5159 Non
2799 5117 2883 5162 est
2931 5108 3017 5162 hic
3053 5097 3388 5175 negligenter
3432 5097 3818 5175 transeundum.

2254 5175 2399 5246 quod
2430 5188 2694 5247 assumpta
2731 5194 2850 5232 caro
2902 5180 2970 5233 ab
3012 5172 3244 5247 ipsumet
3295 5176 3523 5247 Hilarior
3549 5172 3820 5241 expottatul'

2257 5256 2392 5300 totus
2418 5246 2568 5300 homo
2597 5264 2615 5302 :
2647 5264 2806 5318 quem
2849 5246 3046 5304 deinde
3073 5250 3324 5304 concedit
3359 5246 3675 5318 permissum
3715 5248 3818 5292 esse

2297 5319 2559 5390 assionum
2581 5314 2798 5381 naturis,
2827 5335 2931 5376 non
2957 5321 3258 5390 passionum
3286 5314 3513 5390 injuriis.
3543 5314 3736 5385 Ουίβρθ
3760 5320 3817 5360 εί

2278 5392 2343 5461 iis
2386 5388 2728 5457 perspicuum
2758 5401 2873 5456 est,
2911 5388 3036 5449 eum
3066 5394 3304 5461 sensisse
3340 5388 3621 5461 Christum
3655 5392 3819 5461 secunf

2254 5452 2399 5514 dum-
2415 5452 2686 5516 hominem
2716 5452 2906 5527 totum,
2931 5463 2985 5519 id
3011 5472 3119 5530 est,
3160 5454 3271 5517 tam
3298 5460 3593 5519 secundum
3619 5452 3821 5530 animi!"

2256 5545 2421 5601 quam
2462 5533 2760 5587 secundum
2803 5524 3021 5591 carnem
3048 5576 3065 5602 ,
3102 5524 3496 5602 'passionibus
3526 5524 3819 5598 permissum

2256 5600 2416 5667 esse;
2444 5616 2549 5655 non
2582 5604 2802 5672 quidem
2834 5600 3101 5672 quatenus
3122 5600 3311 5662 Verbo
3342 5600 3687 5672 ittjurioswet
3710 5602 3823 5647 con-

2258 5674 2564 5748 tumeliosa:
2589 5669 2752 5748 sunt,
2783 5669 2877 5732 sed
2906 5686 3172 5748 quatenus
3195 5669 3409 5748 homini
3432 5669 3708 5748 namralcs.

2341 5742 2411 5815 (Ῐ)
2437 5742 2493 5797 III
2534 5759 2638 5820 ms.
2673 5742 2797 5820 Vat.
2828 5742 2945 5803 bas'.
2974 5791 2988 5816 ,
3020 5749 3085 5803 sit
3111 5747 3316 5820 corpori
3344 5747 3685 5820 satisfactum,
3708 5742 3818 5805 pere

2262 5828 2451 5887 peram
2481 5817 2686 5875 omisso
2716 5819 2865 5890 prius
2893 5821 3064 5878 verbo
3088 5816 3462 5876 consuetudini.
