3930 6194
438 386 447 394 ,
540 322 652 381 567

1737 314 1983 375 SANCTI
2020 315 2087 375 Hl
2099 314 2284 376 LARH
2329 314 2640 375 EPISCOPI
3715 316 3800 377 368

541 447 748 497 metum
777 437 1008 495 Domino
1037 431 1260 491 haeresis
1303 432 1603 502 adscribit;
1640 448 1731 491 res
1761 434 1910 506 ipsas
1950 444 2010 491 ut
2034 450 2130 506 ge-
2158 436 2211 497 Α
2237 432 2594 490 discindcntis
2615 431 2695 507 (οι)
2715 429 2876 503 gladii
2896 428 3215 503 vestigia,et
3245 428 3300 486 in
3329 428 3445 500 ipsa
3464 429 3802 503 truncicorpo-

542 543 642 588 stze
690 539 820 588 sunt
864 528 1230 586 conferamus.
1265 527 1449 598 Neque
1474 527 1619 583 enim
1651 526 1765 582 ﬁeri
1816 535 2031 597 potest,
2083 537 2141 582 ut

542 625 710 679 timor
736 622 854 693 ejus
896 619 1234 692 signiﬁcetur
1275 620 1328 675 in
1357 619 1536 677 verbis
1556 660 1569 687 ,
1598 619 1754 690 cujus
1787 618 1977 675 fiducia
2010 634 2140 675 con-

541 715 776 770 tineatur
798 713 849 767 in
874 711 1054 768 factis.

610 807 698 861 27.
729 807 809 861 An
834 816 999 863 metus
1026 804 1292 863 Passionis
1316 806 1371 861 in
1396 804 1622 862 Christo.
1642 805 1993 863 —Timuisse
2022 805 2138 873 tibi,

540 913 576 955 ο
603 899 862 956 hazretice
881 940 895 966 ,
926 899 1187 956 Dominus
1210 900 1396 972 gloria:
1423 898 1729 971 passionem
1760 897 2010 954 videtur?
2034 898 2141 954 Sed

541 996 593 1054 ei
622 997 693 1052 ob
721 996 1037 1067 ignorantia:
1071 995 1234 1065 hujus
1263 1010 1505 1052 errorem
1536 1006 1589 1050 et
1616 1003 1831 1050 satanas
1871 993 2064 1050 Petrus
2087 1002 2144 1049 et

533 1090 851 1146 scandalum
878 1098 959 1146 est
987 1090 1007 1162 (
1036 1089 1222 1145 Matth.
1252 1104 1371 1151 ιιι.
1399 1088 1473 1145 25
1494 1089 1536 1159 ).
1578 1087 1648 1143 Et
1675 1087 1770 1144 ille
1797 1087 2014 1159 quidem
2047 1102 2143 1158 per

539 1183 861 1240 charitatem
900 1181 1137 1250 ChriSIi,
1185 1197 1345 1253 quem
1389 1181 1438 1237 ei
1480 1195 1586 1236 non
1629 1194 1757 1236 caro
1797 1195 1971 1250 neque
2019 1194 2145 1235 san-

540 1276 665 1345 guis
683 1315 699 1342 ,
727 1273 820 1330 sed
845 1273 1005 1329 Pater
1031 1272 1121 1344 qui
1150 1274 1200 1328 in
1227 1272 1381 1330 caelis
1405 1282 1489 1329 est
1512 1271 1882 1339 revelaverat,
1910 1270 2147 1327 detesta-

544 1376 633 1423 tus
664 1367 927 1439 passionis
955 1377 1349 1423 sacramentum
1370 1410 1385 1434 ,
1423 1366 1513 1421 tali
1543 1365 1850 1422 severitatis
1878 1366 2144 1421 sententia

542 1462 894 1517 conﬁrmatus
933 1460 999 1516 ad
1030 1460 1191 1516 ﬁdem
1222 1469 1325 1516 est.
1365 1460 1447 1516 Tu
1489 1460 1616 1529 quid
1657 1460 1954 1517 sectaberis
1992 1459 2143 1532 spei,

542 1555 819 1611 Christum
852 1555 1021 1611 Deum
1053 1555 1329 1627 negando,
1362 1565 1416 1610 et
1443 1563 1644 1611 metum
1676 1555 1726 1611 ei
1758 1554 2024 1625 passionis
2053 1553 2148 1609 ad-

539 1649 752 1707 dendo?
797 1651 953 1706 Anne
993 1649 1201 1718 timuit,
1245 1650 1335 1721 qui
1376 1649 1595 1705 armatis
1636 1649 1702 1704 ad
1744 1648 2146 1721 corripiendum

539 1759 601 1800 se
630 1742 821 1798 obvius
852 1742 1054 1813 prodiit
1083 1740 1265 1814 (.loan.
1293 1756 1456 1809 xvm,
1485 1742 1575 1814 6)?
1606 1748 1661 1797 et
1690 1741 1742 1796 in
1774 1756 2002 1811 corpore
2028 1740 2145 1812 ejus

2245 530 2322 584 ris
2345 528 2636 595 calumnia,
2660 526 2741 600 (5)
2767 527 2899 582 exiit
2917 525 3057 598 quod
3085 541 3189 581 non
3217 534 3331 593 est,
3358 534 3412 581 et
3434 526 3668 597 sequitur
3686 528 3799 598 quod

2244 636 2349 678 non
2378 628 2573 689 exstat,
2598 630 2652 677 et
2677 619 2992 692 rependitur
3011 619 3079 690 (ε)
3104 618 3247 690 quod
3267 619 3517 675 carctur?
3539 618 3803 677 Produccns

2247 716 2364 772 haec
2389 730 2519 787 ergo
2547 730 2730 771 aurem
2764 728 2975 781 manus,
3010 714 3217 770 clavum
3251 711 3443 769 dolet?
3473 721 3526 769 et
3554 713 3707 769 sentit
3729 713 3805 769 sibi

2245 807 2474 875 vulnus,
2520 807 2610 878 qui
2653 806 2810 864 alteri
2850 806 3091 864 dolorem
3121 806 3364 861 vulneris
3403 821 3509 861 non
3549 806 3804 877 relinquit?

2246 898 2683 972 Compungenda:
2725 900 2905 956 carnis
2930 908 3074 955 metu
3107 898 3275 954 tristis
3300 905 3414 964 est,
3446 897 3597 968 cujus
3622 898 3809 955 attactui

2253 990 2379 1047 licet
2424 1007 2646 1048 carnem
2691 991 2894 1048 donare
2932 1001 3057 1063 post
3094 990 3334 1046 caedem?
3366 989 3518 1057 Quod
3559 990 3602 1046 si
3638 990 3740 1046 hare
3766 992 3808 1048 in

2256 1084 2461 1142 Christi
2487 1101 2718 1157 corpore
2746 1086 2917 1142 virtus
2945 1085 3048 1141 fuit
3070 1128 3085 1151 ,
3117 1101 3220 1157 qua
3243 1126 3258 1149 ,
3293 1098 3427 1156 rogo
3446 1126 3461 1151 ,
3494 1084 3597 1140 ﬁde
3624 1093 3811 1140 natura-

2250 1177 2376 1235 liter
2405 1178 2485 1253 (Ι)
2516 1178 2760 1235 inﬁrmus
2802 1178 2970 1235 fuisse
2996 1177 3326 1243 defenditur,
3355 1177 3444 1233 cui
3487 1177 3715 1233 naturale
3738 1176 3814 1233 fuit

2246 1289 2463 1330 omnem
2497 1273 2853 1329 humanarum
2885 1273 3257 1328 inﬁrmitatum
3284 1270 3535 1327 inhibere
3564 1272 3812 1326 naturam?

2316 1366 2408 1422 29.
2442 1365 2523 1421 An
2548 1366 2670 1421 inde
2699 1366 2880 1421 tn'stis.
2910 1396 2981 1407 —
3007 1365 3113 1421 Sed
3145 1365 3280 1420 forte
3304 1363 3470 1419 stulta
3499 1372 3655 1434 atque
3681 1363 3811 1435 impia

2248 1461 2602 1531 perversitate
2641 1459 2770 1516 hinc
2805 1458 3034 1515 inﬁrmis
3074 1459 3128 1515 in
3169 1474 3235 1515 eo
3262 1466 3471 1514 natura:
3499 1467 3814 1527 praesumetur

2247 1554 2497 1621 assertio,
2529 1555 2651 1626 quia
2684 1554 2856 1610 tristis
2884 1555 2956 1608 sit
2984 1554 3160 1609 anima
3186 1553 3303 1625 ejus
3328 1568 3501 1624 usque
3527 1552 3592 1608 ad
3620 1562 3814 1609 mortem

2250 1646 2465 1721 (Matth.
2502 1664 2661 1715 xxvi,
2692 1647 2809 1719 38).
2840 1648 3087 1703 Nondum
3116 1656 3169 1702 te
3189 1689 3203 1715 ,
3233 1645 3495 1702 lmretice
3514 1688 3529 1711 ,
3555 1660 3648 1702 cur
3669 1646 3814 1701 virtu-

2250 1751 2355 1797 tem
2386 1742 2516 1798 dicti
2547 1758 2654 1799 non
2686 1742 2985 1813 intelligas,
3019 1757 3208 1812 arguo.
3243 1741 3467 1798 Interim
3506 1749 3679 1798 tamen
3715 1757 3741 1796 a
3775 1751 3817 1797 te

537 1837 827 1892 inﬁrmitas
871 1835 998 1904 fuit,
1040 1834 1107 1890 ad
1147 1835 1299 1906 cujus
1327 1849 1611 1891 occursum
1643 1842 1991 1889 consternata
2023 1847 2146 1902 pcr-
2174 1829 2221 1890 B
2249 1837 2488 1907 requiro,
2518 1850 2614 1893 cur
2636 1844 2867 1893 exeunte
2891 1836 2957 1891 ad
2988 1835 3348 1908 proditionem
3370 1834 3510 1892 Juda
3536 1851 3637 1890 non
3660 1836 3820 1890 memi-

545 1930 890 2003 sequentium
930 1928 1145 2001 agmina
1185 1929 1573 1993 conciderunt,
1615 1938 1668 1985 et
1696 1928 2033 1999 majestatem
2066 1927 2148 1983 in-

540 2021 785 2097 gerentis
829 2039 890 2080 se
935 2023 1003 2078 ad
1044 2022 1259 2079 vincula
1290 2038 1396 2079 non
1425 2023 1661 2079 ferentes
1689 2021 1851 2095 35.2
1882 2022 2147 2091 supinatis

546 2117 868 2188 corporibus
894 2115 1245 2173 reciderunt?
1266 2116 1437 2185 Quam
1465 2116 1626 2187 igitur
1653 2115 2018 2171 inﬁrmitatem
2050 2114 2149 2171 do-

540 2213 801 2267 minatam
831 2208 910 2284 (a)
937 2209 1098 2281 hujus
1128 2208 1342 2280 corpori
1373 2208 1581 2277 credis,
1612 2207 1764 2279 cujus
1807 2214 2009 2264 tantam
2052 2206 2149 2263 ha-

542 2304 664 2359 buit
691 2312 882 2359 natura
912 2301 1209 2358 virtutem?

616 2396 707 2452 ξε.
751 2397 830 2450 An
859 2394 1072 2450 doloris.
1100 2423 1173 2435 -—
1192 2391 1299 2450 Sed
1327 2393 1468 2449 forte
1496 2391 1741 2451 dolorem
1772 2393 2052 2450 vulnerum
2081 2393 2149 2448 ti-

542 2488 699 2544 muit.
728 2487 897 2555 Quem
921 2530 936 2555 ,
968 2502 1102 2559 rogo
1122 2529 1136 2554 ,
1164 2488 1502 2558 penctrantis
1534 2488 1585 2542 in
1618 2502 1836 2544 carnem
1879 2486 2018 2543 clavi
2050 2490 2150 2541 ha-

545 2582 665 2639 buit
691 2579 772 2655 (1)
801 2581 1082 2637 horrorem
1113 2579 1191 2653 (b)
1212 2622 1226 2647 ,
1258 2582 1347 2651 qui
1379 2580 1576 2635 excisa:
1606 2580 1752 2635 auris
1782 2595 2003 2635 carnem
2031 2579 2150 2636 solo

542 2676 785 2735 restituit
841 2684 1042 2732 attactu
1077 2673 1229 2747 (Luc.
1278 2689 1420 2739 χχιι,
1450 2674 1581 2745 5!)?
1612 2673 1839 2744 Expone
1868 2673 2022 2729 nobis
2055 2683 2107 2728 tn
2129 2714 2147 2742 ,

544 2772 832 2831 dominica:
861 2769 1192 2826 inﬁrmitatis
1219 2778 1480 2833 assertor,
1517 2766 1618 2822 hoc
1650 2767 1701 2820 in
1734 2768 1852 2838 ipso
1881 2768 2149 2839 passionis

543 2873 792 2938 tempore
823 2864 1109 2919 infirmatrc
1139 2875 1277 2930 opus
1303 2859 1505 2915 carnis.
1532 2858 1831 2914 Exscrcnte
1866 2860 2008 2915 enim
2049 2860 2148 2915 Pe—

546 2968 631 3016 tro
656 2969 820 3028 atque
845 2956 1095 3028 adigente
1124 2954 1360 3025 gladium
1380 2995 1395 3020 ,
1432 2962 1656 3008 truncus
1682 2968 1812 3008 aure
1840 2967 2030 3010 servus
2058 2969 2147 3009 sa-

544 3051 781 3109 cerdotis
808 3048 1077 3104 adstabat.
1109 3044 1393 3114 Quomodo
1427 3042 1506 3117 (Ξ)
1545 3060 1611 3100 ex
1653 3045 1850 3100 decisa:
1894 3043 1965 3120 (c)
2003 3046 2149 3103 auris

545 3143 815 3208 vulnere,
859 3140 1210 3209 contingente
1253 3136 1507 3206 Christo,
1548 3136 1795 3194 restituta
1835 3154 1964 3194 caro
2002 3140 2149 3195 auris

2257 1927 2406 1984 neris
2434 1927 2637 1984 dictum
2670 1928 2869 1986 fuisse:
2906 1929 3059 1984 Nunc
3089 1929 3463 1999 honoriﬁcatus
3489 1938 3565 1984 est
3591 1930 3722 2001 ﬁlius
3747 1928 3821 1983 Ιιο-

2249 2019 2402 2073 minis
2430 2019 2615 2091 (Joan.
2643 2035 2770 2086 xm,
2800 2021 2915 2092 51).
2958 2020 3016 2078 Si
3041 2022 3185 2077 enim
3224 2023 3407 2092 passio
3434 2021 3820 2078 honoriﬁcatnra

2249 2127 2372 2169 eum
2401 2121 2550 2182 erat;
2583 2115 2854 2186 quomodo
2883 2115 3091 2171 tristem
3119 2131 3244 2171 cum
3275 2125 3453 2172 metus
3485 2115 3739 2186 passionis
3760 2114 3823 2171 ef-

2250 2204 2497 2262 fecerat?
2521 2205 2634 2262 Nisi
2668 2206 2808 2263 forte
2837 2215 2946 2262 tam
2991 2207 3375 2264 irrationabilis
3415 2207 3609 2272 fuerit,
3646 2217 3702 2263 ut
3736 2206 3823 2278 pati

2252 2298 2668 2373 timuerit3ﬁ3
2685 2342 2700 2367 ,
2728 2316 2848 2373 quae
2868 2315 2927 2357 se
2950 2310 3134 2357 essent
3151 2301 3513 2373 gloriﬁcatura
3542 2303 3821 2374 patientem.

2322 2392 2411 2448 50.
2446 2390 2527 2446 An
2567 2394 2778 2448 calicem
2822 2395 3096 2466 transferri
3122 2412 3153 2449 a
3182 2412 3236 2450 se
3265 2406 3503 2464 precatus
3544 2397 3629 2451 sit.
3654 2392 3824 2451 -—Sed

2250 2484 2389 2540 forte
2421 2485 2662 2541 timuisse
2691 2501 2859 2557 usque
2889 2503 2958 2544 eo
2985 2487 3403 2557 existimabitur,
3435 2497 3498 2543 ut
3521 2487 3781 2545 transferri
3801 2501 3824 2541 ι

2250 2600 2310 2641 se
2332 2588 2555 2643 calicem
2579 2586 2900 2656 deprecatus
2923 2587 3024 2653 sit,
3044 2586 3262 2643 dicens:
3287 2586 3433 2642 Abba
3456 2597 3621 2656 pater,
3643 2585 3716 2661 (9)
3734 2601 3827 2657 pos-

2262 2678 2433 2734 sibilia
2473 2678 2561 2733 tibi
2600 2679 2773 2734 omnia
2814 2689 2968 2748 sunt,
3010 2682 3233 2753 transfer
3271 2679 3412 2734 hunc
3451 2681 3662 2735 calicem
3703 2695 3732 2732 a
3766 2691 3830 2731 me

2255 2770 2453 2845 (Marc.
2486 2789 2596 2840 xw,
2624 2774 2741 2844 36).
2777 2773 2842 2831 Ut
2866 2773 2935 2830 de
2960 2774 3172 2830 creteris
3196 2788 3302 2828 non
3332 2773 3650 2838 calumnier,
3680 2783 3829 2827 nonne

2256 2865 2637 2924 hebetudinem
2660 2868 2955 2938 impietatis
2977 2878 3082 2924 tum
3104 2869 3184 2924 vel
3209 2867 3337 2924 hinc
3357 2867 3712 2939 coarguisses,
3730 2863 3830 2935 quia

2251 2958 2495 3032 legeras:
2539 2960 2780 3016 Reconde
2818 2961 3049 3033 gladium
3086 2971 3228 3016 tuum
3265 2961 3319 3015 in
3349 2960 3587 3016 thecam:
3612 2958 3830 3023 calicem,

2251 3070 2401 3125 quem
2430 3055 2568 3110 dedit
2593 3057 2721 3110 mihi
2751 3055 2928 3133 Pater,
2962 3072 3062 3111 non
3092 3055 3258 3109 bibant
3287 3054 3439 3133 illum
3479 3052 3669 3126 (Joan.
3699 3065 3833 3114 xrm,

2254 3145 2342 3220 11)
2362 3147 2388 3202 ?
2411 3148 2693 3217 Quomodo
2716 3132 2861 3204 enim
2894 3163 2992 3218 per
3019 3147 3256 3218 patiendi
3289 3156 3499 3203 metum
3530 3142 3792 3202 transferri
3810 3155 3835 3195 a

548 3234 672 3292 est?
698 3231 856 3289 Unde
894 3230 1039 3285 inter
1088 3227 1344 3284 ﬂuentem
1389 3228 1700 3300 sanguinem
1756 3238 1812 3285 et
1865 3241 1986 3301 post
2041 3229 2154 3303 ipsa

2265 3254 2320 3297 5c
2350 3240 2427 3314 (h)
2451 3242 2858 3313 deprecaretur,
2884 3240 3030 3313 quod
3057 3256 3157 3312 per
3180 3240 3602 3312 dispensationis
3623 3236 3836 3296 studium

617 3351 698 3419 (1)
733 3348 1002 3405 Terrorem
1028 3346 1083 3402 in
1113 3361 1217 3403 ms.
1249 3346 1449 3419 veron.

621 3352 666 3419 (1
733 3351 1002 3405 Terrorem
1028 3351 1083 3402 in
1113 3361 1217 3403 ms.
1250 3351 1449 3403 Veron.

621 3351 701 3498 (‘2;
720 3421 947 3477 Excist
956 3419 1122 3475 Paulo
1140 3418 1772 3490 post,descendentis,uon
1793 3417 2147 3476 discindentis.

618 3542 694 3617 (a)
729 3538 872 3597 Editi
892 3579 906 3605 ,
937 3538 1092 3617 hujus
1121 3532 1519 3617 c_orporis._Non_
1546 3532 2021 3617 negatkincidisse‘2
2051 3535 2145 3617 sed

551 3604 868 3671 dominatum
892 3604 1021 3665 esse:
1037 3608 1117 3665 Re
1144 3604 1261 3676 ipSa
1279 3613 1480 3661 nostra:
1507 3604 1849 3660 inﬁrmitates
1879 3606 1929 3660 in
1961 3605 2150 3663 Chris-

554 3699 668 3741 tum
694 3684 765 3739 ita
794 3681 1099 3737 inciderunt
1116 3721 1131 3746 ,
1157 3687 1215 3732 ut
1241 3692 1425 3732 earum
1452 3691 1669 3746 semper
1686 3676 1938 3732 dominus
1964 3678 2147 3734 fuerit.

630 3754 705 3827 (b)
734 3750 934 3809 Excusi
952 3791 966 3816 ,
998 3761 1279 3806 terrorem:
1306 3747 1637 3818 castigantur
1666 3762 1732 3804 ex
1763 3750 2151 3808 vetustioribus

554 3842 690 3884 mss.

628 3897 699 3967 (c)
732 3895 789 3967 l_n
822 3892 1065 3963 pluribus
1091 3906 1221 3947 mss.
1242 3932 1260 3956 ς
1288 3890 1473 3967 excisa!
1491 3892 1633 3967 auris
1650 3891 1860 3967 uulnus.

634 3963 713 4052 (ά)
740 3965 997 4052 Plerique
1024 3979 1165 4052 mss:
1186 3977 1308 4052 sua
1341 3963 2000 4052 taenia.terrearis:
2032 3963 2157 4052 Tel-

634 3982 713 4052 (α)
742 3982 997 4090 Ptertﬂue
1024 3982 1156 4047 mss.
1186 3982 1308 4018 CIIII]
1341 3982 1601 4047 VPlgiHlS,‘
1624 3982 1997 4019 αεδωηαειιηδ.
2034 3982 2061 4019 ⁷Ι
2077 3982 2154 4018 el-

555 4042 796 4117 lertanus
823 4052 1026 4117 co__ex_,
1060 4034 1442 4117 discendenns._
1468 4034 1635 4117 Magis
1671 4036 1850 4117 placet
1891 4049 2013 4117 cum
2044 4035 2154 4091 Re-

560 4111 833 4180 migiano,
874 4106 1228 4180 discindentis.
1276 4105 1514 4180 Deinde,
1554 4105 1610 4158 in
1674 4112 1787 4176 ipsa
1827 4107 2154 4180 trunci_cor-

563 4176 704 4252 poris
731 4177 1142 4252 calumnia,_hoc
1161 4188 1243 4232 est
1265 4218 1281 4242 ,
1312 4192 1379 4233 eo
1405 4176 1524 4246 ipso
1549 4187 1824 4252 mpmento
1849 4193 1956 4248 quo
1979 4178 2157 4252 ablata

563 4246 696 4309 aure
728 4263 972 4307 truncum
1006 4249 1201 4303 factum
1230 4254 1313 4302 est
1337 4263 1553 4316 corpus.
1583 4246 1878 4303 Calumniaz’
1894 4249 2159 4304 vocabulo

563 4323 705 4393 apud
732 4332 980 4376 auctores
1005 4317 1195 4393 mediae
1222 4328 1312 4373 aut
1338 4317 1539 4393 inﬁnite
1564 4319 1847 4393 latinitatis
1869 4319 2159 4393 aliquando

567 4389 901 4466 signiﬁcatur
928 4391 1069 4466 actio
1089 4431 1104 4453 ,
1132 4403 1237 4459 qua
1275 4391 1396 4466 quis
1440 4405 1553 4466 per
1572 4389 2004 4466 jnris_formulas
2045 4406 2159 4445 rem

565 4460 878 4536 quampiam
902 4461 1120 4536 auferre
1144 4460 1455 4536 contendit;
1485 4460 1974 4536 aliquandoautem
2002 4475 2161 4536 poena

567 4529 655 4594 vel
685 4529 849 4593 multa
868 4574 885 4602 ,
916 4547 1020 4605 qua
1038 4531 1350 4605 damnatur
1361 4529 1456 4605 qui
1484 4531 1749 4605 actionem
1763 4533 1981 4605 injuste
2005 4529 2166 4588 insti-

564 4613 690 4665 tuit.
736 4601 912 4663 Prima
935 4601 1161 4659 ratione
1200 4601 1517 4671 intelligitur
1558 4601 1612 4654 in
1654 4601 1796 4656 Psal.
1829 4618 2077 4666 cxxxvn,
2106 4622 2160 4658 ιι.

572 4682 677 4746 15;
709 4693 853 4746 nunc
881 4691 1012 4733 vero
1043 4689 1140 4745 pro
1165 4678 1326 4746 pana
1357 4671 1675 4739 simpliciter
1700 4686 1990 4746 usurpatur
2014 4692 2034 4746 :7
2058 4676 2161 4730 nisi

575 4736 698 4823 quis
723 4736 877 4823 malit
903 4763 1023 4823 eam
1043 4736 1238 4823 'vocari
1264 4736 1476 4823 justam
1492 4757 1706 4813 ptenam
1735 4736 1933 4800 Christi
1965 4744 2165 4816 injuste

571 4815 626 4881 et
652 4837 748 4892 per
771 4818 1093 4876 calumniam
1127 4815 1377 4883 impetiti.

646 4885 721 4968 (ε)
754 4892 894 4948 Editi
919 4933 934 4958 ,
965 4906 1064 4961 quo
1094 4897 1332 4943 curetur:
1375 4885 1736 4943 renitentibus
1777 4886 2173 4958 antiquioribus

570 4981 705 5022 mss.

650 5044 723 5115 (Ῑ)
764 5043 986 5098 Fatetur
1010 5039 1245 5115 Hilarius
1286 5038 1422 5092 infra
1464 5052 1518 5091 ιι.
1564 5036 1662 5101 65,
1702 5035 2011 5098 Christum.
2055 5055 2171 5092 cum

578 5133 645 5173 ea:
662 5114 1054 5187 dispensatione
1104 5114 1256 5187 homo
1295 5119 1425 5187 esset
1446 5149 1465 5187 ε
1505 5117 1730 5187 maneret
1769 5118 1938 5187 tamen
1975 5127 2039 5165 ea:
2075 5127 2173 5187 NA-_

574 5204 719 5244 TURA
753 5181 890 5240 Deus
917 5227 930 5250 ,
961 5186 1225 5250 eumdem,
1271 5198 1335 5237 ea:
1373 5181 1671 5248 inﬁrmitate
1712 5181 2019 5249 cruciﬁxum
2040 5224 2054 5247 ,
2084 5183 2171 5251 qui

578 5276 643 5315 ea:
670 5272 901 5313 γιιιτυτιι
925 5255 1021 5310 Dei
1049 5256 1266 5308 viveret:
1291 5263 1344 5306 ut
1371 5268 1489 5306 cum
1519 5253 1796 5326 infirmitas
1825 5264 1954 5308 esset
1981 5269 2046 5308 ea:
2067 5256 2177 5326 for-

1597 5324 1640 5376 ei
1679 5327 1884 5394 forma;
1924 5341 2028 5379 non
2063 5324 2178 5379 am-

578 5348 663 5384 ma
692 5330 821 5385 servi
841 5370 855 5391 ,
889 5337 936 5382 et
960 5342 1170 5382 unum
1197 5334 1420 5379 maneret
1451 5340 1514 5379 ea;

580 5403 788 5472 biguam
820 5408 946 5454 esset
973 5400 1026 5455 in
1044 5414 1153 5472 _quo
1182 5405 1498 5472 sacramento
1526 5406 1787 5472 etpassus
1825 5408 1990 5472 esset,
2024 5406 2071 5450 et
2103 5396 2176 5472 ri-

580 5466 753 5526 νεῖ-εις
792 5481 846 5524 ut
882 5486 1003 5524 cum
1035 5469 1089 5522 in
1133 5467 1305 5522 eodem
1345 5476 1472 5521 esset
1498 5476 1544 5520 et
1571 5466 1846 5536 inﬁrmitas
1874 5467 1944 5520 ad
1973 5467 2176 5535 passio-

581 5559 696 5596 nem
716 5582 730 5601 .
760 5552 806 5595 et
835 5541 903 5595 ad
931 5542 1087 5594 vitam
1113 5539 1208 5593 Dei
1237 5552 1468 5599 warns;
1502 5554 1605 5591 non
1645 5538 1781 5592 alius
1817 5554 1877 5591 ac
1918 5539 2114 5592 divisus
2142 5555 2175 5592 a

577 5629 632 5667 se
659 5623 784 5667 esset
805 5650 820 5672 ,
847 5613 934 5680 qui
962 5620 1012 5666 et
1041 5620 1314 5679 pateretur,
1347 5610 1629 5680 etrrviveret.
1661 5608 1779 5675 Qun
1807 5626 1872 5665 ex
1907 5610 2026 5664 loco
2052 5609 2172 5663 elﬁ-

582 5682 751 5737 citur:
781 5681 836 5735 1⁰
860 5677 1115 5739 virtutem
1140 5696 1262 5749 qua:
1289 5682 1341 5734 in
1366 5677 1568 5734 Christi
1594 5695 1825 5750 corpore
1852 5680 1984 5747 fuit,
2014 5680 2173 5736 intel-

584 5750 851 5823 ligendam
880 5767 1002 5807 esse
1024 5750 1359 5823 divinitatem
1381 5793 1396 5818 ,
1427 5750 1570 5821 quod
1595 5751 1705 5821 jam
1732 5766 2071 5823 supra_mnn.
2098 5751 2170 5807 25

580 5819 923 5882 observatum
954 5830 1068 5887 est;
1109 5820 1167 5875 2'
1193 5819 1467 5877 Christum
1495 5819 1644 5878 recte
1673 5819 1853 5894 negari
1894 5821 1984 5880 hic
2013 5832 2166 5877 natu-

2329 3357 2405 3430 (3)
2442 3358 2583 3415 Exit.
2616 3358 2851 3426 Deinde,
2885 3374 2986 3430 quo
3015 3366 3242 3415 curetur.

2253 3539 2432 3594 raliter
2461 3539 2730 3604 inﬁrmum
2754 3581 2768 3605 ,
2799 3554 2921 3595 cum
2951 3538 3199 3594 inﬁrmus
3228 3538 3299 3593 sit
3330 3545 3537 3593 tantum
3569 3546 3628 3594 ut
3667 3536 3839 3600 homo,

2256 3626 2431 3678 neque
2459 3611 2660 3667 Hilario
2685 3627 2750 3667 es
2777 3621 2967 3667 natura
2994 3612 3066 3666 sit
3093 3610 3277 3677 homo,
3307 3611 3402 3666 sed
3423 3611 3589 3678 Deus,
3614 3611 3684 3665 uti
3704 3608 3841 3678 etiam

2258 3699 2312 3736 ιι.
2333 3676 2406 3736 22
2426 3684 2837 3747 annotavimus;
2863 3681 2920 3738 5⁸
2946 3698 3049 3736 non
3072 3676 3277 3737 Christi
3297 3683 3544 3751 corpori,
3570 3676 3666 3737 Sed
3692 3676 3843 3735 Verbo

2257 3752 2311 3808 in
2335 3767 2564 3822 corpore
2587 3756 2821 3809 manenti
2846 3753 2932 3809 hic
2949 3752 3182 3809 adscribi
3208 3756 3509 3809 naturalem
3531 3751 3840 3822 edendorum

2259 3817 2644 3900 miraculorum
2667 3825 2918 3900 virtutem
2941 3867 2955 3890 ,
2990 3825 3132 3880 unde
3160 3824 3516 3900 conﬁrmatur
3539 3823 3687 3900 quod
3714 3817 3844 3900 αξξ

2261 3897 2544 3966 probatum
2569 3906 2683 3964 est;
2708 3898 2765 3952 4°
2784 3895 3058 3952 Christum
3085 3896 3402 3953 naturaliter
3419 3906 3476 3953 et
3495 3891 3749 3952 ex'forma
3769 3891 3846 3946 Dei

2262 3967 2536 4038 inﬁrmum
2562 3983 2668 4023 non
2692 3968 2765 4023 ita
2787 3968 2874 4024 hic
2894 3969 2963 4022 ab
2988 3968 3190 4023 Hilario
3214 3969 3423 4037 negari,
3448 3972 3539 4038 qui
3563 3982 3633 4022 ex
3657 3967 3849 4038 dispen-

2264 4037 2475 4094 satione
2501 4050 2549 4093 et
2578 4054 2643 4094 cx
2671 4038 2842 4094 forma
2865 4040 3005 4094 servi
3031 4033 3583 4094 eumdem'inﬁrmum
3609 4048 3665 4094 et
3688 4033 3850 4092 credat

2264 4120 2317 4165 et
2345 4109 2622 4179 praedicet.
2652 4110 2762 4166 Nec
2791 4126 3011 4166 morere
3038 4109 3200 4165 debet
3224 4109 3368 4178 quod
3398 4112 3475 4164 ait
3502 4125 3669 4179 supra
3685 4104 3849 4175 “Pro-

2266 4182 2457 4236 ducens
2487 4182 2596 4237 haec
2627 4198 2746 4254 ergo
2773 4197 2949 4254 aurem
2974 4199 3159 4254 manus
3186 4183 3396 4254 clavum
3415 4182 3553 4236 dolet
3572 4183 3599 4236 .’
3623 4179 3852 4244 Figurate

2268 4254 2411 4308 enim
2455 4270 2638 4325 manus
2678 4252 2909 4325 sumitur
2947 4269 3045 4323 pro
3085 4252 3268 4325 Verbo
3315 4253 3471 4325 cujus
3516 4263 3603 4309 est
3642 4261 3851 4325 manuS.

2268 4325 2420 4392 quasi
2448 4324 2742 4389 diceretur,
2774 4323 2857 4379 An
2888 4340 2954 4380 ex
2983 4339 3147 4396 manu
3183 4324 3308 4379 laesa
3339 4323 3527 4394 dolet,
3560 4324 3654 4396 qui
3683 4323 3854 4378 eadem

2269 4410 2431 4451 manu
2460 4397 2697 4452 excisam
2728 4411 2916 4452 aurem
2946 4395 3233 4453 restituere
3263 4396 3472 4465 potuit?

2341 4493 2433 4567 (g)_
2459 4494 2610 4553 Unus
2651 4496 2820 4553 codex
2858 4496 3092 4553 Sorbon.
3138 4505 3193 4551 et
3230 4496 3370 4552 alter
3409 4495 3563 4553 Colb.
3595 4498 3643 4554 si
3668 4494 3857 4556 outnia,

2269 4565 2376 4622 etc.
2398 4565 2781 4635 Carnutensis,
2808 4568 2853 4622 si
2881 4569 3121 4637 possibile
3143 4578 3237 4628 est.
3268 4571 3495 4637 transfer
3512 4586 3546 4623 a
3566 4587 3649 4625 me
3666 4568 3859 4623 calicem

2269 4638 2446 4710 istum.
2483 4641 2556 4699 De
2585 4639 2773 4694 iisdem
2807 4637 2986 4710 verbis
3024 4638 3283 4695 adversus
3323 4639 3557 4695 Arianos
3597 4639 3859 4710 disputans

2188 4696 2245 4757 D
2268 4696 2687 4781 Chrysostumus
2713 4710 2780 4766 Τ.
2810 4726 2864 4773 ι,
2896 4709 3085 4765 homil.
3115 4710 3187 4765 δε
3215 4710 3321 4766 ait:
3355 4710 3453 4765 tm
3491 4696 3700 4777 σειιάεηὶ
3737 4707 3857 4762 dici-

2280 4780 2456 4836 uitatis
2495 4783 2777 4836 orationem
2819 4797 2926 4836 esse
2963 4782 3173 4836 dicunt:
3203 4797 3295 4835 nos
3324 4790 3491 4836 autem
3521 4800 3631 4838 esse
3657 4780 3859 4836 dicimus

2281 4851 2696 4920 dispensationis.
2740 4853 2876 4908 Tum
2919 4853 3112 4923 probat
3146 4850 3424 4909 Christum
3465 4855 3706 4909 noluisse
3742 4867 3769 4906 a
3805 4862 3857 4903 se

2280 4924 2502 4994 calicem
2536 4924 2848 4991 transferri,
2880 4939 3037 4994 quem
3069 4931 3219 4978 tanto
3260 4925 3436 4981 studio
3476 4925 3770 4994 cxoptarit,
3792 4925 3863 4994 fut

2280 4992 2498 5050 Petrum
2529 5011 2649 5050 eum
2681 5012 2711 5051 a
2742 5010 2801 5050 se
2844 4992 3226 5064 deprecantem
3268 5006 3513 5052 satanam
3556 4992 3856 5066 appellarit;

2283 5081 2457 5134 neque
2480 5068 2733 5123 incertam
2758 5066 2861 5137 ipsi
2884 5066 3045 5121 fuisse
3065 5066 3243 5122 Patris
3262 5082 3324 5123 ea
3348 5067 3417 5123 de
3437 5084 3498 5122 re
3518 5069 3858 5127 Voluntstem,

2277 5153 2398 5209 quae
2430 5138 2707 5209 prophetis
2738 5141 2899 5193 etiam
2930 5138 3091 5209 longe
3119 5150 3245 5194 ante
3276 5140 3611 5211 praecognita
3642 5138 3825 5193 fuerat.

2352 5252 2430 5325 (h)
2462 5254 2516 5311 in
2551 5270 2653 5309 ms.
2688 5254 2859 5312 Vatic.
2898 5254 3015 5311 bas.
3060 5265 3118 5311 et
3150 5255 3270 5310 aliis
3311 5255 3586 5312 nonnullis
3609 5296 3623 5322 ,
3665 5252 3860 5325 calicem

2281 5320 2681 5408 deprecaretur:
2720 5326 3011 5408 glossema.
3057 5328 3181 5408 Mos
3211 5328 3278 5408 in
3320 5328 3552 5399 vulgatis
3580 5320 3854 5408 ,ὲίηιριαξτ

2279 5394 2608 5468 Concinnius
2639 5399 2690 5452 in
2724 5394 2853 5453 fnss.
2883 5398 3114 5468 implere.
3146 5397 3227 5452 Ad
3264 5400 3367 5455 hoc
3404 5394 3861 5468 porrolestinavit

2280 5416 2608 5452 wncmmus
2640 5416 2690 5452 In
2724 5416 2853 5453 mss.
2883 5416 2952 5451 nn
2992 5416 3114 5453 tere.
3146 5416 3227 5452 nu
3265 5416 3367 5455 noc
3404 5416 3568 5468 porro
3606 5416 3859 5453 tesunavn

2280 5481 2495 5523 sutmno
2535 5467 2814 5525 charitatis
2846 5416 3025 5524 studio
3046 5511 3061 5536 ,
3094 5486 3209 5525 cum
3242 5469 3295 5523 id
3321 5471 3377 5525 in
3413 5487 3469 5526 se
3497 5479 3859 5524 consummare-

2278 5547 2379 5613 tar2
2416 5540 2554 5613 quod
2582 5541 2650 5593 ad
2678 5543 2895 5613 salutem
2937 5550 3162 5596 nostram
3208 5544 3404 5613 perpeti
3448 5545 3557 5607 ipse
3598 5539 3856 5613 voluisset.

2281 5608 2591 5683 uthabetnr
2618 5620 2774 5669 tract.
2803 5611 2945 5666 Psal.
2974 5628 3084 5679 Ltv,
3114 5630 3170 5667 ιι.
3202 5606 3269 5668 15
3293 5606 3344 5668 et
3376 5606 3533 5683 paulo
3555 5619 3709 5666 ante:
3741 5606 3855 5663 Cum

2279 5682 2493 5735 salutem
2520 5684 2693 5756 generi
2720 5684 2947 5739 humano
2975 5694 3209 5756 suscepta
3236 5682 3407 5739 crucis
3434 5693 3602 5756 morte
3618 5683 3851 5756 donaret,

2278 5768 2380 5806 non
2412 5764 2573 5822 potest
2602 5754 2763 5810 videri
2790 5753 3165 5811 sacramentum
3192 5756 3288 5811 hoc
3316 5771 3517 5828 magna:
3550 5753 3753 5827 pietatis
3779 5763 3854 5803 ar-

2273 5839 2427 5893 guere
2455 5838 2518 5880 ac
2546 5840 2816 5884 recusare.
