3930 6194
146 232 244 290 569

1361 236 1450 292 DE
1489 235 1867 298 TRlNlTATE
1906 240 2108 298 LIBER
2151 244 2217 299 Χ.

3335 263 3439 320 570

147 347 414 404 festinaret
454 347 720 416 implere?
757 347 873 402 Non
915 348 1058 404 enim
1102 351 1388 417 convenit,
1429 350 1503 425 (a)
1539 363 1591 408 nt
1622 356 1729 426 pati
1757 358 1808 417 Α
1836 365 1890 412 et
1919 358 2060 429 quod
2093 359 2364 418 inﬁrmum
2396 374 2510 434 est,
2541 368 2704 422 sumit
2743 385 2807 425 ex
2851 369 3224 430 imbecillitate
3267 385 3439 433 terro-

144 441 333 503 nnllet,
364 441 443 512 (l)
476 442 562 510 qui
594 441 701 510 pati
731 441 910 496 vellet.
943 442 1008 496 Et
1035 457 1156 498 cum
1188 444 1294 513 pati
1322 460 1445 500 eum
1473 447 1614 503 velle
1641 463 1734 504 co-

144 546 454 606 gnosceres;
492 533 796 603 religiosius
853 533 1026 589 fuerat
1080 533 1207 589 dicti
1252 535 1322 606 (b)
1367 537 1733 610 inintelligen-

144 629 261 683 tiam
287 625 530 680 conﬁteri
553 667 566 689 ,
595 642 752 697 quam
785 628 868 698 (ε)
897 628 962 681 ad
991 628 1044 682 id
1076 628 1256 700 impiae
1283 632 1528 688 stultitia:
1553 633 1735 692 furore

145 735 509 792 prorumpere,
540 729 596 775 ut
623 735 743 776 eum
773 737 1050 778 assereres
1090 739 1158 778 ne
1204 735 1477 796 pateretur
1519 743 1729 796 (ιι-(1880,

145 830 288 886 quem
316 815 427 885 pati
461 815 600 869 velle
629 814 995 885 c0gnovisses.

213 909 295 964 5|.
323 908 400 962 An
427 907 729 962 derelictum
751 925 804 964 se
829 919 1138 980 conquestus
1164 911 1249 966 sit.
1283 941 1352 952 -
1377 913 1480 969 Sed
1505 957 1518 980 ,
1547 915 1731 984 crcdo,

147 1012 190 1059 te
227 1003 287 1056 ad
327 1003 615 1072 impietatis
652 1013 755 1058 tute
795 1019 1024 1074 pugnam
1066 1006 1224 1060 etiam
1264 1007 1409 1062 dicto
1448 1008 1732 1064 dominica:

142 1097 273 1152 vocis
295 1096 531 1152 armabis
552 1115 564 1151 :
584 1094 748 1161 Deus,
784 1096 920 1152 Deus
948 1114 1106 1165 meus,
1131 1116 1288 1165 quare
1315 1117 1392 1153 me
1417 1099 1734 1170 dereliquisti

151 1189 328 1262 (Marc.
358 1203 451 1255 xv,
483 1188 610 1261 54)?
637 1189 769 1244 Post
791 1191 1172 1246 contumeliam
1200 1193 1343 1246 enim
1369 1193 1567 1260 crucis,
1596 1192 1733 1249 forte

147 1282 493 1354 dignationem
525 1283 593 1337 ab
621 1298 687 1338 eo
715 1283 921 1353 paterni
953 1284 1139 1338 auxilii
1169 1285 1447 1341 existimes
1477 1287 1734 1342 recessis-

142 1390 218 1440 se,
245 1384 295 1430 et
320 1375 444 1430 hinc
472 1375 732 1430 desnlatte
763 1374 1091 1432 inﬁrmitatis
1115 1392 1227 1431 sua:
1258 1379 1532 1448 querelam
1564 1380 1733 1435 exsti-

142 1468 273 1524 tisse.
290 1467 342 1523 Si
366 1467 460 1522 tibi
484 1466 666 1536 itaque
691 1467 742 1521 in
767 1465 981 1524 Christo
1002 1477 1344 1539 contemptus
1367 1478 1420 1524 et
1443 1469 1731 1526 inﬁrmitas

147 1570 194 1614 et
217 1574 336 1614 crux
362 1559 694 1614 contumelia
721 1568 833 1621 cst;
863 1569 1173 1630 oportuerat
1202 1569 1254 1616 te
1281 1560 1408 1616 dicti
1439 1561 1598 1630 hujus
1628 1562 1729 1616 im-

141 1667 412 1709 memorem
440 1669 548 1706 non
576 1651 743 1706 fuisse
767 1671 778 1703 :
823 1650 1005 1706 Verum
1030 1652 1146 1706 dico
1169 1654 1328 1720 vobis,
1356 1654 1541 1708 amodo
1590 1654 1729 1708 vide-

1835 466 1984 518 rem;
2015 463 2068 509 et
2097 456 2356 526 quidquid
2388 458 2790 529 dolet,dolendi
2823 463 2878 518 in
2903 478 2964 520 se
2999 465 3161 524 habet
3186 467 3258 541 (ε)
3290 470 3441 528 inde-

1837 549 2154 606 mutahilem
2185 561 2465 620 naturam;
2494 565 2548 610 et
2573 556 2834 628 quidquid
2865 561 3312 618 contumeliosum
3337 573 3441 634 est,

1837 656 2052 712 semper
2092 644 2416 702 inhonorum
2458 659 2575 703 est:
2621 660 2674 705 tu
2715 667 2842 707 vero
2882 669 2988 723 quo
3018 670 3183 712 sensu
3215 659 3441 715 rationis

1835 732 2127 806 intelligis,
2182 737 2464 792 Dominum
2516 750 2759 797 nostrum
2811 743 2990 799 Jcsum
3041 745 3317 804 Christum
3369 750 3439 806 ad

1836 826 1978 896 quod
2012 827 2259 894 festinat,
2294 831 2517 897 timere;
2558 843 2611 887 et
2643 843 3076 894 consternantem
3108 837 3309 908 fortes,
3358 842 3441 898 in-

1836 918 2090 975 firmitate
2118 922 2418 990 trepidare;
2447 935 2500 979 et
2526 925 2747 981 vulnera
2783 943 2888 982 non
2923 929 3440 997 permittentemdo-

1836 1012 1935 1066 lori
1958 1011 2047 1085 (Ῑ).
2081 1015 2418 1070 vulneratum
2450 1016 2670 1083 dolere;
2697 1029 2751 1074 et.
2779 1023 3107 1078 contumelia
3139 1027 3314 1083 crucis
3340 1027 3439 1085 de-

1838 1107 2133 1174 honestari,
2180 1110 2269 1164 cui
2309 1127 2436 1166 crux
2466 1109 2540 1182 (g)
2581 1127 2868 1170 consessus
2905 1116 2970 1171 ad
3016 1116 3184 1174 Deum
3239 1129 3355 1185 est,
3387 1129 3442 1178 et

1837 1204 2043 1258 reditus
2072 1203 2136 1257 ad
2170 1206 2435 1276 regnum?

1907 1296 1994 1353 54.
2021 1297 2342 1352 Descendens
2363 1301 2432 1352 ad
2453 1300 2644 1369 inferos
2664 1320 2696 1356 ιι
2715 1303 2841 1358 εωιο
2863 1320 2964 1359 non
2990 1307 3220 1362 recessit.
3251 1307 3439 1363 Latro-

1835 1390 1916 1445 nis
1944 1391 2049 1445 alia
2071 1433 2084 1455 ,
2104 1392 2224 1445 alia
2255 1392 2612 1447 hwreticorum
2637 1395 2786 1465 ﬁdes.
2819 1426 2890 1437 —-
2917 1396 3022 1453 Sed
3056 1398 3192 1454 forte
3222 1400 3306 1455 vel
3340 1401 3442 1456 hec

1838 1483 1929 1536 tibi
1959 1484 2205 1538 relictum
2239 1485 2537 1541 occasionis
2569 1487 2745 1556 impia:
2775 1490 3055 1545 arbitraris
3080 1533 3094 1556 ,
3125 1502 3184 1546 ut
3209 1493 3441 1549 descen-

1834 1575 2042 1630 sionem
2069 1575 2134 1630 ad
2162 1575 2363 1631 inferos
2390 1588 2443 1632 et
2470 1578 2638 1647 ipsam
2669 1581 2858 1636 mortis
2881 1581 3121 1638 timuerit
3147 1587 3445 1640 necessita-

1837 1674 1945 1720 tem
1969 1709 1982 1732 ,
2014 1666 2141 1721 dum
2177 1667 2228 1722 id
2261 1668 2433 1736 ipsum
2464 1671 2647 1724 testari
2682 1669 2892 1726 videtur
2923 1674 3024 1728 hoc
3052 1673 3229 1730 dicto:
3260 1673 3443 1743 Pater,

140 1750 242 1802 bitis
269 1748 429 1815 ﬁlium
461 1747 689 1800 hominis
718 1746 973 1801 sedentem
1004 1764 1034 1800 a
1065 1746 1256 1800 dextris
1286 1746 1512 1813 virtutis,
1554 1756 1599 1801 et
1642 1763 1723 1802 ve-
1755 1758 1804 1819 B
1830 1759 2125 1814 commendo
2170 1761 2226 1814 in
2272 1777 2456 1814 manus
2498 1770 2612 1816 tuas
2654 1761 2734 1834 (h)
2775 1763 3013 1829 spiritum
3053 1782 3221 1820 meum
3270 1767 3440 1836 (Luc.

141 1843 336 1895 nientcm
363 1857 476 1894 cum
508 1839 726 1894 nubibus
753 1839 864 1893 (celi
891 1838 1101 1912 (Matth.
1128 1855 1265 1894 XXVI
1283 1881 1297 1904 ,
1320 1838 1435 1910 64).

198 1938 279 1994 59..
309 1937 718 2006 Recapitulatio.
739 1965 809 1977 —
830 1937 959 2001 Ubi,
991 1951 1143 2005 rogo,
1174 1935 1226 1990 in
1255 1936 1506 2006 passione
1534 1936 1727 1990 timor?

136 2029 212 2084 tihi
238 2029 555 2084 infirmitas?
579 2030 668 2084 ubi
697 2029 889 2084 dolor?
913 2029 997 2084 ubi
1023 2029 1390 2085 contumelia?
1413 2029 1629 2084 Timere
1657 2028 1726 2084 ab

137 2124 292 2194 impiis
327 2125 564 2180 dicitur?
607 2123 712 2180 Sed
747 2125 861 2194 ipse
891 2125 1000 2194 pati
1043 2124 1178 2178 velle
1215 2138 1274 2178 se
1314 2123 1590 2194 prtcdicat.
1634 2123 1720 2177 ln-

141 2221 304 2275 lirmus
328 2237 450 2277 esse
480 2221 864 2277 contenditur?
889 2219 993 2275 Sed
1022 2235 1080 2275 se
1111 2227 1412 2288 potentem,
1443 2217 1571 2273 dum
1596 2232 1724 2272 con—

135 2313 364 2368 sternatis
389 2313 840 2384 persecutoribus
864 2312 1055 2367 obvius
1077 2326 1182 2366 non
1207 2311 1526 2375 sustinetur,
1547 2319 1727 2366 osten-

137 2405 219 2460 dit.
247 2406 436 2464 Dolere
467 2407 695 2462 vulnera
728 2408 908 2462 carnis
937 2405 1214 2476 arguitur?
1242 2403 1347 2460 Sed
1381 2405 1432 2459 in
1461 2420 1549 2471 eo,
1581 2405 1726 2476 quod

137 2513 333 2555 carnem
374 2501 525 2555 auris
570 2500 749 2556 reddit
792 2515 858 2554 ex
899 2500 1144 2562 vulnere,
1172 2513 1300 2553 caro
1331 2499 1447 2569 ipse
1471 2513 1593 2553 cum
1623 2500 1721 2564 sit,

134 2604 266 2649 extra
293 2593 570 2649 carnalem
616 2603 793 2648 tamen
839 2602 1082 2647 naturam
1125 2591 1338 2646 dolendi
1369 2590 1604 2646 vulneris
1635 2606 1722 2646 re-

137 2687 354 2758 peritur:
382 2688 509 2758 quia
541 2685 675 2742 dum
704 2695 758 2742 et
781 2683 944 2758 3M
971 2700 1130 2739 manu
1161 2694 1403 2739 truncam
1434 2699 1618 2739 aurem
1648 2691 1726 2739 at-

146 2782 312 2852 tingit,
341 2795 538 2836 manus
566 2780 656 2835 illa
684 2779 752 2835 de
777 2794 1004 2850 corpore
1031 2787 1146 2845 est,
1178 2787 1232 2834 et
1259 2778 1380 2833 dum
1411 2792 1601 2834 manus
1628 2792 1725 2832 au-

137 2889 231 2929 rem
268 2875 517 2946 producit
560 2890 627 2930 ex
670 2874 917 2941 vulnere,
953 2888 1060 2928 non
1092 2887 1214 2928 esse
1250 2887 1439 2928 manus
1473 2872 1561 2927 illa
1597 2886 1721 2928 cor-

137 2969 262 3039 poris
285 2968 631 3039 signiﬁeatur
659 2967 911 3022 inﬁrmis.

196 3063 275 3117 53.
305 3062 384 3116 An
415 3077 551 3117 crus:
577 3061 624 3115 ei
645 3058 1231 3116 contumeliam—Sed
1253 3059 1641 3116 contumeliosa
1674 3059 1722 3115 ei

1836 1866 2006 1919 xxiii,
2037 1850 2163 1921 46).
2212 1851 2326 1906 line
2363 1853 2549 1922 legens
2573 1895 2586 1917 ,
2615 1863 2801 1908 etnon
2843 1855 3184 1926 intelligens,
3227 1866 3318 1912 aut
3356 1858 3444 1928 pie

1835 1946 2137 2009 tacuisses,
2203 1957 2299 2000 aut
2344 1946 2505 2001 etiam
2559 1945 2813 2016 religiose
2863 1948 3268 2019 intelligentiam
3316 1950 3434 2020 ejus

1832 2051 2090 2115 orasses:
2141 2051 2246 2091 non
2299 2038 2471 2107 magis
2519 2054 2616 2107 per
2665 2039 3038 2109 impudentem
3084 2041 3438 2098 assertionem

1831 2131 1996 2186 stulto
2040 2130 2219 2186 furore
2257 2130 2500 2187 veritatis
2539 2133 2761 2202 incapax
2806 2135 3103 2205 vagat-eris.
3141 2134 3297 2191 Anne
3344 2136 3440 2192 tibi

1833 2233 2074 2279 metuere
2102 2223 2369 2279 infernum
2399 2225 2564 2282 chaos
2591 2235 2645 2281 et
2675 2235 2944 2283 torrentes
2971 2227 3216 2284 ﬂammas
3245 2237 3299 2284 et
3324 2243 3442 2284 om-

1832 2335 1953 2375 nem
1983 2334 2262 2390 pcenarum
2288 2319 2557 2373 ultricium
2583 2320 2840 2391 abyssum
2865 2321 3169 2376 credendus
3195 2331 3314 2387 est,
3344 2322 3432 2376 di-

1830 2427 1958 2467 cens
1998 2410 2192 2467 latroni
2233 2410 2284 2464 in
2326 2424 2516 2466 cruce:
2563 2411 2722 2466 Amen
2762 2413 2877 2466 dico
2905 2412 3026 2478 tibi,
3055 2412 3208 2467 hodie
3232 2429 3433 2468 mecum

1830 2507 1929 2560 eris
1951 2505 2005 2559 in
2033 2503 2275 2575 paradiso
2307 2503 2471 2573 (Ibid.
2501 2503 2634 2576 65)?
2673 2503 2889 2560 Naturm
2919 2505 3080 2576 hujus
3109 2514 3435 2576 potestatem

1824 2599 1934 2670 jam
1965 2614 2070 2653 non
2097 2596 2218 2652 dico
2259 2595 2323 2668 (i)
2365 2605 2542 2662 metu,
2585 2596 2680 2652 sed
2723 2612 2824 2652 nec
2862 2597 3084 2654 infernte
3107 2596 3270 2672 355
3293 2598 3439 2654 sedis

1827 2692 2051 2762 regione
2093 2691 2423 2759 concludes,
2468 2707 2588 2761 quae
2635 2690 2972 2747 descendens
3014 2692 3081 2747 ad
3122 2693 3358 2758 inferos,
3404 2708 3435 2747 a

1828 2785 2082 2855 paradiso
2113 2800 2218 2840 non
2271 2783 2412 2840 desit
2457 2782 2638 2854 (sicuti
2665 2791 2720 2838 et
2748 2783 2981 2838 hominis
3021 2783 3160 2838 filius
3206 2783 3435 2854 loquens

1827 2879 1880 2935 in
1917 2878 2106 2942 terris,
2137 2885 2351 2932 maneat
2378 2875 2457 2948 (j)
2485 2877 2614 2930 etin
2646 2873 2833 2946 caelo),
2876 2875 3090 2944 Martyri
3135 2889 3234 2930 suo
3277 2891 3434 2944 para-

1826 2969 2001 3025 disum
2025 2971 2426 3040 promittens,et
2442 2976 2827 3022 consummata:
2845 2967 3193 3024 beatitudinis
3212 2968 3438 3024 delicias

1831 3064 2119 3134 pollicens.
2161 3061 2275 3117 Non
2316 3061 2477 3116 habet
2515 3061 2658 3116 hunc
2686 3070 2861 3116 metus
2905 3060 3237 3129 corporalis,
3281 3077 3438 3133 pene-

136 3167 238 3209 eSSe
259 3169 382 3208 crux
414 3154 641 3208 dicitur.
675 3153 873 3224 Atquin
908 3167 1000 3221 per
1028 3152 1166 3207 hanc
1197 3151 1430 3207 hominis
1457 3152 1600 3208 ﬁlius
1633 3169 1724 3206 se;
1751 3184 1795 3247 Ο
1835 3167 2066 3212 lrantem
2093 3154 2310 3225 quidem
2339 3153 2544 3208 inferos
2564 3195 2579 3220 ,
2613 3153 2707 3208 sed
2738 3152 2934 3222 ubique
2963 3163 3165 3208 natura:
3191 3170 3302 3209 suae
3323 3156 3432 3210 vir-

135 3245 245 3303 dere
268 3262 294 3301 a
319 3247 525 3303 dextris
555 3246 770 3301 virtutis
793 3245 1054 3301 videndus
1083 3254 1186 3311 est,
1210 3256 1263 3300 et
1287 3261 1351 3302 ex
1384 3256 1535 3314 partu
1559 3245 1725 3316 virgi-

138 3342 205 3395 nis
230 3341 383 3397 homo
405 3351 568 3396 natus
599 3341 652 3395 in
679 3339 960 3410 majestate
987 3355 1082 3395 sua
1103 3355 1223 3394 cum
1247 3339 1368 3395 caeli
1391 3349 1475 3394 est
1497 3339 1728 3394 nubibus

141 3448 385 3490 reversus.
411 3433 532 3488 Non
558 3442 714 3488 tenes
737 3432 1031 3503 irreligiose
1053 3447 1232 3488 rerum
1259 3432 1580 3487 naturalium
1601 3448 1724 3488 cau-

137 3540 246 3581 sas:
285 3538 337 3583 et
377 3528 506 3582 dum
543 3527 840 3583 impietatis
870 3537 1031 3596 atque
1061 3527 1262 3581 erroris
1303 3527 1493 3598 spiritu
1539 3526 1727 3597 plenus

140 3631 514 3677 sacramentum
569 3619 695 3676 ﬁdei
747 3635 852 3675 non
910 3620 1206 3690 intelligis,
1258 3636 1322 3675 ex
1376 3622 1494 3690 ipso
1543 3621 1728 3676 su-euli

139 3731 281 3771 sensu
334 3713 672 3770 hebetudine
727 3712 981 3768 haeretica
1044 3713 1122 3784 (ά)
1176 3713 1500 3784 disproﬁcis.
1558 3713 1729 3770 Omne

138 3809 294 3876 enim,
323 3808 468 3882 quod
498 3809 744 3873 timetur,
775 3807 936 3862 vitari
966 3820 1188 3863 necesse
1216 3815 1297 3862 est
1319 3808 1449 3862 dum
1481 3808 1727 3876 timetur;

197 3949 266 4018 (ί)
297 3948 447 4016 Quod
475 3946 590 4019 pati
614 3944 780 3999 uellet.

200 4063 268 4189 (r2
297 4064 350 4117 In
384 4063 540 4132 prius
571 4059 800 4128 vulgatis
825 4102 838 4122 ,
873 4067 924 4111 ut
956 4059 1064 4130 pati
1093 4057 1220 4112 nolit
1248 4055 1384 4138 quod
1431 4054 1538 4123 pati
1568 4051 1725 4106 velit:

200 4145 230 4189 o
291 4137 642 4189 immutamus
674 4133 939 4189 potiorum
976 4133 1104 4185 mss'.
1140 4136 1483 4182 auctoritate.

142 4130 262 4203 quod
291 4130 642 4190 immutamus
674 4133 939 4202 potiorum
976 4133 1104 4185 mss'.
1140 4130 1483 4203 auctoritate.

203 4207 270 4278 (ὁ)
301 4207 388 4264 Sic
417 4222 521 4261 ms.
554 4195 1023 4278 Corh._quomodo
1044 4199 1330 4278 legendum
1357 4195 1728 4278 suspicabatur

144 4267 415 4344 Erasinus,
450 4278 541 4346 qui
577 4291 700 4348 cum
736 4267 863 4348 Had.
907 4285 964 4348 et
1010 4267 1455 4348 pleris_que_mss.
1508 4267 1728 4348 retinuit

143 4339 545 4419 intelligentiam:
575 4347 728 4416 cujus
759 4347 875 4400 loco
905 4339 1120 4416 Lipsius
1147 4339 1342 4398 deinde
1371 4339 1547 4411 posuit
1573 4339 1723 4409 igno-

143 4424 336 4475 rantiam
347 4466 359 4478 .

203 4493 265 4562 (c)
294 4495 382 4548 Sic
410 4508 546 4548 mss.
579 4491 644 4546 At
673 4489 837 4554 editi,
884 4489 952 4542 ad
993 4486 1164 4562 impia:
1205 4483 1436 4540 stultitia:
1464 4481 1725 4552 furorem:

146 4574 188 4617 et
209 4557 327 4620 mox
349 4609 363 4630 ,
395 4579 731 4635 cognosceres
753 4603 766 4623 ,
783 4576 902 4635 non
933 4557 1274 4635 cognovisses.

203 4635 274 4708 (ά)
305 4623 501 4708 Ιιινιιιιῖ)
531 4634 720 4708 codice
757 4633 922 4708 Vatic.
971 4623 1216 4708 proﬁcis:
1261 4626 1434 4692 male,
1479 4633 1557 4708 ut
1585 4623 1720 4708 Ltid.

147 4695 334 4762 liii-aius
365 4707 476 4776 jam
510 4705 749 4760 notavit:
780 4705 869 4773 qui
914 4695 1032 4772 post
1065 4695 1346 4776 Erasmnm
1382 4705 1592 4776 nuntiet,
1628 4695 1721 4749 Hi-

146 4777 313 4832 larium
341 4769 510 4833 verbo
541 4769 1027 4844 disproﬁcere.’pro
1053 4773 1387 4845 degenerare,
1413 4769 1546 4823 alias
1569 4781 1722 4845 usum

146 4863 266 4920 esse.
306 4849 550 4919 Uterque
595 4838 737 4920 haud
766 4838 1191 4920 dubie'respeiit
1221 4843 1271 4896 in
1301 4841 1398 4920 lib.
1425 4856 1511 4920 x_t,
1542 4855 1597 4893 ιι.
1636 4838 1723 4920 ll,

148 4919 206 4972 ibi
250 4928 424 4974 tamen
463 4913 592 4975 'eatn
637 4919 747 4973 vim
797 4917 1017 4971 verbum
1050 4913 1180 4968 illud
1214 4928 1317 4967 non
1350 4913 1590 4976 obtinet,
1625 4913 1726 4963 nisi

146 4992 438 5048 accessione
464 5006 658 5046 vocum
686 4991 739 5043 in
765 5005 963 5058 genere.
995 4987 1090 5042 llic
1117 5001 1246 5039 vero
1271 4983 1557 5058 disproﬁcit
1603 4995 1724 5034 eum

148 5063 395 5129 adjunctis
423 5072 586 5116 sonat
629 5055 902 5118 recessum
944 5060 1012 5112 ab
1056 5059 1285 5110 humana
1317 5055 1624 5129 sapientia:
1671 5060 1728 5105 ut

148 5125 223 5200 qui
251 5135 481 5205 primum
512 5141 848 5205 recesserant
875 5147 904 5184 a
937 5130 1041 5205 ﬁde
1069 5136 1285 5205 propter
1315 5125 1606 5205 humanam
1639 5138 1724 5176 ra-

149 5198 361 5272 tionem,
389 5205 607 5278 demum
653 5203 900 5278 lueretica
944 5201 1271 5278 hebetudine
1298 5198 1374 5278 ob
1419 5209 1727 5278 praeconce-

149 5285 276 5348 ptam
304 5267 613 5343 opinionem
646 5277 715 5330 ab
758 5277 989 5348 humana
1019 5267 1724 5348 etiamratione‘deﬁcj‘ant.

209 5346 274 5422 (c)
319 5339 436 5404 Duo
467 5364 532 5403 ex
572 5345 975 5422 recentioribus
994 5359 1126 5422 mss.
1159 5340 1538 5422 dentutabilem.
1587 5339 1731 5422 [teti-

151 5409 366 5475 uendum
395 5437 519 5475 cum
546 5421 668 5475 aliis
691 5417 1127 5491 indemutabiliem
1148 5455 1162 5478 ,
1191 5429 1322 5491 qtae
1341 5412 1462 5491 scil:
1491 5427 1520 5464 a
1545 5409 1733 5491 volun:

155 5497 248 5562 tate
270 5492 534 5548 demutari
558 5507 620 5547 ac
641 5488 1034 5562 declinat-[non
1057 5481 1348 5562 possit._l_.lt
1375 5483 1518 5562 enim
1547 5481 1734 5562 deﬁnit

153 5561 465 5632 Augustinus
507 5564 594 5619 lib.
639 5579 755 5626 τιν,
798 5561 865 5614 de
901 5559 1015 5613 Civ.
1053 5554 1142 5612 Dei
1173 5573 1222 5609 c.
1256 5557 1354 5610 15:
1387 5554 1538 5607 dolor
1563 5554 1734 5632 carnis

156 5625 490 5689 toniummodo
514 5635 731 5700 oﬂ'ensio
768 5647 840 5686 est
886 5633 1068 5684 anima:
1093 5645 1156 5683 ea:
1181 5645 1371 5700 carne,
1398 5633 1463 5700 _et
1503 5625 1738 5700 quadam

158 5704 362 5790 “Mal-3‘s,
382 5694 926 5790 passioncdissensio;
953 5701 1294 5790 sicutanimw
1319 5696 1511 5790 doloi‘t.
1546 5735 1558 5747 .
1593 5735 1604 5747 .
1636 5694 1742 5790 dis-

161 5767 306 5830 «ints
355 5767 429 5832 in
475 5778 535 5828 ab
587 5779 666 5831 his
714 5775 866 5830 rebus
913 5789 1024 5840 qua:
1074 5772 1218 5827 nobis
1268 5767 1556 5824 uolentibus
1603 5767 1738 5820 acci-

1755 4669 1803 4730 D

1834 3261 1947 3306 tute
1980 3249 2292 3305 distentum.
2336 3248 2400 3302 Et
2441 3257 2687 3302 naturam
2728 3245 2866 3301 hanc
2905 3247 3090 3302 mundi
3119 3248 3392 3303 dominam
3416 3291 3430 3312 .

1831 3360 1897 3401 ac
1935 3345 2184 3400 libertate
2223 3341 2481 3413 spiritalis
2526 3340 2743 3396 virtutis
2789 3341 3141 3407 immensam,
3183 3355 3290 3396 non
3329 3341 3436 3396 sibi

1835 3448 2046 3494 terrore
2072 3438 2263 3492 mortis
2289 3435 2551 3506 gehennae
2577 3433 2746 3489 chaos
2773 3433 3042 3500 vindicat,
3071 3450 3173 3504 qua
3202 3435 3435 3504 paradisi

1835 3531 2041 3586 delicia:
2070 3527 2258 3584 carere
2283 3543 2386 3584 non
2417 3535 2661 3597 possunt.
2693 3526 2931 3582 Futurus
2970 3527 3114 3582 enim
3152 3527 3206 3582 in
3246 3526 3435 3584 inferis

1839 3622 2134 3686 Dominus,
2161 3631 2216 3676 et
2242 3621 2293 3675 in
2325 3619 2574 3691 paradiso
2601 3628 2679 3674 est
2709 3617 2939 3676 futurus.
2984 3619 3184 3677 Deseca
3224 3621 3290 3676 ad
3324 3636 3438 3676 me-

1839 3725 1949 3771 tum
1979 3730 2151 3785 prima:
2179 3725 2384 3769 natura:
2414 3712 2794 3768 indesecabilis
2820 3709 3153 3782 portionem:
3185 3712 3264 3784 (It)
3290 3723 3345 3769 et
3371 3713 3440 3770 de

1838 3805 2056 3864 Christo
2084 3817 2138 3863 et
2163 3805 2308 3877 apud
2337 3804 2540 3862 inferos
2568 3820 2707 3875 pone
2733 3803 2876 3876 quod
2901 3803 3114 3872 doleat,
3157 3817 3212 3862 et
3251 3806 3305 3861 in
3343 3820 3440 3876 pa-

1831 4051 1976 4129 duut.
2020 4052 2131 4129 llac
2168 4051 2379 4129 ratione
2413 4053 2659 4129 nonnulli
2701 4053 3008 4129 philosophi
3047 4058 3319 4126 explicant
3343 4061 3437 4129 qui

1832 4123 2005 4198 Adam
2051 4126 2313 4198 innocens
2338 4123 2550 4198 doloris
2567 4123 2763 4194 expers
2789 4123 2983 4193 fuerit,
3012 4123 3134 4198 quia
3178 4123 3436 4185 nimirum

1832 4194 2115 4251 demutare
2143 4195 2382 4262 valeret,
2409 4195 2551 4265 quod
2579 4211 2643 4250 ex
2686 4211 2747 4252 se
2787 4210 2970 4253 natum
3013 4194 3158 4256 esset
3192 4200 3437 4255 dolorem

1833 4266 2072 4322 efﬁcere.

1931 4336 1987 4405 f)
2022 4338 2076 4392 In
2110 4337 2356 4406 vulgatis,
2383 4336 2566 4391 doleri.

1931 4339 1987 4405 f)
2022 4339 2076 4392 In
2110 4339 2356 4406 vulgatis,
2383 4339 2566 4391 doleri.

1902 4339 1978 4481 ἐς)
2013 4409 2102 4465 Sic
2139 4409 2514 4486 castigatiores
2555 4424 2685 4466 mss.
2710 4412 2905 4486 quibus
2933 4413 3115 4471 favent
3142 4415 3311 4486 prima
3341 4417 3442 4471 hu-

1827 4480 2150 4556 jusnumeri
2186 4480 2343 4556 verba
2363 4521 2378 4547 ,
2407 4489 2461 4556 et
2493 4489 2765 4556 postrema
2795 4501 2848 4538 ιι.
2874 4485 2911 4539 2
2940 4496 3100 4542 tract.
3142 4480 3294 4556 'psal.
3321 4503 3434 4543 LXI.

1829 4553 1887 4609 ln
1917 4553 2124 4678 aliqnplt
2152 4552 2306 4619 aliis,
2339 4562 2396 4606 ut
2428 4553 2479 4606 in
2506 4554 2759 4625 vulgatis,
2789 4573 3104 4614 consensus:
3136 4552 3294 4614 lectio
3327 4575 3436 4614 non

1834 4640 2066 4678 snernvn
2110 4641 2159 4678 a.

1834 4640 2159 4679 δῦθι-111⁸1103.

1866 4641 2166 4764 ρῗιτίμιῖἲὲἑ
2190 4713 2304 4751 vero
2327 4697 2583 4768 spiritum,
2611 4698 2780 4766 inquit
2803 4698 3177 4756 Tlieodoretus
3200 4701 3250 4754 in
3277 4701 3429 4756 Dem.

1827 4768 1971 4838 quod
2005 4768 2244 4825 iinnatib.
2279 4768 2352 4822 sit
2377 4769 2649 4832 divinitas,
2679 4770 2861 4824 Ariani
2884 4781 2932 4825 et
2957 4771 3272 4826 Eunomiani
3299 4773 3434 4827 divi-

1830 4843 2042 4895 nitatem
2073 4839 2338 4909 Unigenit-i
2369 4856 2474 4894 esse
2503 4841 2700 4894 dicunt.
2734 4840 3035 4897 Inanimum
3074 4845 3208 4898 enim
3245 4859 3432 4914 corpus

1828 4921 2151 4972 assumptum
2189 4921 2392 4980 putant.

1908 4982 1969 5051 (i)
2007 4984 2063 5057 l_n
2085 4983 2352 5057 AVulgtlliS:
2388 4993 2548 5057 metus
2573 5000 2590 5047 ;
2620 4991 2677 5037 et
2707 4994 2889 5052 postea
2912 5025 2927 5051 ,
2959 4988 3097 5057 regio
3126 4994 3199 5040 est
3227 4985 3437 5043 conclu-

1831 5055 1974 5108 dens.
2013 5055 2186 5107 Etiam
2219 5053 2306 5126 hic
2339 5053 2691 5126 perspicuum
2711 5066 2789 5108 est
2809 5095 2825 5120 ,
2857 5053 3058 5112 natura:
3096 5066 3434 5126 potestatem,

1833 5139 1954 5195 qua:
1984 5141 2010 5195 a
2035 5132 2190 5195 metu
2221 5122 2493 5195 eximitur.
2530 5122 2866 5195 divinitatem
2898 5122 3145 5194 intelligi.

1909 5194 2120 5267 (j)ﬁrNon
2161 5209 2260 5262 qua
2297 5193 2438 5267 ﬁli_us
2459 5193 2724 5267 hominis,
2753 5197 2850 5252 sed
2877 5213 2980 5267 qua
3014 5193 3122 5253 ﬁlio
3162 5198 3256 5253 Dei
3309 5213 3435 5267 per—

1839 5263 2097 5321 sonaliter
2128 5275 2328 5318 unitus.
2357 5263 2740 5331 Respiciuntur
2760 5263 2959 5324 Christi
2983 5270 3146 5325 verba
3167 5263 3324 5325 JOan;
3353 5285 3434 5335 ut,

1843 5339 1930 5392 15.
1965 5339 2077 5393 Hoc
2107 5337 2356 5407 loquendi
2387 5335 2549 5390 modo
2591 5336 2825 5392 Hilarius
2855 5339 2982 5395 dum
3021 5341 3194 5398 Solam
3231 5341 3430 5396 divini-

1844 5420 2007 5464 tatem
2036 5411 2103 5465 ab
2135 5409 2386 5463 humanis
2422 5408 2797 5466 affectionibus
2825 5411 3062 5468 vindicat
3086 5456 3101 5480 ,
3153 5412 3424 5468 interdum

1844 5481 2013 5535 videri
2047 5490 2225 5546 potest
2253 5481 2421 5549 ipsam
2445 5482 2607 5534 etiam
2633 5495 2852 5538 carnem
2881 5486 3141 5541 eximere.

1921 5553 1996 5625 (Ir)
2034 5551 2202 5608 Vatic.
2236 5552 2352 5625 bas.
2383 5552 2593 5625 cedes,
2621 5552 2764 5625 etda
2779 5552 3002 5625 Christo.
3031 5556 3225 5611 Verius
3249 5555 3364 5621 alii,
3387 5563 3438 5610 et

1843 5625 1906 5677 de
1931 5621 2135 5678 Christo
2155 5665 2171 5690 ,
2203 5623 2322 5678 scil.
2357 5639 2506 5688 pone.
2540 5621 2721 5677 Multis
2765 5624 2939 5681 modis
2997 5626 3084 5682 hic
3114 5627 3348 5683 declarat
3373 5627 3436 5680 ﬁ-

1845 5695 1928 5750 dei
1956 5697 2236 5750 catholica:
2264 5693 2542 5758 defensor,
2575 5709 2735 5763 quam
2762 5704 3008 5754 naturam
3038 5700 3168 5755 ve‘it
3211 5700 3280 5760 ah
3329 5699 3432 5752 huc

1843 5766 2018 5821 manis
2039 5765 2410 5822 affectionibus
2453 5763 2784 5837 immunem,
2817 5769 3073 5826 nimirum
3135 5789 3146 5825 :
3193 5778 3430 5825 naturam
