3930 6194
69 250 163 305 573

1230 245 1322 305 DE
1360 246 1737 311 ΤιιιΝινιΑτε
1777 249 1987 311 LIBER
2040 251 2113 309 Χ.

66 376 121 423 ιιι
135 364 397 423 voluntate
416 362 599 420 calicis
626 362 953 435 deprecandi
982 365 1233 422 humana:
1268 364 1324 421 in
1350 380 1409 423 se
1431 366 1634 447 sollici-
1661 376 1715 443 Α
1739 367 1895 440 (Luc.
1926 384 2043 427 uit
2061 410 2078 438 ,
2100 369 2165 425 51
2191 380 2237 427 et
2259 369 2377 443 52).
2401 372 2509 433 Per
2535 375 2679 435 hunc
2714 376 2861 437 enim
2900 378 3124 437 calicem
3171 381 3346 437 domi-

71 457 250 515 tndiuis
267 455 574 529 signiﬁcans
593 455 931 513 consortium
954 498 968 525 ,
1024 459 1346 513 sententiam
1374 472 1405 513 a
1430 474 1489 515 se
1517 460 1637 515 uni-

70 550 241 609 taesibi
285 549 699 621 communisque
750 564 873 615 cum
922 549 1083 607 Patre
1132 566 1241 608 non
1301 550 1638 611 discerneret

70 645 357 702 voluntatis.
381 639 454 699 Ut
482 649 663 698 autem
692 657 798 697 non
831 658 928 713 pro
961 657 1021 699 se
1046 644 1260 716 precari
1306 644 1639 718 intelligere‘

69 748 163 807 tur,
188 744 238 794 et
260 735 397 791 ratio
427 734 747 808 signiﬁcatus
796 736 1093 792 voluntatis
1118 752 1181 793 ac
1212 736 1296 810 (α)
1326 737 1638 809 deprecatio

72 828 163 888 non
190 827 494 885 obtinendae
516 834 665 885 esset
689 828 744 885 in
776 829 1027 885 absoluto
1052 847 1067 897 ;
1102 830 1205 886 hoc
1230 837 1405 886 totum
1446 832 1637 903 hujus-

72 923 197 982 modi
223 920 494 996 petitionis
521 939 632 979 suae
658 922 826 994 cmpit
853 923 1080 981 exordio
1100 966 1117 991 ,
1150 923 1312 980 Pater
1363 942 1534 993 meus,
1593 926 1640 984 si

74 1014 280 1088 possibile
302 1024 394 1071 est.
430 1013 647 1087 Aliquid
670 1031 801 1087 ergo
829 1015 976 1071 Patri
1008 1017 1360 1089 relinquitur,
1382 1018 1528 1088 quod
1581 1019 1631 1075 ei

73 1125 127 1165 an
153 1107 387 1180 possibile
407 1114 558 1164 esset
582 1108 849 1163 incertum
881 1107 991 1162 sit?
1019 1110 1085 1164 Et
1111 1110 1156 1163 si
1184 1107 1314 1165 nihil
1347 1108 1493 1167 Patri
1537 1111 1640 1166 im-

76 1202 296 1275 possibile
319 1210 403 1256 est
426 1244 441 1268 ,
480 1200 888 1273 intelligendum
916 1210 1002 1258 est
1046 1202 1115 1258 ad
1170 1203 1325 1273 cujus
1372 1204 1642 1260 conditio.

74 1312 177 1353 nem
197 1295 241 1350 id
272 1295 344 1367 (b)
370 1292 619 1366 quod,si
636 1295 885 1367 possibile
935 1306 1030 1361 est,
1076 1297 1149 1354 sit
1201 1296 1472 1353 relictum.
1511 1297 1645 1355 Post

75 1389 354 1459 hujusenim
374 1388 644 1442 orationis
664 1403 884 1461 precem
918 1391 1163 1460 sequitur
1214 1406 1228 1443 :
1276 1389 1347 1445 Et
1392 1391 1525 1447 venit
1570 1391 1643 1446 ad

77 1483 317 1553 discipulos
343 1498 463 1537 suos
481 1523 496 1549 ,
526 1490 576 1537 et
603 1483 794 1538 invenit
813 1499 899 1539 eos
925 1484 1269 1552 dormientes,
1321 1495 1369 1540 et
1419 1470 1511 1538 ait.
1540 1483 1643 1541 Pe—

78 1589 139 1632 tra
157 1621 169 1643 ,
190 1576 301 1633 Non
328 1577 569 1649 potuistis
597 1593 700 1631 una
725 1579 854 1633 liora
878 1578 1095 1650 vigilare
1133 1594 1329 1634 mecum
1353 1579 1380 1633 .9
1421 1578 1644 1653 Vigilate

76 1678 353 1734 etorate,ut
380 1685 485 1724 non
526 1670 732 1726 intretis
765 1672 1197 1726 intentationem.
1237 1671 1472 1741 Spiritus
1520 1673 1636 1745 qui-

1741 462 2170 534 nicacpassiouis
2190 466 2437 525 tentandi
2480 482 2675 527 omnes
2727 478 2903 529 erant.
2932 472 3005 530 Et
3045 488 3144 546 pro
3184 474 3347 532 Petro

1740 553 1903 611 Pater
1924 563 2167 628 rogatur,
2193 574 2267 615 ne
2288 559 2506 618 deﬁciat
2526 561 2663 620 ﬁdes
2690 563 2811 635 ejus
2837 582 2852 621 :
2883 572 2943 622 ut
2964 569 3216 639 negantis
3256 571 3345 639 in-

1741 645 1986 704 ﬁrmitati
2008 651 2092 707 vel
2123 649 2280 708 dolor
2306 653 2497 709 saltem
2553 654 2887 727 paenitentia:
2940 673 3052 714 non
3103 660 3343 728 abesset;

1747 736 1823 809 (ο)
1842 754 1961 809 quae
1982 739 2116 798 ﬁdes
2136 741 2192 799 in
2211 757 2279 800 eo
2307 759 2417 802 non
2445 743 2738 817 deﬁceret,
2764 749 2909 820 quod
2933 754 3242 823 pteniteret.

1815 912 1908 969 59.
1944 913 2046 983 Qui
2071 916 2232 972 tristis
2260 934 2424 991 usque
2453 920 2523 975 ad
2550 933 2787 981 mortem.
2818 925 3152 987 -—Tristitia
3180 928 3345 1001 igitur

1745 1019 1915 1076 usque
1943 1006 2011 1062 ad
2038 1016 2269 1064 mortem
2300 1010 2531 1068 Domino
2557 1022 2675 1069 est:
2706 1018 2831 1087 quia
2870 1018 2924 1074 in
2954 1028 3160 1089 morte,
3193 1030 3345 1080 motu

1744 1108 1907 1155 terra:
1953 1100 2059 1156 diei
2100 1103 2379 1170 tenebris,
2410 1104 2733 1165 discissione
2785 1111 2921 1177 veli,
2968 1124 3347 1173 monumento-

1746 1211 1865 1250 rum
1901 1198 2270 1266 reseratione,
2313 1209 2648 1259 mortuorum
2687 1206 3088 1265 resurrectione
3141 1210 3345 1266 conﬁr-

1744 1287 1941 1343 manda
1964 1288 2074 1359 jam
2101 1291 2474 1362 apostolorum
2497 1294 2628 1351 ﬁdes
2643 1306 2821 1367 esset,
2845 1314 3005 1371 quam
3031 1310 3089 1361 et
3117 1300 3193 1375 (Ῑ)
3218 1319 3346 1361 noc-

1746 1386 1923 1434 turnas
1946 1382 2209 1437 custodia:
2231 1389 2429 1451 terror,
2453 1393 2508 1439 et
2535 1385 2588 1441 in
2610 1386 2840 1460 ﬂagellis
2863 1429 2879 1456 ,
2902 1392 3073 1464 alapis
3092 1435 3107 1460 ,
3134 1395 3306 1465 sputis
3327 1435 3344 1464 ,

1747 1486 1951 1527 corona
1980 1473 2166 1544 spinea
2186 1515 2203 1542 ,
2236 1476 2415 1533 crucis
2442 1491 2609 1535 onere
2629 1521 2647 1548 ,
2679 1488 2736 1536 et
2765 1481 2931 1538 totius
2957 1484 3229 1555 passionis
3257 1486 3342 1543 iu-

1746 1562 2014 1633 dibrium,
2068 1573 2123 1621 et
2172 1574 2450 1637 postremo
2497 1571 2806 1629 inaledictte
2850 1577 3029 1632 crucis
3066 1577 3346 1637 damnatio

1747 1665 2136 1715 commoveret.
2161 1658 2351 1716 Sciens
2370 1661 2535 1733 igitur
2560 1663 2821 1721 Dominus
2849 1667 2967 1723 haec
3012 1672 3194 1727 omnia
3221 1681 3347 1745 post

76 1765 168 1817 dent
192 1771 473 1836 praniptus,
527 1780 650 1818 caro
695 1779 813 1819 vero
855 1764 1067 1835 inﬁrma
1108 1763 1272 1837 (Ibid.
1302 1764 1374 1822 40
1412 1776 1460 1825 et
1513 1765 1634 1840 41).

1759 1750 2055 1821 passionem
2086 1752 2340 1828 suam(g)
2374 1754 2737 1828 destitutura,
2783 1759 2907 1817 ideo
2957 1770 3014 1818 et
3058 1780 3233 1837 usque
3275 1769 3346 1824 ad

73 1857 199 1911 Anne
219 1854 386 1911 adhuc
406 1855 652 1912 tristitia:
677 1869 865 1923 causa,
886 1856 968 1930 (i)
997 1864 1054 1913 et
1073 1856 1433 1914 transferendi
1454 1859 1640 1917 calicis

75 1951 417 2021 deprecatioin
436 1951 677 2008 obscuro
705 1951 830 2006 est?
858 1950 1085 2024 Vigilari
1131 1951 1279 2009 enim
1329 1967 1516 2009 secum
1565 1954 1636 2010 ob

75 2044 310 2115 bocjubet
327 2052 383 2101 et
409 2049 559 2101 orari
575 2086 593 2114 ,
626 2045 762 2101 nein
783 2048 1144 2104 tentationem
1174 2047 1381 2105 intrent
1399 2090 1414 2116 ,
1439 2049 1636 2119 spiritu

76 2138 255 2209 quidem
282 2138 693 2210 prompto,sed
718 2138 931 2199 inﬁrma
976 2154 1161 2196 carne.
1204 2138 1341 2197 Nam
1392 2140 1485 2212 qui
1530 2156 1640 2199 non

78 2229 495 2288 scandalizaturos
517 2245 581 2286 se
600 2246 699 2303 per
723 2232 1086 2288 constantiam
1125 2232 1303 2289 fidelis
1348 2234 1638 2291 conscien-

80 2322 151 2378 tiae
164 2322 565 2394 pollicebantur,
598 2324 652 2380 in
676 2325 937 2383 seandalo
965 2342 1061 2397 per
1090 2312 1465 2387 inﬁrmitatem
1518 2343 1640 2383 caro

86 2416 150 2470 nis
165 2425 304 2472 crant
355 2416 549 2474 futuri.
573 2416 690 2475 Non
721 2433 852 2491 ergo
873 2419 974 2475 sibi
997 2421 1171 2476 tristis
1199 2427 1315 2487 est,
1347 2436 1529 2493 neque
1565 2422 1642 2478 si-

82 2508 123 2563 bi
140 2517 267 2575 orat;
290 2509 381 2564 sed
410 2510 520 2565 illis
547 2525 686 2581 quos
716 2519 902 2567 monet
927 2526 1088 2569 orare
1110 2513 1404 2585 pervigiles
1421 2555 1437 2581 ,
1489 2530 1557 2571 ne
1583 2517 1639 2572 in

82 2602 291 2657 eoscaiix
317 2602 593 2674 passionis
630 2603 910 2661 incumbat
964 2620 980 2660 :
1033 2619 1193 2677 quem
1240 2619 1272 2661 a
1314 2620 1375 2663 se
1408 2607 1644 2667 transire

83 2702 176 2750 orat
192 2736 206 2755 ,
232 2709 292 2752 ne
313 2694 364 2751 in
390 2696 475 2753 his
501 2695 720 2755 scilicet
748 2703 984 2753 maneat.

138 2785 277 2862 353
298 2789 383 2845 58.
415 2787 525 2845 Cur
546 2790 683 2844 dicat
704 2790 750 2846 si
781 2790 1036 2860 possibile
1063 2797 1167 2847 est.
1199 2819 1271 2833 —-
1297 2789 1506 2848 Idcirco
1535 2808 1633 2850 au-

86 2886 171 2935 tem
195 2881 453 2937 ttaiisierri
478 2895 609 2936 eum
631 2922 648 2947 ,
679 2881 725 2934 si
750 2879 1006 2950 possibile
1030 2892 1208 2951 esset,
1238 2897 1270 2938 a
1303 2897 1363 2938 se
1392 2890 1644 2954 precatus

88 2972 310 3041 estzqnia
329 2987 449 3029 cum
484 2971 831 3043 impossibile
851 2973 969 3029 Deo
1008 2973 1141 3029 nihil
1170 2974 1280 3043 sit,
1334 2976 1476 3033 sicut
1522 2977 1640 3047 ipse

90 3064 174 3121 ait:
199 3060 356 3135 Pater,
384 3065 655 3138 possibilia
677 3065 769 3121 tibi
798 3066 969 3121 omnia
990 3073 1106 3121 sunt
1134 3064 1329 3138 (Marc.
1358 3082 1473 3135 ιιι,
1502 3066 1595 3141 56)
1622 3083 1636 3134 ;

90 3155 370 3227 impossibile
396 3167 585 3217 tamen
614 3159 817 3216 homini
842 3166 929 3216 est
949 3162 1219 3230 passionis
1264 3168 1478 3218 terrore
1530 3179 1639 3220 non
1667 3168 1713 3237 ο

93 3249 232 3321 vinci,
260 3268 350 3309 nec
374 3254 554 3326 possit
580 3253 683 3309 nisi
710 3268 806 3324 per
851 3254 1226 3325 probationem
1283 3255 1418 3311 ﬁdes
1466 3257 1639 3315 nosci.

94 3344 230 3414 Atque
253 3347 365 3403 ideo
394 3355 449 3404 et
478 3363 582 3419 pro
610 3346 920 3403 hominibus
940 3355 999 3402 ut
1043 3347 1207 3404 homo
1248 3334 1367 3405 vnit
1414 3350 1641 3407 calicem

96 3438 314 3509 transire,
337 3447 389 3496 et
414 3448 472 3499 ut
494 3440 597 3497 Dei
628 3454 695 3496 ex
728 3440 837 3497 Deo
866 3440 1119 3496 voluntas
1142 3439 1362 3497 eﬁ‘ectui
1397 3448 1643 3513 paternae

96 3531 331 3586 voluntatis
355 3531 427 3605 (c)
462 3532 668 3587 unitur.
698 3532 751 3587 Id
774 3538 953 3587 autem
981 3532 1124 3602 quod
1176 3533 1273 3602 ait,
1310 3536 1355 3588 si
1404 3534 1645 3604 possibile

95 3634 168 3691 est,
193 3626 451 3683 manifeste
502 3629 565 3683 in
617 3640 685 3681 eo
739 3625 925 3681 docuit
976 3625 1119 3697 quod
1158 3626 1233 3680 ait
1259 3626 1418 3682 Petro
1466 3626 1646 3683 :Ecre

97 3728 260 3776 satanas
276 3723 541 3791 expetivit,
569 3730 626 3775 ut
645 3736 734 3775 vos
787 3720 867 3793 (ά)
912 3729 1138 3775 cerneret
1185 3719 1316 3774 sicut
1369 3720 1602 3775 triticum
1624 3737 1643 3775 :

99 3823 330 3881 egoatttem
373 3814 554 3888 rogaui
577 3829 673 3885 pro
700 3824 783 3881 te,
830 3822 890 3868 ut
937 3829 1043 3869 non
1086 3813 1322 3881 deﬁceret
1372 3814 1504 3887 ﬁdes
1556 3824 1645 3870 tua

151 3951 216 4024 (i)
236 3952 288 4008 in
315 3954 596 4018 anteriori,
628 3952 948 4019 transeundi;
982 3967 1133 4008 mtm.
1154 3950 1246 4021 40,
1273 3961 1386 4025 post
1408 3953 1640 4024 transfe-

101 4024 211 4079 rendi
233 4027 392 4081 colicis
412 4025 840 4098 deprecationem.

158 4136 390 4210 (a)Snlns
417 4139 593 4197 codex
621 4139 743 4195 Vat.
800 4138 918 4194 bas.
970 4139 1366 4210 deprecationis.
1418 4140 1641 4196 Rectius

107 4207 171 4282 alii
187 4207 211 4276 ,⁷
223 4212 497 4282 deprecatio
521 4228 625 4267 non
653 4211 941 4267 obtinenda:
962 4253 977 4276 ,
1034 4207 1257 4280 supple,
1311 4212 1588 4282 uoluntatis
1624 4228 1643 4268 :

109 4280 147 4334 id
169 4290 261 4345 est,
282 4280 590 4353 deprecatio
617 4292 797 4339 utnon
825 4283 1175 4351 concedatur,
1199 4281 1344 4353 quod
1373 4284 1543 4339 voluit
1582 4297 1646 4340 ac

113 4353 274 4422 rogarit
303 4365 357 4409 ut
382 4354 569 4410 homo.

163 4423 224 4493 (ὁ)
247 4425 367 4483 Bad.
385 4436 440 4482 et
471 4426 566 4483 Er.
595 4441 717 4483 cum
745 4441 849 4480 ms.
881 4426 1133 4490 Carnut.,
1162 4427 1298 4495 quod
1318 4428 1363 4483 si
1398 4428 1644 4495 impossi-

112 4492 185 4569 bile
203 4492 282 4569 est.
315 4495 445 4569 Tum
472 4497 622 4569 Lips.
659 4513 756 4567 pro
776 4498 856 4561 si,
889 4492 1284 4554 substituit-sibi
1304 4516 1323 4555 :
1348 4492 1656 4568 qute'lectio

112 4566 263 4622 exinde
286 4566 755 4625 obtinuit.’Piures
805 4583 857 4624 et
888 4569 1284 4625 recentioribus
1312 4566 1466 4629 mss.

115 4637 305 4704 notabile
330 4648 416 4695 est.
446 4640 676 4704 Quidam
696 4639 826 4704 alii,
857 4640 996 4704 quod
1024 4639 1448 4704 impossibileest.

246 4640 305 4697 ile
330 4648 416 4695 est.

116 4708 252 4772 placet
275 4727 389 4767 cum
419 4708 549 4769 mss.
572 4710 754 4777 Colb.,
782 4708 969 4775 ουτω..
995 4708 1207 4775 Gertn.,
1261 4712 1407 4769 Prat.
1438 4720 1547 4768 etc.
1568 4708 1649 4766 'id

116 4778 219 4845 quod
242 4780 439 4852 (supple
464 4783 561 4853 ait)
584 4783 630 4839 si
647 4781 886 4852 possibile
912 4794 1032 4838 est:
1077 4781 1131 4836 id
1186 4794 1302 4850 est,
1357 4782 1648 4839 videndum

116 4860 239 4926 (illam
263 4853 634 4926 respiciatista
666 4854 979 4926 deprecatio
1009 4853 1408 4926 conditionata,
1440 4855 1485 4909 si
1531 4872 1650 4926 pos-

118 4917 229 4974 sibile
251 4933 316 4977 est
338 4917 438 4979 etc.
470 4924 572 4980 Hic
590 4917 817 4980 enim'id
835 4924 973 4993 quod
996 4925 1217 4994 perinde
1244 4936 1326 4983 est
1350 4967 1364 4990 ,
1387 4917 1548 4997 atque
1591 4928 1651 4983 τὸ

119 4986 399 5044 Craterum.

154 5007 399 5057 ratorum.

26 5062 29 5075 '
172 5063 235 5134 (ι)
264 5066 371 5133 Eia,
400 5062 549 5139 Lips.
579 5075 638 5122 et
664 5066 816 5134 Palu,
842 5068 1074 5139 uitiatur.
1110 5067 1331 5125 Rectius
1367 5066 1501 5125 Bad.
1534 5083 1658 5124 cum

121 5146 224 5210 ptes.
243 5139 404 5210 uitur
430 5153 449 5192 :
475 5137 579 5197 hoc
603 5147 719 5205 est,
766 5148 817 5195 ut
874 5137 1038 5193 homo
1066 5139 1183 5195 vult
1224 5141 1447 5196 calicem
1478 5148 1654 5195 trans-

124 5209 322 5279 ρελιξθὰ
345 5220 397 5263 ιιι
445 5210 583 5269 Deus
612 5226 676 5264 ex
703 5210 813 5264 Deo
844 5220 1085 5279 paternas
1139 5212 1403 5268 voluntati
1447 5211 1654 5269 unitur.

127 5270 289 5351 (illius!
316 5280 472 5350 igitur
510 5282 560 5338 in
612 5270 1126 5339 Christo-voluntas
1174 5301 1186 5336 :
1238 5299 1414 5351 neque
1457 5281 1658 5338 habent

126 5338 270 5427 Ariani
292 5338 427 5427 unde
444 5367 505 5409 se
529 5353 847 5427 expediant,
877 5354 1110 5427 quicum
1130 5338 1249 5411 non,
1265 5338 1532 5427 recipiant
1552 5353 1658 5411 nisi

128 5421 318 5493 urticam,
337 5421 469 5493 hanc
488 5421 671 5480 volunt
691 5424 857 5489 ipsius
874 5421 1172 5478 divinitatis
1194 5440 1316 5480 esse
1329 5421 1656 5493 oratinnem,

132 5482 1124 5569 U'lepi‘ui‘inse‘disseritChrysostonins
1156 5482 1502 5569 humanust,
1524 5496 1585 5550 T.
1622 5482 1664 5561 ιζ

137 5556 174 5613 ti
192 5556 421 5623 divinitas
446 5556 647 5623 Christi
678 5564 781 5619 hoc
803 5556 977 5620 oravit
994 5582 1009 5631 ;
1029 5564 1206 5625 Patris
1227 5576 1283 5623 et
1301 5556 1505 5623 Chriin
1554 5556 1663 5622 noti

137 5640 255 5710 illis,
280 5635 366 5710 sed
393 5639 658 5710 congiaria
697 5635 802 5691 erit
826 5636 1074 5691 voluntas
1126 5656 1138 5691 :
1173 5638 1416 5710 adquue
1448 5640 1665 5710 (frustra

140 5698 238 5780 illud
254 5742 269 5771 ,
297 5701 473 5780 lignei
496 5703 649 5780 Pater
666 5723 829 5761 unum
852 5723 1029 5765 sumus
1048 5747 1068 5780 ,ν
1102 5698 1343 5780 propter.
1374 5708 1667 5765 voluntatis

144 5774 359 5833 unitatem
379 5774 567 5839 dictum
592 5774 1244 5855 interpretantur..8imiie
1289 5789 1666 5853 argumentum

446 4640 676 4709 Quidam
696 4639 826 4707 alii,
857 4640 996 4709 quod
1011 4639 1448 4711 jrnpossibileest.
1480 4640 1646 4711 Magis

1744 1852 1978 1902 mortem
2008 1844 2182 1903 tristis
2204 1852 2325 1903 est:
2353 1855 2410 1904 et
2432 1848 2537 1905 scit
2553 1848 2697 1907 hunc
2715 1851 2940 1911 calicem
2969 1858 3207 1915 transire
3227 1876 3340 1917 non

1743 1950 1928 2008 posse,
1959 1934 2037 2010 (It)
2054 1936 2157 1994 nisi
2186 1937 2403 2008 biberit,
2429 1939 2617 1999 dicens
2646 1960 2660 1999 :
2687 1941 2851 2001 Pater
2873 1962 3052 2017 meus,
3106 1962 3211 2005 non
3254 1968 3349 2022 po-

1746 2037 1841 2085 test
1864 2029 2004 2084 calia;
2032 2029 2126 2085 iste
2155 2032 2374 2086 transire
2393 2047 2427 2085 a
2455 2048 2535 2088 me
2563 2035 2664 2090 nisi
2688 2033 2860 2091 bibam
2884 2038 3034 2097 illum
3080 2056 3100 2094 :
3141 2040 3234 2111 ﬁat
3259 2058 3349 2097 uo-

1745 2120 1921 2177 luntus
1948 2131 2037 2176 tua
2062 2120 2282 2193 (Matth.
2316 2139 2479 2194 nm,
2508 2123 2604 2200 η)
2641 2144 2653 2187 ;
2681 2131 3141 2191 consummatain
3165 2136 3347 2192 sescit

1744 2211 1873 2268 licet
1902 2213 2156 2283 passione
2181 2222 2387 2271 metum
2442 2218 2627 2275 calicis
2664 2222 3059 2293 transiturum,
3105 2228 3201 2298 qui
3243 2229 3350 2289 nisi

1745 2321 1868 2361 cuni
1897 2306 2158 2375 bibisset,
2188 2308 2422 2365 transire
2467 2325 2575 2368 non
2597 2321 2787 2384 posset
2834 2332 2849 2371 :
2907 2316 3072 2377 linem
3123 2323 3350 2379 terroris

1744 2398 1862 2470 ejus
1888 2396 1954 2473 (i)
1979 2416 2089 2456 non
2112 2400 2215 2457 nisi
2246 2412 2636 2461 consummatae
2675 2406 2731 2467 in
2767 2422 2827 2464 se
2848 2411 3114 2480 passionis
3138 2420 3349 2475 terrore

1744 2493 2068 2563 succedere;
2100 2500 2224 2567 quia
2253 2506 2373 2566 post
2402 2506 2632 2553 mortem
2661 2499 2809 2571 ejus,
2837 2498 2917 2575 (‘2)
2943 2518 3041 2573 per
3085 2504 3349 2565 virtutum

1742 2587 1991 2658 gloriam,
2018 2585 2327 2658 apostolica:
2356 2587 2683 2646 inﬁrmitatis
2696 2591 3004 2651 scandalum
3026 2596 3346 2666 pelleretur.

1814 2678 1904 2736 40.
1927 2676 2030 2735 Car
2050 2681 2310 2751 apostolos
2341 2683 2564 2737 dormire
2579 2686 2695 2756 jam
2723 2684 2877 2743 sinat.
2930 2717 3001 2727 —
3050 2688 3122 2747 Et
3150 2706 3345 2761 quam-

1745 2788 1907 2845 quam
1938 2774 1991 2827 ill
2015 2788 2080 2828 eo
2102 2769 2247 2844 quod
2270 2774 2345 2828 ait
2367 2790 2381 2826 :
2408 2772 2533 2828 Fiat
2557 2774 2793 2835 voluntas
2822 2790 2912 2832 tua
2936 2818 2952 2844 ,
2983 2779 3037 2834 in
3057 2781 3267 2850 calicis,
3292 2784 3346 2840 id

1746 2874 1851 2933 est,
1885 2867 2150 2937 passionis
2171 2882 2282 2922 sua:
2311 2868 2587 2931 seandalo.
2618 2870 2891 2939 apostolos
2914 2874 3230 2942 permittens
3252 2890 3350 2948 pa.

1744 2967 1915 3015 terna:
1943 2961 2235 3016 voluntatis
2255 2959 2421 3034 3&9
2443 2961 2693 3029 arbitrio;
2710 2970 2892 3020 tamen
2914 2965 3078 3027 etiam
3099 2968 3350 3039 repetita:

1745 3053 1910 3109 tertio
1936 3050 2199 3109 orationis
2219 3069 2382 3125 prece
2411 3068 2541 3111 usus
2562 3065 2645 3111 est
2674 3072 2688 3111 :
2715 3062 3002 3129 postquam
3050 3056 3128 3119 ait
3162 3059 3343 3123 :Dor-

1746 3146 1865 3201 mite
1884 3149 2032 3219 jam,
2057 3157 2102 3202 et
2128 3149 2429 3219 requiescite
2461 3147 2623 3221 (Ibid.
2656 3148 2772 3223 45).
2829 3151 2951 3210 Non
3003 3152 3150 3211 enim
3187 3160 3344 3217 extra

1749 3239 1975 3296 rationis
1999 3240 2226 3311 alicujus
2246 3242 2475 3297 interna:
2498 3245 2888 3305 conscientiam
2907 3285 2922 3311 ,
2946 3244 3039 3318 qui
3064 3254 3225 3307 antea
3250 3263 3349 3306 eos

1749 3334 2084 3392 dormientes
2112 3337 2480 3408 coarguisset,
2512 3355 2655 3396 nunc
2690 3341 2805 3413 jam
2862 3343 3101 3403 dormire
3155 3350 3213 3401 et
3262 3359 3350 3407 re-

1749 3438 2223 3513 quiescerejubet.
2252 3435 2360 3497 Sed
2389 3436 2798 3510 intelligentiam
2829 3440 2985 3499 nobis
3009 3442 3184 3499 Lucas
3244 3442 3347 3499 ad-

1750 3522 2075 3592 hortationis
2096 3536 2250 3591 istius
2278 3536 2533 3592 tribuisse
2584 3537 2924 3593 existimatur
2954 3555 2968 3591 :
2998 3538 3089 3609 qui
3117 3551 3239 3592 cum
3265 3536 3349 3592 di-

1751 3630 1956 3698 xisset,
1982 3640 2225 3685 satanam
2275 3631 2548 3701 expetisse
2574 3638 2634 3687 ut
2652 3631 2929 3702 apostolos
2966 3631 3126 3688 modo
3178 3630 3349 3689 tritici

1752 3726 2035 3786 cerneret,
2065 3731 2121 3777 et
2138 3722 2424 3778 Dominum
2457 3739 2554 3795 pro
2584 3724 2689 3781 ﬁde
2714 3724 2895 3795 Petri,
2940 3740 3009 3781 ne
3051 3725 3342 3793 deﬁceret,

1752 3825 1966 3872 oratum
1986 3815 2190 3885 fuisse;
2221 3817 2451 3890 subjecit
2471 3825 2595 3890 post
2623 3820 2850 3877 multam
2882 3819 3093 3879 Domini
3125 3834 3343 3892 precem

1820 3957 1903 4031 (2)
1938 3956 2044 4013 Per
2070 3958 2276 4014 virtutis
2300 3957 2560 4032 gloriamj

1751 4154 1820 4222 est
1847 4137 1967 4194 aliis
1986 4136 2190 4222 Christi
2208 4136 2391 4194 verbis
2418 4136 2678 4195 adversus
2706 4136 2929 4194 eosdem
2960 4138 3180 4195 coniicit
3205 4139 3346 4195 Fan-

1753 4212 1929 4267 stinns
1955 4223 2075 4278 cap.
2107 4209 2162 4264 ε.

1826 4280 1910 4354 (d)
1942 4278 2427 4354 Antiquiorcodex
2448 4279 2608 4335 Colb.
2654 4290 2709 4354 et
2762 4278 2857 4335 alii
2902 4296 3010 4337 non
3061 4280 3350 4341 deterioris

1753 4351 2180 4417 nottn,uentilet.
2227 4351 2444 4419 Aliquot
2476 4352 2838 4418 recentiores,
2892 4354 3159 4410 cribraret.
3212 4354 3348 4411 Ver-

1755 4426 1887 4497 bum
1915 4432 2145 4477 cerneret
2167 4437 2379 4478 rursum
2406 4420 2728 4497 habesinl‘ra
2752 4438 2903 4479 num.
2934 4425 3024 4491 40,
3046 4426 3139 4481 ubi
3164 4427 3216 4481 in
3232 4428 3350 4497 qui-

1755 4495 1980 4569 busdam
2011 4508 2142 4549 mss.
2170 4510 2199 4547 ιι
2226 4494 2462 4550 secunda
2484 4509 2644 4551 manu
2676 4510 2961 4566 perperam
3017 4494 3349 4569 adscriptum

1510 4571 1646 4640 quod
1672 4571 1727 4631 Ι)
1751 4578 1838 4640 est,
1862 4565 2125 4640 cribraret.

1822 4638 1894 4709 (ε)
1916 4636 2307 4711 _Sic_plurcs_a_c
2335 4638 2572 4707 potiores
2592 4652 2723 4711 mss.
2749 4639 2818 4711 At
2836 4639 2965 4694 editi
2987 4679 3000 4701 ,
3032 4640 3155 4711 quia
3185 4640 3336 4708 ﬁdes.

1750 4706 1885 4764 Cum
1909 4708 2185 4765 Scultetus
2206 4706 2467 4764 Hilarium
2494 4708 2880 4777 reprehendit,
2932 4706 3078 4781 quod
3123 4706 3339 4766 Petrum

1754 4782 1834 4836 sic
1854 4794 2117 4836 excusare
2140 4789 2389 4845 conetur,
2415 4781 2568 4850 quasi
2590 4781 2859 4836 Christum
2914 4798 3019 4835 non
3086 4783 3296 4851 negarit
3326 4799 3340 4836 :

1756 4853 1872 4907 haec
1893 4851 2054 4908 verba
2089 4866 2188 4907 nec
2213 4866 2320 4906 non
2351 4855 2630 4922 superiora
2664 4867 2809 4907 num.
2843 4853 2933 4918 57,
2969 4853 3153 4923 procul
3180 4853 3345 4908 dubio

1754 4939 1863 4978 non
1885 4923 2133 4978 attendit.
2664 4942 2677 4949 ο

1855 4994 1898 5066 Ῑ)
1929 4994 2233 5066 Exemplar.
2267 4993 2514 5057 Carnnt.,
2547 5004 2815 5050 nocturnae
2832 4994 3040 5064 uigiliae.

1856 5062 1912 5138 'g')
1938 5065 2087 5133 Lips.
2115 5072 2169 5119 et
2194 5062 2318 5138 Par.
2370 5080 2436 5138 ex
2491 5062 3032 5138 EraSmiinargiue,
3088 5066 3342 5124 desitum.

1760 5133 1918 5200 Bad..
1950 5139 2067 5199 Er.,
2093 5150 2196 5192 ms.
2233 5133 2353 5188 Vat.
2383 5136 2524 5200 bs.,
2557 5146 2613 5190 et
2642 5133 2877 5203 quidam
2904 5137 3027 5201 alii,
3076 5139 3347 5194 destitura.

1762 5208 1977 5279 Verius
2001 5205 2127 5267 alii.
2158 5205 2501 5279 destitutum,
2528 5207 2780 5279 passive;
2827 5208 3101 5277 quomodo
3155 5223 3350 5279 supra,

1759 5277 2260 5335 scandaliuturum.
2307 5275 2521 5332 Nostrae
2550 5278 2666 5333 haec
2715 5275 2877 5333 lectio
2912 5275 3265 5335 conﬁrmatur
3284 5275 3352 5337 ei

1769 5351 1855 5406 his
1878 5365 2033 5425 limit.
2062 5346 2131 5403 56
2159 5365 2172 5399 ι
2205 5347 2346 5425 Adeo
2374 5360 2545 5425 autem
2565 5365 2669 5403 non
2694 5358 2904 5418 propter
2922 5360 3137 5405 mortem
3151 5366 3360 5425 suscep-

1770 5431 1823 5477 ta
1850 5421 2056 5476 tristitia
2080 5429 2243 5483 est,ut
2272 5419 2338 5472 sit
2377 5420 2615 5473 destituta
2639 5436 2729 5489 per
2751 5432 2988 5478 inertem.

1841 5489 2009 5566 llt)_ln
2027 5490 2297 5566 Avulgatis,
2320 5490 2431 5566 nisi
2444 5490 2629 5566 biberet
2656 5508 2681 5566 A:
2707 5503 2761 5566 et
2785 5508 2907 5566 mox
2926 5532 2940 5556 ,
2970 5494 3147 5566 sinon
3172 5504 3356 5566 patest.

1774 5562 2108 5636 Continuius
2138 5563 2189 5636 in
2216 5577 2347 5636 mss.
2379 5563 2483 5636 nisi
2504 5562 2715 5636 biberit,
2744 5562 2920 5636 idest,
2942 5565 3046 5619 nisi
3073 5562 3358 5636 postquam

1777 5635 1972 5692 biberit
1998 5650 2012 5686 :
2044 5647 2108 5687 ac
2139 5630 2361 5699 deinde,
2380 5634 2583 5688 omisso
2611 5635 2676 5699 si,
2706 5635 2783 5689 rei
2814 5633 2975 5704 hujus
3002 5630 3229 5693 scientia
3254 5642 3364 5695 cla-

1767 5708 1884 5762 rius
1909 5704 2237 5760 enuntiatur.

1858 5772 1924 5850 (i)
1947 5775 2003 5832 in
2034 5776 2246 5833 excusis
2268 5815 2285 5844 ,
2308 5791 2414 5832 non
2444 5775 2547 5832 nisi
2578 5776 2741 5846 ﬁnito.
2774 5776 2945 5834 Abest
2967 5777 3115 5849 ﬁnito
3160 5793 3191 5837 α
3239 5795 3373 5841 mss.

3236 268 3343 325 574
3438 283 3445 291 ·
