3930 6194
497 264 603 320 575

1695 262 1773 317 SA
1784 260 1935 318 NCTI
1975 259 2229 316 HILARII
2270 259 2575 320 EPISCOPI

3671 276 3758 331 576

497 382 750 456 angelum
819 381 896 453 (a)
958 380 1230 437 adstitisse
1298 379 1692 434 confortantem
1769 394 1929 444 eum;
1998 391 2105 450 quo

2241 392 2450 440 notestas
2477 386 2551 456 (ε)
2605 399 2710 440 ιιοιι
2765 385 3058 442 secundum
3115 396 3321 443 naturte
3347 389 3759 449 consuetudinem

493 477 794 532 assistente
827 488 986 529 orare
1008 472 1270 542 prolixius
1297 472 1524 541 coeperit
1544 513 1558 537 ,
1585 472 1656 526 ita
1685 479 1745 526 ut
1770 472 1937 542 guttis
1975 486 2102 528 san-

496 560 723 643 guinum
754 568 997 635 corporis
1027 566 1193 621 sudor
1215 565 1464 620 efﬂueret
1485 564 1638 638 (Luc.
1660 581 1773 620 χχιι
1792 606 1807 632 ,
1835 563 1907 620 45
1936 575 1983 619 et
2010 565 2100 634 44)

501 665 665 720 Misso
695 661 838 718 enim
868 660 934 713 ad
967 659 1246 714 tuitionem
1275 659 1645 728 apostolorum
1685 659 1896 729 angelo,
1928 666 1982 713 et
2011 674 2105 728 per

501 771 629 813 eum
661 752 962 808 confortato
993 751 1254 818 Domino,
1286 766 1353 806 ne
1377 765 1477 820 pro
1504 751 1585 804 his
1607 751 1780 806 tristis
1807 759 1982 819 esset,
2025 751 2102 824 (ι)

503 847 614 918 jam
645 846 761 900 sine
786 843 860 916 (b)
896 843 1136 898 tristitia:
1155 851 1300 898 metu
1328 843 1436 898 ait:
1468 842 1703 897 Dormite
1723 847 1869 917 jam,
1928 853 1972 895 el
2021 859 2106 896 re-

505 943 771 1016 quiescile.
796 941 876 996 De
905 940 1096 1010 angelo
1125 939 1342 1010 quidem
1379 937 1664 993 Matthzeus
1693 948 1747 994 et
1793 939 2002 992 Marcus
2053 946 2109 992 et

504 1040 574 1096 de
597 1040 930 1109 expetitione
956 1038 1154 1094 diaboli
1204 1037 1337 1092 nihil
1385 1036 1551 1092 locuti
1605 1043 1730 1090 sunt
1780 1053 1790 1088 :
1841 1035 1936 1090 sed
1989 1042 2109 1105 post

505 1134 788 1190 tristitiam
817 1133 1040 1198 animm,
1072 1140 1198 1202 post
1221 1130 1605 1184 dormientium
1637 1127 2067 1198 obiurgationem
2093 1169 2107 1194 ,

506 1237 633 1297 post
658 1224 1224 1280 transferendicalicis
1251 1222 1718 1294 deprecationem,
1773 1235 1879 1274 non
1914 1236 1979 1276 ex
2030 1220 2110 1272 ni-

505 1318 625 1374 hilo
640 1317 1025 1374 dormientium
1050 1316 1360 1370 adhortatio
1387 1315 1673 1369 subsecuta
1697 1321 1812 1374 est.
1839 1313 1940 1366 nisi
1968 1311 2109 1380 quod

509 1429 633 1470 cum
661 1415 908 1467 afuturus
933 1411 1000 1464 ab
1030 1410 1110 1464 his
1153 1419 1329 1475 esset,
1361 1417 1415 1462 et
1444 1406 1635 1461 indulti
1666 1406 1859 1475 Angeli
1894 1405 2110 1460 confor-

512 1514 658 1559 tatus
687 1503 924 1569 auxilio,
953 1502 1249 1558 securitate
1297 1499 1369 1574 (ε)
1420 1499 1681 1555 custodiae
1727 1497 2112 1554 custodiendos

510 1597 863 1671 permittebat
891 1595 942 1650 in
976 1609 1248 1649 somnum.

585 1691 673 1750 41.
718 1692 797 1748 De
839 1692 1025 1748 sudore
1063 1692 1332 1762 sanguinis
1375 1700 1420 1746 et
1465 1690 1686 1746 adventu
1730 1688 1901 1759 angeli
1938 1689 2010 1742 nil
2059 1689 2111 1741 in

512 1786 746 1858 pluribus
796 1785 960 1840 libris.

514 1879 796 1948 colligitur.
847 1907 919 1917 -—
967 1874 1078 1931 Nec
1108 1890 1241 1930 sane
1272 1874 1626 1944 ignorandum
1658 1889 1686 1925 a
1717 1873 1872 1928 nobis
1912 1881 2015 1936 cst,
2063 1880 2119 1926 et

515 1972 571 2027 in
598 1971 790 2041 graecis
833 1979 889 2024 et
929 1971 984 2024 in
1024 1968 1209 2023 latinis
1244 1967 1522 2022 codicibus
1566 1967 1978 2036 complurimis,
2036 1966 2120 2020 vel

513 2067 586 2122 de
611 2065 934 2121 adveniente
959 2065 1156 2135 angelo
1187 2106 1200 2128 ,
1265 2063 1352 2117 vel
1386 2061 1454 2117 de
1499 2061 1701 2118 sudore
1733 2061 2010 2132 sanguinis
2045 2059 2120 2115 nil

515 2158 779 2228 scriptum
812 2157 1060 2226 reperiri.
1111 2154 1523 2226 Ambigentibus
1554 2155 1735 2226 igitur,
1793 2165 1970 2209 utrum
2020 2153 2123 2208 hoc

517 2253 574 2306 in
625 2250 780 2306 libris
824 2250 992 2304 variis
1027 2257 1113 2303 aut
1165 2248 1325 2314 desit,
1383 2258 1476 2302 aut
1510 2247 1854 2318 superfluum
1901 2248 1972 2302 sit
2018 2249 2124 2319 (iu-

519 2351 730 2398 certum
758 2341 902 2398 enim
935 2342 1038 2396 hoc
1068 2341 1223 2398 nobis
1255 2341 1580 2412 relinquitur
1605 2341 1673 2396 de
1721 2341 2033 2396 diversitate
2062 2341 2125 2395 li-

521 2436 788 2505 brorum),
841 2444 990 2491 certe
1016 2435 1060 2490 si
1083 2435 1212 2505 quid
1263 2436 1366 2490 sibi
1410 2451 1476 2490 ex
1507 2441 1609 2491 hoc
1635 2435 1862 2492 lueresis
1902 2436 2112 2491 blandi-

523 2537 632 2594 tur,
664 2539 722 2583 ut
747 2527 1022 2583 inﬁrmum
1049 2527 1318 2593 afﬁrmet,
1369 2529 1460 2583 cui
1487 2543 1621 2599 opus
1645 2528 1804 2584 fuerit
1834 2529 2016 2599 angeli
2046 2528 2125 2601 (2)

523 2618 885 2677 confortantis
915 2620 1150 2687 auxilio;
1209 2621 1515 2676 meminerit
1545 2619 1863 2676 Creatorem
1904 2621 2126 2692 angelo-

523 2728 645 2769 rum
675 2712 968 2768 creationis
992 2728 1104 2768 sua:
1135 2729 1240 2769 non
1271 2713 1484 2784 eguisse
1509 2715 1801 2783 prtesidio;
1831 2724 1941 2768 tum
1974 2714 2128 2768 dein-

525 2805 596 2862 de
624 2806 938 2860 necessario
964 2821 1030 2861 eo
1058 2806 1220 2860 modo
1243 2822 1364 2861 eum
1394 2805 1782 2872 confortatum,
1835 2820 1941 2876 quo
1969 2806 2128 2861 modo

524 2908 580 2955 et
604 2899 812 2953 tristem
835 2912 977 2953 esse.
1009 2897 1094 2969 (d)
1172 2897 1305 2952 Nam
1331 2898 1375 2951 si
1405 2897 1563 2952 nobis
1594 2898 1764 2952 tristis
1796 2907 1899 2962 est,
1946 2897 1996 2952 id
2024 2886 2148 2965 est;

526 3001 752 3064 propter
780 2992 943 3064 350
970 3008 1071 3048 nos
1099 2993 1266 3046 tristis
1306 3000 1412 3058 est,
1457 3007 1686 3048 necesse
1715 3004 1797 3048 est
1828 3002 1884 3046 ut
1913 3002 2131 3063 propter

528 3099 630 3141 nos
662 3087 732 3140 sit
761 3085 1102 3139 confortatus
1131 3096 1183 3139 et
1213 3086 1366 3139 nobis
1393 3102 1404 3136 :
1462 3085 1585 3155 quia
1617 3085 1707 3156 qui
1727 3085 1794 3140 de
1829 3085 1986 3140 nobis
2035 3087 2128 3141 tri-

2201 477 2409 547 gessit:
2467 493 2642 549 neque
2671 479 2738 534 ad
2765 479 3016 536 hmresim
3048 479 3117 554 (f)
3160 481 3489 537 inﬁrmitatis
3528 486 3766 554 pertinere

2205 567 2316 621 ullo
2368 568 2528 623 modo
2570 572 2809 640 poterit,
2885 573 3025 643 quod
3074 572 3359 629 adversum
3407 573 3647 630 haeresim
3699 578 3762 649 (ς)

2205 660 2526 732 phantasma
2556 664 2903 718 mentientem
2937 665 3182 735 proficiat
3203 707 3215 728 ,
3277 682 3373 736 per
3398 664 3642 721 sudorem
3669 683 3771 722 san-

2207 753 2409 823 guinis,
2455 756 2520 808 ad
2544 757 2794 826 corporis
2830 757 3134 812 veritatem.
3158 757 3325 826 Igitur
3353 773 3474 813 cum
3499 769 3550 812 ct
3583 761 3769 816 tristitia

2208 845 2276 902 de
2305 845 2464 901 nobis
2491 857 2594 911 est,
2661 857 2716 902 ct
2746 849 2920 903 oratio
2950 865 3046 920 pro
3072 850 3230 904 nobis
3253 860 3368 915 est,
3417 866 3526 905 non
3575 863 3773 921 possunt

2209 954 2316 992 non
2344 939 2526 993 omnia
2561 950 2782 1008 propter
2807 956 2906 996 nos
2935 951 3082 1011 gesta
3106 955 3225 997 esse
3251 942 3500 1012 intelligi,
3547 958 3660 998 cum
3682 959 3780 998 om-

2210 1030 2295 1085 nia
2330 1045 2425 1100 pro
2456 1030 2635 1095 nobis,
2667 1033 2863 1102 quibus
2895 1033 3205 1098 timebatur,
3245 1044 3394 1089 orata
3425 1034 3552 1090 sint.

2279 1122 2370 1177 4‘2.
2427 1123 2732 1188 Tristitiam,
2767 1125 2941 1180 calicis
2987 1127 3418 1197 deprecationem,
3449 1137 3557 1184 etc.
3589 1128 3782 1200 Aposto-

2211 1216 2289 1268 los
2315 1225 2565 1284 spectare.
2602 1246 2672 1257 —
2701 1217 2964 1272 Prtestant
2990 1231 3171 1273 autem
3212 1220 3315 1274 sibi
3362 1229 3598 1276 mutuam
3629 1221 3782 1276 Evan-

2209 1309 2345 1381 gelia
2375 1309 2795 1380 plenitudinem:
2853 1311 2978 1366 dum
3006 1313 3112 1366 alia
3153 1329 3219 1366 ex
3253 1312 3395 1376 aliis,
3445 1313 3568 1384 quia
3615 1317 3772 1368 omnia

2215 1403 2373 1457 unius
2402 1402 2639 1472 Spiritus
2689 1403 3004 1473 praedicatio
3049 1405 3152 1470 sit,
3207 1403 3602 1475 intelliguntur.
3657 1405 3786 1462 liattc

2214 1495 2356 1549 enim
2391 1496 2607 1550 tacitam
2639 1495 2706 1552 ab
2730 1495 2983 1550 omnibus
3014 1511 3115 1566 pro
3138 1495 3420 1565 Apostolis
3444 1495 3653 1550 Domini
3684 1511 3790 1550 ora-

2217 1589 2419 1643 tionem
2461 1587 2703 1644 Joannes
2741 1589 2976 1643 maxime
3010 1588 3336 1657 spiritalium
3359 1603 3639 1644 causarum
3666 1605 3765 1661 ιιι-ω

2217 1683 2425 1740 dicator
2476 1681 2737 1749 ostendit,
2790 1681 3076 1737 Dominum
3110 1681 3180 1735 ita
3215 1690 3493 1751 precatum
3519 1695 3637 1736 esse
3659 1722 3672 1747 ,
3721 1679 3794 1734 di-

1055 1782 1347 1852 Inﬁrmitas
1406 1780 1599 1836 Christi
1665 1797 1930 1852 perperam
1999 1765 2124 1834 inde
2147 1765 2194 1824 B
2223 1791 2353 1832 cens
2380 1794 2392 1829 :
2423 1774 2582 1830 Pater
2612 1785 2804 1840 sancte,
2845 1789 3089 1829 conserua
3119 1791 3203 1828 eos
3235 1775 3286 1828 in
3313 1776 3640 1828 nominetua.
3671 1771 3785 1827 Cum

2223 1885 2381 1922 essem
2429 1885 2543 1920 cum
2569 1869 2640 1921 eis
2663 1909 2677 1934 ,
2726 1883 2818 1938 ego
2855 1865 3198 1920 custodiebam
3237 1881 3322 1919 eos
3354 1867 3406 1919 in
3442 1866 3641 1919 nomine
3685 1874 3795 1918 tuo:

2223 1978 2348 2032 quos
2378 1961 2564 2016 dedisti
2594 1961 2740 2026 mihi,
2799 1970 2846 2015 cl
2874 1961 3128 2014 custodivi
3151 1958 3334 2030 (Joan.
3367 1975 3500 2026 xv",
3535 1959 3591 2012 ll
3621 1968 3671 2014 et
3698 1957 3796 2028 η).

2226 2055 2342 2109 Νοιι
2385 2053 2486 2109 sibi
2515 2052 2700 2124 itaque
2731 2052 2833 2106 fuit
2861 2052 3034 2106 oratio
3067 2051 3180 2117 illa,
3229 2049 3325 2106 sed
3355 2049 3620 2120 aposmlis
3648 2067 3659 2103 :
3712 2062 3800 2102 nec

2232 2148 2331 2202 sibi
2356 2147 2530 2201 tristis
2558 2157 2678 2212 est,
2735 2146 2826 2215 qui
2878 2159 3037 2200 orare
3063 2159 3160 2200 eos
3208 2159 3278 2199 ne
3300 2151 3579 2198 tententur
3605 2151 3798 2197 monet:

2227 2254 2326 2296 nec
2352 2239 2455 2295 sibi
2487 2238 2714 2308 angelus
2746 2237 3012 2304 mittitur,
3065 2237 3156 2308 qui
3198 2238 3243 2291 si
3271 2237 3455 2304 vellet,
3482 2235 3561 2308 (Ιι)
3610 2233 3797 2290 duode-

2227 2332 2330 2388 cim
2381 2331 2550 2386 millia
2606 2330 2881 2401 legionum
2931 2329 3000 2386 de
3052 2329 3206 2386 caelis
3246 2329 3576 2386 deduceret:
3612 2328 3672 2400 (i)
3719 2343 3803 2381 nec

2228 2433 2448 2496 propter
2478 2430 2705 2478 mortem
2732 2423 2908 2487 timet,
2962 2422 3051 2493 qui
3077 2438 3245 2494 usque
3267 2422 3333 2476 ad
3366 2430 3597 2477 mortem
3628 2421 3806 2474 anxius

2227 2526 2347 2572 est:
2399 2531 2497 2572 nec
2524 2524 2582 2570 ut
2608 2529 2668 2572 se
2696 2523 2934 2570 transeat
2963 2515 3126 2579 calix,
3161 2523 3309 2584 rogat
3335 2530 3348 2580 ;
3385 2513 3480 2569 sed
3511 2528 3540 2567 a
3572 2526 3630 2568 se
3652 2522 3807 2567 trans-

2230 2613 2309 2667 ire
2346 2611 2568 2667 calicem
2600 2619 2779 2682 rogat,
2811 2609 2898 2678 qui
2928 2618 3106 2663 tamen
3159 2606 3388 2663 transire
3405 2609 3423 2678 (
3427 2607 3480 2679 j)
3503 2622 3606 2661 non
3631 2605 3805 2676 possit,

2229 2705 2331 2760 nisi
2361 2719 2484 2759 eum
2515 2703 2729 2759 biberit.
2807 2701 3064 2756 Transire
3103 2711 3282 2755 autem
3319 2698 3400 2771 (5)
3450 2715 3556 2754 non
3585 2701 3701 2754 loco
3724 2697 3806 2752 de-

2230 2798 2425 2855 cedere
2453 2808 2559 2864 est,
2619 2797 2714 2853 sed
2743 2798 2964 2852 omnino
2989 2811 3095 2850 non
3130 2803 3383 2851 exstare:
3428 2793 3573 2864 quod
3605 2791 3810 2860 quidem

2231 2892 2406 2961 ipsum
2438 2899 2491 2944 et
2517 2889 2863 2958 evangelicns
2892 2897 2946 2944 et
2972 2887 3305 2960 apostolicus
3325 2902 3508 2943 sermo
3539 2887 3812 2956 signiﬁcat,

2231 3000 2355 3040 cum
2381 2983 2596 3049 dicitur,
2625 2981 2820 3038 Cwlum
2847 2994 2894 3038 et
2923 2993 3062 3039 terra
3093 2985 3382 3038 transibunt
3406 3025 3419 3048 ,
3469 2984 3615 3038 rerba
3658 2992 3815 3036 autem

2231 3098 2345 3136 mea
2365 3097 2468 3134 non
2513 3078 2846 3147 prteteribunt
2871 3076 3067 3150 (Marc.
3103 3093 3221 3142 χιιι,
3251 3076 3366 3148 51).
3449 3075 3556 3132 Sed
3594 3085 3649 3130 et
3682 3078 3811 3143 Apo-

526 3179 630 3233 stis
657 3187 739 3233 est
769 3186 825 3232 et
849 3177 917 3232 de
948 3177 1102 3232 nobis
1145 3177 1484 3233 confortatus
1514 3189 1596 3234 est
1621 3222 1636 3244 ,
1682 3194 1745 3233 ea
1794 3179 2130 3234 confortatus
2158 3149 2204 3212 Ο
2237 3175 2408 3230 stolus
2436 3192 2450 3229 :
2488 3172 2622 3228 Ecce
2651 3182 2818 3228 vetera
2844 3173 3177 3238 transierunt,
3211 3181 3261 3225 et
3284 3176 3425 3241 facta
3447 3179 3564 3224 sunt
3594 3168 3673 3242 (Ις)
3705 3184 3818 3221 nova

529 3274 616 3322 est
641 3265 958 3322 conditione
996 3284 1099 3338 qua
1128 3268 1301 3323 tristis
1323 3277 1426 3324 est.
1482 3269 1746 3325 Sudorem
1794 3286 1924 3326 vero
1971 3288 2131 3327 nemo

533 3357 1398 3430 infirmitatiaudebitdeputare:
1447 3362 1570 3431 quia
1620 3371 1674 3416 et
1729 3375 1918 3417 contra
1970 3376 2133 3419 natu-

531 3466 648 3507 ram
678 3461 765 3508 est
790 3451 989 3508 sudare
1017 3454 1357 3525 sanguinem.
1410 3454 1521 3508 Nec
1544 3454 1830 3511 infirmitas
1855 3465 1957 3525 est,
1989 3458 2133 3529 quod

610 3594 694 3664 (1)
730 3595 852 3649 Jam
878 3596 988 3650 sine
1015 3595 1234 3648 tristitia:
1261 3603 1394 3648 metu
1415 3604 1602 3658 essent,
1629 3595 1723 3647 ait.

610 3665 694 3740 (2)
731 3667 911 3722 Codex
970 3666 1167 3721 Veron.
1200 3665 1560 3735 confortiantis
1623 3680 1722 3736 pro
1777 3668 2130 3737 confortantis,

618 3782 696 3854 (a)
727 3782 915 3854 Plures
941 3795 1072 3835 mss.
1100 3782 1372 3854 exstitisse.

615 3851 692 3919 (ὁ)
732 3853 807 3907 lla
840 3853 1245 3918 praestantiores
1287 3867 1416 3905 mss.
1442 3851 1613 3906 Vatic.
1655 3852 1796 3916 bas.,
1831 3853 1984 3909 Colb.
2029 3865 2135 3910 etc.

545 3925 700 3981 Alter
726 3922 882 3996 Cnlb_.
931 3938 1051 3996 cum
1083 3923 1338 3996 Sorbou.,
1387 3924 1660 3996 jamsine
1707 3925 1914 3980 tristitia
1963 3937 2011 3980 et
2034 3927 2141 3979 sine

545 4007 685 4051 metu
711 3996 802 4048 ait.
843 3993 1005 4049 Corb.
1032 4010 1154 4048 cum
1184 3994 1304 4048 aliis
1335 3993 1628 4059 nonnullis,
1657 3998 1770 4065 jam
1795 3997 1902 4050 sine
1921 3999 2141 4051 tristitia:

548 4078 686 4122 metu
725 4076 908 4130 essent,
953 4065 1044 4139 ait.
1081 4065 1220 4139 Editi
1254 4082 1401 4139 vero,
1451 4069 1575 4139 jam
1620 4069 1729 4121 sine
1755 4069 1978 4122 tristitia:
2003 4079 2140 4122 metu

546 4140 767 4212 existens
793 4139 887 4192 ait.
953 4138 1107 4202 Quod
1135 4137 1332 4212 deinde
1388 4137 1694 4212 subjicitur,
1745 4139 1978 4192 Dormite
1998 4143 2136 4212 jam,

549 4211 714 4264 modo
745 4225 849 4262 non
881 4219 1060 4262 exstat
1101 4210 1239 4277 apud
1281 4209 1478 4264 Lucam
1505 4251 1518 4275 ,
1545 4209 1652 4264 imo
1702 4225 1922 4278 prorsus
1970 4209 2137 4277 aliud,

547 4291 699 4352 puta,
728 4280 854 4352 quid
879 4279 1112 4352 dormitis
1134 4280 1158 4333 Ρ
1187 4281 1402 4348 surgite,
1432 4291 1572 4334 orate
1590 4289 1694 4336 etc.

648 4349 696 4474 c2
741 4349 856 4402 Vat.
881 4349 997 4404 bas.
1031 4367 1131 4404 ms.
1163 4353 1407 4404 custodis.

689 4421 705 4474 l
735 4420 952 4474 Excusi.
986 4437 1102 4473 nam
1127 4422 1214 4474 aui
1241 4423 1407 4474 nobis.

648 4351 696 4474 c2
741 4351 856 4402 Vat.
881 4351 997 4404 bas.
1031 4367 1131 4404 ms.
1163 4353 1407 4404 custodis.

623 4351 644 4490 ἒ
689 4420 952 4496 )_lj3xcusi,
986 4422 1214 4496 numqui
1241 4423 1422 4475 nobis:
1463 4433 1516 4476 et
1547 4437 1674 4496 mox
1696 4465 1709 4486 ,
1757 4423 1882 4496 quia
1896 4439 2026 4496 ergo
2052 4424 2140 4496 qui

553 4493 617 4548 de
645 4492 813 4556 nobis,
846 4501 954 4545 etc.
986 4492 1318 4559 castigantur
1355 4494 1672 4547 auctoritate
1709 4492 1839 4550 mss.
1891 4492 2004 4548 Duo
2056 4495 2140 4548 hic

2241 3267 2308 3340 (ΙΙ
2330 3267 2450 3323 Cor.
2484 3283 2541 3334 ν,
2576 3267 2690 3336 17).
2720 3265 2826 3322 Sed
2857 3275 2907 3320 el
2938 3279 3061 3320 cum
3084 3265 3180 3331 ait,
3213 3265 3373 3338 351
3402 3261 3468 3317 Et
3491 3264 3661 3333 ﬁgura
3681 3261 3819 3335 hujus

2240 3363 2421 3417 mundi
2471 3360 2706 3416 transibit
2737 3357 2779 3430 (Ι
2806 3356 2926 3413 Cor.
2959 3374 3054 3424 vu,
3088 3358 3202 3429 '51).
3245 3358 3399 3412 Calix
3430 3373 3562 3429 ergo
3583 3399 3598 3424 ,
3629 3357 3700 3412 de
3727 3369 3821 3426 quo

2242 3458 2458 3513 Patrem
2485 3463 2603 3510 orat
2633 3464 2691 3510 ut
2718 3462 2978 3521 transeat,
3024 3467 3132 3507 non
3164 3461 3342 3522 potest
3372 3453 3607 3509 transire
3629 3450 3728 3509 nisi
3755 3448 3822 3504 bi-

2235 3597 2376 3654 sicut
2404 3603 2592 3667 postea
2615 3592 2918 3667 confortiari
2947 3606 3052 3647 non
3076 3594 3446 3665 confortatum.
3489 3623 3496 3628 -

2312 3669 2392 3743 (5)
2408 3665 2420 3667 ’
2437 3666 2560 3721 Νοη
2591 3666 2654 3720 de
2680 3665 2812 3719 loco.

2247 3783 2506 3847 claratur,
2538 3780 2630 3835 lib.
2666 3795 2703 3842 ι,
2737 3795 2789 3831 n.
2823 3777 2914 3841 5'2,
2958 3791 3164 3832 necnon
3197 3776 3290 3833 lib.
3325 3793 3381 3846 tt,
3410 3793 3466 3832 η.
3498 3777 3554 3832 6.

2321 3853 2397 3926 (g)
2424 3851 2696 3926 valentiui
2725 3849 2951 3911 scilicet,
2977 3848 3251 3926 Matticltmi
3275 3865 3337 3926 ac
3367 3849 3654 3926 similium.
3685 3850 3820 3905 Eam.

2247 3920 2561 3991 det'n'hujus
2584 3923 2660 3976 rei
2683 3935 2898 3975 causam
2941 3920 3098 3974 affert
3125 3920 3501 3974 Theodoretus
3535 3924 3821 3978 Demonstr.

2249 3995 2389 4066 quod
2419 3995 2546 4048 unio
2574 3994 2640 4048 sit
2665 3991 2942 4066 inconfusa
2967 3994 3101 4066 ωδ,
3129 3992 3218 4066 ubi
3247 3993 3350 4047 hoc
3371 3991 3575 4066 factum
3605 4007 3722 4048 esse
3737 3992 3826 4046 do-

2250 4063 2358 4136 cet,
2406 4077 2462 4120 ut
2491 4075 2808 4136 posterorum
2849 4065 2887 4116 ii
2911 4105 2924 4124 ,
2959 4064 3045 4132 qui
3075 4063 3259 4117 anima:
3272 4065 3613 4136 corporisque
3637 4081 3823 4118 assum-

2249 4135 2470 4213 ptibnem
2495 4135 2758 4213 Crederent
2778 4177 2791 4198 ,
2842 4135 3354 4213 demonstrationibus
3385 4137 3822 4213 conﬁrmarentur;

2249 4207 2335 4278 'qtti
2364 4226 2480 4264 vero
2509 4208 2937 4266 contradicerent,
2961 4207 3288 4278 evidentibus
3319 4209 3627 4262 testimoniis
3654 4209 3823 4277 confu~

2249 4277 2498 4343 terentur,
2546 4279 2736 4348 quibus
2789 4277 3098 4343 pra'mittit:
3164 4277 3275 4330 Etsi
3322 4280 3457 4332 enim
3499 4279 3738 4332 divinitas
3787 4288 3825 4330 et

2249 4355 2459 4423 spiritus
2479 4351 2692 4404 aderant
2717 4349 2848 4402 velut
2874 4349 3085 4414 unctio;
3133 4359 3298 4423 tamen
3353 4366 3445 4404 nec
3485 4352 3632 4405 unita
3653 4349 3823 4402 divini-

2247 4421 2324 4477 tas
2348 4440 2437 4477 nec
2461 4423 2672 4492 spiritus
2701 4436 2887 4490 corpus
2919 4429 3037 4472 tunc
3086 4430 3174 4474 aut
3205 4421 3433 4492 animum
3461 4429 3822 4478 sustentarunt,

2249 4496 2337 4548 sed
2359 4498 2454 4548 hoc
2479 4491 2816 4546 ministerium
2837 4493 3017 4557 angelo
3046 4491 3490 4557 contrnendarunt,
3510 4503 3566 4545 ut
3588 4503 3634 4545 et
3655 4494 3827 4545 anima:

553 4564 732 4619 obiter
763 4561 1029 4615 notanda:
1077 4563 1308 4635 primum
1335 4578 1441 4617 non
1464 4563 1742 4635 hominem
1770 4608 1785 4628 ,
1825 4567 1917 4620 sed
1949 4577 2139 4619 creato-
2171 4565 2216 4625 D
2241 4577 2288 4620 et
2317 4566 2546 4635 corporis
2571 4563 2920 4633 inﬁrmitatem
2939 4563 3278 4635 ostenderent,
3309 4573 3354 4616 et
3388 4580 3478 4628 per
3491 4565 3824 4635 inﬁrmitatem

549 4651 655 4689 rem
689 4635 989 4703 angelorum
1014 4635 1081 4687 ab
1104 4633 1418 4688 infirmitate
1445 4632 1659 4688 defendi
1686 4652 1700 4700 ;
1733 4637 1980 4696 alterum.
2015 4638 2134 4690 nul-

553 4707 660 4760 latn
690 4704 756 4759 de
777 4705 1002 4759 veritate
1035 4703 1266 4759 tristitizn
1290 4703 1489 4759 Christi
1533 4706 1828 4759 secundum
1865 4707 2136 4761 hominem

550 4777 974 4832 controversiam
1003 4775 1246 4838 moveri,
1297 4777 1419 4845 quia
1468 4774 1536 4828 de
1583 4776 1670 4829 illa
1701 4777 1878 4830 nullus
1901 4778 2140 4844 ambige-

549 4848 672 4912 bat;
706 4847 803 4902 sed
845 4847 942 4900 hac
969 4847 1131 4901 velnti
1159 4847 1279 4900 data
1309 4888 1323 4909 ,
1351 4847 1530 4900 statim
1560 4846 1626 4901 de
1656 4863 1817 4902 causa
1850 4856 1904 4902 et
1950 4849 2135 4902 condi-

552 4920 702 4974 tione
732 4918 877 4973 illius
903 4917 1206 4987 disputari:
1264 4929 1319 4971 ut
1355 4933 1416 4972 ea
1463 4918 1712 4972 nimirum
1762 4917 1927 4974 fuisse
1956 4929 2140 4974 osten-

553 4990 730 5052 datur,
759 5007 879 5055 qua:
911 5007 1012 5044 non
1042 4990 1328 5044 deduceret
1359 4990 1630 5043 hominem
1665 4991 1776 5044 Deo
1802 4991 2028 5044 unitum.

630 5059 701 5133 (ε)
748 5060 1067 5129 Hippolytus
1097 5061 1237 5131 apud
1266 5059 1669 5133 'l‘heudoretum
1702 5062 1766 5114 ad
1796 5063 2001 5116 calcem
2029 5063 2150 5116 Dia-

554 5131 664 5202 logi
684 5131 764 5197 ut,
795 5142 1165 5201 argumentum
1212 5131 1386 5186 simile
1431 5132 1650 5188 c0nticit
1676 5149 1740 5187 ex
1773 5149 1908 5200 aqua
1941 5145 1996 5188 et
2025 5151 2149 5188 san-

554 5203 715 5327 ﬁuiue
745 5217 865 5272 quae
893 5214 1013 5272 post
1041 5213 1270 5259 mortem
1297 5203 1494 5257 Christi
1545 5220 1609 5257 ex
1651 5207 1816 5260 latere
1843 5205 1988 5259 illius
2018 5221 2145 5272 pro-

599 5282 827 5327 uxerunt
851 5291 862 5326 :
909 5273 1133 5327 Cornus.
1187 5276 1414 5327 auamvis
1444 5275 1664 5327 humano
1693 5292 1835 5327 more
1861 5287 2141 5327 mortuum.

599 5282 827 5328 uxerunt
851 5291 862 5326 :
909 5273 1133 5341 Corpus,
1187 5276 1414 5342 quamvis
1444 5275 1664 5330 humano
1693 5292 1835 5330 more
1861 5287 2142 5344 mortuum,

555 5361 796 5416 magnam
821 5345 873 5398 in
900 5361 954 5398 se
979 5348 1094 5400 vitta
1117 5348 1218 5398 vim
1243 5347 1409 5399 habet.
1476 5348 1602 5412 Qua:
1639 5349 1774 5401 enim
1829 5365 1892 5402 ea:
1921 5350 2136 5402 mortuis

555 5416 852 5487 corporibus
881 5432 981 5469 non
1013 5418 1293 5485 proﬂuunt,
1324 5432 1386 5470 ea:
1413 5417 1504 5470 illo
1532 5428 1826 5480 manarunt,
1859 5419 2067 5488 sanguis
2088 5428 2139 5472 et

559 5503 732 5560 aqua;
785 5496 841 5540 ut
871 5489 1114 5560 sciremus
1144 5497 1388 5556 quantum
1418 5492 1487 5542 ad
1514 5488 1669 5542 vitam
1700 5490 1864 5544 valeat
1891 5500 2138 5560 potestas,

557 5558 750 5626 qutein
778 5573 991 5626 corpore
1016 5558 1276 5612 habitavit.

633 5624 702 5706 (ις)
732 5624 981 5706 {heresis
1015 5628 1342 5706 inﬁrmitatis
1381 5631 1686 5700 appellatur
1731 5631 1960 5686 Ariana:
2015 5633 2140 5706 quia

559 5692 759 5748 Christi
783 5699 1077 5752 secundum
1112 5698 1398 5755 humanam
1421 5692 1672 5756 naturam
1719 5692 2053 5758 infirmitates
2077 5703 2144 5759 ad

565 5763 798 5822 divinam
830 5766 1120 5836 referebat,
1147 5771 1276 5826 utin
1309 5774 1628 5842 argumento
1651 5773 1876 5844 hujusce
1904 5776 2024 5838 libri
2053 5776 2144 5834 dce

2245 4633 2630 4691 ostenderentur
2689 4643 2888 4687 natura:
2949 4633 3298 4702 inﬁrmorum.
3343 4635 3407 4689 Si
3433 4637 3604 4696 enim.
3669 4633 3822 4698 inquit

2245 4709 2666 4779 Chrysostmnus
2717 4705 2876 4779 Tom.
2911 4719 2951 4768 ι,
2987 4704 3148 4779 Hom.
3181 4720 3357 4760 xxxu:
3413 4715 3526 4775 post
3555 4723 3704 4776 quam
3728 4706 3825 4779 ipse

2245 4790 2321 4832 tot
2339 4773 2575 4850 tantaque
2597 4777 2801 4838 dixerit,
2827 4792 3028 4850 carnem
3058 4777 3337 4850 illumuon
3367 4773 3824 4850 as'smnpsisseausi

2246 4860 2364 4904 sunt
2392 4847 2598 4918 quidam
2630 4863 2893 4910 asserere;
2941 4849 2984 4900 si
3028 4847 3158 4902 nihil
3207 4847 3392 4902 harant
3423 4847 3617 4902 dictum
3642 4848 3821 4919 fuisset,

2245 4921 2368 4992 quid
2394 4937 2494 4976 non
2524 4921 2807 4992 dixissent?

2329 4993 2408 5062 (lt)
2447 4991 2749 5062 Vetustiore
2793 5004 2924 5043 mss.
2963 4987 3118 5062 Colb.
3155 5006 3277 5062 eum
3320 4991 3511 5046 Germ.
3546 5000 3601 5046 et
3631 4990 3824 5058 Remig.

2253 5060 2428 5117 decem
2454 5063 2618 5116 millia
2644 5061 2920 5132 legionum.
2968 5061 3118 5116 Alter
3140 5060 3296 5117 Colb.
3327 5077 3392 5118 ac
3420 5063 3680 5129 Sorbon.,
3711 5062 3825 5132 duo.

2255 5135 2418 5188 decim
2446 5131 2710 5205 legiones}
2769 5143 3067 5205 tumnetum
3091 5135 3280 5188 codice
3312 5133 3430 5188 Vat.
3465 5136 3584 5190 bas.
3619 5135 3679 5188 de
3702 5131 3825 5205 celis

2253 5202 2552 5274 angelorum
2575 5203 2864 5257 deduceret.
2894 5202 3102 5260 Videsis
3128 5214 3306 5259 notata
3333 5205 3387 5259 in
3412 5205 3557 5260 Psal.
3582 5223 3686 5269 Ltv,
3707 5222 3756 5259 n.
3774 5203 3820 5257 6.

2327 5277 2390 5347 (i)
2423 5277 2476 5331 In
2501 5277 2728 5345 vulgatis
2757 5317 2770 5339 ,
2808 5291 2898 5328 nec
2927 5286 3134 5345 propter
3162 5288 3374 5330 mortem
3402 5279 3646 5332 anaiatus
3666 5319 3680 5342 ,
3717 5287 3765 5329 ut
3796 5291 3824 5327 a

2252 5364 2305 5401 se
2358 5353 2702 5418 transferatur
2747 5347 2888 5400 calia:
2913 5358 3058 5417 rogat
3084 5363 3102 5401 :
3152 5349 3301 5402 locus
3327 5348 3550 5404 mutilus
3575 5365 3674 5419 ope
3704 5360 3818 5401 mss.

2243 5421 2555 5473 resarcitus.

2319 5488 2386 5557 (i)
2416 5492 2505 5544 Sic
2529 5505 2659 5543 mss.
2697 5491 2761 5543 At
2791 5489 2920 5543 editi
2949 5531 2963 5554 ,
2998 5507 3103 5544 non
3137 5501 3324 5557 posset,
3353 5492 3454 5545 nisi
3478 5508 3596 5546 eum
3627 5492 3816 5545 biberet.

2321 5560 2397 5630 (lt)
2432 5561 2584 5630 Apud
2618 5561 2731 5622 Er..
2764 5559 2908 5629 Lips.
2949 5573 3003 5614 et
3042 5561 3194 5624 Par.,
3253 5565 3424 5616 omnia
3465 5579 3612 5616 noua.
3669 5561 3821 5618 Abest

2250 5635 2424 5687 Omnia
2464 5648 2492 5685 a
2529 5632 2655 5684 Bad.
2691 5641 2744 5686 et
2769 5646 2897 5686 mss.
2953 5632 3087 5686 'l‘um
3127 5633 3276 5688 solus
3303 5633 3475 5689 codex
3503 5632 3688 5700 Carn.,
3741 5630 3818 5684 sed

2252 5714 2296 5758 et
2323 5721 2438 5757 cum
2460 5703 2553 5777 ait,
2587 5701 2869 5757 Prwtcrivit
2896 5705 3027 5777 enim
3051 5704 3216 5776 ﬁgura
3239 5705 3394 5777 hujus
3419 5707 3616 5761 mundi.
3651 5708 3703 5762 lu
3735 5703 3819 5760 ali-

2252 5786 2382 5846 quot
2413 5774 2532 5834 aliis
2560 5783 2738 5832 exstat
2765 5775 3017 5845 transivit,
3053 5774 3160 5832 nou
3187 5774 3439 5833 transibit.
