3930 6194
124 205 234 262 577

1346 203 1436 260 DF.
1470 201 1842 260 TRINITATE
1891 204 2091 262 LIBER
2137 209 2201 264 X.

3325 211 3430 266 578

123 324 322 382 batur:
369 332 419 380 et
446 323 593 397 quod
628 333 748 380 orat
776 324 1075 390 Dominus;
1129 324 1310 395 utique
1342 337 1441 394 pro
1473 323 1557 377 his
1585 332 1724 388 orat,
1755 326 1801 384 Λ
1835 342 1956 380 nem
1987 333 2092 393 est,
2147 326 2400 382 humanze
2433 325 2815 397 trepidationis
2843 327 3086 384 anxietas
3113 347 3126 384 :
3178 338 3233 384 et
3272 339 3427 386 extra

122 433 265 490 quos
291 434 410 474 cum
443 419 530 473 his
576 433 809 474 manens
831 419 948 488 ipse
974 417 1246 482 salvavit,
1299 433 1434 487 quos
1482 425 1536 472 et
1581 417 1725 472 Patri

123 512 413 568 salvandos
440 513 682 583 reliquit.
761 512 912 568 Nunc
957 528 1086 568 vero
1109 521 1507 567 sacramentum
1537 511 1727 565 mortis

125 615 464 676 peracturus,
498 604 717 659 Patrem
745 603 826 658 his
855 603 1132 658 custodem
1171 611 1421 672 precatur
1449 620 1459 656 :
1489 610 1544 655 et
1574 601 1727 656 mis.~i

130 699 182 756 in
219 715 290 756 eo
325 699 522 770 angeli,
555 699 600 754 si
635 708 810 753 tamen
841 699 910 753 ita
937 709 1042 762 est,
1074 712 1178 755 non
1203 697 1453 766 ambigua
1486 696 1562 768 (a)
1596 710 1730 763 prac-

126 796 302 850 sentia
344 807 458 860 est;
507 805 562 850 et
610 796 846 851 obtentae
894 795 1074 866 precis
1127 793 1411 849 manifesta
1457 793 1724 848 seem-itas

129 902 245 957 est,
304 907 421 947 cum
471 905 568 947 eos
613 901 986 947 consummata
1039 891 1286 945 oratione
1316 888 1636 944 adhortatur
1671 887 1726 942 in

130 1001 398 1042 somnum.
502 985 772 1040 Eﬂ‘ectum
804 996 982 1040 autem
1016 985 1317 1053 impetrata:
1347 981 1636 1044 orationis,
1674 990 1729 1036 et

132 1080 428 1140 adhortatus
479 1079 828 1134 dormitionis
881 1078 1274 1144 securitatem,
1336 1077 1448 1147 jam
1502 1081 1553 1130 itt
1612 1076 1728 1146 ipso

131 1191 296 1247 opere
321 1173 590 1245 passionis
621 1171 968 1242 Evangelista
1011 1171 1380 1237 demonstrat,
1423 1185 1543 1224 cum
1597 1183 1727 1238 apo-

133 1267 287 1324 stolis
315 1264 585 1328 omnibus,
637 1264 706 1319 de
737 1274 1143 1334 perseeutorum
1178 1262 1426 1317 manibus
1457 1261 1726 1334 elapsuris

133 1359 242 1415 ait:
298 1357 361 1413 Ut
389 1357 763 1428 adimpleretur
787 1355 991 1410 verbum
1021 1356 1159 1426 quod
1189 1355 1430 1421 dixerat,
1484 1355 1728 1425 quoniam

135 1468 258 1521 quos
287 1451 466 1504 dedisti
494 1450 642 1516 mihi,
680 1449 753 1520 (b)
809 1466 913 1503 non
943 1449 1144 1518 perdidi
1174 1449 1254 1520 (l)
1287 1465 1350 1503 ex
1368 1449 1442 1503 eis
1474 1450 1727 1502 neminem

142 1543 315 1615 (Joan.
348 1557 502 1609 xvttt,
528 1538 608 1613 9).
633 1540 890 1612 lnipletur
914 1541 1055 1596 enim
1091 1556 1186 1611 per
1212 1555 1271 1595 se
1300 1539 1562 1594 orationis
1607 1555 1725 1610 pre-

138 1645 294 1702 catio,
343 1645 394 1690 et
447 1635 582 1690 salvi
625 1649 815 1690 omnes
859 1645 1005 1689 sunt.
1049 1633 1158 1689 Sed
1211 1641 1396 1688 oratur
1426 1633 1610 1698 Pater,
1670 1643 1728 1687 ut

1829 419 2034 477 terreni
2065 428 2149 475 est
2185 421 2434 490 corporis
2467 419 2604 475 mala
2637 465 2654 490 ,
2709 436 2814 476 non
2845 423 3077 478 terrenis
3113 421 3424 478 inchoatum

1828 528 2028 582 corpus
2054 515 2361 582 elementis,
2387 516 2489 571 etsi
2513 516 2777 587 originem
2807 514 2889 588 (ά)
2922 517 3017 571 ﬁlii
3051 517 3288 572 hominis
3304 530 3430 571 san-

1827 617 1947 663 ctus
1971 609 2208 680 Spiritus
2236 626 2336 682 per
2369 621 2766 668 sacramentum
2794 611 3167 680 conceptionis
3194 611 3420 668 invexit.

1829 701 2031 774 Nempe
2057 713 2111 758 et
2134 703 2401 760 Altissinii
2433 705 2620 768 virtus,
2649 705 2728 777 (ὅ)
2759 707 3009 761 virtutem
3042 703 3116 778 (e)
3157 705 3424 774 corporis,

1828 797 1972 866 quod
1997 814 2066 854 ex
2091 799 2450 871 conceptione
2469 799 2702 867 Spiritus
2724 799 2875 872 virgo
2901 799 3156 870 gignebat
3175 840 3188 863 ,
3249 799 3427 854 admi—

1829 891 1989 946 scuit.
2041 890 2175 945 Nam
2227 906 2351 946 cum
2395 906 2491 961 per
2535 891 2823 946 transfusa:
2872 891 2926 946 iii
2975 905 3171 961 corpus
3229 891 3426 947 animai

1827 985 2183 1049 consortium,
2205 999 2399 1040 sensus
2429 985 2648 1039 animati
2681 985 2924 1054 corporis
2953 983 3120 1050 vivat,
3155 995 3208 1040 et
3241 986 3416 1055 ipsum

1827 1074 1894 1130 ad
1939 1075 2210 1130 illatorum
2252 1077 2499 1132 dolorem
2549 1092 2751 1147 corpus
2799 1077 2980 1132 anima
3032 1066 3247 1147 corpori
3304 1094 3428 1149 per-

1830 1169 1995 1222 mixta
2025 1168 2264 1224 viviﬁcet
2293 1186 2306 1234 ;
2358 1185 2477 1239 qua:
2521 1170 2610 1225 ubi
2655 1170 2897 1227 caelestis
2928 1171 3042 1240 spei
3072 1185 3136 1226 ac
3167 1170 3286 1225 ﬁdei
3315 1185 3427 1226 sua:

1831 1259 1991 1316 beato
2021 1262 2223 1328 calore,
2277 1269 2508 1317 terrente
2530 1262 2580 1316 in
2608 1278 2838 1332 corpore
2863 1278 2961 1317 suo
2982 1263 3207 1334 originis
3235 1261 3429 1332 despc-

1829 1354 1906 1408 xit
1934 1354 2240 1420 exordium,
2290 1357 2372 1410 sui
2409 1371 2625 1427 quoque
2654 1371 2846 1410 sensus
2873 1371 2938 1411 ac
2979 1356 3204 1426 Spiritus
3231 1371 3427 1426 corpus

1830 1445 2064 1500 efﬁcitur
2094 1448 2144 1500 in
2173 1445 2383 1515 dolore,
2419 1456 2476 1500 ut
2529 1446 2641 1516 pati
2681 1461 2741 1501 se
2792 1447 3002 1502 desinat
3051 1447 3255 1502 sentire
3284 1447 3426 1517 quod

1830 1540 2074 1609 patitur:
2122 1539 2324 1609 etquid
2358 1539 2515 1594 nobis
2543 1539 2610 1594 de
2635 1549 2823 1594 natura
2851 1539 3108 1595 dominici
3157 1541 3426 1611 corporis,

1829 1641 1884 1688 et
1911 1630 2296 1687 descendentis
2344 1631 2411 1687 dc
2459 1633 2599 1687 coelo
2648 1631 2743 1686 lilii
2776 1633 3011 1687 hominis
3045 1631 3225 1687 adhuc
3248 1647 3429 1689 sermo

135 1733 364 1788 salvatos
393 1746 491 1801 per
518 1745 600 1796 se,
649 1730 870 1785 nuncin
901 1729 1118 1784 nomine
1147 1743 1246 1784 suo
1274 1729 1444 1783 salvet
1471 1727 1607 1798 ipse.
1662 1728 1728 1782 Et
1755 1714 1804 1774 Β
1832 1728 1944 1782 sit?
2000 1727 2115 1796 Ipsa
2148 1736 2362 1782 terrena
2408 1741 2635 1798 corpora
2679 1727 2868 1782 timere
2914 1741 2979 1782 ac
3019 1726 3209 1784 dolere
3258 1728 3424 1783 inter-

138 1826 271 1883 adeo
297 1827 509 1892 salvat,
555 1835 613 1880 ut
639 1824 784 1879 Petri
823 1824 955 1880 ﬁdes
998 1824 1317 1894 pmnitentia
1348 1823 1724 1893 subsequente

142 1936 244 1976 non
265 1919 495 1985 deﬁciat,
544 1919 673 1974 licet
699 1917 903 1973 territa.

207 2014 290 2068 45.
322 2011 593 2085 Epilogus.
623 2042 697 2053 —-
727 2014 1101 2066 lietnonstrata
1143 2011 1325 2080 itaque
1358 2017 1413 2065 et
1445 2024 1475 2064 a
1520 2008 1728 2065 Joanne

141 2105 340 2162 Domini
364 2107 541 2161 oratio
571 2147 585 2171 ,
645 2115 699 2159 et
755 2121 783 2156 a
817 2103 959 2160 Luca
989 2103 1188 2158 diaboli
1215 2103 1532 2173 postulatio,
1580 2112 1633 2156 et
1665 2115 1727 2157 ea

142 2215 253 2271 qua}
303 2201 354 2254 in
385 2198 641 2255 Mattbteo
679 2207 841 2269 atque
869 2197 1066 2264 Marco,
1100 2206 1153 2252 et
1181 2196 1398 2252 tristitia
1442 2211 1611 2267 usque
1661 2195 1729 2251 ad

142 2300 357 2348 mortem
383 2303 488 2355 est.
522 2300 576 2346 et
601 2291 778 2346 somni
823 2290 1150 2360 objurgatio,
1186 2299 1240 2344 et
1282 2305 1493 2344 rursum
1527 2289 1727 2343 adhor-

144 2385 289 2452 tatio,
317 2384 448 2439 nihil
477 2383 842 2454 ambiguitatis
870 2383 1201 2453 relinquunt:
1234 2396 1354 2436 cum
1383 2380 1599 2450 quando
1650 2380 1726 2451 (ἓ)

144 2492 238 2548 per
265 2492 473 2546 precem
505 2475 578 2551 (ε)
610 2477 664 2532 in
693 2475 925 2542 Joanne,
956 2491 1058 2546 qtta
1091 2475 1238 2530 Patri
1270 2476 1546 2546 apostolos
1579 2490 1730 2530 corn-

145 2568 368 2634 mendat,
405 2580 461 2624 et
505 2568 738 2623 tristitia:
779 2583 941 2623 causa
993 2576 1048 2622 et
1075 2567 1390 2622 transeundi
1419 2567 1602 2622 calicis
1629 2566 1728 2622 de-

146 2665 374 2734 precatio
401 2663 650 2719 absoluta
683 2662 795 2728 sit;
831 2679 937 2716 non
969 2677 998 2716 a
1028 2677 1088 2717 se
1134 2663 1441 2732 passionem
1485 2661 1729 2719 amoveri

149 2756 361 2814 Domino
389 2757 743 2828 deprecante,
767 2755 864 2811 sed
889 2755 1102 2810 Patrem
1134 2764 1189 2809 ut
1217 2755 1497 2827 apostolos
1526 2771 1584 2810 se
1614 2771 1731 2826 pas-

147 2866 269 2906 suro
298 2860 505 2906 tueatur
532 2859 754 2905 orante:
801 2859 854 2906 et
879 2865 980 2920 per
1003 2848 1203 2904 Lucam
1229 2858 1444 2904 ostensa
1469 2849 1732 2904 adversus

149 2943 409 3000 diabolum
441 2961 628 3018 prece,
675 2945 787 3014 jam
829 2944 896 3000 de
925 2943 1118 2999 ﬁducia
1170 2944 1318 2999 vetiti
1352 2953 1507 3000 antea
1555 2945 1732 3000 somni

150 3051 326 3094 secura
358 3039 643 3110 permissio
675 3036 766 3092 sit.

1832 1821 1958 1877 dum
1990 1821 2260 1884 nesciunt,
2307 1821 2445 1890 quod
2475 1830 2528 1873 et
2554 1820 2723 1875 doleri
2757 1835 2976 1876 necesse
3005 1829 3090 1876 est
3117 1831 3171 1876 et
3203 1820 3400 1876 timeri.

1905 1915 1994 1970 45.
2038 1912 2164 1968 Tres
2218 1915 2363 1983 pueri
2393 1914 2634 1984 flammas
2669 1932 2768 1968 non
2813 1917 3011 1970 timent.
3056 1913 3226 1968 Multo
3267 1915 3431 1985 magis

1833 2005 2088 2061 Christus.
2125 2037 2193 2049 ——
2219 2009 2414 2077 Quarro
2436 2009 2583 2064 enim
2616 2023 2681 2062 an
2713 2016 2896 2079 pastas
2924 2008 2990 2063 ad
3022 2007 3262 2063 fomenta
3291 2022 3435 2061 exm-

1833 2102 2044 2156 stuandi
2078 2101 2386 2174 Babylonize
2431 2103 2672 2158 fornacis
2705 2102 3236 2158 llatnmaslsraelitae
3279 2101 3430 2172 pueri

1837 2195 2134 2262 timuerint,
2167 2205 2222 2250 et
2245 2207 2422 2251 utrum
2456 2197 2508 2251 in
2542 2195 2669 2251 illud
2704 2195 2771 2270 (f)
2819 2206 3018 2252 nostra:
3059 2196 3431 2266 conceptionis

1837 2302 2032 2358 corpus
2076 2298 2251 2345 metus
2295 2291 2428 2345 tanti
2479 2291 2614 2362 ignis
2672 2291 2957 2348 incesserit
3014 2290 3176 2363 (Dan.
3204 2306 3284 2355 tu.
3313 2289 3427 2361 25).

1833 2379 2028 2448 Quer
2057 2385 2240 2449 etiam,
2289 2399 2356 2438 an
2398 2382 2479 2458 (4)
2527 2385 2932 2440 circumamliiri
2980 2385 3058 2459 (g)
3098 2398 3156 2440 se
3193 2385 3429 2441 ﬂammis

1835 2478 2125 2534 doluerint.
2158 2478 2264 2533 Sed
2291 2476 2427 2532 forte
2456 2477 2673 2543 idcirco,
2707 2478 2826 2548 quia
2857 2494 2961 2533 non
2993 2480 3098 2533 usti
3127 2489 3272 2546 sunt,
3300 2480 3433 2536 nihil

1834 2571 2051 2629 doleant
2078 2589 2094 2636 ;
2163 2582 2213 2627 et
2243 2581 2353 2626 tum
2383 2571 2584 2626 afuisse
2615 2572 2826 2642 ignibus
2857 2582 3044 2628 natura
3075 2573 3266 2629 urendi
3313 2575 3430 2629 exi-

1836 2667 2161 2723 SIimabitttr.
2202 2668 2362 2723 Certe
2387 2667 2500 2722 lucc
2527 2675 2716 2722 natura
2746 2670 2992 2737 corporis
3023 2677 3160 2737 erat,
3187 2678 3324 2724 utet
3349 2670 3433 2725 tiri

1836 2775 1896 2817 se
1928 2762 2168 2825 timeret,
2201 2769 2254 2816 et
2283 2769 2466 2828 posset
2491 2761 2596 2815 uri.
2636 2759 2790 2829 Quod
2830 2761 2872 2815 si
2905 2776 2999 2830 per
3027 2759 3276 2828 spiritum
3308 2759 3433 2816 lidei

1838 2865 2053 2912 terrena
2085 2870 2336 2925 corpora,
2365 2854 2415 2910 id
2441 2865 2521 2909 est
2549 2897 2564 2920 ,
2611 2855 2905 2911 secundum
2938 2855 3210 2911 elementa
3242 2869 3431 2910 causa-

1840 2965 1956 3005 rum
1985 2950 2356 3006 communium
2389 2949 2622 3015 initiata,
2671 2965 2844 3018 neque
2873 2950 2951 3004 uri
2983 2955 3292 3018 potuerunt,
3333 2961 3434 3002 nec

1838 3043 2063 3098 timere:
2110 3057 2228 3112 quae
2272 3056 2401 3112 ergo
2450 3057 2544 3109 per
2576 3040 2733 3096 ﬁdem
2772 3041 2861 3095 Dei
2911 3043 2961 3094 in
2988 3039 3204 3094 homine
3247 3048 3432 3094 contra

219 3131 300 3186 44.
330 3130 563 3186 Christus
589 3131 652 3185 ab
678 3130 914 3186 humanis
938 3131 1073 3185 vitiis
1097 3130 1242 3184 liber.
1277 3129 1471 3185 Sensus
1497 3131 1730 3186 unde.—~
1760 3113 1804 3176 Ο
1841 3142 2085 3190 naturam
2119 3143 2264 3201 sunt,
2291 3148 2350 3189 ea
2376 3133 2453 3206 (h)
2479 3135 2528 3188 iit
2556 3133 2664 3188 Deo
2693 3132 2986 3188 secundum
3020 3131 3266 3186 virtutem
3307 3129 3434 3199 Spi-

153 3224 258 3284 Non
278 3237 356 3284 est
393 3228 576 3298 itaque
613 3227 667 3282 in
694 3241 758 3282 ea
782 3235 993 3292 natura,
1023 3241 1139 3296 qua:
1170 3241 1329 3297 supra
1361 3225 1523 3300 352
1565 3226 1737 3284 homi-

221 3364 261 3434 (ι

221 3436 269 3507 (2

221 3551 291 3625 (a)
319 3553 374 3609 In
418 3549 742 3624 quibusdam
794 3549 1192 3606 recentioribus
1237 3563 1366 3605 mss.
1401 3550 1732 3622 prtescientia

161 3634 222 3678 est
229 3667 241 3680 .

222 3697 292 3766 (b)
322 3696 414 3752 Hic
459 3694 672 3766 phrasis
719 3705 796 3748 est
831 3708 1021 3766 griecai
1057 3693 1124 3747 ad
1158 3693 1402 3766 verbum
1431 3707 1727 3762 expressa;

161 3764 240 3822 οὐδὲ
256 3764 488 3824 ἀπώλεο-ὰ
514 3769 564 3832 ἔξ
591 3769 755 3822 αὐτῶν
783 3765 1062 3833 οὐδένα.ζ1η
1084 3764 1310 3834 vulgatis
1328 3777 1592 3834 cxpuncta
1616 3775 1733 3820 erat

161 3840 402 3904 particula
433 3855 535 3893 non
561 3849 748 3891 contra
785 3840 943 3890 Iidem
970 3851 1096 3890 mss.
1147 3851 1373 3905 quorum
1409 3838 1460 3890 in
1495 3837 1730 3891 nonnul-

164 3909 241 3975 lis,
269 3927 360 3977 pro
393 3911 668 3970 neminem.
697 3909 994 3977 repositum
1024 3917 1106 3962 est
1135 3909 1373 3976 aliquem.

227 3953 241 3975 ,
303 3927 360 3965 ro
393 3927 668 3970 neminem.
697 3927 994 3977 reposuum
1024 3927 1106 3962 est
1135 3927 1373 3976 aliquem.

223 3927 299 4054 (cy
355 3982 476 4036 Par.
538 3998 630 4054 p_er
676 3997 871 4054 precept
937 3979 1174 4054 .loannis.
1252 3978 1540 4054 _Ed_itioncs
1615 3979 1734 4054 alia:

164 4047 241 4122 per
268 4047 455 4121 precem
483 4071 516 4106 a
539 4047 765 4106 Joanne.
820 4051 1036 4105 Rectius
1083 4066 1213 4122 mss.
1246 4051 1298 4102 in
1326 4047 1529 4122 Joanne
1558 4091 1572 4122 .
1632 4051 1735 4106 hoc

166 4134 253 4194 est,
297 4141 411 4194 quae
451 4133 632 4180 exstat
660 4125 711 4176 in
745 4123 1036 4192 I'Ivangelio
1078 4121 1320 4194 Joannis.
1391 4121 1598 4176 Similis
1650 4133 1734 4178 est

167 4193 394 4264 loquendi
425 4195 619 4250 modus
649 4194 864 4264 Fragm.
891 4209 930 4255 ι,
963 4209 1108 4247 num.
1134 4193 1188 4246 2.

225 4261 296 4336 id)
330 4267 467 4322 Editi
496 4283 618 4322 cum
642 4261 883 4336 uno'tns.
921 4265 1152 4335 Remig,
1185 4263 1393 4336 duobus
1414 4261 1592 4336 Collil,
1627 4279 1732 4336 uno

167 4333 372 4393 Sorbon.
407 4339 517 4403 ﬁlio
548 4338 788 4391 hominis.
829 4335 1020 4390 Verius
1043 4333 1307 4390 vetustior
1332 4333 1512 4397 Colb.,
1537 4333 1729 4399 Corl).,

170 4407 330 4479 Vind.,
355 4411 489 4466 alter
517 4410 752 4479 Remig.,
784 4409 994 4473 Germ,
1030 4408 1171 4479 Prat.
1201 4413 1308 4460 etc.
1337 4406 1432 4474 ﬁlii
1474 4407 1726 4460 hominis:

169 4478 255 4534 hoc
278 4493 355 4538 est
379 4524 392 4545 ,
447 4482 576 4537 licet
595 4478 845 4534 Christus
874 4493 1068 4548 corpus
1100 4478 1297 4532 habeat
1347 4493 1453 4532 non
1501 4481 1729 4532 terrenis

169 4551 452 4608 inchoatum
483 4552 790 4618 elementis,
821 4560 1006 4620 utp0te
1035 4550 1187 4617 cujus
1212 4550 1460 4618 princeps
1488 4557 1571 4603 est
1603 4564 1729 4620 san-

168 4633 268 4677 ctus
297 4625 556 4696 Spiritus.
603 4637 740 4696 _vere
785 4618 961 4696 tamen
989 4631 1146 4696 natus
1185 4630 1273 4696 est
1301 4620 1441 4674 lilius
1472 4618 1725 4686 hominis,

169 4708 305 4818 geras
335 4693 565 4818 Virginis
592 4693 757 4748 ﬁlius.
790 4694 921 4748 Cum
950 4693 1032 4746 his
1069 4693 1257 4747 confer
1285 4703 1555 4762 posuema
1580 4707 1727 4746 num.

199 4783 228 4817 ἱ)
254 4783 341 4818 νει-
365 4782 427 4818 la.

199 4765 228 4817 ὕ
254 4768 427 4821 verba.

229 4837 289 4909 (e)
319 4838 701 4893 Prtedictorum
721 4851 850 4890 tnss.
879 4834 1550 4909 auctoritaterestituimns
1571 4835 1732 4887 virtu-

172 4907 254 4982 tem
272 4907 511 4982 corporis,
538 4909 837 4982 praisertim
860 4921 980 4961 cum
1005 4921 1154 4961 num.
1182 4907 1274 4982 25,
1293 4907 1400 4975 jam
1419 4907 1727 4982 legerimus,

179 4978 333 5035 Virtus
354 4977 602 5049 'corporis
635 4980 747 5034 sine
790 4995 941 5034 sensu
974 4993 1135 5046 paena:
1156 4980 1255 5049 vim
1282 4993 1442 5046 ptume
1464 4977 1603 5049 in_se_
1637 4977 1728 5029 de-

172 5054 395 5108 scvientis
420 5047 640 5119 excepit,
682 5065 744 5104 ac
773 5065 983 5122 rursum
1012 5065 1159 5122 num.
1188 5047 1280 5114 46,
1303 5047 1535 5122 audituri
1563 5047 1730 5122 simus

171 5127 387 5194 corporis
433 5123 604 5194 nostri
645 5120 923 5194 passiones
953 5136 982 5174 a
1014 5120 1228 5175 Christo
1255 5121 1458 5194 uirtute
1496 5120 1730 5189 corporis

172 5197 240 5248 sui
253 5192 548 5264 susceptas.
587 5193 644 5248 ln
673 5193 903 5262 vulgatis
925 5200 1108 5264 autem
1137 5207 1200 5245 ac
1219 5192 1461 5264 pluribus
1483 5205 1614 5264 mss.
1638 5205 1731 5264 ex,-

172 5276 263 5321 stat
287 5261 513 5320 virtutem
535 5261 934 5333 corpori,’qnod
962 5272 1181 5331 prapter
1213 5262 1432 5318 verbum
1459 5261 1732 5333 admiscuit

173 5351 264 5392 non
285 5339 419 5392 male
449 5331 637 5392 sonat.
681 5335 791 5388 Hoc
813 5331 1015 5404 quippe
1049 5333 1248 5386 dictum
1280 5348 1399 5387 esse
1428 5331 1638 5386 videtur
1665 5334 1731 5388 de

175 5405 313 5464 Verbi
341 5424 458 5463 cum
484 5417 678 5460 natura
723 5413 902 5460 nostra
934 5405 1314 5470 conjunctione
1335 5445 1350 5467 ,
1401 5419 1523 5474 qum
1553 5404 1643 5456 lib.
1671 5419 1729 5468 ιι,

177 5493 223 5530 n.
247 5480 333 5546 26,
361 5478 532 5534 iusius
559 5479 640 5532 sic
667 5484 978 5531 enarratur:
1004 5475 1233 5548 Spiritus
1260 5474 1553 5548 sanctusde
1576 5491 1730 5548 super

176 5552 356 5606 seitiens
379 5551 587 5622 virginis
610 5545 1210 5622 interiorasanctiﬁcauit
1236 5590 1249 5612 ,
1287 5557 1334 5600 et
1355 5547 1410 5622 in
1429 5545 1508 5600 his
1528 5547 1731 5622 spirans

179 5630 354 5676 natura
381 5638 434 5675 se
455 5618 696 5675 humana!
723 5621 893 5672 carnis
919 5619 1190 5672 immiscuit
1219 5660 1233 5684 ,
1283 5628 1330 5673 et
1357 5619 1410 5671 id
1437 5618 1572 5686 quod
1599 5618 1727 5670 alie-

179 5705 283 5746 tumt
301 5709 396 5747 asc
421 5703 550 5758 erat,
579 5691 623 5744 ui
645 5707 747 5760 sua
773 5706 831 5742 ac
849 5699 1094 5760 potestate
1117 5691 1442 5760 praesumpsit
1459 5704 1484 5760 7:
1500 5699 1648 5760 atque
1674 5697 1728 5740 ut

185 5773 234 5816 tte
257 5765 371 5832 quid
399 5780 486 5833 per
511 5759 909 5818 imbecillitatem
941 5762 1152 5816 humani
1178 5759 1408 5834 corporis
1435 5759 1722 5829 dissideret;

331 3363 410 3418 Ea:
439 3364 517 3419 his
545 3364 786 3434 aliquem.

332 3437 431 3490 Per
455 3433 660 3508 preceris
691 3433 961 3489 Iohannis.

1840 3230 1976 3284 ritus
2004 3227 2071 3283 ad
2095 3237 2303 3284 natura:
2333 3228 2597 3299 originem
2633 3226 2880 3283 inchoata
2909 3268 2923 3293 ,
2973 3241 3080 3282 nou
3107 3233 3236 3282 sunt
3281 3235 3436 3280 natu-

1921 3367 1978 3436 (5

1912 3437 1970 3508 (4

1841 3553 2002 3626 uirtus
2026 3553 2278 3626 Altissimi
2308 3553 2552 3622 virginem
2579 3551 2916 3615 obumbravit.
2942 3553 3302 3626 inﬁrtttilatem
3325 3557 3437 3626 ejus

1844 3624 1992 3695 (puta
2023 3623 2292 3694 corporis)
2338 3626 2498 3678 veluti
2530 3641 2617 3692 per
2645 3625 3220 3696 umbramWcircumfnsa
3243 3623 3433 3694 conﬁr-

1841 3712 2006 3760 mans,
2054 3707 2110 3748 ut
2164 3697 2231 3748 ad
2260 3697 2582 3750 sementivant
2615 3696 2837 3750 ineuntis
2875 3695 3106 3764 Spiritus
3149 3697 3434 3765 efﬁcacior»

1840 3767 2176 3820 substantiam
2207 3767 2526 3836 corporalem
2560 3773 2659 3835 (ex
2688 3781 2746 3821 se
2790 3767 3082 3833 inﬁrmam)
3117 3767 3302 3820 dirimi:
3329 3769 3432 3821 vir-

1841 3839 1963 3890 tutis
1993 3840 2298 3890 inumbratio
2325 3849 2648 3907 temperoret.
2702 3837 2948 3893 Pressius
2975 3853 3122 3892 num.
3156 3837 3260 3891 27:
3317 3838 3435 3892 Ini-

1845 3910 1915 3962 tia
1945 3909 2186 3962 nascendi
2210 3908 2439 3978 Spiritus
2465 3919 2669 3964 sanctus
2692 3911 3115 3980 supervenienset
3137 3909 3434 3965 inumbrans

1843 3981 2002 4032 virtus
2030 3981 2280 4034 Altissiini
2300 3981 2600 4034 moliuntur.
2639 3982 2694 4034 lu
2719 3979 2913 4048 quibus
2931 3979 3161 4049 Spiritus
3191 3989 3430 4047 sanctus,

1845 4051 1893 4103 id
1925 4062 2007 4104 est
2039 4050 2296 4116 Verbum,
2344 4062 2474 4106 etut
2503 4064 2784 4121 susceptor
2804 4055 3047 4120 corporis
3069 4092 3082 4112 ,
3129 4060 3184 4104 et
3229 4061 3284 4104 ut
3315 4067 3433 4104 sus-

1841 4124 1981 4192 cepti
2006 4137 2166 4177 causa
2192 4122 2434 4178 effectrix
2459 4122 2851 4177 consideratur.
2881 4121 3116 4187 Utroque
3139 4121 3298 4192 tuodo
3322 4124 3432 4175 vir-

1842 4191 1928 4248 tus
1948 4204 2030 4248 est
2052 4195 2316 4262 corporis,
2347 4196 2461 4249 sive
2491 4194 2618 4248 illttd
2647 4192 2950 4259 condendo,
2981 4193 3096 4246 sive
3120 4191 3298 4246 divina
3331 4209 3428 4262 per

1841 4264 1968 4319 illttd
1999 4265 2296 4324 operando.

1912 4335 1984 4407 (f)
2037 4336 2090 4389 In
2136 4335 2321 4389 codice
2356 4335 2474 4390 Vat.
2526 4335 2641 4390 bas.
2679 4347 2868 4390 nostra:
2905 4335 3096 4390 carnis.
3127 4335 3350 4391 Rectius
3377 4336 3430 4392 in

1835 4406 1972 4471 aliis,
2010 4417 2202 4478 nostra:
2225 4409 2594 4476 conceptionis.
2651 4407 2800 4462 Alias
2849 4422 2955 4462 non
2994 4418 3218 4478 apparet
3238 4409 3425 4478 discri-

1835 4494 1956 4532 tnen
1992 4477 2521 4549 interlsraelitarutn
2554 4488 2608 4534 et
2641 4480 2835 4533 (Ilii-isti
2867 4495 3095 4549 corpus:
3147 4477 3288 4547 quod
3321 4496 3428 4534 non

1833 4565 2019 4612 carne.
2053 4547 2147 4603 sed
2179 4551 2541 4618 conceptione
2576 4568 2604 4604 a
2637 4552 2794 4605 nobis
2822 4547 3023 4604 distare
3053 4551 3284 4604 llilarius
3328 4549 3428 4604 do-

2052 3363 2302 3438 Yirtutem
2325 3365 2548 3438 corpori.

2038 3437 2486 3504 Circumamburi;
2542 3439 2592 3492 itt
2623 3447 2811 3492 nostro
2841 3437 3050 3492 codice.

1756 4596 1810 4656 Ῑ)
1837 4637 1962 4674 cere
1989 4596 2149 4675 solet.
2195 4596 2424 4675 Uudc'in
2456 4622 2597 4676 Psal.
2635 4638 2747 4685 LIII,
2780 4639 2834 4676 n.
2861 4622 2914 4686 8,
2945 4621 3138 4676 liabet:
3172 4620 3310 4673 Deus
3334 4620 3431 4674 Dei

1839 4692 1982 4761 ﬁlius
2009 4703 2127 4746 ante
2155 4695 2346 4747 stecula
2377 4711 2606 4759 manens,
2639 4698 2875 4746 humana!
2901 4702 3101 4747 nuturw
3131 4691 3304 4745 habitu
3328 4733 3340 4750 .
3375 4695 3429 4746 id

1837 4775 1912 4836 est
1938 4806 1949 4826 .
1981 4764 2142 4818 nostri
2181 4766 2411 4834 corporis
2453 4777 2603 4836 atque
2629 4767 2817 4819 animm
2843 4763 2996 4818 homo
3026 4781 3087 4819 ea:
3115 4775 3267 4834 partu
3302 4762 3422 4817 Vir-

1837 4835 1970 4905 ginis
1994 4845 2161 4889 natus.

1910 4905 1987 4977 (g)
2021 4907 2150 4961 Bad.
2201 4917 2254 4960 et
2287 4907 2372 4961 Er.
2428 4906 2789 4977 clrcnntaduri.
2822 4905 2948 4960 Mss.
2993 4905 3182 4971 Corl).,
3208 4906 3428 4961 Pratell.

1840 4976 1948 5049 etc.
1985 5019 1998 5041 ,
2055 4978 2471 5033 circumamburi.
2536 4979 2668 5033 Tres
2715 4976 2889 5049 Vatic.
2944 4991 3064 5030 cum
3112 4977 3321 5049 Remig.
3373 4993 3429 5037 et

1839 5047 2046 5103 Theod.
2069 5088 2084 5110 ,
2142 5049 2468 5102 circumburi.
2500 5049 2658 5105 Vind.
2691 5047 2755 5101 ad
2787 5049 2946 5111 Silv..
2977 5047 3424 5107 circumconiburi.

1839 5119 1995 5172 Colb.
2029 5134 2092 5172 ac
2138 5119 2318 5176 Germ.
2350 5161 2365 5182 ,
2414 5137 2528 5173 cum
2553 5119 2768 5172 amburi.
2820 5119 2982 5173 Caru.
3015 5121 3236 5174 animari.
3271 5121 3425 5178 Parvi

1841 5189 2071 5260 interest
2093 5205 2212 5256 quae
2244 5205 2308 5242 ex
2341 5189 2424 5244 liis
2455 5191 2771 5246 lectionibus
2797 5192 3134 5260 pra-feratur.
3163 5192 3214 5246 ld
3245 5194 3422 5260 ipsum

1842 5259 1912 5314 ita
1941 5260 1992 5313 in
2028 5259 2171 5314 Psal.
2195 5275 2381 5325 CXLIV,
2417 5279 2468 5314 n.
2502 5263 2568 5315 15
2594 5303 2608 5322 .
2662 5261 3006 5316 enuntiatur:
3049 5260 3170 5317 Illis
3214 5259 3277 5318 ini
3294 5268 3426 5320 roris

1840 5332 2051 5403 (tumore
2081 5331 2215 5400 ignis
2233 5341 2565 5399 tentperatur,
2590 5334 2683 5386 hos
2709 5343 3000 5388 exmstuans
3019 5334 3150 5403 ignis
3181 5335 3420 5392 amburit.

1835 5400 1976 5476 Ipsa:
2010 5404 2147 5476 intus
2177 5413 2410 5472 extraque
2438 5407 2664 5474 ﬂammae
2683 5418 2799 5460 sunt
2824 5448 2837 5467 ,
2887 5400 3108 5476 quarum
3140 5425 3230 5476 pro
3258 5409 3424 5463 diver-

1833 5473 1983 5548 sitate
2003 5475 2298 5528 meritorum
2313 5487 2363 5528 et
2384 5473 2553 5546 deﬁcit
2579 5496 2611 5531 a
2633 5493 2685 5530 se
2707 5473 2913 5544 natura,
2945 5494 3034 5531 nec
3063 5473 3254 5548 deﬁcit.
3283 5477 3420 5534 Nam

1835 5545 1973 5614 quod
1999 5556 2092 5606 est,
2123 5556 2292 5597 manet
2321 5545 2556 5624 ergaeos
2581 5550 2715 5619 ignis
2741 5565 2849 5624 esse
2877 5567 3004 5618 quos
3034 5545 3169 5616 urit;
3211 5562 3255 5604 et
3285 5553 3422 5624 quod

1831 5632 1932 5670 non
1955 5626 2050 5680 est,
2087 5632 2286 5670 necesse
2311 5627 2386 5670 est
2409 5618 2465 5672 in
2488 5620 2567 5672 his
2598 5618 2705 5674 esse
2731 5619 2911 5686 quibus
2941 5636 3025 5673 ros
3054 5632 3147 5674 est.

1905 5687 1980 5757 (Ii)
2012 5687 2165 5758 Apud
2197 5687 2307 5758 lin,
2341 5687 2489 5757 Lips.
2511 5700 2568 5747 et
2599 5692 2744 5758 Par.,
2775 5691 2827 5745 in
2855 5690 2962 5746 Deo
2983 5691 3206 5750 homine.
3257 5693 3422 5750 Abest

1830 5749 2079 5814 homines
2105 5755 2234 5814 Bad.
2259 5749 2315 5815 et
2343 5749 2473 5817 mist
