3930 6194
544 248 651 306 385

1733 242 1979 302 SANCTI
2040 244 2299 303 HILARII
2338 245 2646 305 EPISCOPI
3717 256 3806 314 ὅθι

542 378 705 438 quam
733 362 802 421 ad
831 371 1190 437 praeparatam
1221 363 1323 421 sibi
1362 363 1525 435 viam,
1573 379 1673 437 per
1702 364 1757 421 id
1786 365 1999 438 ingenia
2031 365 2143 424 hae-
2170 368 2225 431 Α
2249 366 2435 437 homo,
2462 366 2567 425 hoc
2587 368 2785 426 habeat
2809 370 2927 440 sui,
2949 368 3015 446 (i)
3041 386 3147 443 quo
3168 386 3290 430 esse
3315 372 3479 431 homo
3506 377 3657 449 coepit
3678 394 3809 440 exor-

542 457 713 514 retica
743 454 1095 524 contendunt,
1127 456 1270 527 quod
1296 464 1389 512 aut
1426 456 1693 514 defecisse
1722 459 1946 513 omnino
1973 458 2141 515 Deum

543 546 783 605 Verbum
801 547 853 602 in
869 546 1100 601 animam
1119 547 1364 619 corporis
1385 547 1592 616 volunt,
1620 556 1680 604 ut
1702 564 1808 604 non
1829 549 1969 605 idem
1988 548 2147 607 fuerit

544 642 702 700 Jesus
730 640 975 697 Christus
997 639 1228 697 hominis
1256 641 1535 713 lilius,_qui
1560 650 1615 699 et
1654 642 1747 699 Dei
1774 642 1943 713 ﬁlius;
1974 652 2027 698 et
2053 652 2147 698 aut

541 733 613 791 de
633 747 692 788 se
713 730 789 804 (a)
818 731 1077 788 defecerit
1103 732 1245 789 Deus
1272 710 1535 800 Verbum,
1566 733 1698 789 dum
1741 710 1940 805 corpus
1969 731 2147 790 ofﬁcio

544 826 742 882 anima:
769 826 1040 891 viviticat;
1068 837 1161 880 aut
1201 827 1423 881 omnino
1449 824 1524 900 (b)
1554 842 1655 882 nec
1697 826 1861 882 fuerit
1900 826 2147 883 Christus

544 919 710 973 homo
756 925 937 980 natus.
968 917 1093 989 quia
1124 918 1176 972 in
1208 932 1274 973 eo
1307 918 1402 975 Dei
1433 918 1670 977 Verbum
1717 919 1881 975 modo
1924 919 2149 989 spiritus

540 1008 874 1082 prophetalis
899 1009 1242 1066 habitaverit.
1270 1010 1377 1067 Sed
1411 1010 1656 1067 ridiculae
1687 1011 1849 1082 hujus
1879 1012 2150 1080 perversi-

544 1103 668 1159 tatis
699 1117 857 1158 error
894 1103 944 1158 in
990 1103 1254 1171 majorem
1297 1118 1359 1159 se
1388 1104 1682 1176 impietatis
1710 1105 1954 1160 extendit
1981 1104 2150 1161 auda-

539 1197 702 1264 ciam,
734 1211 803 1249 ne
830 1194 986 1251 Jesus
1013 1193 1265 1251 Christus
1285 1237 1300 1263 ,
1345 1205 1471 1251 ante
1500 1212 1661 1268 quam
1690 1211 1755 1252 ex
1796 1196 1963 1252 Maria
1990 1206 2148 1253 natus

539 1298 649 1356 est,
691 1285 938 1343 Christus
967 1287 1037 1342 sit
1068 1305 1081 1342 :
1114 1287 1241 1343 dum
1273 1304 1379 1342 non
1411 1289 1500 1358 qui
1540 1298 1655 1344 erat
1700 1296 1860 1345 natus
1913 1298 2019 1358 est,
2050 1290 2146 1346 sed

542 1380 611 1437 ad
641 1380 693 1437 id
723 1390 833 1436 tum
855 1380 1089 1453 primum
1121 1382 1264 1453 quod
1293 1381 1455 1457 357
1496 1393 1651 1438 natus
1677 1394 1759 1438 εει
1793 1382 1866 1456 (c)
1894 1385 2144 1455 coeperit.

541 1473 648 1531 Per
693 1474 837 1546 quod
886 1475 1049 1530 etiam
1092 1474 1225 1532 illud
1275 1477 1393 1531 vitii
1433 1476 1761 1548 adjungitur,
1805 1484 1865 1533 ut
1891 1478 1973 1551 (ά)
2005 1479 2147 1535 Deus

542 1564 783 1623 Verbum
814 1578 1084 1639 tamquam
1123 1583 1250 1640 pars
1290 1569 1471 1640 aliqua
1499 1570 1761 1625 virtutum
1791 1571 1886 1625 Dei
1912 1572 2146 1643 quodam

545 1675 607 1717 se
645 1667 818 1734 tractu
861 1661 1286 1717 continuationis
1330 1661 1649 1729 extendens,
1681 1661 1954 1719 hominem
1995 1664 2144 1721 illum

2247 459 2395 517 dium
2419 503 2435 529 ,
2463 477 2624 533 quem
2652 463 2993 521 extrinsecus
3041 467 3282 537 protensi
3308 472 3578 527 sermonis
3603 484 3810 544 potestas

2250 553 2319 609 ad
2343 555 2597 610 virtutem
2627 557 3004 627 operationum
3030 560 3435 618 confirmaverit
3459 579 3474 628 ;
3524 565 3611 635 qui
3640 583 3762 625 nunc
3782 585 3809 626 a

2250 646 2346 702 Dei
2386 645 2563 703 Verbo
2590 656 2867 706 contracta
2919 666 3134 709 rursum
3187 655 3532 724 protentione
3555 656 3808 730 desertus,

2249 740 2453 796 clamet
2481 757 2495 795 :
2530 740 2695 810 Deus,
2724 741 2863 798 Deus
2893 760 3034 798 meus
3053 785 3069 812 ,
3097 761 3256 814 quare
3281 763 3362 803 me
3389 749 3810 821 dereliquistiivel

2249 843 2398 891 certe
2423 843 2559 900 tum,
2586 852 2707 893 cum
2738 837 2792 893 in
2837 838 3073 895 animam
3099 841 3343 911 corporis
3365 857 3393 895 a
3423 842 3521 901 Dei
3566 842 3715 900 Verbi
3733 862 3812 902 na-

2252 936 2369 985 tura
2392 928 2700 987 demutatus
2721 942 2825 998 est,
2855 940 3083 1003 paterno
3107 933 3158 989 in
3192 935 3445 992 omnibus
3471 951 3598 992 usus
3620 938 3811 1010 auxilio,

2251 1037 2391 1077 nunc
2422 1024 2577 1092 inops
2624 1023 2742 1095 ejus
2794 1025 3065 1097 mortique
3118 1027 3453 1097 permissus,
3500 1028 3814 1089 solitudinem

2250 1128 2400 1170 suam
2430 1126 2817 1186 conqueratur,
2843 1119 3352 1190 relinquentemque
3386 1136 3448 1176 se
3471 1132 3684 1192 arguat:
3710 1140 3813 1180 om-

2252 1208 2411 1279 nique
2439 1209 2601 1265 modo
2626 1209 2899 1267 exitiabile
2919 1210 3163 1281 deceptae
3208 1212 3335 1267 ﬁdei
3367 1214 3659 1284 periculum
3688 1230 3817 1273 como

2250 1310 2470 1371 paretur
2493 1343 2509 1369 ,
2539 1302 2583 1356 si
2614 1311 2708 1357 aut
2739 1304 2789 1358 in
2820 1303 2935 1359 Deo
2968 1304 3147 1359 Verbo
3178 1303 3470 1375 signiﬁcari
3511 1308 3817 1364 existimetur

2252 1400 2457 1448 naturae
2503 1393 2792 1451 inﬁrmitas
2841 1411 2938 1467 per
2988 1396 3300 1467 querelam;
3351 1406 3445 1453 aut
3487 1400 3696 1455 omnino
3731 1415 3820 1459 nec

2248 1488 2414 1545 fuerit
2436 1489 2580 1547 Deus
2609 1490 2870 1561 Verbum,
2914 1491 3043 1547 dum
3067 1491 3284 1549 Christo
3316 1491 3446 1550 Jesu
3472 1492 3646 1551 Maria
3663 1495 3817 1552 solqu

2252 1594 2439 1657 partus
2462 1586 2745 1643 exordium
2773 1595 2875 1644 est.

2252 1686 2257 1691 '
2322 1681 2489 1755 358
2517 1682 2607 1738 52.
2640 1680 2799 1737 Fides
2818 1700 2935 1740 vera
2956 1684 3211 1741 lucretius
3241 1683 3676 1743 adversm—Sed
3698 1686 3821 1744 inter

541 1756 635 1827 qui
671 1770 701 1811 a
730 1754 890 1811 uaria
922 1771 1044 1812 esse
1072 1758 1239 1827 coepit
1266 1756 1623 1825 habitaverit,
1661 1766 1716 1814 et
1745 1759 2035 1816 virtutibus
2061 1760 2140 1815 di-

2257 1754 2558 1846 hasimpias
2573 1775 2919 1848 inﬁrmusque
2937 1781 3257 1846 sententias,
3280 1780 3538 1837 Ecclesiae
3567 1780 3689 1836 fides
3708 1798 3822 1854 apo-

544 1847 683 1905 vinte
707 1850 1039 1920 operationis
1066 1850 1416 1918 instruxerit;
1445 1849 1642 1907 animae
1674 1861 1853 1908 tamen
1883 1866 1996 1909 suae
2026 1868 2145 1911 mo-

541 1950 600 2000 tu
628 1952 928 2015 naturaque
958 1944 1252 1999 viventem.

614 2038 707 2095 51.
736 2036 955 2095 Errores
981 2038 1102 2093 inde
1128 2038 1451 2094 consectarii.
1482 2068 1554 2079 --
1597 2038 1702 2094 Per
1746 2037 1884 2095 hanc
1913 2037 1986 2112 (ε)
2014 2053 2145 2112 ergo

545 2134 799 2192 subtilem
832 2133 1255 2208 pestiferatuque
1280 2132 1585 2192 doctrinam
1614 2133 1956 2191 deducuntur
1981 2135 2146 2190 in'vi-

539 2230 698 2298 tium,
730 2239 791 2286 ut
830 2238 924 2285 aut
953 2231 1097 2287 Deus
1127 2229 1365 2287 Verbum
1410 2230 1591 2285 anima
1621 2230 1866 2301 corporis
1914 2245 2009 2298 per
2051 2229 2147 2285 de-

542 2324 897 2381 mutationem
952 2324 1021 2398 (f)
1068 2335 1275 2382 natura:
1312 2340 1371 2381 se
1412 2324 1741 2381 inﬁrmantis
1771 2323 2068 2389 exstiterit,
2091 2332 2147 2379 et

542 2416 779 2474 Verbum
804 2417 882 2492 (g)
913 2418 1055 2475 Deus
1082 2433 1209 2475 esse
1236 2417 1503 2474 defecerit
1530 2436 1543 2473 :
1568 2425 1663 2472 aut
1688 2431 1902 2472 rursum
1933 2431 2030 2486 per
2052 2431 2147 2473 ex-

543 2512 798 2568 teriorem
848 2512 1155 2585 nudamque
1193 2522 1441 2569 naturam
1492 2512 1766 2568 hominem
1817 2511 1971 2567 illum
2027 2513 2145 2569 sola

462 2670 475 2683 δ
540 2601 649 2658 vita
677 2605 872 2660 anima:
913 2606 1187 2663 moventis
1215 2607 1536 2672 animatum,
1578 2605 1658 2678 (Ii)
1689 2606 1742 2660 in
1773 2618 1882 2676 quo
1908 2603 2143 2661 Verbum

545 2695 667 2763 Dei,
717 2696 769 2751 id
800 2705 906 2767 est,
938 2699 1187 2770 quaedam
1234 2699 1386 2769 quasi
1434 2707 1676 2770 potestas
1702 2707 1948 2756 extensae
1998 2700 2146 2756 vocis

550 2788 895 2861 habitaverit,
928 2800 1091 2864 atque
1115 2793 1191 2849 ita
1213 2794 1362 2848 omni
1384 2792 1547 2849 modo
1578 2792 1917 2863 impiissimae
1949 2793 2145 2849 intelli-

544 2888 743 2958 gentiae
768 2886 950 2944 aditus
976 2888 1263 2959 pandatur,
1294 2896 1351 2942 ut
1389 2896 1480 2942 aut
1509 2887 1654 2942 Deus
1681 2887 1917 2947 Van-hum
1946 2889 1999 2943 in
2030 2889 2147 2943 ani-

548 2993 690 3034 mam
715 2978 980 3035 defecerit
1001 3023 1016 3045 ,
1046 2994 1147 3036 nec
1178 2978 1537 3050 permanserit
1566 2980 1711 3036 Deus
1755 2979 2023 3047 Verbum;
2053 2991 2146 3037 aut

542 3070 768 3125 omnino
795 3071 1044 3128 Christus
1071 3080 1198 3127 ante
1230 3079 1440 3143 partum
1465 3070 1647 3127 Marite
1670 3086 1777 3127 non
1808 3072 2000 3140 fuerit;
2020 3075 2145 3146 quia

2247 1867 2474 1923 stolocis
2501 1868 2703 1924 imbuta
2721 1869 2983 1926 doctrinis
3005 1873 3153 1927 novit
3175 1873 3229 1927 in
3250 1871 3469 1929 Christo
3493 1875 3821 1945 nativitatem,

2252 1959 2346 2015 sed
2376 1960 2589 2031 ignorat
2613 1962 2915 2018 exordium.
2952 1962 3064 2020 Scit
3090 1964 3578 2034 dispensationem,
3619 1968 3707 2039 sed
3745 1983 3823 2025 nee

2248 2054 2351 2110 scit
2377 2053 2722 2111 divisionem.
2755 2054 2872 2110 Non
2901 2055 2979 2131 (j)
3017 2058 3216 2127 patitur
3253 2055 3532 2113 Christum
3560 2059 3755 2126 Jesum,
3777 2070 3823 2115 ut

2247 2146 2407 2202 Jesus
2434 2162 2540 2202 non
2573 2148 2689 2218 ipse
2730 2149 2798 2204 sit
2826 2146 3116 2205 Christus:
3151 2164 3250 2206 nec
3288 2150 3460 2207 ﬁlium
3501 2151 3727 2209 hominis
3752 2152 3822 2225 (ἃ)

2247 2241 2508 2297 discernit
2530 2257 2560 2297 a
2586 2241 2681 2298 Dei
2709 2240 2839 2306 ﬁlio,
2869 2258 2938 2297 ne
2986 2242 3138 2297 ﬁlius
3171 2242 3233 2316 (ι)
3268 2244 3366 2300 Dei
3399 2246 3536 2302 forte
3563 2260 3666 2302 non
3690 2256 3740 2302 et
3766 2248 3824 2301 li-

2248 2336 2352 2391 lius
2380 2335 2617 2392 hominis
2654 2334 3008 2407 intelligatur.
3040 2336 3159 2392 Non
3185 2338 3424 2394 absumit
3466 2339 3632 2394 ﬁlium
3662 2339 3748 2396 Dei
3780 2340 3823 2395 in

2248 2429 2417 2487 ﬁlium
2487 2428 2737 2486 hominis.
2811 2428 3001 2500 Neque
3065 2430 3331 2500 tripartite
3393 2429 3671 2489 Christum
3738 2432 3825 2490 fide

2248 2525 2470 2592 scindit,
2492 2526 2646 2597 cujus
2669 2525 2737 2581 de
2757 2541 2921 2597 super
2940 2534 3082 2581 texta
3103 2527 3273 2581 vestis
3288 2525 3521 2582 inscissa
3542 2537 3625 2583 est
3641 2527 3825 2601 (tam,

2249 2635 2361 2686 xix,
2387 2619 2484 2688 25)
2533 2637 2548 2674 :
2600 2628 2655 2673 ut
2694 2618 2883 2674 .lcsum
2909 2617 3184 2675 Christum
3236 2628 3290 2676 et
3329 2619 3384 2676 in
3434 2619 3673 2677 Verbum
3708 2630 3755 2677 et
3781 2623 3825 2678 in

2248 2711 2481 2767 animam
2512 2720 2566 2767 et
2597 2713 2648 2765 in
2690 2725 2888 2781 corpus
2922 2710 3146 2777 incidat,
3201 2726 3376 2784 neque
3418 2728 3633 2769 rursum
3679 2714 3825 2770 Deum

2250 2802 2486 2859 Verbum
2501 2813 2555 2859 et
2573 2803 2623 2858 in
2640 2803 2876 2858 animam
2898 2813 2952 2860 et
2975 2804 3026 2858 in
3040 2818 3240 2875 corpus
3263 2804 3729 2862 absumat.'l‘otum
3744 2804 3822 2878 (tu)

2248 2898 2298 2952 ei
2329 2897 2471 2953 Deus
2501 2896 2739 2954 Verbum
2770 2907 2890 2965 est,
2921 2907 3092 2954 totum
3138 2900 3188 2956 ei
3236 2897 3401 2956 homo
3428 2898 3680 2957 Christus
3718 2911 3826 2968 est;

2248 2989 2493 3044 retinens
2522 2989 2624 3045 hoc
2654 2990 2707 3044 in
2739 2999 3085 3047 sacramento
3111 2990 3474 3048 confessionis
3502 3008 3614 3048 sua:
3643 3010 3791 3049 umtm
3811 3035 3826 3063 ,

2250 3096 2351 3136 nec
2376 3078 2650 3137 Christum
2682 3080 2826 3137 aliud
2857 3082 3083 3138 credere
3112 3097 3273 3154 quam
3300 3081 3512 3153 Jesum,
3541 3100 3646 3142 nec
3666 3085 3826 3142 .lcsutu

541 3157 699 3217 Jesus
727 3161 997 3229 Christus,
1032 3163 1229 3219 anima:
1264 3163 1441 3218 solum
1463 3165 1767 3219 communis
1796 3175 1853 3220 et
1890 3165 2141 3236 corporis
2168 3162 2213 3225 C
2245 3172 2392 3228 aliud
2434 3174 2727 3244 praedicare
2752 3191 2914 3247 quam
2938 3175 3209 3232 Christum
3247 3177 3347 3250 (η).

618 3283 697 3358 (a)
764 3285 948 3360 Pravm
998 3288 1154 3357 hujus
1193 3286 1464 3360 opinionis
1487 3293 1803 3360 auctorem,
1839 3300 1944 3360 non
1972 3286 2144 3360 Euty-

541 3353 704 3423 chen,
737 3371 845 3413 non
889 3353 1302 3430 Apollinarium,
1348 3357 1444 3414 sed
1470 3354 1975 3430 Ariumﬂessejam
2007 3353 2143 3414 dix'i-

541 3442 684 3495 mus,
712 3442 776 3484 ac
803 3426 961 3486 testis
988 3442 1070 3486 est
1095 3430 1424 3487 Theodoret.
1470 3427 1563 3481 lib.
1589 3442 1621 3480 v
1652 3426 1794 3481 llter.
1830 3428 1934 3483 fab.
1965 3445 2015 3484 c.
2051 3431 2138 3487 ll.

544 3497 779 3572 Esplosa
802 3510 885 3556 est
910 3518 939 3556 a
963 3503 1194 3559 concilio
1215 3502 1373 3557 Rom.
1398 3507 1721 3572 procurante
1755 3498 1984 3572 Damaso
2001 3500 2142 3572 Papa

541 3563 805 3644 adversus
833 3574 1227 3644 Apollinarium
1249 3563 1438 3629 coacto
1456 3567 1599 3640 apud
1625 3563 1959 3644 Theodoret.
1985 3563 2091 3627 lib:
2108 3591 2140 3628 v

543 3639 681 3697 Hist.
717 3639 957 3698 Ecclfc.
995 3645 1063 3701 10
1092 3655 1147 3701 et
1178 3648 1266 3707 ll,
1307 3656 1361 3699 et
1390 3639 1550 3698 antea
1577 3654 1608 3694 a
1642 3640 1875 3695 concilio
1900 3640 2136 3700 Alexan-

546 3712 733 3777 drino,
771 3730 861 3768 an.
895 3716 1032 3783 562,
1066 3717 1207 3784 apud
1241 3715 1501 3771 Athanas.
1530 3712 1691 3784 epist.
1714 3711 1782 3766 ad
1812 3711 2063 3770 Antioch.

621 3783 698 3855 (ὁ)
740 3784 866 3840 llaec
895 3781 1160 3842 sententia
1191 3788 1314 3842 licet
1347 3801 1469 3842 cum
1500 3781 1780 3856 superiore
1807 3798 2027 3856 pugnet,
2072 3788 2140 3843 ab

546 3853 946 3930 iisdcmtamen
980 3869 1364 3930 propugnator.
1399 3858 1464 3912 Et
1488 3856 1557 3911 de
1582 3853 1982 3930 Apollinaristis
2019 3860 2138 3930 qui-

546 3925 668 3981 dem
714 3925 1301 4000 obserVat'Gregot-ius
1353 3927 1748 4000 Νίιιὶίιιιῑηυζ.Δ
1791 3941 1894 3994 LII,
1952 3925 2136 3985 secum

544 4011 930 4072 eospugnare,
963 4017 1063 4057 nec
1104 3997 1304 4058 audere
1344 4002 1445 4057 nisi
1490 3997 1632 4071 apud
1679 3997 1818 4054 ﬁdos
1846 4000 2138 4072 discipulos

545 4070 614 4124 de
629 4070 913 4145 divinitate
938 4074 1233 4145 disnutare.

618 4140 693 4271 ξ)
726 4144 781 4197 In
811 4140 1066 4217 vulgatis,
1099 4163 1207 4202 esse
1236 4142 1657 4227 cmperit..A.best
1674 4157 1781 4196 esse
1808 4158 1841 4194 α
1868 4156 2000 4199 mss.
2027 4144 2141 4228 iloc

618 4232 625 4263 ε
670 4216 828 4271 tonis.
858 4233 921 4271 ac
954 4218 1297 4271 postmodum
1327 4216 1543 4271 Phottnt
1573 4222 1942 4270 commentum
1971 4213 2140 4271 fuisse

546 4210 828 4288 ﬂebionis.
858 4210 932 4271 ac'
954 4210 1942 4288 postmodumPhotinicommentum
1971 4213 2140 4274 fuisse

544 4282 705 4340 docet
734 4286 872 4342 liber
901 4282 994 4353 vri,
1028 4306 1083 4344 n.
1119 4291 1173 4355 7,
1201 4304 1257 4345 et.
1284 4303 1445 4344 nemo
1473 4287 1702 4342 dubitat.

617 4356 698 4431 (ά)
727 4357 1016 4431 Pttotinum
1043 4362 1116 4415 ita
1144 4362 1380 4415 sensisse
1401 4359 1570 4430 liquet
1590 4372 1670 4431 ex
1692 4357 1787 4431 lib.
1818 4357 1889 4413 de
1934 4358 2137 4431 Synod.

546 4430 719 4500 H.315,
735 4429 875 4483 sicut
899 4444 965 4485 ex
988 4431 1082 4487 lib.
1115 4432 1218 4486 ide
1245 4431 1425 4494 Trin.,
1455 4447 1511 4485 n.
1539 4429 1623 4493 16,
1651 4430 1870 4500 planum
1885 4429 1988 4500 est,
2016 4446 2139 4486 eum

547 4511 578 4572 tt
608 4498 844 4572 Sabellio
870 4500 1008 4558 hanc
1034 4504 1332 4558 doctrinam
1367 4515 1487 4556 esse
1510 4498 1834 4556 mutuatum.
1871 4499 1970 4556 Cui
2017 4504 2134 4572 qui-

545 4568 964 4644 dcm_Damasus
992 4573 1289 4644 Papaapud
1315 4572 1743 4644 Theodoretum,
1777 4573 1870 4626 lib.
1895 4588 1946 4639 v,
1981 4568 2138 4637 cIll,

544 4642 833 4699 anathema
863 4644 996 4700 dicit
1018 4642 1100 4700 his
1122 4642 1303 4702 verbis
1335 4662 1347 4696 :
1380 4642 1885 4697 Anatltematizamus
1904 4659 1993 4698 eos
2016 4686 2031 4709 ,
2054 4648 2141 4711 qui

558 4712 776 4792 Verbum
806 4715 902 4792 Dei
924 4718 1214 4792 extensione
1239 4726 1285 4771 et
1306 4714 1660 4792 eontractione
1679 4730 1711 4767 a
1739 4713 1898 4767 Patre
1925 4731 2138 4784 separa-

543 4795 654 4911 :ium
680 4796 726 4841 et
752 4787 1182 4844 insubstantivum
1208 4797 1258 4844 et
1284 4790 1439 4858 ﬁnem
1469 4783 1765 4839 habiturum
1794 4800 1904 4839 esse
1931 4783 2140 4842 conten-

585 4871 693 4911 unt.

585 4871 693 4915 unt.

614 4932 683 5005 (e)
725 4932 894 4989 Abest
918 4950 1038 5005 ergo
1063 4950 1089 4987 a
1121 4933 1276 4997 Bad.,
1302 4933 1397 4989 Er.
1431 4946 1495 4988 ac
1519 4944 1651 5005 mss.
1694 4927 1847 4985 Culb.
1873 4937 1929 4984 et
1949 4929 2134 4988 Germ.

543 5001 757 5060 Habent
785 5001 1028 5061 nonnulli
1060 5006 1176 5068 alii.
1209 5008 1319 5061 haec
1346 5021 1465 5075 ergo
1494 5019 1582 5074 per
1606 5003 1759 5075 Itane.

614 5075 680 5149 (Γ)
715 5075 869 5142 Bad.,
897 5078 953 5132 in
977 5087 1212 5132 naturam
1235 5093 1343 5133 sua:
1369 5072 1705 5147 inﬁrmitatis.
1746 5072 1840 5149 Er.
1871 5082 1926 5149 et
1964 5073 2139 5149 Lips_,,

541 5144 1055 5220 per'dentutationem
1084 5161 1286 5206 natura:
1304 5144 1493 5220 sure—in
1518 5155 1761 5201 naturam
1779 5144 2136 5220 inﬁrmitatis.

615 5219 695 5293 (g)
737 5218 794 5275 In
824 5220 958 5293 solis
988 5221 1238 5293 vulgatis,
1280 5221 1391 5276 Dei.
1422 5219 1539 5293 iam
1583 5233 1731 5293 num.
1766 5215 1834 5273 49
1875 5217 2137 5293 legimus,

541 5288 720 5366 aut'de
743 5310 798 5366 se
824 5291 1063 5363 defecerit
1083 5288 1245 5348 om
1276 5292 1405 5364 (non
1433 5291 1550 5366 Dei)
1588 5289 1814 5346 Verbum
1840 5304 1855 5355 ;
1888 5288 2141 5361 idemque

542 5364 681 5421 infra
701 5365 950 5419 habetur.

613 5437 693 5506 (lt)
721 5434 944 5507 Supple,
969 5434 1290 5492 habitaverit.
1322 5436 1552 5493 Verbum
1572 5434 1831 5491 habitavit
1855 5432 2129 5489 hominem

541 5522 643 5578 per
666 5508 863 5563 nudam
892 5518 1161 5573 naturam,
1206 5509 1308 5565 hoc
1327 5518 1411 5564 est
1431 5550 1444 5571 ,
1500 5508 1604 5563 sibi
1634 5524 1739 5562 non
1763 5509 2129 5563 cohaerentem

542 5594 642 5634 nec
660 5578 1084 5635 substantialiter
1101 5580 1325 5643 unitum,
1350 5580 1594 5648 adeoque
1612 5595 1763 5637 mere
1782 5578 2129 5647 exteriorem,

540 5648 588 5703 si
618 5658 823 5723 tantum
856 5650 907 5702 in
935 5651 1172 5723 Christo,
1201 5661 1262 5706 ut
1286 5652 1339 5706 in
1373 5652 1651 5723 prophetis
1682 5651 1860 5723 fuerit.

610 5718 678 5790 ,(i)
705 5717 862 5793 Bad.,
889 5722 1044 5793 quod
1070 5738 1177 5775 esse
1215 5717 1399 5778 homo}
1423 5717 1707 5781 Editiones
1731 5722 1886 5793 aliae,
1917 5723 2054 5792 quod
2072 5728 2130 5777 ut

541 5783 668 5848 esset
696 5783 870 5845 homo.
901 5783 1243 5860 Castigantur
1272 5806 1338 5850 ex
1370 5805 1499 5848 mss.

2330 3295 2405 3370 (j)
2445 3296 2727 3370 Mallemus
2770 3300 3013 3369 partitur.
3047 3300 3202 3356 Hunc
3233 3301 3411 3358 locum
3441 3304 3727 3360 attendant
3749 3320 3827 3361 ve-

2253 3366 2491 3440 lini,’qui
2523 3366 2781 3424 Hilarium
2826 3372 3118 3440 opinantur
3153 3373 3414 3439 sensisse,
3449 3389 3480 3429 a
3508 3376 3721 3432 Christo
3759 3393 3830 3432 se-

2250 3439 2481 3494 cessisse
2515 3440 2670 3514 Vet'hi
2698 3439 3196 3514 divinitatem.cmn
3223 3445 3502 3514 clamavit,
3526 3444 3692 3514 Deus,
3710 3447 3828 3502 Deus

2251 3527 2417 3575 meus,
2442 3521 2547 3567 etc.
2572 3510 2703 3566 Cum
2720 3514 2862 3567 enini
2887 3513 3002 3570 hmc
3021 3532 3087 3570 ex
3106 3518 3420 3571 eorumdem
3444 3510 3637 3573 verbm
3651 3510 3733 3574 uin
3754 3535 3830 3573 oc-

2250 3582 2472 3638 casione
2492 3583 2640 3658 dicat
2669 3584 2928 3640 adversus
2956 3601 3071 3651 eos,
3101 3588 3193 3658 qui
3228 3587 3363 3643 duas
3384 3586 3592 3645 Christi
3636 3601 3828 3646 naturas

2248 3662 2342 3727 aut
2378 3654 2735 3727 confundunt,
2769 3654 3162 3725 autseparant;
3188 3658 3403 3726 iniquus
3428 3664 3657 3718 omnino
3683 3673 3824 3727 esset,

2246 3725 2292 3778 si
2324 3740 2415 3780 cas
2440 3726 2554 3796 ipse
2589 3736 2869 3798 separatas
2896 3744 2962 3784 ex
2989 3729 3181 3786 iisdem
3222 3731 3403 3787 verbis
3427 3732 3797 3790 intellexisset.

2318 3815 2395 3890 (It)
2432 3816 2668 3875 Verbum
2699 3820 2933 3875 discerno
2971 3820 3060 3878 hic
3099 3824 3497 3890 separationetn
3550 3836 3709 3881 sonat
3743 3832 3829 3882 :at

2243 3887 2337 3945 lib.
2376 3887 2449 3951 ix,
2482 3907 2538 3944 n.
2569 3892 2620 3945 6.
2657 3901 2971 3948 naturarum
3003 3887 3727 3955 dumtaxatdistinctionem.

2318 3960 2379 4033 (Ι)
2412 3961 2469 4017 In
2495 3972 2680 4019 vetere
2708 3979 2811 4020 ms.
2843 3965 2990 4020 Colh.
3023 3962 3186 4021 Deus.

2315 4051 2416 4123 (ιη)
2444 4053 2499 4108 Id
2532 4065 2645 4121 est,
2678 4055 2919 4112 Ecclesia
2950 4057 3003 4112 in
3031 4056 3246 4113 Christo
3265 4059 3363 4114 Dei
3387 4058 3550 4114 Verbi
3589 4060 3830 4116 hominis-

2242 4139 2349 4194 que
2379 4134 2601 4181 naturas
2628 4130 2698 4182 ita
2720 4129 2897 4182 unitas
2917 4128 3089 4184 credit
3110 4171 3124 4194 ,
3156 4139 3216 4186 ut
3234 4131 3284 4186 ei
3318 4140 3463 4186 tutus
3484 4130 3722 4188 Verbum
3745 4133 3826 4194 sit.

2246 4204 2392 4252 totus
2422 4196 2605 4273 homo.
2636 4198 2791 4273 Quod
2821 4200 2901 4273 sic
2927 4200 3175 4273 declarat
3196 4202 3312 4273 Leo
3329 4202 3497 4271 Papa,
3527 4206 3686 4273 epist.
3704 4217 3828 4259 nunc

2243 4282 2407 4343 {Cvle
2436 4269 2503 4323 ad
2547 4269 2841 4343 monachos
2873 4270 3176 4327 Palaestina:
3204 4291 3218 4328 :
3262 4270 3373 4328 Nec
3411 4269 3627 4331 interest
3653 4292 3715 4331 ea:
3739 4290 3827 4343 qua

2246 4336 2485 4394 Christus
2520 4341 2804 4396 substantia
2854 4344 3187 4412 nominetur;
3240 4361 3359 4399 cum
3382 4336 3822 4414 inseparabiliter,

2244 4420 2481 4487 manente
2502 4415 2697 4467 unitate
2738 4430 2990 4483 pet-sonte,
3018 4414 3248 4487 idenrsit
3293 4426 3343 4470 et
3371 4427 3508 4471 totus
3533 4418 3749 4473 hominis
3772 4416 3826 4487 ﬁ-

2247 4480 2348 4536 lius
2371 4493 2580 4562 propter
2614 4480 2839 4562 carnem,
2888 4494 3118 4562 etAtotus
3149 4486 3242 4562 Dei
3267 4488 3406 4556 filius
3426 4503 3659 4562 promer
3683 4480 3826 4543 unam

2247 4506 2348 4536 uua
2371 4506 2580 4556 propter
2614 4506 2839 4549 carnem,
2888 4506 2935 4541 ει
2981 4506 3118 4540 latus
3149 4506 3240 4542 uel
3267 4506 3406 4556 [mus
3484 4506 3659 4562 ropter
3683 4506 3824 4543 unam

2247 4568 2364 4630 cum
2404 4552 2567 4608 Patre
2621 4556 2883 4611 deitatem.
2936 4557 3193 4624 Quamvis
3231 4562 3374 4614 enim
3424 4506 3746 4630 'lPheulogis,
3776 4567 3824 4611 ιιι

2248 4625 2592 4700 observatum
2623 4635 2727 4690 est,
2761 4642 2881 4698 pag.
2931 4631 3023 4693 41,
3074 4630 3418 4698 postmodum
3468 4625 3746 4700 placuerit,
3773 4638 3823 4683 ut

2246 4710 2349 4773 vox
2374 4706 2534 4752 totum
2565 4699 2616 4753 in
2648 4707 2866 4755 naturas
2894 4700 3146 4773 caderet,
3169 4711 3252 4773 get
3290 4711 3426 4756 totus
3454 4699 3523 4757 ad
3556 4716 3820 4773 personam

2246 4766 2543 4840 referretur
2568 4810 2583 4835 ,
2613 4773 2888 4837 quomodo
2913 4770 2982 4826 ab
3018 4770 3137 4840 ipso
3167 4771 3369 4829 Hilario
3407 4766 3645 4829 referiur
3673 4776 3723 4828 in
3748 4772 3821 4826 his

2244 4853 2395 4916 num.
2437 4839 2531 4909 22,
2564 4841 2684 4912 quia
2708 4852 2841 4916 totus
2867 4839 3088 4916 hominis
3113 4842 3256 4913 [ilius
3286 4855 3420 4900 totus
3446 4842 3547 4901 Dei
3572 4845 3707 4916 ﬁlius
3724 4845 3781 4897 sit
3806 4860 3817 4896 :

2246 4909 2387 4988 hanc
2435 4909 2611 4988 tamen
2652 4914 2888 4988 regulam
2935 4909 3123 4988 ipsius”
3151 4930 3270 4988 aevo
3310 4909 3583 4972 nondutn'
3611 4916 3819 4988 positam

2243 4979 2605 5057 fuisseliquet
2628 4979 2738 5057 vel
2777 5002 2843 5040 ex
2872 4979 3142 5057 hoéﬁloeo.
3188 4986 3289 5052 Qui
3340 5002 3471 5043 sane
3500 4979 3818 5057 non-pugnat

2244 5068 2365 5109 cum
2391 5055 2565 5129 altero
2605 5055 2724 5111 libri
2753 5073 2802 5110 ts
2821 5098 2836 5122 ,
2865 5073 2921 5112 n.
2957 5056 3012 5129 ﬁ,
3047 5057 3137 5112 ubi
3163 5072 3268 5113 non
3293 5058 3404 5129 jam
3446 5055 3689 5129 personae
3712 5056 3820 5112 uni-

2246 5134 2442 5202 tatem,
2463 5125 2571 5202 sed
2598 5138 2910 5202 naturarum
2939 5125 3342 5202 distinctionem
3374 5125 3647 5202 spectans,
3687 5135 3815 5202 recte

2243 5196 2402 5252 docet
2430 5197 2702 5253 hominem
2732 5215 2762 5253 a
2792 5199 2903 5255 Deo
2924 5200 3344 5257 discernendum
3378 5196 3559 5257 i'sicut
3583 5214 3700 5257 cum
3724 5198 3815 5253 hu-

2244 5268 2428 5343 milem
2461 5269 2603 5343 illius
2646 5280 2886 5343 statum,
2939 5270 3339 5343 gloriosumqne
3382 5273 3672 5338 discernit;
3718 5284 3811 5343 non

2242 5340 2384 5394 male
2414 5340 2669 5416 praedicat
2715 5342 2780 5416 id
2797 5358 2920 5397 eum
2951 5340 3156 5416 tantum
3187 5340 3281 5414 per
3310 5355 3640 5416 postremum
3689 5342 3812 5397 obti-

2242 5426 2395 5478 nere,
2431 5422 2488 5467 ut
2507 5415 2575 5468 sit
2604 5423 2740 5470 totus
2758 5413 2912 5470 homo
2932 5425 3064 5470 totus
3085 5413 3246 5472 Deus.

2311 5506 2388 5577 (η)
2413 5505 2558 5587 E_diti
2601 5516 2723 5577 post
2748 5508 3030 5587 Erasinum
3053 5509 3140 5587 hic
3166 5509 3552 5587 subjiciuntLet
3578 5502 3813 5587 DeinVer-

2238 5582 2355 5632 bum
2366 5576 2680 5652 glossema
2695 5580 2837 5652 quod
2853 5580 3003 5636 abest
3025 5597 3057 5636 a
3085 5580 3214 5637 Bad.
3237 5576 3293 5637 e't
3318 5595 3448 5652 mss.
3465 5581 3636 5635 Porro
3647 5576 3809 5634 Clu-is-

2238 5658 2346 5704 tum
2366 5647 2624 5712 Verbum.
2643 5647 2822 5707 Iesum
2841 5661 3020 5707 autem
3049 5652 3320 5708 hominem
3337 5667 3366 5709 a
3385 5651 3560 5708 Verbo
3579 5663 3807 5717 assump-

2239 5728 2353 5796 tum
2372 5720 2611 5796 llilarius
2639 5722 2922 5796 intelligit;
2949 5722 3041 5793 qui
3070 5735 3129 5780 ut
3158 5736 3319 5796 supra
3349 5732 3540 5791 totum,
3578 5722 3648 5777 ita
3676 5726 3802 5776 nunc

2238 5790 2382 5850 aliud
2409 5789 2475 5847 ad
2504 5802 2789 5861 personam
2813 5788 3003 5850 refe-ri.
