3930 6194
562 327 666 387 591

1708 326 1715 366 ἓ
1760 323 2009 383 SANCTI
2046 324 2304 383 HlLARll
2342 325 2651 386 EPISCOPI

3748 329 3835 389 $92

565 445 893 502 contrahunt.
924 442 1237 513 Qmestioues
1256 441 1413 498 uarice
1441 442 1509 497 de
1531 440 1726 499 Christi
1755 452 1936 497 morte.
1960 472 2031 483 —
2050 441 2160 499 Vos
2187 447 2234 507 Α
2264 458 2445 500 sermo
2474 454 2574 509 est,
2608 456 2668 498 se
2687 439 3010 498 derelictum
3037 442 3446 516 conquerentis,
3475 451 3532 501 et
3551 459 3611 501 se
3637 460 3837 517 regnare

566 556 709 597 nunc
749 539 834 594 vel
878 536 1240 607 triperticntes
1265 533 1540 591 Christum
1592 536 1647 591 in
1686 535 1922 591 Verbum
1950 543 2007 592 et.
2045 535 2166 591 ani-

567 648 708 687 mam
748 642 804 687 et
847 644 1064 700 corpus,
1111 630 1194 686 vel
1230 636 1396 687 totum
1425 628 1698 685 Christum
1731 631 1897 685 Deum
1922 629 2160 687 Verbum

564 726 620 782 in
644 724 818 781 solum
850 723 1152 780 communis
1200 722 1415 795 generis
1443 722 1717 779 hominem
1755 723 2162 790 contrahentes,

566 818 671 873 hoc
714 815 871 871 nobis
922 830 1129 886 magna:
1172 815 1386 886 pietatis
1435 823 1830 871 sacramentum
1857 858 1872 883 ,
1918 815 2061 887 quod
2108 814 2164 870 in

564 925 728 968 carne
758 908 836 983 (a)
863 908 1262 964 manifestatum
1292 917 1397 976 est,
1423 910 1658 965 revelate
1686 908 1725 982 (I
1755 907 1891 963 Tim.
1924 924 2006 976 ιιι,
2037 906 2162 978 16)ε

564 1018 724 1074 quem
747 1000 1033 1058 tradiderit
1061 1002 1309 1072 spiritum
1341 1001 1613 1069 Christus,
1643 1011 1699 1058 et
1727 1003 1848 1073 quis
1888 1002 1943 1057 in
1976 1014 2168 1057 manus

565 1095 742 1153 Patris
766 1093 1234 1152 commendaverit
1263 1108 1419 1150 suum
1448 1094 1722 1165 spiritum,
1754 1103 1810 1151 et
1837 1094 1959 1166 quis
1980 1095 2035 1150 in
2068 1107 2165 1164 pa-

565 1188 748 1244 radiso
776 1187 866 1243 die
891 1185 1082 1243 eadem
1115 1186 1294 1253 fuerit,
1324 1195 1380 1243 et
1403 1186 1523 1258 quis
1548 1186 1849 1257 derelinqui
1892 1201 1953 1243 se
1998 1200 2028 1240 a
2057 1185 2170 1241 Deo

569 1291 792 1355 questus
806 1281 895 1337 sit.
918 1280 1052 1336 Nam
1081 1280 1302 1352 querela
1328 1279 1574 1336 derelicti
1625 1278 1908 1335 morientis
1939 1276 2174 1333 inﬁrmi-

572 1388 653 1432 tas
682 1385 802 1432 est:
838 1375 1125 1446 promissio
1150 1381 1329 1429 autem
1361 1372 1617 1444 paradisi,
1648 1372 1884 1428 viventis
1910 1370 2008 1428 Dei
2048 1386 2173 1442 reg-

572 1487 706 1527 num
729 1480 832 1526 est.
855 1467 1269 1526 Commendatio
1297 1468 1550 1539 spiritus,
1575 1467 2007 1525 commendantis
2042 1481 2175 1523 con-

570 1564 792 1621 ﬁdentia
813 1572 899 1621 est
924 1582 938 1621 :
969 1563 1186 1619 traditio
1210 1563 1458 1634 spiritus,
1486 1560 1770 1618 morientis
1796 1561 2042 1619 excessio
2065 1569 2171 1618 est.

524 1702 528 1708 .
574 1657 770 1727 Quazro
801 1656 999 1728 itaque,
1029 1658 1150 1727 quis
1173 1656 1436 1712 moritur?
1473 1655 1676 1727 Nempe
1704 1657 1793 1725 qui
1822 1654 1983 1711 tradit
2007 1653 2173 1726 spiri-

574 1758 710 1806 tum.
743 1747 950 1806 Deinde
989 1748 1111 1821 quis
1141 1748 1306 1805 tradit
1336 1748 1624 1819 spiritum?
1656 1746 1855 1818 Utique
1901 1747 1992 1817 qui
2027 1745 2173 1807 Patri

2265 535 2567 606 proﬁtentis
2598 552 2612 590 :
2644 549 2747 605 qua
2795 532 2959 590 ﬁdem
2987 545 3226 591 nostram
3271 533 3615 591 inﬁdelitatis
3654 538 3835 597 ratione

2263 625 2573 695 dividimus,
2608 633 2667 681 ut
2706 640 2812 682 non
2843 625 2986 682 idem
3019 626 3071 682 in
3116 635 3359 698 tempore
3373 628 3588 684 .eodem
3613 629 3681 683 sit
3707 644 3831 685 mor-

2266 726 2410 787 tuus,
2443 720 2531 790 qui
2555 727 2611 775 et
2631 727 2850 790 regnet;
2907 734 3031 775 eum
3070 717 3212 776 idem
3252 720 3369 790 ipse
3396 719 3468 775 de
3495 733 3558 777 se
3586 729 3840 794 utrumque

2268 821 2496 871 testatus
2520 815 2611 881 sit,
2642 822 2699 871 et
2733 813 3123 871 commendans
3149 814 3419 886 spiritum,
3449 823 3502 871 et
3548 815 3840 886 exspirans?

2267 908 2422 975 Quod
2453 908 2497 964 si
2527 907 2669 964 idem
2697 907 3086 965 commendans
3124 908 3370 979 Spiritum
3423 916 3589 980 atque
3636 907 3839 976 tradens,

2267 1010 2323 1057 et
2388 1016 2619 1073 regnans
2688 1002 2917 1057 moritur
2992 1011 3047 1058 et
3119 1011 3363 1057 mortuus
3448 1011 3683 1072 regnat;
3764 1002 3844 1056 ha-

2269 1097 2462 1153 bemus
2510 1096 2565 1151 in
2614 1104 2959 1153 sacramento
3009 1094 3103 1151 ﬁlii
3155 1094 3389 1151 hominis
3429 1104 3487 1151 et
3530 1093 3625 1150 ﬁlii
3654 1095 3847 1164 Dei,et

2270 1190 2408 1246 mori
2437 1197 2774 1260 regnantem,
2802 1197 2859 1245 et
2882 1203 3109 1260 regnare
3139 1188 3491 1244 morientem.

2344 1281 2435 1338 6'5.
2479 1280 2751 1354 Epilogus.
2782 1310 2854 1321 —
2879 1280 3121 1336 Absistat
3159 1278 3344 1351 itaque
3376 1278 3560 1335 omnis
3581 1278 3847 1351 irreligiosa

2272 1382 2329 1431 et
2355 1375 2521 1430 divini
2552 1374 2876 1431 sacramenti
2906 1374 3145 1445 incapax'
3167 1372 3466 1429 inﬁdelitas
3493 1371 3719 1445 (Confer.
3746 1375 3850 1427 Αιιμ

2272 1466 2437 1535 bros.,
2464 1466 2557 1522 tib.
2590 1481 2648 1532 ι,
2694 1467 2747 1521 in
2791 1464 2951 1532 Luc.,
2982 1483 3037 1521 η.
3071 1463 3165 1535 56)
3201 1484 3215 1522 :
3247 1480 3370 1536 quas
3402 1464 3583 1521 nescit
3607 1462 3848 1521 Christum

2275 1576 2386 1616 non
2413 1559 2517 1616 sibi
2545 1559 2699 1626 ﬁere,
2729 1559 2826 1615 sed
2856 1559 3036 1628 nobis,
3081 1566 3143 1613 ut
3175 1558 3444 1630 assumpti
3475 1557 3701 1613 hominis
3726 1557 3848 1614 veri-

2274 1662 2441 1710 tatem
2475 1654 2591 1724 ipse
2629 1668 2844 1725 quoque
2891 1652 3121 1709 affectus
3171 1651 3427 1709 humana:
3479 1651 3850 1709 consuetudinis

2276 1755 2560 1818 susceptus
2605 1754 3032 1817 protestaretur:
3057 1762 3177 1819 quae
3212 1747 3432 1819 ignorat
3477 1746 3739 1803 Christum
3762 1761 3851 1802 non

571 1842 976 1901 commendavit
994 1841 1243 1913 spiritum
1268 1857 1444 1897 suum.
1464 1842 1525 1897 Et
1554 1842 1599 1896 si
1618 1840 1758 1896 idem
1787 1839 1881 1911 qui
1901 1852 2178 1896 commen-
2204 1837 2252 1899 B
2280 1842 2381 1898 sibi
2415 1843 2577 1908 mori,
2615 1841 2710 1898 sed
2756 1843 2879 1898 vitaz
2923 1849 3147 1908 nostrze,
3190 1850 3251 1897 ut
3294 1856 3395 1913 per
3436 1840 3747 1897 immortalis
3776 1840 3853 1896 Dei

574 1940 743 2009 davit,
774 1938 915 1995 idem
954 1936 1173 1994 tradens
1201 1936 1449 2008 spiritum
1478 1946 1725 1992 mortuus
1747 1944 1868 1991 est:
1901 1935 2175 2004 interrogo

576 2046 759 2094 utrum
788 2050 984 2104 corpus
1016 2033 1252 2088 animam
1280 2029 1648 2095 commendet,
1681 2027 1757 2101 (ὁ)
1787 2044 1853 2084 an
1882 2027 2024 2084 Deus
2049 2042 2176 2083 cor-

575 2129 727 2205 poris
775 2124 1044 2184 animam?
1090 2124 1222 2181 Nam
1272 2123 1463 2195 spiritu
1517 2122 1829 2195 frequenter
1884 2119 2178 2193 signiﬁcari

577 2222 813 2277 animam
844 2234 951 2276 non
978 2217 1286 2288 ambiguum
1303 2226 1387 2272 est
1417 2234 1432 2271 :
1462 2215 1616 2273 etvel
1639 2230 1702 2270 ex
1736 2214 1839 2271 hoc
1866 2212 2008 2285 ipso,
2031 2213 2177 2285 quod

578 2316 735 2374 Jesus
756 2316 1049 2371 moriturus
1074 2310 1293 2368 tradidit
1317 2310 1587 2382 spiritum.
1616 2309 1671 2366 Si
1700 2308 1860 2381 igitur
1884 2309 2173 2380 quisquam

578 2408 993 2469 existimandum
1011 2404 1236 2479 putabit,
1253 2403 1620 2461 commendari
1636 2405 1870 2459 animam
1884 2417 1911 2456 a
1925 2415 2176 2471 corpore,

579 2522 612 2563 a
627 2501 971 2562 dissolvendo
987 2501 1253 2556 viventem
1265 2541 1279 2564 ,
1298 2496 1460 2570 365
1477 2496 1546 2569 (c)
1564 2513 1593 2551 a
1610 2494 2008 2567 corrumpendo
2019 2504 2179 2551 mter-

579 2612 785 2666 nam,a
837 2591 1210 2651 resuscitaudo
1260 2601 1602 2657 manentem;
1647 2599 1702 2646 et
1752 2605 1858 2646 non
1887 2586 2179 2659 ambigitur

577 2693 709 2765 quin
737 2687 879 2745 idem
904 2685 1366 2745 commendaverit
1394 2683 1642 2754 spiritum
1682 2682 1860 2750 Patri,
1892 2683 1983 2754 qui
2010 2690 2066 2738 et
2091 2680 2179 2736 die

580 2783 769 2841 eadem
814 2782 868 2836 in
898 2777 1149 2852 paradiso
1178 2775 1342 2833 fuerit
1365 2792 1486 2831 cum
1533 2775 1745 2829 latrone
1775 2792 1789 2827 :
1817 2785 1874 2830 et
1897 2788 2084 2844 qumro
2109 2787 2177 2827 an

502 2896 507 2901 '
581 2876 833 2948 sepulcro
859 2886 1132 2944 receptus,
1166 2872 1217 2926 in
1249 2868 1501 2941 paradiso
1529 2864 1823 2932 manserit;
1870 2880 1937 2919 an
1968 2879 2098 2922 vero
2125 2863 2178 2919 iu

581 2968 834 3045 paradiso
860 2980 1108 3033 manens,
1132 2961 1447 3018 derelictum
1476 2973 1536 3015 se
1566 2974 1597 3014 a
1623 2958 1734 3014 Deo
1761 2966 1985 3029 questus
2013 2956 2103 3013 sit.

651 3065 742 3121 62.
785 3060 1014 3118 Salutio.
1036 3087 1107 3099 ——
1135 3055 1286 3113 Unus
1308 3051 1389 3126 (ά)
1419 3054 1561 3109 εηίιιι
1593 3060 1753 3123 atque
1780 3052 1925 3108 idem
1957 3058 2043 3108 εει
2076 3051 2182 3107 Do-

581 3157 764 3213 minus
791 3153 950 3210 Jesus
978 3150 1257 3215 Christus,
1284 3146 1525 3203 Verbum
1564 3161 1692 3202 caro
1734 3145 1957 3215 factum,
2001 3160 2062 3201 se
2099 3145 2181 3216 ip-

2278 1942 2532 2000 mortem,
2566 1933 2876 1989 mortalium
2915 1933 3021 1989 vita
3071 1943 3367 1990 renovetur
3397 1953 3412 1990 :
3442 1951 3563 2006 qu'e
3593 1949 3695 1990 non
3722 1932 3851 1989 intel-

2279 2027 2399 2101 ligit
2422 2029 2700 2101 querelam
2727 2028 2993 2098 derelicti,
3040 2037 3094 2086 et
3136 2029 3419 2100 regnantis
3467 2027 3850 2096 conﬁdentiam;

2279 2131 2339 2177 ut
2384 2121 2526 2193 quod
2586 2123 2725 2178 Deus
2764 2132 2972 2194 regnat,
3023 2131 3078 2179 et
3129 2122 3278 2195 quod
3333 2139 3396 2180 se
3443 2123 3581 2178 mori
3623 2121 3848 2193 queritur,

2279 2212 2352 2269 sit
2379 2211 2456 2287 (1)
2488 2214 2542 2269 in
2566 2211 2643 2286 (f)
2677 2214 3031 2285 intelligentia
3062 2221 3247 2270 nostra
3273 2256 3288 2281 ,
3320 2223 3379 2271 et
3417 2214 3582 2271 homo
3625 2222 3850 2279 mortuus,

2279 2316 2335 2364 et
2359 2308 2498 2363 Deus
2526 2322 2779 2379 regnans.
2825 2308 2943 2363 Non
2991 2308 3136 2364 enim
3178 2308 3318 2365 alius
3346 2315 3436 2365 est
3465 2305 3695 2365 moriens
3718 2316 3851 2362 etre-

2278 2415 2490 2473 gnans,
2539 2416 2716 2470 neque
2770 2402 2909 2457 alius
2958 2412 3040 2457 est
3090 2402 3486 2459 commendans
3541 2401 3769 2474 spiritum
3809 2406 3851 2454 et

2283 2497 2588 2566 exspirans,
2618 2511 2795 2568 neque
2822 2497 2960 2551 alius
2986 2506 3071 2553 est
3095 2498 3340 2569 sepultus
3369 2507 3426 2554 et
3455 2510 3749 2568 resurgens,
3775 2508 3851 2549 nec

2280 2604 2386 2660 que
2417 2605 2523 2645 non
2549 2605 2688 2645 unus
2717 2597 2803 2645 est
2827 2589 3167 2647 descendens
3193 2600 3248 2647 et
3273 2590 3637 2648 adscendens.

2352 2681 2846 2756 36664.Cltristus
2858 2685 3104 2740 indiuisus
3113 2726 3125 2738 .
3135 2684 3249 2739 Hoc
3260 2686 3399 2758 fugit
3412 2686 3589 2742 steculi
3597 2684 3851 2758 prudentch

2281 2777 2492 2831 —-Audi
2515 2778 2567 2832 in
2588 2776 2689 2833 hoc
2709 2779 3017 2849 apostolicae
3035 2778 3294 2837 doctrinae
3313 2781 3581 2837 eruditam
3598 2795 3693 2836 non
3707 2776 3852 2834 carni

2282 2886 2467 2938 sensu,
2484 2870 2578 2926 sed
2595 2870 2739 2927 dono
2754 2872 2989 2943 Spiritus
3010 2872 3194 2941 ﬁdem,
3209 2889 3331 2930 cum
3347 2875 3554 2932 Grzccts
3570 2872 3847 2945 sapientiam

2283 2963 2551 3020 ctJudmis
2564 2964 2713 3035 signa
2730 2963 3076 3035 poscentibus
3090 2966 3357 3037 loquitur:
3386 2965 3498 3021 Nos
3518 2974 3678 3021 autem
3694 2960 3851 3036 pradi-

2283 3072 2457 3111 camus
2471 3054 2731 3112 Christum
2749 3055 2783 3111 J
2788 3072 2929 3111 esum
2950 3059 3088 3112 cruci
3092 3059 3276 3127 ﬁxum,
3290 3058 3322 3112 ,Ι
3330 3058 3706 3130 udwis'quidem
3726 3069 3847 3108 scan-

2284 3151 2478 3215 dalum,
2498 3150 2729 3224 gentibus
2751 3159 2920 3205 autem
2932 3151 3199 3206 stultitiam
3218 3170 3238 3220 ;
3257 3153 3385 3225 ipsis
3398 3163 3568 3208 autem
3585 3148 3757 3206 vocatis
3773 3144 3851 3200 Ju-

584 3263 704 3304 sum
732 3260 831 3318 per
861 3243 980 3300 haec
1004 3246 1255 3299 universa
1280 3238 1590 3311 signiﬁcans
1615 3256 1627 3292 :
1660 3239 1750 3311 qui
1772 3238 1901 3294 dum
1930 3238 1999 3295 ad
2026 3253 2177 3294 mor-
2206 3238 2253 3303 C
2286 3244 2410 3299 arcis
2436 3253 2587 3315 atque
2612 3242 2807 3299 ercis
2844 3244 3101 3300 Christum
3128 3243 3311 3301 Iesum
3336 3243 3438 3301 Dei
3461 3246 3685 3300 virtutem
3708 3248 3748 3294 et
3773 3234 3851 3293 Dei

583 3348 693 3396 tem
737 3336 1034 3407 derelinqui
1085 3350 1144 3391 se
1191 3333 1476 3406 signiﬁcat,
1510 3332 1671 3388 homo
1717 3341 1840 3399 est;
1879 3331 2007 3389 dum
2049 3347 2182 3388 vero

582 3432 749 3490 homo
778 3438 884 3496 est,
915 3430 967 3483 in
998 3426 1247 3498 paradiso
1276 3426 1415 3483 Deus
1440 3434 1651 3495 regnet,
1684 3439 1918 3496 regnans
1948 3440 2110 3496 porro
2130 3426 2182 3480 in

588 3526 859 3598 paradiso,
894 3522 1040 3579 Patri
1064 3519 1410 3579 commendet
1440 3519 1685 3589 spiritum
1719 3518 1812 3573 Dei
1839 3517 2013 3586 ﬁlius;
2040 3533 2187 3574 com-

588 3621 901 3679 mendatum
926 3632 1058 3675 vero
1083 3617 1230 3673 Patri
1263 3615 1534 3687 spiritum,
1564 3612 1801 3670 hominis
1842 3613 1986 3671 ﬁlius
2014 3615 2190 3671 tradat

586 3714 653 3771 ad
675 3724 926 3771 mortem.
953 3709 1092 3779 Quid
1124 3722 1267 3764 nunc
1292 3707 1361 3763 de
1386 3716 1727 3762 sacramento
1754 3707 1977 3763 facimus
1996 3717 2188 3764 contu-

590 3806 849 3864 meliam?
878 3804 952 3877 (c)
981 3802 1158 3858 Habes
1180 3801 1233 3855 in
1263 3808 1635 3871 conquerente
1669 3799 1737 3855 ad
1769 3810 1999 3857 mortem
2020 3801 2187 3856 relic-

591 3910 703 3958 tum
725 3917 785 3957 se
814 3914 957 3966 esse,
980 3898 1104 3968 quia
1119 3894 1282 3952 homo
1299 3905 1383 3951 est
1410 3912 1422 3949 :
1449 3893 1617 3949 habes
1641 3909 1787 3961 eum,
1820 3894 1909 3965 qui
1933 3896 2184 3963 moritur,

590 3996 933 4069 proﬁtentem
964 4006 1023 4048 se
1049 3991 1102 4047 in
1143 3988 1393 4061 paradiso
1432 4003 1682 4059 regnare,
1731 3989 1855 4061 quia
1901 3988 2042 4045 Deus
2077 3996 2183 4045 est.

591 4088 702 4145 Cur
724 4089 825 4143 hoc
854 4084 996 4158 quod
1028 4084 1183 4139 nobis
1210 4082 1277 4137 ad
1307 4080 1718 4152 intelligentiam
1752 4081 1940 4136 mortis
1968 4096 2079 4138 suae
2106 4081 2189 4136 lo-

590 4190 749 4239 cutus
780 4185 882 4246 est,
913 4176 1086 4234 solum
1136 4174 1204 4230 ad
1251 4173 1581 4243 impietatem
1631 4173 1969 4241 retinemus;
2010 4181 2067 4229 et
2109 4174 2182 4241 id,

592 4273 739 4346 quod
769 4273 911 4328 idem
940 4271 1006 4326 ad
1032 4268 1551 4326 demonstrationem
1600 4265 2023 4350 immortalitatis
2077 4281 2190 4324 sua:

593 4379 675 4427 est
704 4366 1001 4440 professus,
1041 4363 1315 4420 tacemus?
1367 4362 1426 4420 Si
1465 4361 1709 4434 ejusdem
1739 4376 1846 4419 vox
1872 4361 1988 4418 haec
2029 4372 2191 4434 atque

668 4508 749 4583 (l)
778 4509 942 4566 Abest
967 4507 1022 4562 in
1050 4520 1081 4561 a
1106 4517 1209 4561 ms.
1242 4510 1450 4560 nostro.

2286 3337 2590 3409 sapientiam
2619 3336 2662 3409 (l
2690 3336 2835 3405 Cor.,
2865 3354 2905 3404 ι,
2943 3338 3017 3394 25
3056 3349 3102 3393 et
3134 3338 3251 3411 24).
3283 3338 3557 3411 Numquid
3586 3335 3769 3392 divisus
3786 3336 3851 3386 est

2288 3433 2556 3499 Christus,
2589 3442 2646 3488 ut
2668 3432 2804 3489 alius
2832 3435 2900 3489 sit
2926 3433 3084 3490 Jcsus
3128 3434 3445 3503 cruciﬁxus,
3478 3433 3613 3489 alius
3640 3426 3850 3485 Christus

2289 3529 2460 3584 virtus
2485 3535 2541 3584 et
2568 3528 2832 3599 sapientia
2878 3528 3009 3584 Dei?
3047 3527 3156 3585 Sed
3202 3529 3303 3585 hac
3343 3539 3403 3586 et
3448 3525 3743 3586 scandalum
3777 3518 3851 3575 Ju-

2290 3620 2447 3687 da-is,
2476 3631 2528 3677 et
2558 3620 2779 3677 stultitia
2820 3620 3070 3693 gentibus
3113 3629 3198 3678 est
3230 3640 3244 3676 :
3279 3621 3439 3679 nobis
3494 3635 3620 3676 vero
3642 3613 3849 3671 Christus

2284 3714 2444 3771 Jesus
2476 3713 2570 3769 Dei
2597 3714 2792 3779 virtus,
2820 3714 3023 3786 Deique
3049 3716 3343 3784 sapientia;
3370 3715 3468 3772 sed
3490 3708 3738 3785 sapientia
3764 3717 3848 3759 non

2290 3806 2492 3862 mundo
2523 3806 2757 3878 cognita,
2805 3822 2907 3863 nec
2955 3808 3223 3863 intellecta
3283 3805 3635 3877 prudentibus
3676 3794 3848 3856 saeculi.

2291 3902 2355 3957 Et
2382 3917 2542 3973 quam
2582 3918 2688 3957 non
2737 3903 3007 3959 intellecta
3032 3903 3121 3971 sit,
3166 3902 3316 3958 disce
3344 3902 3537 3960 eodem
3566 3899 3713 3954 beato
3735 3893 3850 3961 APO‘

2288 3994 2432 4050 stolo
2461 3993 2678 4051 dicente
2710 4011 2723 4049 :
2757 3995 2862 4051 Sed
2890 3996 3147 4066 loquimur
3178 3993 3274 4050 Dei
3312 3995 3636 4067 sapientiam,
3680 4001 3779 4058 qm?!
3808 3982 3849 4033 ίη

2289 4100 2610 4144 sacramento
2630 4090 2879 4144 absconsa
2900 4101 2994 4156 est,
3022 4106 3176 4162 quant
3197 4088 3467 4158 praeﬁnivit
3498 4085 3629 4140 Deus
3651 4086 3755 4135 ante
3775 4086 3851 4127 sa?-

2290 4182 2409 4237 cula
2435 4182 2488 4236 in
2516 4182 2737 4254 gloriam
2764 4192 2991 4237 nostram
3019 4224 3032 4249 ,
3070 4198 3222 4253 quant
3250 4179 3331 4253 (g)
3361 4196 3508 4236 nemo
3543 4191 3605 4230 ea:
3629 4162 3848 4246 principi-

2292 4273 2385 4329 bus
2417 4275 2570 4343 hujus
2600 4275 2773 4330 διεθηιὶ
2801 4275 3034 4347 cognovit
3063 4275 3147 4329 :si
3179 4273 3315 4328 enim
3343 4270 3700 4347 cognovissent,
3729 4270 3851 4347 nm-

2293 4381 2445 4438 quam
2475 4367 2756 4425 Dominum
2776 4346 2957 4441 gloria:
2979 4367 3351 4438 cruciﬁxiuent
3382 4346 3427 4438 (ἰ
3446 4363 3586 4432 Cor.,
3610 4376 3664 4426 ιι.
3683 4357 3713 4413 7
3732 4346 3847 4421 ets}-

666 4629 745 4701 (α)
772 4624 920 4701 Lips.
943 4634 1002 4701 et
1016 4621 1139 4701 Par.
1172 4636 1293 4678 cum
1326 4625 1536 4675 vetusto
1562 4614 1749 4700 codice
1768 4615 1923 4672 Colb.
1953 4614 2195 4701 manifes:
2221 4612 2275 4675 D
2302 4620 2483 4701 na_si_us
2514 4618 2608 4701 li_b.
2637 4619 2705 4701 de
2732 4620 2943 4701 Incarn.
2974 4618 3193 4701 Christi,
3227 4621 3517 4701 pag.A650.
3546 4611 3843 4701 ιςιβίιίρειςξη

596 4688 703 4757 tum
728 4688 946 4756 'est.'Hic
971 4695 1132 4752 iidem
1156 4701 1483 4761 arguuntur,
1524 4690 1615 4759 qui
1662 4703 1824 4756 supra
1867 4704 2014 4761 num_.
2040 4688 2110 4744 49
2138 4696 2194 4743 ει

595 4772 995 4831 convincuntur
1025 4783 1131 4822 nou
1165 4758 1326 4834 posse
1356 4764 1407 4816 in
1439 4758 1840 4816 suasententia
1872 4758 2147 4830 explicare
2172 4799 2189 4828 ,

597 4842 816 4918 qumde
842 4839 1060 4918 Christo
1086 4835 1285 4918 scripta
1310 4842 1457 4888 sunt.

670 4916 747 4990 (ὁ)
775 4912 927 4990 Apud
951 4909 1081 4990 Ded.
1110 4902 1277 4990 etEr.
1306 4922 1372 4959 an
1401 4918 1588 4990 corpus
1605 4902 1832 4985 animam
1859 4918 1879 4957 :
1906 4902 2082 4990 inepta
2108 4917 2192 4990 ref

598 4974 1066 5060 peiit'io.'l.ipsius_
1094 4977 1383 5060 deindecs
1415 4974 1623 5059 _Erasmi
1653 4975 1896 5060 margine
1923 4988 2195 5060 reponens

598 5043 668 5116 an
696 5057 836 5113 Deus
860 5043 1112 5127 corporis,
1135 5048 1317 5105 omisit
1340 5047 1589 5127 animum,
1615 5061 1718 5127 nec
1749 5043 1894 5127 apud
1923 5043 2047 5127 Par.
2080 5062 2196 5100 res-

600 5134 814 5187 titutum
840 5116 1065 5184 estfﬂic
1093 5116 1148 5179 et
1174 5136 1327 5177 num.
1360 5120 1430 5176 55
1464 5135 1569 5172 non
1607 5117 1923 5187 simpliciter
1944 5116 2191 5181 animam,

599 5196 697 5259 sed
731 5216 852 5258 cum
883 5198 1137 5269 adjuncto
1162 5192 1392 5266 corporis
1414 5190 1565 5262 ponit
1589 5188 1982 5269 Hilarius,_quo
2007 5188 2198 5269 absur-

600 5275 724 5329 dam
742 5279 930 5328 caveat
949 5260 1281 5341 opinionem,
1295 5260 1635 5341 quat'uiuotat
1656 5277 1806 5341 ttum.
1828 5261 1919 5324 57,
1938 5276 2007 5341 ne
2028 5260 2190 5341 vidcl.

601 5343 765 5402 Verbi
793 5331 1432 5423 apima'ptttetur."'l‘um
1465 5334 1520 5423 in
1550 5332 1778 5423 vulgatis
1800 5347 1879 5423 [ac
1908 5331 2196 5423 plerisque

600 5433 734 5473 mss.
786 5413 925 5469 Nam
949 5403 1213 5483 spiritum:
1240 5405 1610 5483 Magisplacet
1636 5419 1771 5483 cum
1799 5403 1962 5483 (ξοιςῠἒ
1995 5411 2050 5483 et
2090 5403 2197 5458 Ite-

600 5488 729 5558 mig.
765 5484 906 5558 Nam
941 5474 1148 5558 spiritu.
1175 5479 1310 5558 cum
1336 5474 1829 5558 :spiriluttt.C‘hri_sti
1858 5474 2193 5529 divinitatem

599 5546 742 5615 illius
767 5557 941 5613 soleat
965 5546 1201 5611 Hilarius
1224 5548 1546 5617 intelligere,
1579 5547 1623 5601 si
1651 5546 1881 5602 Verbum
1903 5562 1933 5601 a
1964 5560 2193 5617 corpore

600 5638 815 5686 mortuo
839 5636 1145 5698 separatum
1171 5615 1450 5698 sensisset,
1471 5617 1819 5698 traditionem
1856 5615 2194 5698 spiritusnia:

600 5702 703 5757 cile
730 5687 1114 5771 interpretatus
1139 5701 1286 5771 esset
1321 5689 1618 5771 divinitatis
1645 5690 2051 5771 discessionem:
2083 5687 2192 5771 Sed

599 5759 1060 5842 opinionis'hujus
1085 5763 1377 5842 suspicioni
1425 5762 1625 5842 locum.
1642 5762 1844 5842 nullum
1871 5759 2192 5842 permittunt

595 5830 707 5917 jam
737 5841 901 5907 dicta,
931 5830 995 5896 ac
1020 5830 1264 5909 proxime
1287 5831 1535 5891 dicenda.
1585 5830 1792 5890 Eodem
1828 5830 1991 5889 modo
2020 5830 2193 5889 Atha-

2295 4695 2515 4764 spiritus
2531 4693 2598 4749 de
2613 4695 2808 4749 animae
2829 4693 3160 4749 discessione
3179 4684 3400 4763 eipdnit
3430 4715 3443 4751 :
3469 4684 3529 4748 ac
3550 4684 3727 4764 deinde
3742 4692 3845 4764 seu:

2298 4756 2519 4823 tentiam
2546 4802 2565 4833 ,
2604 4780 2762 4835 quam
2797 4764 3001 4820 llilario
3040 4756 3263 4835 quidam
3294 4783 3399 4823 non
3446 4764 3572 4823 satis
3600 4756 3846 4835 prudenter

2295 4822 2582 4903 aiﬁnguni,
2611 4822 2855 4905 explodit
2882 4854 2895 4890 :
2924 4822 3138 4892 adeo'ut
3164 4822 3560 4908 aspirationem
3576 4822 3707 4908 ιὲεηξο

2296 4911 2362 4963 rit
2380 4898 2581 4963 deitatis
2606 4898 2980 4979 traductionem
3003 4898 3578 4979 transmigrationemve,
3598 4898 3844 4979 sed.“in

2297 4982 2574 5052 discessum
2602 4996 2728 5035 esse.
2764 4977 2904 5034 Nam
2926 4980 2971 5034 si
2996 4990 3108 5051 post
3128 4969 3510 5052 migrationem
3531 4970 3713 5052 ἀεξζαζξδ

2300 5051 2681 5125 superuenit,...
2736 5040 3007 5120 propriam'
3041 5040 3285 5107 nimirum
3313 5063 3525 5108 mortem
3558 5041 3721 5104 obivit,
3759 5040 3843 5084 ποθ’

2301 5135 2475 5179 nostra
2502 5126 2801 5194 perfunctus
2823 5131 2918 5177 est.

2375 5216 2448 5287 (c)
2489 5190 2953 5285 Corrumpendum
2981 5224 3042 5270 ut
3068 5225 3123 5270 et
3145 5190 3838 5287 dissolvendumdici‘tﬂfﬁ?

2304 5277 2561 5343 mox'vita
2592 5277 2909 5343 cariturum.
2941 5286 3112 5343 Porro
3152 5299 3398 5345 sanctum
3425 5277 3623 5344 Domini
3652 5277 3837 5333 corrup-

2303 5360 2503 5415 tionem
2531 5373 2638 5415 non
2666 5360 2902 5414 visurum
2945 5373 3067 5414 esse
3097 5359 3329 5414 adstruit
3356 5373 3513 5432 supra
3535 5371 3584 5409 ιι.
3616 5346 3691 5404 12.

2398 5452 2454 5524 d)
2480 5452 2605 5524 Par.
2626 5466 2757 5524 cum
2787 5453 3008 5524 antiquo
3029 5451 3216 5507 codice
3242 5451 3393 5507 Colb.
3419 5462 3568 5524 unum
3587 5438 3719 5524 enim:

2398 5452 2454 5524 ά)
2480 5452 2605 5508 Par.
2632 5466 2757 5507 cum
2787 5453 3008 5522 antiquo
3029 5452 3216 5507 codice
3242 5452 3393 5507 Colb.
3419 5462 3568 5506 unum
3587 5452 3719 5498 enim.

2376 5452 2447 5595 ξε)
2480 5523 2553 5577 lta
2588 5522 2768 5594 plures
2797 5539 2931 5581 mss.
2964 5522 3221 5579 Nonnulli
3248 5537 3369 5579 cum
3387 5520 3558 5585 editis,
3581 5509 3714 5569 habet
3738 5509 3835 5553 cons

2301 5604 2611 5666 querentem.

2373 5686 2471 5762 (Ῑ)’
2492 5686 2759 5762 ξθιιίειιιει
2784 5688 2842 5762 in
2863 5703 2930 5744 ex
2956 5703 3090 5743 mss.
3122 5687 3239 5762 huc;
3255 5697 3551 5762 revocatur.

2370 5757 2453 5830 (g)
2490 5757 2711 5814 Carnut.
2744 5759 2937 5828 codex,
2969 5775 3115 5814 nemo
3158 5760 3448 5830 principum
3478 5775 3490 5811 :
3518 5759 3570 5809 et
3600 5759 3649 5802 ιιι

2299 5831 2494 5887 minuat
2521 5830 2823 5901 majestatis,
2854 5848 2956 5888 non
2979 5834 3178 5903 glorias.

3650 5754 3708 5798 ος
3747 5729 3831 5785 θοι
