3930 6194
508 315 618 384 395

1705 298 1952 367 SANGTl
1989 283 2244 359 HlLARIl
2280 274 2588 354 spissum
3690 270 3782 346 396

509 431 767 490 rectionis
807 427 1057 493 modum,
1122 437 1230 480 non
1285 429 1490 477 tantum
1541 432 1723 476 rerum
1774 415 2100 482 nominibus,

2223 410 2280 466 ait
2321 426 2355 464 a
2385 407 2617 474 mortuis,
2647 404 2925 462 saluaberis
2953 402 3130 478 (Rom.
3153 418 3210 470 x,
3239 397 3274 460 6
3295 409 3346 458 et
3371 399 3566 474 seqq.)..
3590 400 3776 459 Justum

511 532 776 595 quantum
804 529 860 578 et
881 517 1281 588 Scripturarum
1305 512 1596 569 virtutibus
1623 510 1918 567 admonens
1941 508 2109 564 conﬁ-

515 617 733 674 tendum
768 631 781 668 :
814 619 874 667 ut
898 610 1015 666 base
1049 616 1234 664 nostra
1274 615 1422 662 esset
1452 605 1506 660 in
1539 603 1656 675 ejus
1693 611 1867 658 morte
1911 599 2111 656 intelli-

511 708 713 780 gentia,
741 719 860 774 quae
888 709 1034 757 esset
1067 700 1124 755 in
1153 696 1551 770 signiﬁcatione
1571 693 1993 766 Scripturarum.
2023 691 2112 747 ln-

513 800 695 855 ﬁrmas
721 794 866 852 enim
893 794 1272 866 cogitationes,
1301 799 1358 847 et
1379 787 1727 859 scrupulosus
1748 784 1874 841 ﬁdei
1901 785 2112 840 calum-

509 891 630 947 nias
671 904 778 945 non
823 887 1156 956 relinquens,
1194 885 1356 940 ﬁnem
1396 883 1540 938 hunc
1581 887 1789 936 tantum
1831 876 2113 934 secundum

515 980 815 1052 Scripturas
845 975 1205 1050 praedicanda:
1248 974 1440 1030 mortis
1481 979 1536 1027 et
1575 968 1988 1026 resurrectionis
2016 965 2113 1023 ad-

514 1070 687 1144 jecit:
722 1085 791 1126 ne
822 1068 1060 1126 inanium
1099 1066 1524 1138 disputationum
1573 1071 1735 1126 vento
1774 1055 2110 1124 circumacti,

520 1163 605 1219 vel
649 1161 919 1216 fallacium
950 1158 1311 1231 quaestionum
1359 1155 1557 1227 ineptis
1603 1152 1830 1224 argutiis
1870 1149 2114 1222 impediti

525 1254 930 1311 intirmaremur
961 1268 975 1306 :
1009 1249 1104 1306 sed
1130 1251 1183 1305 in
1216 1248 1359 1305 hunc
1375 1264 1434 1304 se
1461 1262 1679 1317 semper
1706 1243 1980 1315 religionis
2005 1257 2116 1298 sum

511 1359 728 1420 portum
772 1346 903 1400 fides
952 1344 1117 1399 illaesa
1168 1348 1468 1406 revocaret,
1503 1348 1561 1394 ut
1587 1346 1815 1394 mortem
1849 1343 1903 1391 et
1929 1348 2116 1390 resur-

511 1438 808 1494 rectionem
850 1433 1086 1490 hominis
1113 1433 1209 1488 ﬁlii
1238 1442 1293 1488 et
1325 1433 1416 1488 Dei
1465 1429 1562 1485 ﬁlii
1607 1429 1735 1486 Jesu
1777 1425 1977 1484 Christi
2027 1442 2113 1481 sc-

509 1535 738 1591 cundum
770 1533 1071 1603 Scripturas
1097 1528 1345 1585 crederet
1372 1536 1428 1583 et
1456 1524 1808 1582 conﬁteretur
1835 1538 1850 1589 ;
1892 1522 1980 1593 pia
2015 1519 2113 1575 ad-

515 1641 705 1683 versus
761 1624 1087 1680 calumniam
1135 1618 1424 1677 resistendi
1462 1617 1756 1672 securitate
1803 1614 2112 1684 proposita,

509 1736 631 1776 cum
656 1719 730 1775 ita
757 1718 832 1792 (a)
859 1718 996 1773 mori
1027 1730 1091 1771 ac
1119 1727 1402 1784 resurgere
1444 1708 1693 1766 Christus
1720 1705 1876 1763 Iesus
1914 1703 2116 1760 intelli-

2214 503 2348 558 fides
2376 508 2747 568 consummat,
2781 499 3077 556 secundum
3108 497 3250 568 quod
3277 496 3489 553 dictum
3518 505 3599 550 est
3625 514 3639 551 :
3668 493 3774 551 Creo

2212 594 2343 649 didit
2369 594 2628 649 Abraham
2656 591 2780 660 Deo,
2825 601 2872 646 et
2906 591 3207 662 deputatum
3247 599 3323 644 est
3363 589 3412 644 ei
3451 588 3520 643 ad
3549 589 3782 664 justitiam

2215 688 2369 762 (Gen.
2407 704 2495 755 xv,
2547 687 2614 754 6;
2660 686 2813 742 Rom.
2844 700 2924 752 iv,
2967 684 3048 757 5).
3098 681 3367 755 Numquid
3413 681 3676 737 Abraham
3711 696 3785 737 ca-

2217 783 2511 838 lumniatus
2541 788 2628 838 est
2655 781 2800 848 Deo,
2831 794 2952 836 cum
2979 780 3031 835 ei
3061 778 3435 836 bmreditatem
3463 775 3716 849 gentium,
3740 785 3786 833 et

2216 875 2514 933 secundum
2543 872 2820 930 stellarum
2851 881 3013 944 atque
3033 887 3210 928 arena:
3233 869 3633 926 multitudinem
3654 885 3787 926 man-

2217 983 2358 1024 sura:
2394 983 2459 1024 ex
2499 981 2560 1024 se
2603 966 2804 1022 sobolis
2833 964 3272 1021 numerositatem
3313 962 3783 1035 pollicebaturiDe

2219 1059 2610 1131 omnipotentia
2649 1059 2793 1115 enim
2835 1056 2936 1113 Dei
2978 1056 3138 1113 Fides
3178 1055 3452 1128 Religiosa
3495 1071 3600 1112 non
3638 1056 3788 1111 ambi-

2216 1169 2370 1227 gens,
2405 1156 2652 1210 humana:
2693 1151 3021 1208 infirmitatis
3051 1166 3157 1206 non
3194 1158 3275 1207 est
3307 1149 3532 1206 detenta
3569 1149 3783 1216 naturis;

2218 1245 2313 1302 sed
2345 1245 2397 1301 id
2427 1244 2570 1317 quod
2593 1245 2646 1299 in
2677 1259 2734 1300 se
2760 1251 2878 1300 erat
2911 1242 3172 1299 caducum
3212 1249 3600 1312 terrenumque
3628 1239 3786 1312 despi-

2217 1338 2392 1406 ciens,
2425 1338 2623 1394 divinzn
2653 1337 2962 1408 sponsionis
2994 1336 3154 1392 fidem
3186 1335 3324 1390 ultra
3355 1334 3577 1390 modum
3613 1348 3786 1406 corpo-

2217 1446 2327 1487 rea:
2355 1427 2757 1486 constitutionis
2809 1429 3024 1499 excepit
3072 1446 3085 1483 :
3141 1425 3266 1498 quia
3317 1441 3652 1497 nequaquam
3702 1423 3784 1481 Dei

2218 1523 2446 1579 virtutes
2479 1523 2569 1578 lex
2600 1523 2774 1594 possit
2799 1521 3032 1576 humana
3077 1520 3374 1590 moderari,
3403 1526 3608 1575 tantum
3639 1519 3686 1574 in
3719 1517 3788 1574 ei-

2222 1613 2460 1669 ficiendo
2488 1611 2557 1688 (ί)
2588 1612 2925 1669 liberalitatis
2951 1611 3032 1685 (ἰ)
3062 1612 3173 1668 Deo
3203 1623 3492 1684 promente
3513 1653 3526 1678 ,
3556 1618 3789 1683 quantum

2221 1703 2276 1760 in
2327 1705 2645 1776 spondendo
2700 1695 3016 1760 ostenderet
3073 1705 3390 1761 voluntatis.
3449 1702 3591 1760 Nihil
3651 1703 3790 1775 igitur

509 1812 716 1886 gendus
745 1818 912 1876 esset,
941 1808 1174 1879 qualiter
1201 1806 1436 1876 scriptus
1461 1811 1565 1858 est.
1608 1799 1728 1856 Non
1766 1798 1909 1855 enim
1951 1797 2115 1852 habet
2143 1806 2192 1870 Β
2214 1798 2413 1868 justius
2443 1799 2545 1854 fide
2572 1807 2658 1855 est
2687 1815 2701 1852 :
2730 1799 2854 1870 quia
2891 1813 3013 1855 cum
3043 1799 3267 1870 aequitas
3309 1808 3479 1871 atque
3520 1797 3790 1854 moderatio

510 1905 646 1961 fides
675 1903 971 1974 periculum
999 1917 1013 1955 :
1043 1909 1100 1955 et
1119 1896 1295 1955 omnis
1319 1897 1403 1968 pia
1430 1894 1695 1966 professio
1721 1893 1773 1948 in
1799 1890 2013 1947 oceulto
2035 1889 2111 1961 (b)

513 2003 856 2053 sacramento
891 1995 981 2050 Dei
1010 2001 1122 2047 tuta
1162 2001 1265 2047 est.
1306 1989 1492 2046 Natus.
1524 2002 1591 2044 ex
1620 1984 1844 2056 Virgine
1867 1981 2118 2038 Christus

509 2101 596 2148 est
625 2107 638 2143 :
669 2089 764 2144 sed
789 2087 1072 2143 secundum
1100 2084 1400 2155 Scripturas
1449 2087 1742 2150 conceptus
1789 2075 1859 2133 de
1911 2075 2116 2146 Spiritu

511 2191 702 2240 sancto
719 2186 824 2236 est.
847 2177 1023 2234 Flevit
1041 2177 1289 2232 Christus
1315 2191 1328 2228 :
1353 2172 1451 2230 sed
1479 2172 1756 2228 secundum
1775 2167 2115 2238 Scripturas;

513 2287 572 2333 ut
597 2277 728 2331 ineo
747 2272 890 2345 quod
909 2270 1078 2336 ﬁevit,
1110 2269 1182 2342 (ε)
1198 2268 1494 2340 gratulatus
1519 2264 1608 2320 sit.
1637 2263 1704 2318 Et
1724 2258 2118 2320 esurivitCliri-

510 2379 652 2426 stus:
665 2366 762 2423 sed
774 2366 1051 2422 secundum
1065 2362 1364 2433 Scripturas
1378 2359 1493 2414 sine
1505 2357 1624 2414 cibo
1638 2356 1690 2412 in
1709 2370 1813 2409 non
1829 2351 2115 2409 habentem

513 2460 718 2518 fructus
756 2459 1001 2516 arborem
1041 2458 1182 2513 Deus
1213 2463 1469 2525 operatus
1507 2462 1610 2508 est.
1642 2450 1842 2507 Passus
1869 2445 2116 2504 Christus

513 2564 599 2613 est
629 2572 643 2610 :
673 2553 768 2610 sed
794 2551 1075 2608 secundum
1100 2548 1400 2619 Scripturas
1428 2553 1554 2601 tunc
1580 2560 1608 2598 a
1649 2541 1856 2598 dextris
1891 2536 2115 2595 Virtutis

437 2675 442 2680 ο
509 2663 761 2705 sessurus
800 2655 902 2701 est.
941 2641 1248 2711 Derelinqui
1287 2656 1349 2697 se
1379 2639 1446 2695 ad
1478 2645 1709 2694 mortem
1738 2643 1962 2705 questus
1991 2639 2113 2687 est:

508 2739 607 2798 sed
634 2737 918 2796 secundum
948 2736 1248 2806 Scripturas
1279 2741 1406 2788 tunc
1432 2730 1801 2788 confessorem
1841 2740 1998 2782 suum
2029 2737 2118 2779 se-

509 2847 630 2890 cum
657 2834 709 2888 in
732 2847 900 2904 regno
923 2829 1154 2901 paradisi
1195 2826 1419 2897 recepit.
1460 2825 1704 2880 Mortuus
1747 2830 1830 2878 est
1863 2837 1878 2874 :
1905 2818 2005 2875 sed
2035 2833 2116 2873 se-

508 2927 734 2981 cundum
760 2923 1059 2993 Scripturas
1086 2920 1250 2992 369
1279 2932 1564 2988 resurgens
1599 2932 1628 2969 a
1666 2912 1873 2971 dextris
1903 2910 2112 2967 Domini

511 3018 777 3074 Dominus
795 3015 1021 3072 assedit.
1053 3012 1113 3068 In
1146 3013 1304 3080 hujus
1337 3011 1498 3080 igitur
1523 3007 1850 3064 sacramenti
1878 3004 1983 3060 fide
2010 3003 2114 3058 vita

509 3120 628 3166 est:
662 3108 742 3182 (ά)
781 3108 1107 3163 calumniam
1127 3102 1398 3159 confessio
1425 3102 1528 3158 ista
1555 3117 1664 3157 non
1691 3099 1903 3170 recipit.

2222 1898 2563 1947 terrenorum
2592 1902 2806 1946 actuum
2844 1891 2917 1947 sit
2949 1891 3240 1961 probabilis
3262 1933 3276 1956 ,
3310 1891 3448 1946 nihil
3486 1898 3658 1946 tamen
3687 1889 3790 1960 jus-

2221 1982 2324 2038 tius
2355 1983 2560 2038 homini
2593 1980 2684 2050 sit,
2719 1997 2877 2054 quam
2907 1983 3359 2054 omnipotentiam
3402 1983 3495 2039 Dei
3520 1980 3598 2055 (g)
3625 1981 3790 2040 indeli-

2219 2076 2346 2132 nita:
2373 2075 2656 2146 potestatis
2683 2075 3037 2148 intelligentia
3067 2073 3391 2133 credidisse.

2293 2169 2381 2225 69.
2412 2168 2699 2226 Descensus
2728 2177 2775 2225 et
2804 2169 3080 2225 adscensus
3098 2167 3290 2225 Christi
3317 2169 3449 2239 ﬁdes
3478 2169 3708 2238 exigitur.
3733 2195 3793 2210 —-

2221 2263 2371 2318 Hanc
2412 2261 2597 2336 itaque
2639 2263 2693 2318 in
2743 2263 2920 2329 nobis,
2970 2277 3091 2334 quae
3135 2278 3202 2318 ex
3254 2261 3360 2317 fide
3406 2271 3510 2326 est,
3553 2261 3790 2334 justitiam

2220 2358 2508 2429 Apostolus
2555 2366 2898 2428 exspectans,
2940 2355 3164 2413 incerta:
3210 2365 3373 2428 atque
3420 2355 3597 2412 inﬁda:
3642 2355 3791 2410 ambi-

2216 2450 2435 2522 guitatis
2465 2449 2920 2520 irreligiositatem
2949 2448 3198 2517 removit,
3232 2459 3423 2505 vetans
3448 2465 3627 2504 curam
3663 2447 3792 2502 solli-

2217 2541 2338 2597 citae
2366 2541 2421 2597 in
2448 2557 2544 2597 cor
2571 2539 2914 2612 cogitationis
2944 2540 3190 2608 admitti,
3225 2540 3358 2597 dicti
3389 2540 3550 2596 etiam
3580 2541 3790 2612 prophe-

2217 2634 2307 2691 tici
2339 2635 2418 2707 (h)
2449 2636 2769 2691 auctoritate
2812 2644 3128 2690 monstrata.
3159 2634 3248 2689 Ait
3284 2634 3432 2690 enim
3463 2652 3474 2690 :
3510 2631 3591 2688 Ne
3628 2633 3792 2688 dixeris

2215 2730 2271 2784 in
2301 2729 2454 2784 corde
2500 2737 2606 2796 tuo,
2646 2731 2758 2800 quis
2800 2727 3065 2782 adscendit
3105 2729 3157 2781 in
3201 2728 3386 2782 caelum
3420 2728 3595 2801 (liam.
3624 2743 3676 2796 χ,
3711 2725 3790 2797 6)ΐ

2220 2823 2347 2879 Haec
2370 2839 2400 2877 a
2423 2823 2690 2895 Pr0pheta
2721 2822 2790 2877 ita
2817 2822 2980 2890 dicta,
3009 2822 3266 2892 subjectae
3293 2823 3581 2879 sementim
3599 2820 3790 2876 absolu-

2215 2917 2363 2974 tione
2383 2919 2748 2990 prosequitur,
2769 2917 2956 2973 dicens
2986 2933 2998 2970 :
3025 2915 3141 2972 Hoc
3169 2927 3239 2972 est
3269 2915 3532 2974 Christum
3545 2915 3698 2989 37o
3712 2914 3790 2967 de-

2218 3011 2418 3066 ducere.
2444 3010 2558 3068 Non
2590 3009 2733 3067 enim
2763 3025 2822 3066 se
2848 3011 2900 3066 in
2923 3009 3200 3067 cmlestem
3231 3008 3518 3084 (divinam)
3540 3007 3793 3066 scientiam

2219 3106 2465 3162 humanas
2488 3106 2683 3161 mentis
2712 3119 2904 3161 sensus
2934 3103 3179 3160 extendit
3210 3121 3223 3162 :
3250 3104 3352 3160 sed
3383 3117 3559 3175 neque
3582 3101 3646 3158 de
3662 3098 3785 3155 divi-

583 3201 674 3256 68.
701 3197 856 3255 Fidei
879 3197 1276 3252 commendatio.
1299 3194 1550 3253 —Certe
1575 3195 1865 3264 Apostolus
1893 3207 1999 3248 non
2026 3207 2113 3248 re-
2141 3190 2187 3255 C
2221 3199 2304 3254 nis
2373 3199 2628 3270 operibus
2689 3197 2942 3268 religiosa
3002 3196 3136 3254 ﬁdes
3191 3198 3438 3270 ιηὼὶεῑι.
3501 3196 3614 3253 Non
3669 3192 3794 3264 eguit

525 3289 740 3362 linquit,
788 3297 845 3344 ut
875 3287 1076 3359 ambigi
1115 3287 1330 3358 dicique
1375 3287 1536 3344 liceat
1585 3305 1598 3344 :
1643 3286 1890 3342 Christus
1931 3293 2110 3353 natus,

513 3398 741 3456 passus,
772 3391 1042 3447 mortuus,
1080 3394 1370 3451 resurgens
1401 3395 1508 3451 quo
1548 3379 1731 3445 modo,
1761 3394 1864 3450 qua
1893 3377 2109 3444 virtute,

515 3492 618 3547 qua
650 3474 917 3531 divisione
937 3515 952 3542 ,
983 3473 1177 3544 quibus
1205 3471 1484 3543 partibus?
1511 3472 1630 3543 quis
1662 3471 1966 3542 lacrymans
1995 3476 2099 3536 est,

513 3571 636 3641 quis
683 3568 948 3640 gaudens,
989 3567 1110 3638 quis
1153 3578 1527 3637 conquerens,
1574 3563 1696 3636 quis
1736 3562 2106 3631 descendens,

519 3660 642 3730 quis
666 3657 1041 3715 adscendens?
1069 3657 1174 3714 Sed
1204 3657 1326 3712 ﬁdei
1363 3657 1419 3712 in
1451 3657 1554 3712 hoc
1581 3655 1830 3712 meritum
1863 3671 1956 3727 per
1982 3671 2114 3710 con-

514 3751 807 3807 fessionem
841 3748 1200 3804 incunctantis
1242 3755 1447 3802 tantum
1480 3744 1762 3818 religionis
1791 3745 2109 3813 ostendens,

509 3843 607 3909 ait,
674 3842 756 3897 Ex
793 3842 895 3912 ﬁde
937 3849 1104 3895 autem
1134 3839 1343 3911 justitia
1381 3842 1454 3894 sic
1489 3840 1615 3894 dicit
1647 3855 1666 3894 :
1700 3838 1782 3894 Ne
1819 3839 2015 3894 dixeris
2058 3839 2112 3893 in

514 3937 670 3991 corde
693 3945 796 4000 tuo,
829 3935 943 4004 quis
981 3931 1246 3988 adscendit
1286 3933 1341 3986 in
1370 3933 1596 3988 caelum?
1627 3934 1724 3987 hoc
1751 3943 1824 3987 est
1848 3931 2114 3988 Christum

516 4028 785 4084 deducere.
849 4026 941 4082 Vel
995 4026 1106 4097 quis
1157 4025 1420 4088 descendit
1465 4027 1517 4079 in
1564 4025 1849 4096 abyssum?
1899 4025 1992 4079 hoc
2038 4033 2115 4080 est

517 4121 781 4177 Christum
830 4137 862 4173 a
901 4118 1116 4172 mortuis
1160 4117 1416 4172 reducere.
1451 4117 1557 4173 Sed
1595 4117 1718 4186 quid
1763 4117 1886 4171 dicit
1931 4116 2117 4188 Scrip-

521 4213 678 4267 tura.’
705 4213 782 4284 (1)
813 4210 884 4285 (e)
914 4209 1077 4266 Juxta
1116 4221 1190 4264 est
1219 4212 1424 4265 verbum
1455 4221 1597 4264 tuum
1633 4211 1686 4265 in
1717 4228 1805 4265 ore
1852 4219 1939 4269 tuo
1976 4220 2020 4265 et
2059 4213 2118 4264 in

514 4305 668 4359 corde
708 4313 814 4367 tuo,
859 4304 955 4356 hoc
997 4313 1091 4368 est,
1139 4303 1343 4356 verbum
1382 4302 1505 4372 ﬁdei
1539 4303 1674 4370 quod
1716 4303 2057 4371 praedicamus
2085 4320 2105 4359 :

517 4396 640 4465 quia
670 4396 714 4449 si
744 4397 1008 4465 confessus
1036 4395 1192 4465 fueris
1217 4395 1270 4448 iu
1299 4411 1386 4448 ore
1409 4405 1514 4457 tuo.
1547 4396 1666 4465 quia
1689 4391 1942 4450 Dominus
1961 4393 2118 4450 Iesus

2221 3289 2466 3348 Christus
2495 3293 2746 3347 humana:
2769 3291 2983 3347 virtutis
3012 3292 3239 3359 auxilio,
3273 3300 3332 3346 ut
3366 3307 3433 3348 ex
3460 3290 3552 3347 illa
3583 3286 3791 3345 beatitu-

2229 3384 2368 3440 dinis
2401 3399 2511 3440 suae
2540 3383 2602 3455 (i)
2629 3383 2759 3440 sede
2783 3383 3165 3440 adscendentis
3193 3383 3515 3455 cujusquam
3543 3381 3598 3438 in
3618 3378 3792 3435 coelum

2219 3489 2323 3548 ope
2368 3475 2728 3533 deduceretur
2773 3475 2828 3532 in
2872 3490 3115 3546 corpus:
3155 3491 3260 3530 non
3301 3475 3542 3532 exterior
3585 3476 3794 3544 potestas

2218 3583 2340 3624 eum
2367 3569 2476 3640 egit
2505 3567 2572 3623 ad
2613 3578 2803 3625 terras.
2835 3567 3153 3626 Credendus
3191 3577 3278 3624 est
3304 3569 3520 3626 venisse
3555 3563 3717 3636 qualis
3743 3566 3794 3618 et

2226 3661 2368 3716 venit
2406 3677 2418 3714 :
2453 3670 2507 3715 et
2533 3675 2661 3716 vera
2699 3663 2870 3731 pietas
2907 3668 3012 3723 est,
3053 3658 3329 3715 Christum
3362 3675 3472 3717 non
3509 3656 3794 3719 deductum.

2223 3752 2319 3809 sed
2341 3751 2760 3809 descendentem
2789 3752 3058 3808 confiteri.
3089 3751 3504 3809 Sacramentum
3530 3762 3679 3807 suum
3703 3751 3795 3811 est,

2224 3857 2279 3901 et
2307 3846 2360 3900 in
2394 3857 2657 3917 tempore.
2691 3855 2746 3902 et
2781 3847 2833 3901 in
2865 3861 3052 3917 opere.
3079 3845 3264 3916 Neque
3299 3847 3428 3918 quia
3459 3842 3613 3901 modo
3646 3837 3793 3902 venit,

2225 3937 2490 3995 deductus
2527 3955 2625 4010 per
2648 3939 2881 3995 alterum
2909 3954 3032 3996 esse
3063 3939 3368 3996 credendus
3404 3947 3488 3995 est
3519 3956 3532 3994 :
3557 3950 3653 3993 nec
3678 3942 3798 3992 tetu-

2227 4031 2426 4103 poralis
2469 4031 2586 4102 ejus
2629 4030 2891 4087 adventus
2927 4031 3180 4101 potestati
3226 4029 3545 4086 deducentis
3577 4023 3796 4083 subditus

2228 4120 2609 4193 intelligendus
2648 4130 2751 4179 est.
2787 4122 2894 4178 Sed
2939 4137 3005 4179 ne
3050 4123 3275 4178 alterius
3305 4123 3522 4196 quidem
3561 4113 3796 4187 ambigui-

2227 4215 2352 4270 tatis
2383 4214 2675 4270 inlidelitas
2706 4216 2922 4272 sinitur.
2966 4215 3098 4270 Nam
3142 4216 3402 4272 continuo
3442 4231 3505 4272 ex
3534 4213 3667 4269 dicto
3692 4220 3798 4280 pro-

2223 4306 2440 4376 phetico
2491 4307 2754 4373 subditur,
2821 4305 2915 4361 Vel
2967 4307 3082 4379 quis
3136 4307 3396 4363 descendit
3445 4307 3496 4360 in
3539 4294 3791 4376 abyssum?

2223 4401 2302 4455 Ac
2347 4416 2473 4455 mox
2513 4401 2654 4456 dicta
2697 4401 2834 4455 ratio
2873 4401 3113 4472 subjecta
3155 4410 3274 4467 est,
3305 4400 3402 4458 hoc
3436 4411 3512 4457 est
3548 4395 3783 4455 Christum

517 4500 612 4557 est,
645 4499 690 4544 et
715 4488 992 4544 credideris
1022 4488 1074 4542 in
1099 4488 1250 4544 corde
1277 4498 1364 4544 tuo
1385 4488 1506 4559 quia
1545 4487 1687 4544 Deus
1713 4489 1862 4544 illum
1892 4492 2115 4545 suscita-
2140 4478 2194 4540 D
2220 4507 2252 4544 a
2279 4494 2495 4546 mortuis
2523 4492 2763 4547 reducere
2795 4490 2972 4565 (Rom.
3003 4509 3061 4560 x,
3088 4491 3169 4564 7).
3203 4493 3453 4550 Libertas
3478 4483 3719 4548 redeundi
3738 4481 3785 4536 in

590 4652 670 4728 (i)
700 4651 866 4708 Juxta
893 4663 941 4709 te
969 4661 1062 4707 est.

592 4809 667 4883 (a)
697 4809 917 4883 illlartin.
965 4825 1066 4864 ms.
1114 4810 1334 4883 moriens
1371 4824 1746 4883 acresurgens
1775 4826 1793 4865 :
1821 4819 1878 4867 et
1929 4823 2117 4883 postea

516 4880 637 4938 cum
650 4880 656 4883 ⁷
670 4882 786 4956 Vat.
822 4884 935 4937 has.
952 4880 1326 4956 Aunotcolbet
1348 4880 1580 4956 Sorbon.
1599 4880 1848 4956 qualiter,
1865 4880 2116 4956 scriptum

517 4965 588 5009 est
610 4971 631 5037 ς
656 4954 744 5037 ubi
774 4954 1031 5037 vetustior
1075 4952 1232 5008 Colh.
1262 4968 1323 5008 ac
1355 4953 1536 5024 plures
1565 4952 1653 5007 alii
1682 4951 1900 5022 habent,
1945 4951 2116 5028 qualis

517 5035 739 5094 scriptus
765 5035 858 5078 est.

590 5095 665 5167 (ὁ)
687 5095 864 5178 _Editi,
914 5097 968 5150 in
994 5096 1196 5152 occulto
1220 5097 1526 5152 sacramenti
1553 5112 1572 5153 :
1603 5096 1959 5156 renitentibus
1996 5116 2114 5158 ma-

516 5179 826 5234 ntlscriplts.

594 5238 689 5320 (e)”
707 5237 851 5308 Lips.
897 5247 954 5320 et
993 5238 1264 5320 Par._cum
1295 5253 1409 5320 ms.‘
1437 5237 1651 5295 Martia.
1692 5250 1747 5320 et
1794 5259 1899 5296 uno
1935 5243 2107 5320 Vatis.

515 5309 834 5434 giloriﬁcatus
863 5311 924 5364 sit
953 5325 970 5363 :
998 5311 1082 5364 cui
1131 5310 1346 5365 lectioni
1389 5309 1570 5367 favent
1614 5313 1775 5368 verba
1821 5329 1969 5370 num.
2013 5312 2108 5370 56.

570 5381 683 5434 auis
715 5390 889 5434 tamen
922 5381 1088 5434 nlacet
1109 5397 1232 5434 cum
1267 5381 1420 5434 Bad..
1456 5384 1545 5434 Er.
1578 5399 1641 5434 ac
1683 5384 1954 5434 nlerismie
1978 5401 2108 5434 mss.

570 5381 685 5455 agis
715 5390 889 5455 tamen
922 5381 1420 5455 placet_cum_Bad.,
1451 5384 1545 5455 ljjrr.
1578 5399 1641 5439 ac
1683 5384 1954 5455 plerisque
1978 5401 2109 5442 mss.

514 5451 802 5520 gratulatus
831 5452 897 5507 sit
930 5467 949 5504 :
974 5453 1116 5520 quod
1136 5453 1421 5508 conﬁrmat
1447 5453 1579 5509 illud
1629 5472 1659 5509 n
1683 5451 1813 5510 ’ἑός
1849 5451 1996 5514 Sciat
2013 5473 2114 5514 nec

516 5532 726 5599 mortem
746 5520 932 5599 Lazari
961 5523 1114 5590 flere,
1132 5533 1283 5599 "quam
1304 5525 1546 5599 gaudeat.
1574 5525 1638 5580 Et
1663 5528 1835 5599 major
1863 5528 2112 5599 qumdam

516 5593 808 5666 estilet‘um
840 5595 982 5666 inter
1007 5604 1060 5648 et
1085 5593 1502 5666 gratulationem
1533 5597 1820 5666 oppositio.

592 5662 668 5726 (ιι)
699 5663 855 5716 Solus
886 5664 1058 5720 codex
1085 5663 1206 5719 Vat.
1240 5666 1354 5721 has.
1385 5662 1765 5724 contumeliam.

588 5727 661 5800 (e)
693 5731 750 5809 in
780 5734 984 5802 aliquot
1010 5737 1262 5809 mss.hic
1285 5745 1342 5792 et
1371 5737 1533 5806 inira,
1556 5741 1713 5809 juxta
1733 5752 1780 5796 te
1800 5751 1878 5796 est
1899 5742 2110 5798 uerbum

513 5809 674 5856 tuum.
714 5802 787 5858 Ex
816 5819 1011 5874 graeco,
1043 5808 1194 5880 ἐγγύς
1221 5829 1314 5864 σου
1355 5810 1413 5865 τὸ
1451 5802 1592 5886 pauit
1617 5813 1756 5870 its-rw
1782 5814 1831 5868 ia
1869 5823 1945 5891 τῷ
1987 5813 2117 5893 ard:

2290 4649 2373 4724 (2)
2399 4648 2510 4706 Deo
2541 4660 2799 4723 prompte,
2825 4650 3103 4708 mendose.

2223 4837 2372 4889 ματι,
2405 4821 2619 4938 νθὲιθτθ
2647 4813 2774 4870 licet
2789 4815 2946 4886 juxta
2971 4820 3036 4879 te,
3069 4811 3113 4867 si
3153 4812 3316 4868 modo
3354 4811 3623 4866 omittatur
3657 4813 3781 4858 suam

2226 4899 2351 4938 D081
2381 4902 2466 4938 ver
2503 4902 2608 4938 um.

2267 4899 2351 4942 OBl
2381 4899 2608 4940 vernum.

2225 4903 2351 4958 post
2381 4903 2608 4940 vernum.
3706 4942 3736 4954 η

2237 5028 2260 5029 ί
2303 4955 2372 5029 (ί)
2406 4957 2497 5012 Sic
2525 4953 3065 5029 praestantiorem}:
3101 4952 3259 5010 Colb.
3290 4971 3410 5029 cum
3441 4951 3635 5029 aliquot
3658 4945 3778 5029 aliis.

2220 5021 2417 5084 Ου’ἰέτὶ
2468 5021 2618 5090 vero,
2662 5027 2928 5081 libertatis.
2969 5026 3106 5081 Tum
3153 5029 3204 5081 in
3246 5027 3496 5081 omnibus
3536 5021 3640 5076 fere
3665 5026 3776 5069 mss.

2226 5099 2334 5170 Deo
2359 5107 2629 5170 promptw,
2660 5099 2738 5153 vel
2763 5108 3013 5170 prompte,
3048 5113 3152 5151 non
3182 5107 3460 5170 promente.
3689 5156 3699 5167 .

2299 5166 2375 5242 (g)
2421 5166 2707 5242 Antiquior
2724 5166 2876 5242 _mss.
2914 5166 3085 5242 Colb.
3125 5166 3498 5242 characatis,
3559 5177 3587 5218 θ
3631 5166 3773 5242 prima

2225 5235 2406 5302 manu,
2434 5235 2667 5312 inﬁnitw.
2693 5239 2905 5295 Martia.
2933 5239 3220 5312 inde/inita.
3248 5235 3550 5312 Lectionem
3573 5235 3779 5289 nostram

2224 5307 2552 5366 ftilliit‘l'llalll
2577 5322 2846 5382 postrema
2876 5327 3023 5366 num.
3049 5307 3124 5366 148
3155 5311 3246 5382 lib.
3281 5326 3372 5366 vui
3394 5307 3569 5366 verba.

2301 5382 2379 5453 (h)
2413 5373 2664 5437 Nonnulli
2693 5398 2821 5438 mss.
2851 5397 2972 5437 eum
2997 5381 3253 5453 vulgatis,
3280 5373 3773 5453 ratione_monstr_q1{3

2219 5438 2570 5524 corriguntur
2632 5470 2697 5510 ex
2751 5455 3056 5510 veterrimis
3091 5438 3253 5508 "Vat:
3289 5452 3431 5522 bas.,
3463 5448 3626 5511 Colb..
3662 5438 3777 5496 Ha"

2225 5527 2348 5592 tin.,
2380 5537 2483 5581 etc.

2299 5573 2362 5667 (vi)
2384 5573 2743 5667 lii-vulgatis,
2773 5596 2902 5667 sede
2941 5595 3254 5667 descendens
3288 5598 3582 5667 cujusque!!!
3620 5600 3645 5638 ε

2299 5617 2362 5667 υ)
2396 5617 2449 5649 ΙΙΙ
2493 5617 2743 5666 vulgatis,
2783 5617 2902 5651 δεῦε
2941 5617 3254 5651 descendens
3288 5617 3352 5650 cu
3379 5617 3562 5665 δείπνων·

2222 5683 2322 5736 ope
2364 5666 2722 5723 deduceretur.
2752 5665 2889 5723 Cum
2932 5666 3113 5722 allatis
3145 5617 3390 5738 Apostoﬁ
3429 5661 3562 5738 verbi

2225 5728 2482 5796 convenit
2503 5738 2686 5800 lectio.
2720 5755 2880 5808 quam
2913 5728 3236 5795 exhibemus
3261 5753 3294 5792 e
3321 5752 3448 5795 mss.
3488 5736 3536 5790 iu
3575 5728 3768 5800 quorum

2225 5809 2500 5868 nonnullis
2520 5809 2807 5878 duceretur,
2842 5827 2948 5868 non
2977 5810 3330 5866 deduceretur.
