3930 6194
182 306 275 383 391

1392 312 1481 373 os
1520 291 1895 375 mnstrare
1924 315 2132 374 uasa
2170 318 2262 376 XI.

3336 338 3443 396 593

180 440 375 501 cotlum.
400 451 461 492 ex
490 433 847 492 descendendi
876 434 929 490 in
958 438 1160 488 terram
1192 432 1447 489 libertate
1474 444 1579 490 est.
1611 436 1742 490 Am-
1767 440 1813 500 Α
1845 435 2085 505 ﬁrmitas.
2109 466 2181 478 —
2208 437 2267 493 Si
2311 436 2493 510 itaque
2534 439 2604 498 ad
2644 442 3052 517 intelligentiam
3095 452 3283 506 mortis
3329 467 3440 510 sum

182 530 371 602 higendi
398 538 569 584 autem
592 527 806 583 sublata
835 526 1117 582 cunctatio
1148 536 1228 582 est
1264 544 1277 581 :
1304 525 1381 599 (a)
1410 527 1635 582 scientia
1686 527 1738 582 in

181 626 274 681 title
296 634 396 691 est,
426 624 560 678 ratio
604 622 657 677 in
700 621 900 677 virtute
939 629 1045 689 est,
1076 621 1300 677 effectus
1338 621 1390 676 in
1432 621 1595 678 rebus
1633 630 1737 685 est.

180 733 319 776 causa
346 716 395 770 in
421 719 684 787 potestate
711 722 815 769 est.

240 811 317 866 70.
348 808 525 862 Cardie
552 806 707 862 simul
748 815 795 861 et
830 805 935 862 oris
970 803 1116 861 debet
1147 822 1255 860 esse
1291 804 1440 872 ﬁdes.
1475 803 1655 860 Brevis
1694 813 1741 860 et

180 907 326 981 facilis
349 905 412 959 ad
438 903 651 959 salutem
670 902 775 969 eia,
805 900 953 971 ﬁdes.
981 930 1054 941 —
1078 899 1188 957 Sed
1217 915 1321 955 non
1352 908 1575 956 nutante
1595 898 1662 954 ad
1690 897 1741 953 id

177 1018 295 1072 opus
315 1009 391 1057 est
417 995 768 1054 conscientia.
803 997 1094 1067 Aposwlus
1123 997 1265 1051 enim
1297 1003 1465 1051 totum
1492 995 1740 1067 Scriptu-

177 1114 241 1155 ra:
289 1095 588 1168 mysterium
646 1107 969 1163 exsequens,
1023 1092 1096 1148 ait
1150 1110 1163 1146 :
1208 1092 1373 1148 Juxta
1417 1101 1491 1146 est
1536 1091 1745 1147 verbum

179 1200 303 1245 tuum
325 1189 374 1242 in
403 1202 486 1242 ore
504 1194 590 1241 tuo
612 1186 732 1239 etin
753 1182 904 1241 corde
926 1193 1014 1239 tuo
1043 1184 1219 1256 (Rom.
1248 1200 1300 1250 x,
1326 1184 1395 1251 8;
1422 1181 1578 1238 Deut.
1603 1199 1740 1251 xxx,

179 1283 273 1355 il).
300 1281 409 1337 Non
440 1280 592 1336 tardo
621 1293 757 1351 opus
799 1289 883 1335 est
918 1278 1197 1351 petitoque
1232 1278 1388 1349 longe
1417 1278 1585 1333 verbo
1614 1292 1744 1333 con-

175 1375 422 1441 fessionis,
448 1389 546 1429 nec
573 1371 858 1428 intervallo
886 1370 1064 1443 aliquo
1091 1367 1234 1426 inter
1257 1384 1355 1425 cor
1384 1379 1547 1442 atque
1574 1385 1637 1425 os
1659 1385 1745 1426 re-

175 1467 303 1535 licto,
332 1465 553 1538 utquod
593 1466 659 1521 ad
708 1463 1158 1536 protestationcm
1201 1459 1480 1533 religionis
1520 1460 1742 1533 loquen—

175 1563 283 1620 dum
308 1562 393 1629 sit,
420 1571 522 1633 per
549 1558 838 1616 infidelem
877 1555 1281 1628 ambiguitatem
1324 1556 1610 1627 cogitetur.
1634 1553 1741 1611 Sed

175 1666 220 1711 et
264 1654 399 1727 juxta
431 1666 530 1708 nos
558 1666 681 1708 esse
725 1657 972 1721 oportet,
1025 1657 1076 1704 et
1129 1649 1178 1702 in
1218 1646 1413 1702 nobis:
1445 1660 1513 1702 ne
1563 1645 1738 1717 aliqua

174 1746 238 1820 (ι)
261 1747 388 1801 inter
413 1745 686 1816 regionem
718 1742 899 1798 cordis
924 1749 1087 1813 atque
1110 1739 1222 1795 oris
1251 1754 1424 1806 mora,
1451 1738 1583 1795 fides
1603 1738 1744 1794 forte

1842 527 1917 582 ait
1942 528 2137 595 :Deus,
2158 529 2301 587 Deus
2315 548 2480 599 meus,
2506 550 2664 603 quare
2685 553 2765 591 me
2785 538 3100 609 dereliquisti
3114 541 3141 595 Ρ
3160 551 3232 612 ει,
3261 542 3439 612 Pater,

1844 627 2144 680 commendo
2184 626 2238 680 in
2274 644 2457 684 manus
2494 639 2609 684 tuas
2634 631 2876 701 spiritum
2911 650 3082 689 meum
3112 635 3305 710 (Marc.
3344 656 3436 707 xv,

1844 714 1947 783 δὴ
1990 715 2119 772 Luc.
2167 734 2320 787 χχιιι,
2362 718 2459 793 46)
2496 739 2509 775 :
2557 723 2817 794 numquid
2864 726 3195 783 confessioni
3240 740 3441 789 nostrm

1843 808 2161 876 consulens,
2202 809 2472 866 infirmum
2519 827 2580 868 se
2622 828 2742 870 esse
2786 816 2966 885 potius
3013 817 3294 876 confessus
3337 831 3440 888 est,

1844 917 2006 974 quam
2040 918 2141 958 nos
2165 904 2446 976 ambiguos
2478 920 2583 962 non
2615 908 2874 979 reliquit?
2904 909 3252 968 Excitaturus
3284 930 3437 970 nant-

1844 1009 1948 1066 que
1987 995 2251 1053 Lazarum
2299 1006 2419 1053 orat
2452 998 2519 1054 ad
2568 998 2780 1055 Patrem
2815 1018 2827 1054 :
2859 1002 2939 1075 (1)
2972 1004 3230 1076 numquid
3280 1022 3441 1076 prece

1844 1089 1991 1159 eguit
2038 1089 2227 1145 dicens
2260 1106 2274 1144 :
2316 1089 2496 1160 Pater,
2533 1093 2730 1165 gratias
2767 1110 2865 1166 ago
2900 1094 2990 1148 tibi
3028 1096 3152 1165 quia
3186 1100 3443 1153 exaudiin

1845 1197 1926 1237 me
1973 1199 1992 1237 :
2034 1191 2081 1238 et
2120 1199 2214 1256 ego
2263 1186 2483 1239 sciebam
2525 1190 2645 1255 quia
2691 1203 2893 1258 semper
2939 1204 3018 1243 me
3058 1190 3292 1253 exaudis,
3352 1191 3443 1246 scd

1844 1285 2051 1346 propter
2100 1274 2301 1329 turbam
2338 1274 2416 1349 (f)
2446 1276 2579 1343 dixi,
2616 1285 2671 1331 ut
2703 1278 2912 1332 credant
2950 1280 3071 1348 quia
3115 1287 3171 1334 tu
3220 1298 3297 1336 me
3346 1284 3440 1336 mi-

1842 1369 1951 1422 sisti
1975 1367 2154 1439 (Joan.
2177 1384 2252 1437 xr,
2275 1368 2342 1423 41
2368 1378 2414 1424 et
2432 1368 2567 1440 4‘2)?
2592 1368 2757 1425 Nobis
2782 1371 2962 1443 itaque
2986 1373 3182 1438 oravit,
3209 1388 3277 1429 ne
3300 1374 3443 1430 filius

1840 1461 2183 1535 ignoraretur
2222 1479 2237 1521 :
2281 1474 2335 1521 et
2369 1479 2490 1520 cum
2531 1464 2632 1521 sibi
2676 1480 2784 1521 non
2828 1466 3119 1537 proficeret
3144 1467 3308 1542 372
3343 1469 3441 1523 de-

1842 1556 2170 1627 precationis
2198 1571 2400 1622 sermo,
2440 1557 2505 1612 ad
2548 1556 2847 1626 profectum
2878 1565 3061 1614 tamen
3084 1570 3286 1615 nostrae
3316 1559 3440 1617 fidei

1843 1648 2182 1719 loquebatur.
2214 1648 2325 1703 Non
2355 1651 2510 1718 itt0ps
2534 1664 2666 1720 ergo
2695 1658 2805 1704 tum
2834 1650 3017 1705 auxilii
3045 1661 3130 1706 est
3162 1670 3175 1706 :
3202 1652 3296 1708 sed
3336 1667 3435 1707 nos

1843 1755 2030 1797 sumus
2061 1741 2249 1811 inopes
2276 1741 2560 1796 doctrinm.
2583 1740 2883 1797 Clariﬁcari
2915 1757 2975 1797 se
3003 1758 3218 1813 quoque
3247 1742 3442 1814 depre-

173 1850 331 1896 nnstra
369 1855 471 1895 non
516 1838 589 1893 ita
620 1837 673 1893 in
705 1850 867 1892 sensu
900 1835 990 1902 sit,
1035 1844 1093 1889 ut
1135 1833 1188 1888 in
1227 1831 1442 1900 verbis;
1481 1830 1575 1888 sed
1606 1846 1738 1886 con-
1772 1823 1821 1884 Β
1847 1843 2018 1902 catur,
2043 1849 2103 1888 ac
2131 1849 2255 1889 mox
2278 1833 2348 1890 de
2373 1835 2515 1889 caelo
2542 1848 2643 1889 vox
2670 1834 2763 1889 Dei
2786 1834 2956 1907 patris
2982 1835 3329 1892 clariﬁcantis
3351 1852 3444 1892 au-

172 1947 289 1987 ucxs
324 1931 400 1986 ori
429 1941 593 2002 atque
631 1929 804 1996 cordi,
838 1928 1240 1983 incunctantem
1285 1922 1479 1979 habeat
1519 1931 1575 1979 et
1608 1939 1735 1979 senc

172 2022 318 2079 tiendi
340 2031 395 2079 et
419 2022 672 2094 loquendi
706 2020 1049 2092 religionem.
1075 2017 1141 2073 Et
1166 2017 1325 2089 hujus
1353 2017 1570 2087 quidem
1608 2016 1739 2071 dicti

170 2117 462 2190 prophetici,
488 2126 549 2172 ut
574 2115 628 2170 in
655 2114 891 2179 caeteris,
922 2114 1187 2166 rationem
1224 2108 1519 2180 Apostolus
1558 2108 1741 2179 subje-

168 2211 266 2268 cit:
299 2209 405 2265 Hoc
432 2218 509 2265 est
548 2207 754 2263 uerbum
792 2205 917 2277 fidei
951 2203 1088 2276 quod
1129 2200 1659 2275 prwdicamusmuiu
1698 2199 1743 2255 si

169 2302 403 2372 confessus
430 2301 597 2372 {ueris
618 2299 670 2353 in
702 2313 789 2353 ore
827 2307 915 2352 tuo
937 2297 1059 2370 quia
1091 2294 1345 2349 Dominus
1383 2302 1458 2349 est
1488 2290 1666 2358 Iesus,
1696 2302 1744 2347 et

172 2396 424 2451 credideris
462 2396 519 2449 in
560 2393 714 2447 corde
752 2401 842 2447 tuo
885 2390 1008 2459 quia
1046 2388 1185 2444 Deus
1221 2387 1375 2442 illum
1411 2385 1672 2442 suscitavit
1714 2402 1745 2438 a

174 2491 401 2557 mortuis,
439 2488 722 2544 saluaberis
762 2486 940 2559 (Rom.
974 2500 1031 2552 ι,
1071 2484 1105 2540 8
1134 2490 1182 2537 et
1230 2480 1418 2553 seqq).
1453 2478 1528 2554 (ε)
1566 2479 1745 2535 Pietas

178 2596 244 2642 est
274 2601 372 2640 non
399 2582 675 2654 ainbigcre
692 2622 709 2649 ,
741 2588 796 2636 et
817 2578 1023 2651 justitia
1049 2585 1134 2634 est
1150 2576 1395 2642 credere,
1419 2584 1474 2631 et
1488 2574 1634 2629 salus
1663 2581 1747 2629 est

169 2676 409 2733 confiteri.
439 2675 560 2732 Non
588 2675 640 2729 in
661 2673 866 2729 incerta
897 2671 1176 2739 difﬂuere,
1203 2685 1377 2741 neque
1405 2667 1472 2724 ad
1512 2666 1748 2723 stultilo-

168 2770 277 2841 qaia
321 2768 618 2832 effervere,
669 2779 850 2836 neque
895 2765 1103 2820 ratione
1156 2762 1332 2832 aliqua
1377 2761 1608 2816 virtutes
1651 2758 1746 2814 Dei

170 2862 431 2928 ventilare,
479 2875 659 2931 neque
700 2859 863 2914 modo
906 2856 1357 2913 circumscribere
1397 2860 1747 2924 potestatem,

171 2971 325 3029 neque
339 2970 528 3013 musas
547 2955 627 3031 (ά)
645 2955 698 3010 in
714 2950 1165 3023 investigabilium
1184 2954 1644 3004 sacramentorum
1666 2958 1750 2999 re-

170 3060 396 3120 tractare,
427 3050 719 3107 Dominum
759 3046 941 3103 Jesum
982 3044 1141 3116 371
1184 3039 1456 3106 conﬁteri,
1486 3049 1543 3095 et
1575 3053 1605 3092 a
1638 3037 1751 3092 Deo

171 3149 461 3203 suscitatam
481 3161 512 3200 a
534 3144 763 3201 mortuis
784 3140 1010 3198 credere
1026 3139 1172 3193 salus
1190 3146 1295 3191 est.
1308 3135 1439 3202 Quae
1458 3146 1587 3187 vero
1604 3132 1752 3186 insa-

1842 1927 2006 1984 ditur.
2043 1926 2150 1983 Sed
2197 1928 2263 1983 ad
2304 1928 2502 1983 audita:
2539 1929 2688 1983 vocis
2730 1928 3143 1984 admirationem
3171 1930 3244 1985 ait
3275 1947 3288 1983 :
3325 1930 3448 1985 Non

1844 2032 2055 2092 propter
2084 2040 2162 2078 me
2191 2024 2327 2077 venit
2356 2038 2454 2078 vos:
2480 2023 2600 2091 ista,
2633 2023 2723 2078 sed
2747 2032 2956 2096 prapter
2995 2039 3092 2079 uox
3129 2022 3311 2097 (Joan.
3346 2039 3443 2092 xtt,

1842 2116 1958 2190 30).
1980 2117 2150 2174 Nobis
2181 2117 2341 2173 Pater
2370 2126 2610 2188 rogatur,
2645 2117 2801 2174 nobis
2837 2116 2998 2173 Pater
3038 2117 3277 2188 loquitur
3313 2135 3326 2172 :
3360 2127 3447 2172 to-

1844 2215 1960 2265 tum
1989 2209 2056 2265 ad
2079 2209 2331 2265 effectum
2354 2209 2425 2265 sit
2450 2216 2651 2264 nostra:
2677 2207 3064 2264 confessionis.
3096 2209 3162 2264 Et
3188 2224 3310 2265 cum
3333 2208 3443 2264 cla.

1845 2301 2171 2358 riﬂcationis
2200 2301 2488 2373 responsio
2545 2316 2653 2357 non
2693 2301 3059 2357 obsecrationi
3091 2301 3353 2357 claritatis
3381 2303 3451 2357 sit

1847 2396 2114 2465 impensa,
2149 2394 2243 2450 sed
2266 2392 2595 2465 ignorationi
2619 2394 2950 2450 audientium
2976 2436 2991 2462 ,
3018 2394 3293 2467 quomodo
3320 2412 3452 2468 que-

1850 2489 1965 2544 rela
1997 2487 2289 2558 passionis,
2329 2489 2382 2543 in
2412 2503 2622 2543 summa
2654 2487 3020 2543 exsultatione
3048 2487 3306 2558 patiendi,
3344 2504 3450 2544 non

1848 2580 2213 2638 confessionis
2256 2592 2458 2638 nostrae
2490 2580 2783 2637 eruditioni
2814 2581 3052 2651 praestita
3083 2580 3455 2652 intelligetur?

1849 2672 2100 2731 Christus
2130 2688 2228 2745 pro
2264 2673 2714 2745 persequentibus
2756 2683 2930 2744 rogat,
2962 2672 3086 2744 quia
3116 2674 3259 2745 quod
3293 2682 3458 2746 agunt

1851 2769 2121 2825 nesciunt.
2180 2767 2429 2824 Christus
2481 2768 2549 2823 de
2598 2783 2761 2824 cruce
2821 2766 3131 2837 paradisum
3196 2768 3458 2838 promittit

1855 2861 2036 2936 (Luca:
2064 2879 2224 2929 xxm,
2253 2859 2345 2930 54,
2368 2858 2489 2933 45),
2520 2861 2603 2933 (2).)
2637 2863 2762 2932 quia
2792 2860 2934 2915 Deus
2965 2868 3172 2930 regnat.
3209 2858 3457 2916 Christus

1853 2958 1910 3012 in
1936 2971 2097 3012 cruce
2120 2969 2533 3011 consummasse
2555 2952 2737 3008 omnia
2769 2951 2909 3008 aceti
2934 2953 3125 3023 poculo
3153 2952 3459 3023 gratulatur

1853 3049 2034 3122 (Joan.
2070 3063 2179 3114 XIX,
2227 3045 2339 3120 50),
2369 3046 2493 3118 quia
2541 3046 2836 3101 moriturus
2880 3043 3182 3116 impleverit
3226 3043 3460 3114 prophe-

1856 3141 2008 3197 tiam.
2041 3139 2211 3196 Nobis
2248 3148 2407 3194 natus
2433 3146 2538 3205 est,
2567 3137 2723 3193 nobis
2751 3150 2948 3209 passus
2988 3146 3092 3200 est,
3125 3134 3283 3191 nobis
3310 3151 3456 3191 mor-

174 3239 247 3295 nia
271 3252 366 3308 est,
394 3238 573 3311 qualis
602 3244 659 3292 et
684 3232 985 3307 cuiusmodi
1008 3233 1079 3286 sit
1100 3228 1171 3303 (e)
1189 3227 1347 3285 Iesus
1376 3225 1698 3285 calumniari
1730 3242 1745 3277 :

1866 3242 1980 3291 tuus
2002 3245 2106 3301 est,
2138 3232 2294 3289 nobis
2323 3232 2642 3289 resurrexit.
2678 3230 2743 3285 Et
2773 3245 2895 3285 cum
2928 3229 3080 3285 nobis
3109 3229 3223 3284 hmc
3250 3228 3363 3283 sola
3392 3229 3462 3285 sit

173 3349 276 3390 cum
304 3334 443 3389 salus
472 3332 592 3389 sola
628 3330 720 3398 sit,
750 3326 854 3383 huc
882 3325 1059 3382 solum
1103 3322 1265 3386 scire,
1297 3319 1439 3391 quod
1482 3316 1748 3373 Dominus

172 3426 267 3482 sit?
286 3424 415 3482 Tum
444 3438 615 3497 porro
651 3422 741 3492 qui
774 3421 1027 3474 humanm
1053 3413 1327 3472 inanitatis
1359 3427 1517 3468 error
1546 3418 1651 3477 est,
1680 3409 1751 3466 de

175 3519 550 3575 resurrectione
576 3515 695 3586 ejus
720 3514 845 3569 lites
873 3526 1095 3566 movere
1125 3526 1137 3562 :
1170 3522 1291 3564 cum
1323 3504 1553 3562 sufﬁciat
1578 3505 1646 3558 ad
1672 3505 1754 3558 vi-

176 3620 292 3681 tam,
318 3612 454 3685 quod
489 3627 521 3667 a
559 3610 675 3665 Deo
713 3606 1006 3663 suscitatus
1046 3604 1119 3659 sit
1160 3598 1494 3657 credidisse?
1523 3597 1581 3654 In
1622 3596 1753 3652 sint-

172 3706 393 3777 plicitate
422 3707 609 3774 itaque
639 3700 774 3758 fides
801 3706 905 3765 est,
941 3697 995 3753 in
1026 3695 1133 3752 fide
1164 3694 1372 3767 justitia
1403 3702 1507 3759 est,
1537 3692 1590 3746 in
1618 3705 1754 3745 con-

178 3798 388 3855 fessione
425 3798 603 3871 pietas
638 3804 739 3853 est.
782 3794 897 3850 Non
945 3807 1041 3863 per
1078 3789 1332 3845 difticiles
1372 3801 1473 3843 nos
1504 3784 1648 3841 Deus
1682 3781 1750 3838 ad

178 3890 364 3949 beatam
394 3894 567 3949 vitam
591 3889 922 3962 quaestiones
962 3893 1140 3949 vocat,
1169 3896 1270 3939 nec
1310 3877 1597 3949 multiplici
1634 3876 1754 3932 elo-

178 3986 369 4057 quentia
393 3982 662 4041 facundia:
689 3995 889 4053 genere
927 3975 1202 4034 sollicitat.
1234 3972 1291 4029 In
1322 3970 1571 4028 absoluto
1598 3967 1755 4024 nobis

178 4093 234 4134 ac
258 4079 393 4136 faciti
421 4090 506 4137 est
547 4078 827 4135 aeternitas
848 4117 862 4141 ,
893 4073 1080 4130 Jesum
1111 4080 1168 4127 et
1200 4069 1517 4125 suscitatum
1546 4080 1577 4121 a
1610 4076 1756 4120 moro

180 4172 272 4227 tuis
300 4189 392 4244 per
420 4173 594 4229 Deum
617 4170 864 4235 credere,
896 4175 951 4223 et
977 4166 1151 4237 ipsum
1171 4177 1295 4220 esse
1317 4161 1603 4217 Dominum
1623 4174 1757 4214 con-

182 4264 324 4322 ﬁteri.
366 4268 540 4325 Nemo
590 4264 773 4336 itaque
804 4278 890 4326 ea,
923 4277 1042 4330 qua:
1085 4260 1156 4313 ob
1190 4258 1582 4328 ignorationem
1630 4270 1759 4309 nos-

184 4367 303 4416 tram
325 4360 462 4418 dicta
495 4371 647 4427 sunt,
678 4359 744 4416 ad
776 4355 1117 4415 occasionem
1152 4350 1571 4421 irreiigiositatis
1598 4364 1759 4405 usur-

184 4464 277 4523 pet.
326 4452 749 4528 Cngnoscendus
801 4450 943 4508 enim
993 4447 1152 4504 .lesus
1198 4444 1453 4501 Christus
1498 4454 1752 4501 mortuus

185 4556 303 4614 erat,
334 4556 390 4603 ut
412 4549 466 4603 in
499 4561 568 4603 eo
591 4545 919 4601 viveremus.

247 4639 328 4697 7i.
361 4638 514 4696 Fidei
536 4648 725 4694 nostra:
754 4634 976 4691 eruditio
1004 4642 1078 4689 est
1105 4646 1221 4703 qua:
1241 4628 1433 4687 Christi
1454 4629 1654 4685 videtur
1678 4628 1758 4683 in-
1785 4618 1839 4680 D

248 4775 322 4850 (ι)
344 4774 612 4848 Numquid
640 4787 840 4846 prerem
863 4771 1023 4843 eguit.

244 4918 424 4992 (s)6ic
444 4934 577 4992 mss.
599 4915 745 4992 Editi
761 4930 890 4992 vero
905 4909 1497 4992 sapientia._8cietitiam
1519 4917 1761 4992 nostram

184 4979 328 5047 decet
350 5007 471 5049 esse
492 4991 653 5049 sitam
685 4990 737 5044 in
762 4988 887 5053 ﬁde.
912 4979 1070 5056 cujus
1094 4982 1235 5039 ratio
1259 4997 1334 5056 ac
1350 4979 1760 5056 fundamentum

180 5060 357 5120 sith
390 5064 581 5126 virtus,
609 5060 772 5119 rebus
810 5052 879 5116 se
900 5052 1135 5128 prodens
1162 5063 1219 5128 et
1256 5052 1488 5119 effectis,
1528 5065 1764 5122 quorum

184 5145 333 5191 alia
358 5135 477 5191 sola
503 5125 624 5190 esse
646 5131 818 5201 possit
846 5125 1261 5201 omnipotentis.

248 5205 322 5276 (b)
343 5205 401 5263 in
424 5206 573 5276 prius
590 5194 808 5276 esensis
825 5211 880 5257 et
900 5194 1261 5276 aliquothmssl.
1288 5197 1421 5276 inter
1442 5194 1764 5276 religionem.

186 5263 517 5337 cietanimis
537 5290 657 5331 cum
678 5273 866 5336 Colb.,
891 5263 1080 5335 συιδ..
1102 5268 1341 5338 Remig.,
1372 5263 1609 5330 Marliti.,
1638 5263 1770 5338 Pra-

188 5345 296 5403 tsl.
336 5362 426 5420 iac
484 5346 728 5420 pluribus
772 5341 893 5403 aliis
938 5342 1089 5420 inter
1127 5336 1422 5420 regionem;
1471 5336 1771 5420 praisertim

195 5408 545 5475 cundevu'hi
568 5417 677 5473 situ
703 5428 887 5473 sermo
908 5413 1000 5480 sit,
1026 5425 1091 5469 ac
1118 5408 1197 5483 de:
1208 5410 1321 5483 Deo
1341 5408 1453 5483 jam
1479 5408 1772 5483 legerimus

192 5484 282 5544 ib.
298 5506 364 5558 as,
406 5506 554 5547 num.
580 5491 618 5545 6
646 5506 659 5543 :
690 5485 777 5543 Ita
797 5476 1053 5559 regionem
1074 5476 1425 5559 intelligentiae
1446 5476 1665 5559 excedit.

259 5548 506 5632 (si
542 5569 603 5616 et
637 5559 763 5632 Par.
816 5548 939 5632 post
1325 5549 1414 5632 hic
1454 5548 1769 5632 subjiciunt,

194 5618 506 5701 Maenia
526 5631 752 5701 creditur
786 5618 857 5684 εἶ
884 5626 1168 5701 justitiam,
1201 5638 1291 5679 ore
1316 5618 1774 5701 αιιιωῃροηίεεεξο

199 5699 251 5770 Iit
275 5702 340 5756 ad
367 5703 582 5762 salutent
616 5720 631 5761 :
661 5700 804 5759 nulla
832 5691 1154 5770 auctoritate
1178 5703 1419 5770 veterum
1446 5691 1736 5770 librorum.

259 5773 337 5897 (ἔ)
360 5759 599 5900 δύω
624 5773 718 5831 Er.
742 5785 851 5831 ms.
876 5767 1031 5827 Colb.
1053 5767 1124 5827 si
1162 5764 1349 5824 cteteri
1378 5777 1500 5819 cum
1529 5759 1658 5816 Bad.
1695 5759 1777 5812 in-

259 5860 273 5897 !
313 5862 374 5900 ua
409 5861 464 5898 ft
507 5862 571 5898 υι.

199 5844 571 5917 nauigabilium.

1856 3329 2161 3400 proprietas
2189 3327 2256 3385 ad
2285 3327 2536 3393 salutem,
2572 3335 2631 3380 ut
2675 3312 2773 3380 Dei
2811 3324 2976 3379 lilium
3004 3322 3364 3378 confiteantur
3394 3337 3462 3379 ex

1856 3422 2122 3484 mortuis;
2164 3435 2281 3488 cur,
2315 3434 2467 3487 rego,
2510 3419 2561 3472 in
2600 3416 2701 3473 hac
2728 3416 3128 3487 irreligiositate
3156 3414 3231 3488 (g)
3267 3415 3462 3470 moria-

1855 3532 2000 3582 mur,
2034 3526 2091 3572 ut
2122 3530 2243 3571 cum
2271 3510 2525 3569 Christus
2553 3512 2692 3566 intra
2735 3510 2988 3565 fiduciam
3020 3508 3323 3566 divinitatis
3347 3524 3461 3565 sua:

1857 3624 2105 3673 manens,
2136 3611 2272 3664 mori
2303 3623 2363 3663 se
2392 3622 2489 3678 per
2511 3604 2963 3679 significationem
2992 3605 3257 3676 assumpti
3291 3606 3465 3661 homi-

1858 3703 1945 3759 nis
1965 3718 2087 3757 cum
2113 3700 2405 3757 securitate
2433 3696 2720 3754 morientis
2749 3696 3072 3765 ostenderit,
3099 3697 3204 3754 hoc
3228 3697 3461 3755 maxime

1855 3796 1922 3851 ad
1944 3795 2323 3867 abnegandum
2340 3807 2462 3849 eum
2484 3793 2649 3848 Deum
2668 3791 2935 3862 proficiat.
2953 3789 3094 3863 quod
3113 3804 3172 3846 se
3188 3791 3343 3847 nobis
3363 3790 3462 3847 Dei

1858 3889 2000 3945 filius
2031 3898 2086 3944 et
2125 3886 2361 3943 hominis
2401 3885 2572 3941 tilium
2617 3894 2703 3941 est
2744 3886 3026 3956 professus
3058 3894 3113 3939 et
3151 3881 3465 3938 mortuum?

2136 4017 2493 4096 373—375
2530 4018 2740 4076 LIBER
2780 4017 3192 4077 UNDECIMUS.

1863 4159 1932 4215 In
1960 4159 2110 4231 cujus
2135 4157 2347 4214 exordio
2370 4155 2609 4210 Hilarius
2634 4152 2864 4223 exponit,
2902 4152 3059 4221 ﬁdem
3083 4151 3224 4224 apud
3244 4150 3468 4206 Arianos

1936 4269 2092 4309 unam
2125 4269 2225 4306 non
2258 4264 2407 4313 esse;
2447 4257 2494 4302 et
2533 4262 2651 4301 cum
2683 4244 2919 4300 Christus
2945 4260 3096 4300 verus
3116 4243 3259 4298 Deus
3277 4260 3339 4298 ac
3371 4241 3465 4297 Dei

1937 4347 2077 4417 ﬁlius
2094 4343 2326 4417 ignorari
2352 4344 2460 4408 iam
2482 4356 2581 4394 non
2620 4339 2783 4412 possit
2808 4380 2822 4401 ,
2861 4355 2978 4393 eum
3006 4348 3174 4392 tamen
3196 4346 3423 4392 creatum
3448 4378 3463 4404 ,

1939 4448 1985 4493 et
2008 4438 2213 4492 nomine
2241 4445 2386 4489 lenus
2419 4432 2585 4488 Deum
2608 4435 2672 4487 ab
2695 4432 2803 4488 illis
2824 4431 3036 4505 defendi
3059 4473 3075 4500 ,
3096 4431 3221 4485 dum
3249 4431 3468 4503 dispen-

1939 4532 2210 4588 sationem
2242 4528 2504 4599 assumpti
2534 4528 2781 4597 corporis
2824 4526 3038 4595 rapiunt
3066 4524 3134 4581 ad
3179 4535 3468 4582 contume-

1938 4626 2070 4681 liam
2097 4622 2415 4680 divinitatis.
2469 4619 2683 4695 Objecta
2707 4618 2890 4675 deinde
2920 4617 3074 4673 diluit
3103 4634 3168 4674 ex
3202 4618 3269 4672 iis
3308 4619 3473 4690 petita

1937 4762 2019 4837 (9)
2050 4761 2213 4829 Olim,
2236 4760 2361 4833 quia
2388 4758 2530 4816 Deus
2551 4768 2749 4831 regnet.

1945 4906 2019 4978 (ε)
2052 4905 2218 4970 Editi,
2245 4903 2279 4960 .l
2288 4919 2431 4959 esum
2454 4917 2472 4957 :
2498 4896 2843 4978 corriguntur
2868 4911 2936 4978 ex
2958 4910 3090 4951 mss.

1949 4966 2020 5054 (Ι)
2053 4966 2261 5054 Martia.
2292 4980 2632 5054 ms._propter
2651 4966 2856 5025 turbam
2882 4968 3297 5023 circumstanlem
3326 4966 3467 5037 dixi,

1868 5059 1927 5107 ul
1956 5045 2171 5105 credant
2197 5064 2301 5111 me,
2330 5045 2473 5120 quia,
2510 5053 2614 5098 etc.
2757 5110 2795 5120 n
2878 5109 2907 5120 Δ.

1951 5122 2026 5192 (g)
2060 5121 2116 5176 In
2145 5108 2397 5192 vulgatis,
2434 5108 2718 5192 moramur.
2757 5109 2989 5192 Rectius.
3021 5108 3253 5192 inﬁmas.
3283 5111 3476 5167 moria-

1873 5180 2037 5247 md}:-
2064 5190 2216 5260 quasi
2238 5180 2468 5260 diceret,
2502 5185 2570 5260 Si
2595 5185 2742 5239 satus
2781 5193 2863 5237 est
2900 5182 2992 5235 Dei
3028 5180 3200 5260 tilium
3233 5198 3301 5260 ex
3328 5197 3473 5237 mor-

1875 5262 1987 5320 tuis
2009 5252 2298 5317 excitatum
2324 5254 2597 5319 ciuiliter},
2627 5268 2772 5308 mors
2798 5261 2883 5309 est
2915 5268 3021 5306 non
3052 5252 3301 5307 conﬁteri
3337 5267 3476 5309 :cur

1877 5334 2351 5405 crgnAmoriamur,
2388 5338 2494 5405 etc.
2523 5326 2655 5383 Cum
2682 5334 2829 5405 totus
2868 5324 2980 5405 hic.
3000 5323 3135 5379 liber
3164 5325 3216 5378 in
3245 5340 3342 5378 eos
3381 5324 3475 5391 sit,

1883 5394 1974 5477 qui
2006 5403 2278 5477 Christum
2322 5397 2594 5454 infirmum
2637 5396 2866 5477 probare
2900 5394 3105 5461 volunt,
3136 5404 3193 5448 ut
3233 5410 3357 5477 eum
3373 5409 3478 5477 ve.

1882 5465 2004 5534 r'um
2049 5474 2145 5529 Dei
2195 5473 2364 5527 tilium
2408 5465 2646 5539 negent;
2685 5465 3029 5539 perspicuum
3069 5477 3155 5539 est
3189 5467 3344 5539 quod
3365 5466 3479 5539 jam

1883 5544 2327 5619 praemonuimus,
2350 5556 2454 5619 non
2476 5536 2530 5594 in
2560 5538 2653 5593 illo
2677 5536 2892 5619 conﬂigi
2913 5551 3035 5619 cum
3050 5536 3476 5619 Apolltnaristis,

1884 5609 1980 5675 sed
2020 5630 2143 5672 cum
2189 5614 2405 5669 Arianis
2454 5628 2467 5663 :
2509 5623 2738 5680 quorum
2784 5609 3046 5679 principia
3096 5618 3368 5664 mutuatus
3411 5611 3484 5665 sit

1885 5687 2252 5761 Apollinarius
2271 5682 2360 5761 _.Id
2383 5753 2396 5761 _
2414 5678 2799 5761 explicandum
2828 5680 3228 5761 yscarnationis
3279 5690 3480 5754 mystc-

1888 5749 2052 5826 riiun,
2078 5773 2189 5815 non
2210 5756 2284 5812 ad
2310 5749 2688 5811 debellanduu
2712 5750 2913 5808 (mristi
2941 5749 3301 5809 divinitatem.
