3930 6194
457 308 565 368 ’599

1664 292 1908 354 SANCTI
1937 287 2193 348 ﬂlLARll
2234 284 2538 346 EPISCOPI

3634 284 3728 342 ιοο

539 423 702 478 verbis
729 465 743 486 ,
773 437 887 490 qua:
906 421 960 476 in
985 416 1239 475 Christum
1259 422 1370 489 post
1404 412 1798 470 resurrectionis
1841 407 2060 481 gloriam
2089 407 2134 466 Α
2166 403 2484 475 prmdicans,
2518 415 2678 457 unam
2703 398 2861 456 ﬁdem
2891 405 3190 463 memorat;
3246 396 3442 454 deinde
3466 396 3616 452 unius
3637 400 3734 454 Do-

542 512 1025 582 conveniunt.Quod
1042 513 1178 567 enim
1204 519 1313 564 tum
1335 510 1407 562 ait
1430 527 1442 562 :
1463 506 1744 564 Adscendo
1766 505 1829 560 ad
1857 512 2060 575 patrem

545 624 724 666 meum
755 616 808 663 et
833 605 898 660 ad
927 612 1132 675 patrem
1152 611 1412 668 vestrum,
1445 601 1509 655 ad
1527 600 1698 655 Deum
1725 613 1926 661 meum,
1957 607 2056 650 etc.

548 703 716 773 ipsum
755 697 980 753 ostendet
1002 695 1192 749 dixisse
1221 695 1283 750 de
1307 711 1366 749 ea
1394 704 1577 748 natura
1594 734 1608 759 ,
1631 708 1733 763 qua
1759 694 1944 762 fratres
1973 690 2066 742 Ita-

541 793 650 858 bet;
674 791 804 846 sicut
831 792 895 843 de
922 804 1000 852 ea,
1032 803 1132 854 qua
1155 786 1429 858 participes
1470 784 1550 838 illi
1589 793 1704 838 sunt
1724 822 1738 848 ,
1770 781 1901 836 dixit
1931 779 2066 834 Pro-

543 887 729 956 pheta:
759 883 925 941 Unxit
951 892 1025 949 te,
1055 881 1216 949 Deus,
1255 880 1396 936 Deus
1428 889 1550 935 tuus
1575 894 1684 949 pra:
1719 875 2068 948 participibus

543 980 670 1034 tuis.
726 976 979 1046 Deinceps
1017 974 1248 1046 Apostoli
1287 972 1436 1028 verba
1479 973 1743 1042 explicat,
1787 986 1849 1025 ea:
1889 969 2070 1040 quibus

546 1071 765 1142 probare
806 1085 860 1123 se
885 1076 1096 1139 putant,
1125 1064 1386 1130 Christum
1412 1072 1467 1118 ut
1493 1079 1693 1119 seruum
1723 1061 1872 1116 Patri
1909 1061 2072 1134 subji-

551 1163 811 1230 ciendum,
843 1177 1056 1230 eumque
1083 1160 1229 1231 regni
1259 1159 1338 1213 sui
1365 1174 1624 1213 cessurum
1652 1174 1760 1212 esse
1787 1165 2032 1227 potestate
2054 1195 2072 1223 ,

549 1273 609 1310 ac
639 1266 836 1310 natura:
869 1253 1196 1307 abolitionem
1232 1266 1501 1321 passurum
1543 1266 1560 1303 :
1601 1266 1717 1303 cum
1759 1248 1901 1319 apud
1929 1249 2071 1316 Apo-

549 1347 740 1402 stolum
791 1345 909 1415 ﬁnis
953 1344 1316 1415 perfectionem
1355 1352 1398 1398 et
1441 1341 1859 1397 indemutabilem
1887 1351 2075 1394 statum

551 1453 714 1508 sonet,
745 1459 847 1496 non
887 1440 1247 1504 abolitionem;
1288 1456 1376 1494 nec
1397 1439 1541 1509 regni
1573 1437 1778 1492 traditio
1804 1434 1942 1489 Filio
1963 1451 2076 1488 ma-

550 1541 626 1609 gis
651 1536 846 1590 adimat
868 1533 1119 1606 regnandi
1147 1543 1476 1604 potestatem,
1506 1549 1660 1604 quam
1691 1529 1838 1584 Patri
1869 1530 2080 1600 eripitur

551 1629 840 1698 pr0prielas
868 1643 1045 1682 eorum
1074 1641 1190 1697 quia
1222 1623 1360 1678 Filio
1387 1623 1631 1687 tradidit;
1652 1638 1712 1676 ac
1735 1622 1940 1676 demum
1959 1619 2080 1674 sub-

538 1722 697 1794 jectio
725 1719 1121 1789 dispensationis
1149 1719 1236 1785 sit,
1262 1734 1362 1771 non
1390 1717 1672 1772 serritutis.
1720 1714 1853 1770 Tum
1882 1714 2082 1788 subjec-

2166 495 2293 549 mini
2322 509 2482 549 unam
2517 493 2674 548 ﬁdem
2707 507 3034 557 memorans,
3066 507 3228 547 unum
3257 491 3416 546 etiam
3452 490 3531 563 (9.)
3559 490 3738 559 baptis-

2166 602 2250 641 ma
2281 586 2649 642 demonstrat:
2699 596 2756 639 ut
2781 600 2903 640 cum
2939 586 3096 640 unius
3126 583 3336 638 Domini
3371 598 3474 639 una
3519 582 3642 638 ﬁdes
3667 599 3740 638 es-

2166 686 2284 746 set,
2339 680 2494 733 unius
2543 693 2640 750 per
2692 676 2794 732 hoc
2839 677 2961 733 ﬁdei
3016 675 3086 749 (ε)
3136 677 3187 730 in
3236 676 3520 731 Dominum
3569 691 3737 741 unum,

2169 788 2332 828 unum
2355 782 2566 828 essetet
2594 770 2878 842 baptisma.
2923 771 2988 826 Et
3026 770 3151 841 quia
3171 778 3566 826 sacramentum
3599 785 3742 825 omne

2169 875 2224 920 et
2251 863 2500 934 baptismi
2539 871 2591 919 et
2621 862 2768 927 ﬁdei,
2796 873 2852 918 ut
2881 863 2935 919 in
2961 878 3065 917 uno
3087 861 3315 917 Domino
3343 902 3361 929 ,
3394 862 3466 916 ita
3495 868 3550 916 et
3573 861 3620 915 in
3649 860 3744 916 Deo

2173 975 2279 1016 uno
2323 968 2442 1024 est;
2493 957 3019 1014 consummationem
3066 956 3180 1027 spei
3229 965 3433 1011 nostra:
3479 954 3629 1009 unius
3662 953 3746 1010 Dei

2175 1050 2514 1123 professione
2539 1049 2802 1106 conclusit
2826 1065 2839 1101 :
2873 1059 2930 1103 ut
2957 1063 3119 1102 unum
3151 1047 3415 1118 baptisma
3439 1055 3492 1102 et
3512 1045 3639 1101 ﬁdes
3657 1061 3745 1100 una

2174 1143 2314 1200 sicut
2338 1143 2496 1198 unius
2526 1142 2762 1207 Domini,
2791 1142 2864 1198 ita
2895 1151 2947 1196 et
2971 1141 3065 1196 Dei
3087 1148 3232 1196 esset
3254 1141 3434 1194 unius.
3461 1136 3605 1195 Unus
3623 1137 3746 1193 enim

2177 1244 2404 1307 uterque
2431 1243 2514 1292 est
2537 1277 2552 1301 ,
2597 1250 2703 1289 non
2739 1234 2938 1288 unione
2965 1275 2979 1298 ,
3028 1232 3121 1287 scd
3161 1231 3528 1304 praprietate:
3569 1229 3684 1285 dum
3706 1238 3752 1284 et

2179 1329 2467 1399 unicuique
2499 1327 2774 1398 proprium
2807 1335 2892 1381 est
2939 1333 2996 1379 ut
3035 1339 3174 1380 unus
3216 1324 3288 1378 sit
3312 1364 3326 1389 ,
3378 1321 3462 1377 vel
3493 1319 3627 1377 Patri
3649 1336 3752 1376 esse

2179 1422 2324 1495 quod
2354 1431 2504 1492 pater
2532 1431 2614 1477 est
2640 1463 2656 1488 ,
2685 1421 2770 1476 vel
2796 1418 2933 1476 Filio
2961 1433 3084 1474 esse
3114 1417 3258 1490 quod
3288 1416 3434 1472 ﬁlius
3458 1426 3540 1472 est
3559 1399 3594 1481 ;.
3615 1424 3666 1470 et
3691 1415 3751 1480 id,

2181 1517 2323 1591 quod
2351 1528 2577 1588 uterque
2609 1517 2660 1571 in
2688 1515 3020 1586 proprietate
3047 1528 3140 1567 sua
3170 1526 3309 1567 unus
3339 1519 3448 1578 est,
3475 1523 3755 1565 sacramenc

2185 1621 2296 1668 tum
2326 1609 2547 1668 unitatis
2577 1608 2643 1664 ad
2675 1617 2966 1678 utrumque
2994 1616 3104 1661 est:
3132 1604 3255 1676 quia
3279 1613 3334 1661 et
3360 1620 3499 1660 unus
3530 1603 3758 1658 Dominus

2184 1705 2434 1762 Christus
2465 1705 2578 1759 Deo
2609 1703 2749 1774 patri
2774 1716 2880 1756 non
2913 1709 3087 1772 potest
3113 1699 3327 1754 auferre
3356 1697 3498 1768 quod
3531 1696 3760 1751 Dominus

555 1815 707 1869 tionis
747 1815 890 1868 illius
917 1815 1130 1868 modum
1156 1829 1216 1865 ac
1239 1827 1423 1866 causas
1445 1811 1686 1883 exponit,
1731 1825 1946 1878 eamque
1981 1823 2082 1861 non
2114 1791 2164 1853 Β
2192 1807 2293 1863 est.
2323 1807 2378 1853 et
2405 1809 2542 1851 unus
2573 1795 2714 1851 Deus
2745 1805 2897 1864 pater
2927 1793 3017 1848 uni
3048 1792 3275 1848 Domino
3302 1790 3522 1847 Christo
3553 1805 3650 1844 non
3688 1789 3761 1843 in-

553 1905 684 1972 Deo,
715 1906 799 1960 cui
823 1906 951 1959 nihil
977 1905 1132 1971 deest,
1166 1902 1296 1958 nihil
1321 1903 1539 1969 accedit,
1563 1919 1664 1956 non
1692 1900 1738 1955 1Γ
1740 1903 1829 1956 ilio
1852 1901 2083 1973 unigeni-

557 2011 630 2065 to,
673 2000 762 2070 qui
785 2014 926 2068 teque
949 1997 1326 2052 indemutabilis
1349 2007 1440 2062 est,
1479 1997 1568 2052 sed
1609 1995 1752 2050 nobis
1783 1996 1895 2051 uuis
1924 1996 2082 2066 proﬁ—

561 2109 673 2149 cere
712 2093 958 2148 declarat.
1020 2091 1142 2146 Non
1171 2101 1244 2147 est
1273 2091 1526 2147 silendum
1551 2091 1688 2162 quod
1717 2090 2081 2162 Hieronymus,

555 2185 898 2240 ab’Amando
953 2185 1241 2256 presbytero
1289 2194 1498 2257 rogatus
1528 2185 1650 2256 quid
1681 2191 1823 2256 apud
1860 2185 2086 2239 Paulum

558 2277 655 2332 sibi
692 2278 811 2331 velit
837 2276 1010 2331 illud:
1051 2275 1277 2346 Oportet
1302 2277 1445 2333 enim
1478 2291 1601 2332 eum
1642 2292 1868 2348 regnare
1913 2277 2087 2334 donec

562 2377 727 2440 ponat
743 2384 930 2424 omnes
953 2369 1196 2424 inimicos
1221 2383 1368 2437 suos,
1389 2379 1508 2435 etc.,
1532 2370 1760 2424 rescribit
1784 2371 1932 2441 epist.
1960 2371 2083 2426 N7:

559 2462 722 2516 Miror
753 2471 806 2518 te
829 2461 930 2517 hoe
951 2476 980 2516 a
1012 2477 1097 2516 me
1125 2477 1367 2532 qumrere
1393 2461 1628 2518 voluisse
1653 2503 1668 2525 ,
1702 2479 1822 2517 cum
1867 2473 2088 2518 sanctus

560 2553 793 2610 Hilarius
823 2553 1154 2609 Pictavensis
1184 2554 1479 2624 Episcopus
1502 2553 1844 2609 undecimum
1887 2554 2086 2609 librum

558 2657 746 2703 contra
773 2645 1003 2702 Arianos
1031 2646 1132 2703 hac
1159 2647 1456 2718 qumstione
1477 2657 1532 2704 et
1556 2647 1825 2704 solutione
1851 2649 2092 2719 comple-

561 2739 722 2795 verit.

564 2921 616 2975 l.
654 2917 772 2976 Una
800 2929 854 2974 ut
890 2919 1118 2986 Domini,
1151 2919 1222 2973 ita
1244 2927 1292 2972 et
1320 2914 1414 2971 Dei
1443 2917 1596 2971 unius
1625 2926 1699 2972 est
1741 2915 1889 2986 ﬁdes.
1932 2912 2093 2968 Pater

501 3022 551 3068 et
581 3009 628 3066 F
631 3013 752 3066 ilius
791 3029 924 3066 unus
959 3010 1118 3064 Deus.
1146 3041 1215 3050 —
1244 3009 1438 3064 Totum
1464 3017 1624 3080 atque
1644 3008 1948 3064 absolutum
1972 3006 2092 3062 ﬁdei

499 3103 824 3175 evangelica:
851 3109 1248 3158 sacramentum
1299 3099 1587 3156 multifario
1613 3100 1905 3169 Apostolus
1949 3108 2090 3153 trac-

2188 1891 2446 1964 telligitnr
2478 1899 2677 1963 negare
2701 1892 2843 1964 quod
2877 1893 3021 1948 Dens
3047 1901 3129 1947 est
3157 1908 3169 1943 :
3199 1904 3320 1945 cum
3347 1890 3390 1944 si
3423 1903 3516 1960 per
3541 1887 3610 1952 id,
3638 1884 3761 1957 quod

2188 1987 2327 2040 Deus
2355 2001 2491 2041 unus
2517 1996 2618 2053 est,
2648 2001 2754 2042 non
2785 1995 2839 2042 et
2866 1985 3081 2041 Christo
3113 1983 3393 2055 proprium
3437 1996 3556 2038 esse
3581 1980 3766 2036 videtur

2188 2093 2244 2137 ut
2274 2083 2414 2138 Deus
2453 2083 2560 2148 sit;
2596 2097 2816 2138 necesse
2837 2090 2922 2136 est
2948 2097 3042 2150 per
3072 2080 3122 2135 id
3152 2122 3165 2145 ,
3193 2077 3339 2149 quod
3371 2091 3508 2132 unus
3534 2073 3762 2132 Dominus

2187 2173 2432 2230 Christus
2453 2185 2556 2241 est,
2589 2190 2694 2230 non
2727 2183 2781 2228 et
2807 2175 2919 2228 Deo
2943 2170 3025 2243 (ά)
3052 2172 3291 2226 debitum
3315 2185 3443 2226 esse
3468 2167 3763 2238 intelligatur

2191 2275 2246 2321 ut
2280 2266 2542 2321 Dominus
2567 2267 2670 2333 sit;
2699 2267 2742 2320 si
2774 2265 2823 2320 id
2855 2306 2870 2331 ,
2899 2264 3042 2332 quod
3073 2277 3211 2319 unus
3237 2271 3354 2330 est,
3384 2261 3457 2335 (e)
3489 2276 3590 2317 non
3615 2271 3769 2314 sacra-

2191 2357 2358 2413 menti
2389 2358 2456 2412 sit
2483 2357 2846 2427 signiﬁcatio,
2901 2355 2995 2411 sed
3047 2356 3266 2410 unionis
3309 2354 3578 2424 exceptio.
3624 2349 3770 2406 Unius

2191 2452 2371 2523 itaque
2397 2452 2559 2525 375
2593 2451 2825 2516 Domini,
2855 2450 2996 2506 sicut
3020 2448 3177 2505 unius
3203 2449 3296 2503 Dei
3329 2448 3519 2520 patris,
3559 2455 3611 2502 et
3629 2457 3766 2500 unum

2192 2544 2456 2615 baptisma
2488 2555 2542 2600 et
2571 2542 2706 2598 ﬁdes
2731 2559 2836 2598 una
2869 2553 2969 2599 est.

2263 2636 2316 2690 2.
2371 2636 2526 2691 Fides
2563 2653 2667 2691 una
2716 2653 2816 2690 non
2859 2645 2930 2690 est
2977 2634 3041 2689 de
3067 2633 3272 2690 Christo
3299 2631 3678 2690 dissidentibus.
3712 2653 3773 2671 -

2194 2729 2354 2786 Fides
2382 2741 2559 2784 autem
2587 2744 2690 2784 una
2717 2729 2826 2799 jam
2863 2742 2973 2782 non
3001 2737 3080 2783 est
3109 2768 3127 2795 ,
3169 2727 3216 2781 si
3249 2741 3359 2782 non
3408 2740 3569 2782 unum
3615 2721 3773 2778 Domi-

2197 2841 2322 2880 tunn
2352 2833 2406 2878 ct
2434 2839 2604 2878 unum
2638 2823 2805 2878 Deum
2834 2833 3037 2892 patrem
3063 2821 3116 2876 in
3139 2821 3492 2877 conscientia:
3513 2814 3774 2890 professio-

2197 2934 2264 2975 ne
2295 2918 2562 2973 retinebit.
2614 2915 2792 2972 Unum
2827 2932 2958 2972 vero
2989 2916 3278 2970 Dominum
3329 2923 3392 2970 et
3441 2928 3596 2970 unum
3626 2910 3774 2966 Deum

2199 3023 2402 3084 patrem
2435 3011 2704 3084 quotnodo
2735 3011 2871 3067 ﬁdes
2908 3026 3029 3082 quae
3061 3025 3168 3064 non
3199 3024 3300 3064 una
3349 3017 3439 3065 est
3477 3001 3776 3064 conﬁtetur?

2199 3107 2315 3164 Una
2345 3115 2521 3162 autem
2572 3107 2622 3160 in
2674 3114 2821 3160 tanta
2870 3103 3306 3174 prmdicationum
3355 3101 3661 3159 diversitate
3680 3097 3775 3168 jam

495 3207 617 3252 tans
643 3237 657 3261 ,
707 3197 820 3250 lucc
847 3210 1062 3266 quoque
1110 3195 1251 3250 inter
1288 3203 1483 3250 castera
1527 3193 1724 3248 divina:
1767 3191 2094 3263 cognitionis
2125 3177 2170 3240 C
2211 3216 2315 3256 non
2344 3201 2449 3254 erit
2472 3240 2486 3264 ,
2534 3199 2576 3252 si
2606 3198 2746 3252 alius
2774 3195 3058 3251 Dominum
3086 3194 3270 3250 Jesum
3293 3193 3565 3250 Christum
3594 3232 3608 3256 ,
3638 3202 3777 3260 pene-

494 3297 763 3358 prmcepta
791 3287 856 3341 ad
891 3287 1155 3357 Ephesios
1177 3297 1260 3342 est
1287 3287 1498 3343 locutus
1523 3303 1536 3338 :
1570 3285 1716 3341 Sicut
1743 3295 1792 3340 et
1817 3301 1902 3339 ros
1928 3285 2092 3340 vocati

496 3384 616 3438 estis
637 3381 688 3436 in
715 3398 818 3436 una
844 3398 934 3452 spe
964 3381 1246 3436 vocationis
1272 3392 1468 3434 vestrm.
1519 3378 1663 3433 Unus
1691 3377 1960 3444 Dominus,
1989 3395 2094 3431 una

497 3480 647 3548 ﬁdes,
685 3475 764 3549 (l)
791 3491 948 3530 unum
973 3474 1244 3546 baptisma,
1271 3489 1402 3527 unus
1428 3471 1567 3528 Deus
1586 3483 1633 3526 et
1664 3482 1810 3543 pater
1839 3473 2092 3538 omnium,

497 3571 577 3642 (a)
598 3581 644 3626 et
667 3587 756 3642 per
772 3586 945 3624 omnes
966 3579 1012 3623 et
1035 3569 1089 3621 in
1111 3568 1343 3622 omnibus
1365 3564 1510 3619 nobis
1533 3563 1752 3637 (Ep/tes.
1773 3579 1846 3631 tv,
1867 3563 1922 3631 4,
1945 3564 2088 3637 etc.).

501 3664 616 3720 Non
647 3665 788 3718 enim
820 3662 1085 3733 ambiguis
1135 3677 1232 3716 nos
1278 3670 1332 3715 et
1358 3659 1602 3713 erraticis
1634 3657 1925 3713 indeﬁnita:
1965 3658 2092 3715 doc-

501 3757 658 3811 trinae
687 3754 880 3810 studiis
906 3754 1194 3824 dereliquit
1221 3795 1235 3818 ,
1267 3754 1347 3808 vel
1395 3752 1610 3808 incertis
1642 3753 1981 3822 opinionibus
2013 3752 2099 3809 in-

501 3851 657 3923 genia
688 3851 922 3906 humana
953 3848 1028 3922 (b)
1063 3847 1306 3918 permisit
1333 3887 1348 3912 ,
1397 3847 1608 3902 statutis
1637 3864 1734 3919 per
1761 3864 1820 3904 se
1848 3858 1902 3904 et
1925 3862 2095 3920 oppo-

506 3944 624 4000 sitis
654 3940 896 3998 obicibus
945 3940 1248 3996 libertatem
1300 3938 1666 4008 intelligentia:
1701 3939 2097 4012 voluntatisque

504 4036 872 4095 concludens:
907 4044 966 4090 ut
1007 4049 1197 4105 sapere
1228 4049 1327 4089 nos
1349 4075 1362 4100 ,
1397 4032 1499 4088 nisi
1543 4032 1607 4087 ad
1642 4033 1695 4089 id
1724 4041 1924 4089 tantum
1956 4035 2100 4105 quod

505 4131 854 4204 prtedicatum
881 4145 911 4184 a
937 4145 996 4184 se
1023 4128 1218 4194 fuerat,
1246 4143 1352 4182 non
1375 4126 1598 4191 sineret,
1631 4141 1751 4181 cum
1786 4142 1879 4196 per
1904 4126 2098 4182 deﬁni-

504 4235 614 4278 tam
661 4221 782 4278 ﬁdei
837 4217 1236 4276 indemutahilis
1280 4216 1720 4273 constitutionem
1770 4218 1916 4273 credi
1944 4219 2102 4275 aliter

505 4325 668 4388 atque
691 4314 849 4369 aliter
871 4329 976 4367 non
1001 4311 1203 4366 liceret.
1233 4309 1408 4366 Unum
1432 4311 1611 4382 itaque
1631 4309 1785 4366 nobis
1811 4309 2100 4368 Dominum

580 4453 666 4527 (l)
701 4450 874 4527 Quum
894 4448 1219 4527 baptismum.

2205 3303 2380 3347 trante
2404 3291 2609 3362 palmas
2630 3292 2802 3354 clavo,
2835 3288 3162 3343 inﬁrmitatis
3184 3297 3388 3343 nostra:
3411 3285 3594 3343 credet
3613 3282 3778 3338 dolore

2201 3385 2510 3456 gemuisse,
2580 3393 2634 3438 et
2682 3392 2928 3452 egentem
2976 3389 3181 3436 natura:
3223 3395 3337 3436 sua:
3417 3376 3776 3451 potestatisqne

2205 3477 2399 3531 virtute
2423 3517 2436 3540 ,
2471 3473 2796 3530 imminentis
2819 3473 2927 3544 jam
2967 3474 3070 3529 sibi
3099 3473 3290 3528 mortis
3323 3470 3565 3527 timuisse
3590 3468 3662 3540 (3)
3685 3477 3775 3521 ter-

2209 3586 2332 3626 rore
2359 3569 2474 3641 (f):
2516 3569 2560 3623 si
2585 3569 2744 3624 etiam
2770 3567 2844 3632 id,
2875 3566 3016 3638 quod
3043 3565 3337 3636 principale
3365 3573 3473 3631 est,
3499 3572 3668 3618 natum
3697 3571 3780 3613 ne-

2208 3662 2356 3732 gabit
2380 3702 2393 3725 ,
2428 3670 2482 3716 et
2513 3671 2753 3716 creatum
2782 3659 2960 3730 potius
2991 3658 3342 3729 praedicabit:
3389 3657 3431 3710 si
3461 3656 3622 3711 Deum
3659 3649 3782 3707 dicet

2204 3755 2394 3826 magis,
2426 3770 2585 3824 quant
2617 3754 2874 3824 intelliget
2899 3770 2914 3818 ;
2957 3752 3080 3823 quia
3105 3761 3160 3807 et
3186 3752 3264 3823 (g)
3292 3750 3428 3806 deos
3457 3751 3558 3806 dici
3587 3745 3779 3812 religio-

2204 3865 2323 3904 sum
2352 3861 2454 3914 est,
2495 3860 2547 3904 et
2575 3849 2743 3905 Deum
2770 3847 2991 3918 intelligi
3013 3845 3206 3902 divinat
3230 3854 3440 3901 natura:
3467 3837 3770 3900 conscientia

2205 3953 2308 4000 est.
2347 3942 2463 3998 .lam
2491 3959 2620 4014 ergo
2652 3958 2757 3998 non
2797 3958 2934 3998 unus
2965 3952 3046 3998 est
3076 3941 3335 3996 Dominus
3355 3940 3603 3998 Christus
3631 3933 3702 4004 (ι)
3741 3930 3779 3986 si

2204 4034 2284 4109 (It)
2310 4035 2398 4091 alii
2433 4045 2488 4091 ut
2514 4037 2655 4092 Deus
2687 4051 2792 4092 non
2822 4035 2989 4100 dolet,
3023 4035 3110 4088 alii
3139 4043 3194 4088 ut
3218 4032 3466 4089 inﬁrmus
3491 4032 3668 4092 timet;
3701 4020 3779 4078 alii

2205 4133 2273 4186 sit
2297 4145 2365 4186 ex
2403 4139 2609 4197 natura,
2646 4130 2733 4184 alii
2763 4144 2826 4184 ex
2853 4128 3173 4199 cognomine
3201 4129 3374 4183 Deus:
3421 4136 3474 4183 et
3503 4123 3588 4180 alii
3612 4137 3671 4178 es
3693 4132 3776 4190 ge-

2207 4225 2510 4291 neratione,
2537 4223 2625 4278 alii
2653 4238 2719 4279 ex
2747 4222 3106 4293 appellatione
3136 4221 3207 4276 sit
3237 4220 3395 4276 ﬁlius.
3419 4219 3488 4276 Et
3508 4231 3599 4289 per
3622 4212 3669 4268 id
3695 4224 3770 4266 ne-

2207 4334 2312 4391 que
2338 4319 2480 4374 Dens
2507 4327 2659 4389 pater
2685 4332 2822 4376 unus
2868 4316 2921 4372 in
2957 4315 3062 4372 ﬁde
3087 4323 3170 4372 est
3193 4355 3208 4384 ,
3249 4315 3294 4371 si
3339 4314 3462 4370 aliis
3491 4313 3732 4384 potestate
3751 4338 3768 4370 ›

2281 4454 2360 4524 (5)
2394 4455 2684 4510 Terrorem.

709 4517 1029 4594 Baptismttm
1090 4518 1176 4574 hic
1234 4527 1287 4574 et
1333 4517 1470 4574 infra
1519 4526 1831 4576 constanter
1859 4521 1910 4578 in
1961 4522 2102 4581 libro
2129 4565 2184 4628 Β
2390 4528 2450 4582 Si
2477 4528 2623 4582 aliud
2644 4527 2802 4583 Deus.

504 4608 714 4656 110811³0.

579 4691 656 4777 (α)
685 4691 1034 4777 llemovimus
1058 4687 1182 4777 hinc
1201 4728 1228 4777 ,4
1249 4685 1519 4777 quomodo
1548 4695 1604 4741 et
1631 4687 1725 4742 lib.
1750 4702 1840 4777 vin
1869 4728 1887 4777 ε
1917 4704 1972 4770 n.

508 4758 597 4836 qui
623 4758 695 4818 est
716 4779 868 4836 super
889 4777 1084 4826 omnes,
1113 4774 1234 4836 eum
1265 4772 1327 4811 ea
1355 4758 1512 4812 verba
1546 4773 1653 4813 non
1674 4769 1885 4814 exstent
1915 4761 2018 4814 nisi
2051 4762 2104 4815 in

512 4829 620 4892 uno
645 4829 946 4890 recentiore
978 4846 1079 4884 ms.
1109 4829 1265 4884 Coll).

581 4906 657 4978 (b)
689 4904 745 4960 In
778 4919 877 4959 ms.
915 4903 1034 4955 Vat.
1065 4901 1180 4954 bas.
1212 4899 1508 4978 commisit.“
1535 4899 1654 4978 Mox
1684 4900 1824 4971 apud
1853 4900 2000 4972 Lips.
2052 4911 2108 4958 et
2144 4906 2149 4911 ’

509 4969 719 5035 Porcia
746 4978 1046 5038 libertatem,
1077 4985 1357 5041 perperam
1386 4969 1571 5026 addito
1598 4970 1671 5026 in.

583 5048 656 5122 (ο)
687 5048 774 5103 Sic
805 5063 939 5122 mss.
962 5044 1260 5122 elegantius
1299 5056 1457 5112 quam
1505 5042 1740 5113 vulgati,
1789 5045 1842 5097 in
1882 5042 2107 5099 Domino

511 5116 668 5174 unum
697 5128 822 5173 esset
849 5128 894 5171 et
921 5116 1190 5182 baptisma.

588 5190 667 5260 (ά)
689 5189 845 5260 Apud
875 5188 1028 5255 Bad.,
1067 5187 1156 5260 Er.
1202 5194 1256 5260 et
1287 5184 1338 5239 in
1371 5199 1475 5241 ms.
1506 5185 1626 5240 Vat.
1659 5185 1772 5260 bas.
1806 5187 2062 5260 demptum
2090 5205 2103 5242 :

509 5257 655 5330 quod
722 5257 938 5330 praeﬁxa
1006 5257 1279 5330 particula
1335 5264 1564 5330 negante
1619 5258 1825 5312 admitti
1898 5261 2104 5330 nequit.

511 5328 762 5388 Proxime
807 5342 933 5387 ante
982 5330 1036 5384 in
1085 5328 1311 5399 vulgatis
1341 5369 1357 5397 ,
1412 5328 1518 5382 Deo
1569 5330 1721 5399 patri.
1753 5329 1920 5385 Abest
1967 5328 2106 5401 patri

509 5418 539 5456 Ω
569 5419 697 5458 mss.

587 5475 658 5543 le)
702 5474 758 5530 ω
803 5484 920 5536 est,
968 5487 1072 5527 non
1127 5472 1197 5526 sit
1247 5469 1571 5541 signiﬁcatio
1609 5472 1956 5542 proprietatis
1985 5487 2107 5542 quae

515 5547 645 5601 nulli
698 5547 850 5600 alteri
903 5543 1285 5600 communicari
1333 5543 1536 5613 pthsit,
1595 5544 1690 5598 sed
1724 5545 1937 5598 unionis
1987 5560 2108 5613 quae

515 5616 938 5683 singularitatem
968 5617 1200 5669 inducat.
1232 5612 1384 5680 Quod
1415 5624 1592 5668 autem
1617 5616 1921 5669 sacramenti
1941 5612 2108 5670 volca-

515 5684 642 5756 bulo
673 5701 1018 5755 personarum
1045 5685 1342 5756 proprietas
1390 5684 1721 5754 signiﬁcetur
1744 5726 1761 5752 ,
1808 5687 1976 5756 liquet
2021 5685 2108 5742 vel

515 5771 582 5811 ex
613 5754 715 5812 hoc
741 5757 832 5812 lib.
867 5772 950 5821 ix,
979 5754 1158 5811 n.31:
1188 5754 1460 5810 Auctorem
1488 5757 1766 5814 nativitatis
1789 5754 1900 5813 esse
1928 5773 2114 5814 sacra-

517 5839 742 5883 mentum
759 5836 1025 5899 paternum
1053 5833 1144 5882 est.

2284 4685 2354 4831 (Ι)
2385 4688 2472 4746 Sic
2506 4705 2635 4744 mss.
2667 4689 2733 4744 At
2759 4688 2912 4751 editi,
2944 4699 3212 4744 terrorem.
3722 4747 3733 4759 θ

2307 4762 2361 4831 g)
2397 4761 2524 4814 Bad.
2555 4771 2609 4815 et
2640 4762 2727 4816 Er.
2758 4763 2888 4815 duos
2925 4761 3047 4815 dici.
3102 4761 3236 4816 Tum
3276 4773 3399 4816 eum
3427 4748 3732 4831 reliquisedt

2397 4761 2524 4814 Bad.
2555 4771 2609 4815 et
2640 4762 2727 4816 Er.
2758 4748 3047 4834 duos’dici.
3102 4761 3236 4816 Tum
3276 4773 3399 4834 gum
3427 4748 3772 4834 reliquisedit.

2211 4822 2545 4904 aeipluribus
2562 4847 2706 4904 _mss.
2753 4833 3095 4904 irreligiosum
3127 4843 3221 4888 est.
3275 4830 3484 4904 Exinde
3513 4822 3622 4890 Er,
3645 4822 3772 4904 Ιέρξ-

2211 4912 2266 4957 et
2295 4886 2439 4969 Dan,
2472 4886 2716 4957 etDeum
2737 4921 2839 4958 non
2859 4886 3110 4974 intelligi:
3134 4886 3274 4958 lenm
3315 4903 3455 4974 absit
3485 4916 3580 4954 non
3607 4886 3634 4948 ιι
3659 4886 3773 4974 Bittio

2211 4983 2267 5029 et
2297 4990 2397 5029 ms.
2435 4979 2604 5030 Antea
2639 4991 2850 5044 quoque
2885 4972 3224 5044 prtetnlimns
3251 4973 3640 5044 religiosum_est
3663 4972 3775 5044 aut};

2215 5046 2430 5100 toritate
2457 5029 2586 5100 mss.
2617 5029 2796 5108 Clolb...
2827 5029 2989 5101 Crirn.
3021 5057 3076 5100 et
3099 5045 3284 5102 Germ.
3316 5029 3427 5099 Haec
3472 5042 3662 5112 quippe
3689 5029 3776 5086 sibi

2217 5119 2360 5172 vult:
2409 5118 2462 5171 Si
2492 5118 2763 5172 Christum
2795 5118 3011 5172 nomine
3039 5130 3194 5172 tenus
3221 5117 3366 5171 dicet
3396 5113 3568 5186 potius
3592 5149 3606 5172 .
3634 5113 3774 5186 (item

2217 5188 2270 5242 in
2298 5187 2522 5244 veritate
2549 5188 2812 5259 intelliget
2843 5191 3044 5256 Deum;
3097 5191 3170 5244 nil
3219 5180 3466 5258 magnum
3507 5180 3774 5259 eiprtestg:

2218 5261 2291 5314 hit
2318 5302 2332 5325 ,
2379 5263 2453 5313 uti
2483 5250 2787 5316 declaratur
2836 5261 2928 5314 lib.
2972 5250 3158 5316 contra
3193 5250 3427 5314 Auxént.
3461 5273 3514 5312 n.
3556 5250 3638 5325 10,
3663 5250 3772 5325 (12η

2219 5323 2352 5386 ﬁdes
2377 5346 2438 5384 ac
2467 5333 2887 5402 religio‘patitnr
2913 5332 3096 5400 plures
3124 5331 3229 5386 dici
3259 5331 3426 5394 deos;
3460 5323 3664 5402 ntenim
3688 5323 3775 5402 [{3-

2219 5383 2352 5456 ἣκιὲῖ
2399 5383 2649 5470 ἑρίέιὶὶῒτ(
2677 5383 3228 5471 7
3249 5383 3341 5456 lib.
3367 5383 3425 5451 Vt:
3474 5397 3601 5453 Hist.
3632 5383 3769 5471 est}le

2218 5455 2266 5526 c.
2300 5455 2355 5526 ll
2385 5455 2644 5541 ,V'hahet,
2682 5455 2899 5528 uenien—
2920 5455 3223 5528 deorumret
3249 5455 3467 5543 Angelis
3497 5478 3543 5521 et
3567 5455 3771 5543 omnilft“

2219 5544 2405 5598 sanctis
2433 5561 2462 5596 a
2496 5543 2602 5597 Deo
2632 5545 2881 5600 donatum
2901 5554 2994 5600 est.
3045 5546 3148 5602 Sed
3182 5540 3501 5600 conscientia
3530 5543 3677 5603 atqu?
3699 5540 3770 5580 ιη’

2219 5619 2318 5670 sita
2351 5616 2506 5668 nobis
2531 5613 2729 5670 divina:
2757 5628 2963 5673 naturae
2990 5600 3175 5671 notitia
3215 5631 3320 5671 non
3364 5613 3530 5677 sinit,
3574 5600 3626 5661 ut
3651 5600 3772 5656 Deus

2220 5686 2449 5759 essentia
2463 5688 2779 5759 etreritate
2810 5689 3135 5759 intelligatur
3162 5687 3266 5759 nisi
3294 5699 3448 5759 unus.

2293 5755 2374 5829 (lt)
2401 5757 2542 5814 Editi
2561 5799 2574 5822 ,
2604 5759 2650 5812 si
2687 5759 2830 5814 aliud
2858 5745 3008 5814 Deus
3022 5776 3126 5814 non
3155 5758 3322 5825 dolet,
3354 5751 3493 5810 aliud
3523 5745 3770 5825 inﬁrmus:

2223 5837 2328 5886 etc.
2361 5845 2374 5884 :
2414 5829 2774 5888 emendantur
2803 5846 2870 5889 ex
2898 5846 3032 5887 mss.
