3930 6194
213 266 312 326 401

1398 267 1486 325 DE
1527 266 1897 327 TBINITATE
1932 268 2137 327 LIBER
2177 268 2268 327 X1.

3397 273 3500 329 402

215 387 328 444 aliis
347 385 692 458 generatione
725 395 876 456 pater
905 385 1144 442 creditur
1171 428 1185 454 ,
1217 384 1341 458 quia
1376 385 1454 456 (a)
1486 395 1542 443 et
1581 387 1801 444 univer-
1825 393 1877 454 Α
1903 388 1972 444 sit
2000 389 2051 444 in
2083 390 2437 460 generatione
2479 389 2621 460 quod
2673 400 2825 461 pater
2872 400 2974 448 est.
3028 356 3333 448 Laudantes
3380 392 3497 463 qui-

216 497 394 538 sorum
421 489 571 552 pater
613 482 755 536 Deus
785 480 874 536 sit.
904 479 1020 536 Jam
1051 495 1213 552 porro
1237 481 1358 552 quis
1387 481 1624 552 ambiget
1651 492 1803 536 extra

217 574 372 629 ﬁdem
401 588 522 629 esse
551 614 565 638 ,
594 573 854 645 quidquid
881 579 1037 628 extra
1071 572 1232 628 fidem
1261 589 1419 628 unam
1451 573 1568 629 est?
1597 573 1718 644 quia
1751 573 1804 630 in

216 665 316 721 ﬁde
343 680 447 720 una
479 677 532 721 et
580 681 714 720 unus
758 665 1014 720 Dominus
1061 665 1306 721 Cbristus
1329 707 1344 730 ,
1396 675 1448 720 et
1481 667 1622 724 Deus
1653 675 1806 736 pater

219 774 350 815 unus
377 760 468 814 sit.
502 757 649 815 Unus
673 770 850 814 autem
879 759 1141 815 Dominus
1162 757 1410 816 Christus
1433 777 1536 816 non
1562 763 1800 828 nomine,

215 852 301 907 sed
335 851 462 918 ﬁde,
494 849 570 924 (l)
593 850 670 922 (ὁ)
700 867 834 906 unus
864 860 946 906 est
975 851 1146 906 ﬁlius:
1181 853 1274 907 sed
1302 854 1344 906 si
1375 853 1514 908 Deus
1536 855 1627 919 sit,
1657 854 1702 908 si
1735 858 1809 908 in-

216 943 552 1000 demutahilis
579 943 692 1008 sit,
739 943 787 998 si
833 957 938 998 non
979 943 1266 1014 aliquando
1293 943 1524 1000 defuerit
1551 947 1634 1001 vel
1667 945 1806 1000 Deus

220 1053 334 1093 esse
367 1037 448 1092 vel
479 1036 639 1092 ﬁlius.
687 1037 787 1105 Qui
837 1037 998 1108 igitur
1041 1038 1196 1092 aliter
1227 1037 1502 1094 Christum
1531 1055 1692 1110 quam
1724 1051 1802 1094 εει

217 1128 518 1201 praedicabit
544 1171 558 1195 ,
609 1127 678 1200 (c)
731 1129 784 1184 id
827 1138 912 1184 est
935 1171 950 1194 ,
998 1145 1097 1184 nec
1130 1131 1298 1185 ﬁlium
1328 1146 1426 1187 nec
1453 1132 1618 1187 Deum
1650 1146 1803 1198 esse;

220 1221 375 1276 alium
423 1221 693 1278 Christum
746 1223 1082 1294 praedicabit.
1134 1223 1240 1280 Sed
1294 1223 1372 1295 (d)
1416 1239 1516 1279 nec
1551 1224 1604 1278 in
1651 1225 1807 1281 unius

217 1315 461 1386 baptismi
492 1315 599 1373 ﬁde
627 1331 730 1370 una
781 1326 892 1371 est:
941 1315 1065 1386 quia
1114 1315 1410 1371 secundum
1438 1315 1806 1386 Apostolicam

222 1409 515 1464 doctrinam
562 1408 682 1480 ejus
724 1409 884 1464 unius
909 1408 1162 1479 baptismi
1191 1410 1325 1466 ﬁdes
1353 1427 1458 1465 una
1484 1420 1567 1466 est
1591 1452 1605 1477 ,
1655 1410 1808 1482 cujus

223 1515 352 1555 unus
386 1499 649 1555 Dominus
678 1510 733 1556 et
761 1500 858 1555 Dei
882 1501 954 1555 sit
984 1501 1126 1556 ﬁlius
1154 1501 1403 1558 Christus
1422 1546 1436 1570 ,
1462 1514 1517 1558 et
1544 1506 1683 1560 Deus
1710 1505 1798 1560 sit.

269 1597 429 1668 376
444 1599 498 1653 3.
520 1596 751 1652 Christus
767 1598 944 1669 negari
949 1602 1065 1670 jam
1085 1601 1254 1668 nequit
1269 1615 1286 1653 :
1300 1615 1411 1653 cur.
1438 1598 1809 1654 Praedicandus

218 1699 287 1745 est
305 1690 473 1758 qualis
499 1690 602 1760 ﬁde
622 1690 870 1746 creditur.
897 1720 970 1731 —
998 1689 1118 1746 Non
1141 1693 1287 1746 enim
1316 1693 1497 1764 negari
1516 1692 1626 1761 jam
1652 1692 1810 1748 Chri-

1906 482 2031 539 dem
2061 484 2257 540 merito
2287 484 2358 539 ita
2388 524 2404 550 ,
2436 494 2488 539 ut
2515 483 2736 555 dignum
2767 493 2872 550 est,
2922 484 3093 540 Deum
3122 492 3332 555 patrem
3359 526 3376 552 ,
3406 499 3498 537 ua-

1907 584 2040 632 turae
2087 577 2290 632 scilicet
2335 593 2456 632 eum
2497 592 2619 633 esse
2647 577 2938 634 inaccessae
2967 617 2984 645 ,
3037 576 3496 648 inconSpieabilis,

1905 668 2254 735 inviolabilis,
2285 668 2688 732 inenarrabilis.
2719 669 2962 736 inﬁnitae,
2994 669 3238 738 provida:
3265 710 3279 734 ,
3310 678 3500 740 poten-

1907 760 1998 827 tis,
2029 761 2290 833 benignm,
2316 763 2551 829 mobilis,
2584 763 3024 829 transcurrentis,
3057 761 3327 818 manentis
3350 762 3491 817 intra

1905 864 2198 926 extraque,
2231 858 2483 912 etomnia
2513 856 2566 911 in
2598 857 2848 912 omnibus
2876 857 3156 913 sentientis
3183 874 3196 910 :
3247 855 3341 911 sed
3372 869 3495 910 cum

1907 947 2166 1017 adjiciunt
2197 948 2262 1003 ad
2291 950 2806 1018 supereminentiam
2836 950 3032 1015 laudis,
3073 951 3247 1006 solum
3276 949 3499 1015 bonum,

1907 1040 2079 1095 solum
2119 1050 2416 1111 potentem,
2447 1041 2624 1096 solum
2656 1042 3042 1109 immortalem,
3076 1043 3196 1112 quis
3227 1057 3334 1098 non
3363 1040 3505 1097 hanc

1910 1134 2227 1205 religionem
2256 1133 2578 1190 laudationis
2618 1135 2887 1206 intelligat
2919 1149 2986 1191 eo
3020 1133 3242 1190 tendere
3266 1176 3280 1201 ,
3311 1146 3366 1189 ut
3399 1134 3507 1189 Do-

1910 1226 2089 1283 minus
2115 1227 2274 1283 Jesus
2317 1227 2563 1283 Christus
2610 1238 2760 1284 extra
2793 1228 2933 1284 hanc
2977 1227 3046 1299 (f)
3081 1225 3505 1295 beatitudinem,

1910 1333 2030 1389 qua:
2058 1319 2159 1374 soli
2191 1320 2301 1375 Deo
2333 1335 2429 1391 per
2457 1321 2829 1390 exceptionem
2857 1320 3026 1375 solius
3053 1318 3292 1375 defertur
3316 1319 3382 1373 ad
3412 1319 3507 1373 ho-

1911 1426 2121 1476 norem,
2157 1426 2378 1468 manens
2409 1411 2524 1482 ipse
2553 1423 2608 1468 et
2637 1412 2880 1467 mortalis
2906 1420 2960 1467 et
2987 1403 3229 1466 inﬁrmus
3258 1418 3312 1466 et
3338 1409 3510 1465 malus

1911 1505 2001 1572 sit,
2033 1505 2156 1558 dum
2186 1505 2236 1559 in
2283 1505 2365 1558 his
2391 1505 2548 1561 Pater
2573 1505 2723 1561 solus
2752 1505 2876 1561 est?
2934 1505 3000 1560 Et
3028 1506 3077 1560 ei
3110 1505 3311 1560 idcirco
3355 1513 3511 1559 natu-

1914 1598 2041 1653 ralis
2065 1599 2225 1671 377
2260 1615 2326 1655 ex
2357 1600 2468 1655 Deo
2499 1609 2648 1671 patre
2674 1601 2928 1656 nativitas
2947 1600 3245 1672 abnegatur
3275 1641 3290 1666 ,
3319 1616 3387 1655 ne
3416 1614 3511 1667 per

1911 1694 2312 1761 generationem
2343 1691 2422 1765 (g)
2453 1707 2515 1747 ea
2560 1694 2612 1748 in
2660 1708 2725 1748 eo
2774 1708 2893 1763 qua:
2945 1693 3205 1749 naturalis
3230 1692 3343 1748 Deo
3373 1692 3508 1762 patri

217 1794 326 1836 stus
350 1782 480 1852 quin
512 1781 762 1837 Christus
787 1783 854 1838 sit
885 1791 1102 1853 potest,
1152 1800 1327 1854 neque
1355 1786 1556 1848 mundo
1585 1787 1799 1855 ignora-
1833 1779 1882 1839 B
1910 1782 2186 1839 beatitudo
2211 1793 2294 1840 est
2319 1794 2533 1840 maneat
2568 1801 2582 1851 ;
2621 1785 2745 1857 quia
2793 1784 3042 1840 nativitas
3072 1785 3124 1841 in
3155 1792 3362 1841 natura:
3389 1783 3508 1855 ejus

217 1873 332 1929 bilis
377 1872 547 1930 efﬁci.
604 1875 755 1930 llunc
804 1878 1102 1946 prophetia:
1145 1877 1412 1932 volumina
1442 1879 1804 1948 consignant,

219 1967 350 2022 hunc
396 1975 703 2037 temporum
754 1969 839 2040 (2)
881 1969 1134 2040 quotidie
1187 1970 1476 2040 proﬁciens
1529 1973 1810 2042 plenitudo

220 2069 438 2116 testatur
463 2103 480 2127 ,
530 2060 674 2117 hunc
700 2062 1082 2132 Apostolorum
1108 2073 1162 2118 et
1192 2061 1482 2135 Martyrum
1510 2079 1607 2136 per
1639 2066 1812 2122 virtu-

221 2166 327 2213 tum
356 2160 706 2230 operationes
733 2161 1024 2230 loquuntur
1050 2159 1297 2231 sepulcra
1321 2202 1336 2228 ,
1391 2160 1532 2216 lnmc
1576 2170 1812 2233 potestas

218 2249 445 2306 nominis
481 2251 564 2306 sui
606 2252 798 2322 probat
823 2295 837 2316 .
875 2252 1016 2306 hunc
1045 2252 1304 2308 immundi
1333 2254 1554 2324 spiritus
1583 2254 1654 2326 (c)
1683 2270 1814 2311 con-

225 2348 438 2401 ﬁtentur
465 2386 483 2412 ,
514 2344 656 2402 hunc
686 2347 994 2416 pttnitorum
1021 2347 1328 2402 daemonum
1361 2357 1616 2402 resonant
1645 2349 1815 2420 mugio

220 2446 316 2492 tus.
350 2436 459 2494 Sed
494 2438 547 2492 in
573 2437 656 2494 his
681 2439 930 2495 omnibus
963 2439 1176 2494 virtutis
1200 2453 1310 2493 sua:
1337 2439 1674 2509 dispensatio
1703 2449 1808 2496 est.

219 2533 486 2589 Czeterum
517 2532 623 2590 ﬁde
651 2544 833 2589 nostra
866 2533 989 2588 talis
1016 2576 1030 2600 ,
1071 2535 1244 2603 qualis
1271 2545 1356 2591 est
1385 2576 1399 2600 ,
1435 2535 1814 2607 praedicandus

221 2636 329 2693 est;
363 2635 420 2682 ut
448 2643 562 2682 non
595 2626 837 2695 nomine,
868 2626 963 2682 sed
989 2626 1332 2683 confessione
1357 2669 1371 2694 ,
1405 2630 1459 2684 in
1491 2631 1656 2684 unius
1685 2631 1816 2701 bap-

223 2719 356 2775 tismi
387 2718 499 2775 fide
529 2734 653 2785 una,
684 2734 823 2775 unus
851 2720 1006 2800 nobis
1038 2720 1298 2777 Dominus
1325 2721 1430 2776 sit:
1466 2721 1590 2792 quia
1621 2738 1816 2780 secun-

222 2811 340 2868 dum
386 2828 562 2869 unum
607 2812 892 2869 Dominum
939 2810 1256 2881 Christum,
1309 2829 1448 2870 unus
1491 2814 1636 2872 Deus
1664 2826 1818 2887 pater

221 2917 314 2964 εει.

286 3002 338 3056 4.
369 3003 558 3058 Ariani
584 3003 746 3058 alium
767 3001 1022 3058 Christum
1045 3047 1060 3071 ,
1104 3013 1161 3056 ut
1186 3003 1347 3057 alium
1388 3001 1597 3058 Patrem
1631 3003 1819 3074 praedi-

223 3107 351 3154 cant.
382 3097 600 3153 Patrem
619 3097 832 3153 subdole
858 3097 1111 3152 extollunt
1141 3139 1156 3165 ,
1199 3113 1300 3168 quo
1329 3095 1526 3152 Filium
1552 3097 1814 3171 dejiciant.

1913 1878 1983 1932 sit
2006 1878 2222 1945 virtute,
2257 1878 2336 1950 (It)
2369 1893 2490 1949 qua:
2515 1880 2718 1948 genuit.

1985 1971 2019 2026 5
2065 1970 2202 2026 Filio
2234 1983 2289 2027 ut
2320 1973 2536 2044 imagini
2558 1973 2862 2027 conveniunt
2891 1972 3063 2027 omnia
3092 1987 3204 2043 quia
3243 1969 3413 2025 Patri.
3442 2000 3513 2011 —

1914 2066 2024 2122 Nec
2050 2065 2382 2138 apostolicis,
2415 2081 2514 2121 nec
2543 2063 2870 2136 evangelicis
2892 2063 3362 2136 praedicationibus
3382 2079 3511 2120 eru-

1915 2160 2034 2224 diti,
2067 2159 2133 2214 ad
2157 2159 2336 2228 impiae
2367 2157 2718 2229 professionis
2743 2175 2853 2214 suae
2876 2157 3280 2229 usurpationem
3309 2159 3516 2229 magni-

1919 2253 2186 2308 ﬁcentiam
2238 2252 2334 2309 Dei
2378 2254 2563 2322 patris,
2612 2268 2717 2308 non
2766 2253 3038 2323 religionis
3078 2251 3214 2321 tlde,
3259 2251 3355 2308 sed
3401 2261 3517 2308 arte

1919 2347 2206 2416 impietatis
2237 2346 2534 2402 extollunt:
2579 2354 2636 2402 ut
2679 2345 2806 2401 dum
2849 2345 3292 2416 incomparabilia
3337 2346 3517 2401 omnia

1919 2455 2041 2496 esse
2084 2449 2290 2497 naturae
2329 2440 2448 2512 ejus
2487 2442 2814 2508 edisserunt,
2857 2439 3142 2510 degeneris
3186 2438 3518 2510 inﬁrmisque

1922 2543 2131 2590 natura:
2157 2535 2492 2607 unigenitum
2524 2535 2690 2591 Deum
2717 2551 2811 2606 per
2837 2535 3210 2605 exceptionem
3237 2525 3520 2604 compara-

1919 2630 2079 2686 tionis
2099 2629 2400 2686 afﬁrment:
2442 2629 2610 2685 Deum
2636 2628 2859 2702 (supple,
2890 2627 3131 2699 inquam)
3167 2627 3394 2682 viventis
3421 2624 3520 2681 Dei

1921 2725 2093 2780 vivam
2127 2724 2412 2795 imaginem
2433 2765 2446 2790 ,
2480 2731 2535 2779 et
2574 2723 2745 2778 beatae
2775 2730 2982 2777 natura:
3012 2721 3377 2792 plenissimam
3409 2719 3520 2774 for-

1922 2833 2086 2883 mam,
2117 2827 2170 2872 et
2207 2814 2539 2871 innascibilis
2566 2814 2883 2871 substantia;
2912 2813 3236 2885 unigenitam
3267 2811 3517 2867 nativita-

1924 2918 2030 2966 tem
2065 2926 2222 2981 :quae
2243 2909 2345 2964 nisi
2365 2907 2654 2980 perfectam
2686 2914 2925 2976 paternae
2946 2904 3296 2962 beatitudinis
3329 2904 3391 2976 (i)
3418 2903 3516 2958 ha-

1923 3003 2014 3059 bet
2061 3003 2324 3074 gloriam,
2393 3013 2446 3059 et
2498 3002 2797 3059 absolutam
2845 3009 3052 3058 natura:
3123 3001 3286 3055 tetius
3355 2999 3520 3054 refert

1922 3097 2179 3168 speciem,
2215 3111 2320 3153 non
2347 3105 2430 3153 est
2465 3097 2519 3151 in
2564 3095 2810 3166 imaginis
2848 3093 3095 3150 veritate.
3139 3091 3195 3150 Si
3227 3101 3406 3148 autem
3437 3091 3518 3146 in—

229 3218 294 3230 -—
322 3188 428 3246 Sed
480 3204 624 3245 nunc
668 3189 720 3244 hi
770 3188 894 3245 novi
920 3187 1119 3245 Christi
1161 3189 1544 3260 praedicatores
1569 3229 1585 3255 ,
1632 3199 1826 3246 cuncta
1851 3185 1897 3249 C
1936 3193 2210 3248 nascibilis
2241 3193 2336 3247 Dei
2365 3190 2667 3261 unigenitns
2713 3189 2855 3245 Deus
2886 3189 3062 3259 imago
3097 3194 3216 3254 est,
3264 3185 3520 3256 perfectae

224 3284 465 3355 negando
516 3300 636 3356 qua:
685 3281 886 3340 Christi
923 3292 1086 3350 sunt,
1139 3285 1305 3339 alium
1347 3285 1635 3340 Dominum
1663 3285 1820 3340 Chri-

226 3387 358 3432 stum
407 3378 572 3434 sicuti
621 3377 784 3432 aliutn
834 3377 1000 3431 Deum
1053 3385 1257 3446 patrem
1311 3376 1606 3446 praedicant
1649 3378 1817 3448 :quia

223 3487 388 3541 neque
416 3472 508 3527 hic
533 3472 804 3542 genuerit,
835 3471 930 3528 sed
961 3471 1265 3537 creaverit;
1321 3487 1496 3542 neque
1539 3471 1631 3527 ille
1661 3481 1818 3528 natus

223 3567 324 3630 sit,
361 3565 459 3623 sed
490 3573 708 3620 creatus
734 3565 806 3620 sit
835 3606 848 3630 ,
903 3572 958 3619 et
986 3579 1084 3636 per
1109 3563 1159 3618 id
1189 3575 1338 3620 extra
1361 3565 1645 3620 veritatem
1675 3564 1819 3619 Deus

223 3661 468 3718 Christus
500 3661 594 3726 sit,
621 3661 708 3715 cui
738 3675 844 3716 non
874 3659 942 3714 sit
971 3673 1033 3714 ex
1062 3659 1345 3714 nativitate
1368 3659 1512 3732 quod
1539 3658 1682 3714 Deus
1704 3667 1815 3724 est;

228 3763 278 3812 et
302 3765 454 3812 extra
490 3752 615 3809 tldei
643 3750 1032 3808 conscientiam
1063 3751 1207 3807 Deus
1237 3741 1388 3820 pater
1435 3751 1546 3818 sit,
1597 3749 1818 3806 cuinon

291 3895 366 3970 (Ι)
401 3893 556 3951 Unus
582 3899 676 3960 est,
698 3893 742 3948 si
781 3891 921 3962 ﬁlius
941 3891 1028 3956 sit,
1060 3890 1103 3944 si
1135 3887 1275 3943 Deus
1301 3889 1384 3944 sit.

294 4012 372 4083 (a)
402 4013 534 4068 llaec
559 4009 703 4083 ratio
723 4023 831 4064 non
871 4006 936 4062 ad
973 4005 1318 4083 proximum,
1352 4003 1446 4083 sed
1475 4003 1541 4058 ad
1573 4003 1822 4083 superius

227 4075 526 4140 membrum
571 4081 842 4151 pertinet:
878 4087 938 4151 ut
961 4075 1083 4132 Cum
1109 4076 1371 4151 Catholici
1401 4075 1570 4151 Deum
1598 4075 1824 4130 credant

227 4171 341 4212 esse
372 4146 584 4226 patrem
611 4153 680 4206 ob
708 4150 1108 4226 generationem
1158 4147 1272 4214 ﬁlii,
1325 4147 1507 4226 Ariaui
1554 4146 1656 4201 hoc
1701 4162 1825 4201 eum

228 4219 439 4284 nomine
489 4219 812 4281 doneut'ob
855 4229 1174 4292 poteSIatem
1226 4234 1327 4288 qua
1381 4219 1633 4273 universa
1696 4233 1827 4273 con-

228 4300 376 4355 didit.

297 4372 368 4441 (b)
399 4370 474 4425 tta
507 4369 617 4422 duo
645 4365 830 4436 optimi
865 4378 994 4420 mss.
1023 4362 1329 4441 Colb._eum
1361 4359 1544 4416 Germ.
1594 4370 1664 4441 et.
1693 4360 1826 4441 Sor-

231 4433 363 4498 boit:
382 4442 437 4497 lu
470 4433 694 4494 caeteris
726 4447 903 4491 autem
933 4443 988 4488 et
1012 4433 1156 4506 apud
1187 4433 1316 4487 Bad.
1347 4448 1478 4506 unus
1501 4441 1599 4496 est,
1621 4433 1665 4486 si
1686 4433 1826 4502 ﬁlius

232 4516 329 4579 sit,
361 4516 402 4568 si
453 4511 592 4565 Dens
622 4515 685 4564 sit
710 4553 726 4578 ,
757 4518 860 4579 etc.
895 4511 964 4562 At
993 4503 1108 4579 Erl,
1137 4504 1282 4573 Lips.
1307 4514 1372 4579 _e__t
1401 4503 1523 4579 Par.
1557 4513 1786 4579 unus_est
1807 4545 1822 4571 ,

235 4573 446 4656 tuncque
476 4573 729 4637 Dominus
751 4591 796 4636 et
823 4578 965 4634 Deus
994 4574 1190 4647 semper
1212 4586 1259 4629 et
1286 4575 1426 4646 ﬁlius
1467 4574 1567 4642 sit,
1609 4575 1653 4628 si
1685 4573 1826 4630 Deus

233 4669 312 4720 stt.
336 4669 440 4712 etc.

302 4717 371 4802 (c)
401 4717 543 4802 Editi
577 4733 802 4802 excepto
829 4722 958 4777 Bad.
991 4721 1125 4802 idem
1147 4761 1161 4781 ,
1194 4733 1290 4801 pro
1329 4718 1515 4802 id‘est:
1551 4731 1822 4802 perveJ-se.

302 4788 380 4870 (dy)
412 4801 465 4854 In
499 4788 772 4870 vulgatis,
805 4811 895 4870 nec
920 4793 1070 4870 unius
1103 4791 1340 4870 baptismi
1360 4790 1490 4860 ﬁdes
1515 4805 1640 4870 una.
1691 4788 1827 4870 Rec-

236 4860 336 4925 tius
362 4867 416 4925 in
447 4860 702 4926 mssfnec
723 4869 775 4921 in
802 4867 951 4920 unius
981 4860 1218 4933 baptismi
1241 4862 1344 4931 ﬁde
1367 4877 1470 4915 una
1495 4869 1586 4925 est,
1613 4860 1825 4930 supple,

236 4945 319 5012 qui
348 4941 624 4997 Christum
648 4939 805 4994 aliter
831 4937 1163 5012 praedicabit.

301 5012 374 5085 (et
400 5014 489 5070 Sic
521 5027 650 5085 mss.
689 5013 757 5064 At
785 5003 1298 5085 editi,_proﬁtentur.
1343 5003 1474 5072 Quae
1502 5018 1686 5085 coram
1718 5003 1825 5085 Re-

239 5074 415 5154 liquiis
441 5084 541 5141 SS.
576 5082 818 5137 Gervasii
862 5089 918 5154 et
950 5074 1175 5154 Protasii
1203 5077 1510 5154 dientonum
1554 5074 1826 5154 confessio

240 5145 396 5210 fuerit
418 5198 432 5220 ,
458 5154 801 5210 testiﬁcatur
847 5150 1164 5220 Ambrosius
1191 5148 1348 5217 epist.
1377 5161 1518 5220 nunc
1549 5160 1681 5209 xxii,
1734 5145 1823 5200 ubi

239 5241 354 5281 cum
397 5218 622 5282 dixisset
672 5240 820 5277 num.
868 5222 967 5276 l6:
1018 5219 1087 5274 Et
1129 5236 1264 5273 nunc
1292 5218 1510 5272 audistis
1549 5220 1826 5272 clamantes

239 5299 519 5365 dtentmm,
574 5305 620 5352 et
649 5295 944 5370 conﬁtentes
976 5291 1288 5370 M‘artyribus
1323 5291 1460 5370 quod
1488 5292 1826 5370 panasferre

237 5385 336 5424 non
354 5358 546 5441 possint
568 5385 586 5441 7;
619 5358 802 5437 adjicit
835 5381 981 5441 num.
1010 5364 1077 5418 21
1099 5358 1132 5441 ,ε’
1152 5358 1451 5441 Audiuimus
1480 5360 1630 5414 hodie
1652 5358 1826 5412 dicen-

239 5450 308 5496 tes
333 5433 438 5506 e'os,
467 5433 652 5512 quibus
682 5433 860 5512 manus
885 5435 1258 5512 imponebatur,
1277 5433 1530 5512 neminem
1552 5447 1700 5500 posse
1717 5446 1826 5484 esse

241 5503 453 5576 salvum,
480 5503 584 5566 nisi
609 5511 694 5581 qui
722 5510 774 5562 in
798 5503 1063 5581 patremet
1089 5505 1285 5581 Filium
1307 5515 1355 5558 et
1373 5503 1639 5581 _S_piritum
1671 5517 1821 5556 sanc-

243 5593 346 5638 tum
368 5575 662 5638 credidisset
689 5624 705 5646 ,
734 5575 841 5635 etc.
900 5577 1036 5632 Dicit
1061 5577 1295 5632 diabolus
1320 5594 1332 5631 :
1363 5575 1453 5631 Sic
1483 5583 1776 5646 torqueatur
1802 5615 1818 5639 ,

241 5655 661 5727 quemadmodum
687 5645 854 5727 ipse_a
875 5651 1195 5727 ⁸Μιινιρῃῆιηιις
1223 5645 1588 5727 minuebatur,
1614 5645 1712 5727 qui
1729 5659 1818 5698 nc-

241 5715 326 5799 ραι
373 5727 600 5798 Spiritus
647 5715 821 5799 sancti
851 5715 1177 5799 divinitatem.
1222 5715 1323 5799 ρι’
1349 5721 1457 5799 hoc
1483 5716 1666 5799 Hilarii
1699 5715 1819 5799 loco

243 5787 449 5871 alioque
474 5815 580 5855 non
604 5798 784 5853 minus
809 5794 1078 5849 luculento
1114 5792 1236 5848 libri
1258 5793 1310 5847 in
1342 5791 1646 5854 Constant.,
1673 5804 1726 5842 n.
1759 5787 1815 5855 8,

1927 3295 2088 3358 atque
2113 3285 2373 3341 absolutae
2396 3284 2449 3338 in
2476 3297 2542 3340 eo
2571 3292 2775 3338 naturte
2805 3280 3008 3338 veritas
3034 3281 3209 3346 inest,
3235 3295 3330 3350 per
3359 3295 3520 3350 quam

1920 3379 2151 3436 efﬁcitur
2175 3393 2298 3435 esse
2321 3392 2444 3432 eum
2471 3374 2755 3447 imaginem
2781 3373 3042 3430 veritatis.
3079 3373 3278 3428 Potens
3304 3380 3388 3427 est
3419 3371 3515 3426 Pa-

1925 3479 2040 3527 ter:
2090 3469 2184 3526 sed
2233 3469 2278 3526 si
2328 3467 2572 3524 inﬁrmus
2615 3477 2700 3524 est
2742 3466 2926 3533 Filius,
2957 3467 3133 3536 imago
3150 3465 3260 3536 jam
3287 3480 3394 3519 non
3435 3472 3519 3519 est

1925 3564 2177 3636 potentis.
2209 3564 2390 3619 Bonus
2417 3570 2500 3618 est
2531 3563 2688 3618 Pater
2714 3579 2727 3615 :
2763 3560 2858 3618 sed
2886 3561 2932 3616 si
2978 3561 3029 3615 in
3080 3556 3282 3614 diversi
3307 3556 3524 3628 generis

1923 3657 2205 3714 divinitate
2239 3656 2406 3712 Filius
2435 3665 2539 3720 est,
2571 3655 2698 3712 boni
2723 3655 3010 3726 imaginem
3039 3651 3166 3709 mali
3193 3659 3384 3708 natura
3413 3665 3523 3706 non

1923 3749 2118 3808 reddit.
2160 3751 2513 3822 lncorporeus
2554 3748 2716 3805 Pater
2753 3758 2879 3804 est:
2927 3745 2972 3804 si
3005 3744 3179 3803 Filius
3223 3743 3525 3802 secundum

2004 3887 2085 3962 (2)
2114 3887 2314 3944 Cotidie
2341 3887 2598 3944 scribitur
2626 3899 2842 3958 semper
2869 3885 2921 3940 in
2949 3899 3054 3941 ms.
3083 3891 3288 3940 nostro.

1931 4006 2270 4062 convincitur
2315 4004 2587 4062 Scultetus
2633 4003 2894 4059 adversus
2925 4001 3311 4056 Bellarminum
3338 4016 3526 4073 perpe-

1936 4093 2050 4132 ram
2077 4077 2492 4144 excandescere,
2524 4075 2668 4145 quod
2693 4075 2781 4130 ille
2804 4074 2946 4143 pium
2971 4073 3260 4145 Ductorem
3274 4085 3526 4145 nostrum

1931 4149 2110 4204 cultus
2160 4143 2485 4204 Sanctorum,
2527 4143 2722 4202 testem
2773 4160 2836 4198 ac
2883 4151 3170 4215 patronum
3197 4143 3526 4202 adhibuerit.

1937 4220 2012 4275 Ex
2039 4228 2267 4290 utroque
2291 4220 2436 4275 enim
2471 4218 2656 4288 liquet.
2678 4214 3276 4290 _sacras_:Apostol_orurn
3300 4230 3367 4290 ac
3386 4215 3528 4270 Mar-

1932 4300 2110 4364 tyrum
2141 4285 2411 4364 lteliquias
2437 4285 2542 4364 non
2571 4287 2732 4364 modo
2760 4285 2997 4364 ﬁdelium
3039 4286 3228 4364 cu‘l_tu_,
3276 4285 3371 4364 sed
3403 4302 3529 4364 cre-

1931 4357 2044 4420 bris
2069 4380 2096 4416 a
2130 4364 2242 4418 Deo
2271 4357 2542 4415 miraculis
2574 4359 2738 4414 luisse
2760 4357 3072 4412 honoratas.
3101 4357 3205 4412 Sed
3231 4357 3374 4425 quod
3399 4362 3526 4413 Am-

1933 4435 2146 4490 brosius
2175 4435 2334 4502 epist.
2365 4430 2456 4496 22,
2488 4431 2674 4485 relatis
2692 4430 2994 4502 dminonum
3020 4429 3303 4502 tormentis
3323 4440 3380 4484 et
3399 4445 3529 4484 con-

1930 4505 2168 4561 fessione
2210 4500 2394 4559 coram
2448 4502 2707 4570 Reliquiis
2747 4501 2846 4557 SS.
2900 4500 3142 4557 Gervasii
3175 4509 3228 4570 et
3254 4501 3480 4555 Protasii
3509 4542 3525 4565 ,

1928 4587 2113 4632 contra
2135 4576 2456 4630 Arianorum
2480 4569 2826 4643 pertinaciam
2856 4575 2929 4626 ait
2960 4590 3014 4627 n.
3043 4572 3115 4625 22
3138 4591 3150 4626 :
3171 4569 3301 4643 _Non
3330 4573 3531 4636 accipio
3612 4631 3620 4637 η

1928 4667 1961 4704 a
1998 4648 2204 4704 diabolo
2237 4639 2604 4710 testimonium,
2634 4639 3529 4714 sedlconfessionem.Invitusdixit

1931 4721 2165 4775 diabolus
2185 4762 2199 4786 ,
2242 4719 2332 4773 sed
2362 4727 2566 4773 exactus
2591 4727 2638 4770 et
2671 4711 2851 4768 tortus.
2878 4711 3027 4786 Cedit
3042 4712 3284 4786 diabolus
3319 4712 3489 4786 plagis
3509 4752 3528 4780 ,

1853 4765 1908 4828 D
1932 4765 2652 4848 ἓῗᾶἇὶιῖἷέεὲἆὲνῖἧὲἓὲἱυῆι
2873 4765 2903 4851 ;_
3125 4765 3286 4838 estin

1937 4873 2048 4918 tum
2081 4863 2306 4934 ejusque
2337 4860 2631 4915 imitatores
2658 4866 3034 4926 contorquere.

2003 4957 2069 5029 (ι’)
2118 4955 2380 5029 Erasmus
2434 4952 2616 5029 nescio
2663 4947 3529 5029 quo_auctoritate_hic_addidit,

1931 5018 2341 5096 corporationis;
2370 5025 2524 5092 cujus
2557 5018 2900 5096 loco—deinde
2925 5022 3103 5090 posuit
3124 5018 3360 5096 Lipsius.
3391 5035 3535 5096 gom-

1930 5090 2234 5171 parationis.
2285 5090 2550 5171 Neutrum
2601 5091 2917 5171 vocabulum
2965 5099 3141 5171 exstat
3190 5095 3244 5171 i_n
3296 5090 3431 5171 bad.
3479 5099 3535 5146 et

1930 5161 2060 5228 inss.
2089 5183 2264 5238 neque
2290 5166 2454 5238 debet
2478 5173 2716 5238 exstare.
2744 5161 3028 5238 Bratitudo
3058 5161 3146 5217 hic
3174 5162 3530 5238 signiﬁcatur,

1929 5256 2052 5313 quae
2077 5233 2274 5294 sita'sit
2301 5237 2354 5292 in
2379 5236 2617 5292 bonitate
2639 5273 2656 5294 .
2686 5233 2948 5302 potentia,
2977 5235 3398 5299 immortalitate,
3425 5243 3533 5290 etc.

2007 5333 2088 5407 (gl
2114 5331 2254 5389 Editi
2279 5373 2307 5407 ,_
2324 5349 2383 5407 ea
2409 5343 2523 5401 qua:
2548 5330 2609 5407 in
2635 5342 2693 5381 eo
2733 5327 3020 5407 naturalis.-
3041 5335 3162 5407 _t_m_n
3191 5326 3322 5383 Bad.
3352 5336 3407 5407 e_t

1935 5398 2052 5461 υεό
2071 5414 2234 5476 patre.
2287 5398 2432 5473 Lips.
2475 5410 2532 5456 et
2573 5399 2697 5454 Par.
2743 5399 2804 5452 de
2833 5409 2994 5476 patre.
3038 5398 3536 5476 Melior__cst_lectio

1931 5468 2090 5548 quam
2116 5468 2434 5548 revocamus
2466 5489 2497 5530 e
2533 5487 2669 5548 mss.
2707 5468 2935 5548 quorum
2967 5471 3020 5548 i-n
3053 5469 3328 5548 nonnullis
3354 5468 3536 5540 legere

1931 5541 2015 5606 est
2047 5547 2140 5602 Dei
2163 5547 2346 5618 patris,
2383 5560 2488 5601 non
2522 5544 2632 5601 Deo
2661 5541 2823 5619 patri:
2856 5541 2998 5598 haud
3029 5541 3136 5597 alio
3165 5556 3350 5598 sensu.

2001 5639 2077 5712 (Ii)
2103 5640 2269 5712 Solus
2296 5637 2466 5712 codex
2487 5636 2610 5712 Yat.
2644 5637 2759 5712 bas.
2789 5637 2876 5708 qui
2893 5636 3086 5712 genuit.

2001 5707 2067 5796 (i):
2096 5711 2169 5766 lta
2201 5724 2302 5767 ms.
2348 5707 2416 5767 At
2443 5709 2593 5779 editi,
2636 5707 2816 5766 habent
2853 5708 3166 5765 natiuitatem
3201 5716 3319 5764 et...
3351 5709 3538 5778 referat

1924 5800 2163 5857 aperient.
