3930 6194
450 247 556 304 405

1684 244 1929 301 SANCTI
1968 244 2120 299 iiIL‘l
2133 245 2224 301 Ril
2264 245 2567 304 EPISCOPI

3637 250 3730 308 401

428 362 715 435 ,Spiritum
746 364 1185 434 circumscriptus
1208 371 1291 418 est
1312 375 1566 434 corpore,
1588 362 1702 433 jam
1734 361 2043 432 incorporei
2070 364 2119 427 Α
2150 365 2351 421 feratur
2378 385 2390 421 :
2417 375 2473 421 ιιι
2502 366 2613 423 illic
2640 368 2840 425 veritas
2860 360 3181 439 reperiatur,
3211 367 3299 424 ubi
3325 378 3575 439 negatur.
3614 373 3733 440 Qum

452 475 560 515 non
586 468 674 516 est
698 452 869 515 forma
892 471 1186 530 corporeus
1210 456 1230 529 (
1250 456 1374 511 Vid.
1403 456 1441 511 ι.
1468 471 1586 520 vut,
1615 473 1669 511 n.
1700 454 1824 528 48).
1855 454 2052 511 Ineﬁ‘a-

453 555 583 612 bilis
611 555 770 612 Pater
798 563 881 610 est
906 572 919 607 :
964 554 1009 607 si
1042 552 1212 607 ﬁlium
1240 566 1423 608 sermo
1451 550 1830 620 complectitur
1848 591 1864 617 ,
1899 557 2054 606 extra

456 646 746 719 imaginem
775 654 859 701 est
893 643 1274 700 inenarrabilis
1300 652 1492 701 natura
1521 642 1832 698 narrabilis.
1876 641 2052 698 Verus

456 739 599 796 Deus
628 748 711 794 est
733 736 895 792 Pater
922 752 938 792 :
965 736 1009 790 si
1032 735 1202 792 Filius
1224 735 1277 790 in
1296 735 1390 792 Dei
1417 734 1653 790 falsitate
1674 742 1779 800 est,
1805 733 1915 805 jam
1943 747 2051 791 non

451 842 538 889 est
567 830 675 886 veri
707 829 885 900 imago
908 829 999 900 qui
1030 827 1196 885 falsus
1220 837 1326 884 est.
1358 828 1476 884 Non
1501 844 1565 884 ex
1588 837 1742 900 parte
1763 827 2053 899 imaginem

453 938 629 994 neque
656 937 722 977 ex
747 920 995 990 portione
1023 920 1254 976 formam
1280 937 1402 976 eum
1424 920 1523 976 Dei
1544 919 1836 990 Apostolus
1860 919 2055 992 praedi-

453 1022 573 1068 cat:
601 1013 698 1070 sed
725 1014 1010 1084 imaginem
1037 1028 1160 1069 esse
1176 1029 1299 1069 eum
1325 1012 1418 1069 Dei
1442 1011 1727 1069 invisibilis
1747 1019 1804 1068 et
1825 1012 2052 1068 formam

451 1122 574 1163 esse
614 1123 737 1163 eum
766 1106 863 1162 Dei
891 1106 965 1177 (α)
988 1105 1220 1177 loquitur
1242 1106 1468 1176 (Coloss.
1500 1122 1540 1173 ι,
1572 1104 1686 1179 15).
1729 1106 1846 1161 Non
1876 1114 2054 1177 potest

452 1198 764 1270 expressius
795 1200 844 1253 in
878 1198 987 1253 tilio
1031 1198 1125 1254 Dei
1154 1197 1451 1253 divinitatis
1481 1208 1671 1253 natura
1698 1197 1766 1252 ab
1793 1196 2054 1268 Apostolo

454 1293 763 1365 praedicari,
795 1290 872 1365 (ὑ)
895 1306 1055 1362 quam
1080 1290 1147 1346 ad
1192 1291 1281 1357 id,
1323 1290 1467 1362 quod
1499 1290 1767 1346 invisibile
1805 1290 1898 1347 Dei
1933 1298 2054 1359 est,

454 1386 743 1442 invisibilis
772 1386 868 1440 Dei
900 1385 1076 1456 imago
1104 1385 1175 1440 sit
1200 1383 1488 1440 Christus:
1515 1383 1604 1454 qui
1633 1383 1818 1454 utique
1840 1383 1896 1440 in
1926 1383 2055 1440 sub-

452 1478 649 1534 stantia
680 1475 760 1551 (1)
789 1476 861 1549 (c)
889 1475 1238 1547 conspicabili
1267 1476 1559 1548 imaginem
1586 1474 2056 1531 naturteinvisibi-

451 1571 520 1627 lis
548 1584 655 1625 non
683 1568 931 1625 referret.

526 1662 578 1718 6.
614 1662 745 1732 Quae
763 1661 982 1717 hominis
997 1672 1133 1728 sunt,
1157 1662 1363 1733 rapiunt
1382 1660 1453 1716 ad
1478 1660 1725 1735 injuriam
1743 1660 1917 1718 Verbi.
1937 1660 1990 1716 Ν
1995 1679 2057 1716 α-

2156 460 2300 515 enim
2346 459 2664 531 simpliciter
2706 470 2757 517 et
2810 460 2878 516 ad
2922 460 3280 518 eruditionem
3321 460 3452 519 ﬁdei
3490 462 3735 520 divinitus

2156 549 2297 606 dicta
2328 558 2474 618 sunt,
2498 566 2721 608 necesse
2749 563 2835 609 est
2863 552 2934 607 ita
2961 552 3104 608 dicta
3146 553 3275 619 sint,
3310 563 3374 609 ut
3414 555 3485 609 ad
3524 553 3576 609 id
3604 555 3735 625 quod

2154 640 2297 697 dicta
2316 651 2461 711 sunt,
2492 657 2597 699 non
2619 643 2921 700 alienorum
2937 652 3099 716 atque
3117 647 3461 702 extrinsecus
3481 644 3736 703 dictorum

2154 726 2545 791 conﬁrmentur
2565 736 2855 805 exemplis.

2226 824 2281 882 8.
2313 824 2587 897 lnﬁrmum
2613 827 2813 895 volunt,
2842 827 2926 884 cui
2949 827 3083 883 idem
3105 843 3166 883 ac
3186 829 3330 885 nobis
3352 826 3496 885 Deus
3514 840 3565 885 et
3582 842 3737 901 pater,

2154 918 2238 972 cui
2282 920 2349 973 sit
2391 918 2671 993 subjectus.
2714 948 2793 962 —-
2836 921 2982 977 Inter
3010 933 3234 977 caeteras
3260 921 3408 977 enim
3451 921 3739 992 impietates

2156 1023 2282 1065 suas
2310 1010 2472 1066 etiam
2495 1011 2599 1067 hoc
2621 1011 2767 1068 dicto
2787 1012 3001 1068 Domini
3021 1013 3100 1068 uti
3123 1013 3362 1069 lncretici
3380 1012 3562 1070 solent
3588 1032 3601 1068 :
3637 1016 3739 1069 Ad-

2156 1104 2347 1160 scendo
2378 1104 2448 1160 ad
2470 1115 2666 1175 patrem
2694 1123 2861 1161 meum
2901 1116 2948 1163 et
2979 1108 3049 1162 ad
3076 1115 3274 1179 patrem
3301 1116 3547 1176 uestram,
3591 1117 3638 1163 et
3680 1112 3742 1164 ad

2155 1195 2324 1253 Deum
2347 1213 2519 1253 nicum
2559 1206 2609 1252 et
2656 1198 2723 1252 ad
2749 1196 2917 1254 Deum
2946 1208 3169 1255 vestrum
3192 1198 3378 1274 (Joan.
3409 1215 3506 1266 xx,
3540 1201 3658 1268 11):
3683 1210 3735 1258 ut

2158 1304 2256 1360 per
2285 1289 2362 1358 id,
2394 1289 2540 1361 quod
2568 1300 2719 1361 pater
2746 1292 2866 1362 ejus
2896 1300 3049 1362 pater
3074 1304 3262 1348 eorum
3287 1301 3449 1349 estet
3468 1292 3610 1350 Deus
3637 1294 3742 1365 eius

2156 1384 2302 1440 Deus
2331 1398 2517 1441 eorum
2543 1394 2654 1453 est,
2687 1386 2740 1441 in
2764 1393 2951 1442 natura
2982 1386 3077 1443 Dei
3101 1400 3209 1443 non
3231 1387 3303 1443 sit
3330 1403 3344 1442 :
3380 1389 3512 1444 dum
3533 1388 3746 1447 bocca-

2161 1477 2292 1535 teris
2336 1476 2623 1547 proﬁtetur
2660 1478 2830 1535 Deum
2876 1487 3084 1551 patrem
3131 1490 3275 1549 esse,
3321 1481 3470 1551 quod
3510 1482 3608 1539 sibi
3648 1484 3744 1550 sit;

2158 1577 2409 1626 cessante
2438 1570 2719 1643 privilegio
2746 1572 2800 1628 in
2820 1574 3207 1630 communione
3228 1582 3289 1632 et
3319 1584 3532 1631 natura
3554 1580 3610 1633 et
3626 1578 3749 1633 asti-

2161 1661 2366 1729 vitatis,
2415 1676 2513 1734 per
2548 1678 2711 1734 quam
2752 1674 2824 1722 et.
2850 1664 2995 1722 Deus
3034 1667 3109 1721 sit
3142 1675 3320 1733 natus,
3369 1677 3429 1724 et
3473 1667 3639 1723 Filias
3669 1669 3749 1724 sit.

456 1766 585 1811 tura:
610 1755 832 1825 duplicis
853 1756 1176 1811 distinctione
1196 1756 1360 1810 diluta
1396 1765 1518 1811 sunt
1546 1757 1791 1811 hactenus
1834 1757 2054 1830 objecta.
2087 1754 2137 1816 B
2164 1751 2406 1809 Teneant
2453 1770 2667 1827 quoque
2707 1757 2870 1813 etiam
2918 1757 3051 1813 illud
3089 1757 3378 1830 Apostoli:
3428 1758 3559 1814 Cum
3599 1769 3751 1816 αιιιεηι

458 1881 528 1893 -—
540 1850 647 1907 Sed
662 1861 718 1905 ut
738 1849 1104 1920 superioribus
1125 1849 1279 1906 libris
1291 1849 2060 1922 docuimus,dispensationem

457 1944 721 2015 assumpti
747 1944 991 2015 corporis
1009 1943 1224 2014 rapiunt
1250 1943 1316 1999 ad
1338 1944 1719 2000 contumeliam
1741 1942 2060 2001 divinitatis:

464 2047 520 2093 et
547 2035 839 2106 impietatis
865 2050 1056 2091 causas
1104 2035 1370 2107 arripiunt
1418 2035 1485 2091 de
1515 2035 1703 2091 salutis
1744 2045 1944 2091 nostrae
1971 2050 2063 2092 sa-

463 2139 763 2195 cramento,
790 2129 894 2199 Qui
916 2130 960 2184 si
982 2130 1294 2200 apostolicae
1331 2128 1459 2185 ﬁdei
1483 2138 1698 2186 tenaces
1726 2141 1931 2193 essent,
1978 2131 2063 2186 in-

463 2223 770 2294 telligerent
797 2238 920 2279 eum
943 2265 959 2290 ,
997 2222 1089 2294 qui
1120 2224 1171 2278 in
1194 2222 1365 2278 forma
1399 2222 1493 2279 Dei
1515 2230 1684 2286 esset,
1705 2222 2066 2294 assumpsisse

462 2315 629 2388 378
663 2315 889 2370 formam
911 2316 1088 2381 servi;
1118 2329 1294 2385 neque
1319 2316 1551 2371 formam
1580 2314 1725 2371 servi
1740 2326 2069 2388 usurparent

465 2409 544 2481 (ά)
573 2410 637 2463 ad
659 2409 846 2464 forma:
863 2406 1423 2471 Dcidehonestatem,
1456 2423 1578 2464 cum
1591 2409 1760 2464 forma
1779 2408 1873 2465 Dei
1892 2408 2062 2481 pleni-

471 2500 712 2555 tudinem
733 2500 784 2554 in
808 2515 867 2556 se
884 2500 976 2557 Dei
992 2499 1297 2557 contineret
1318 2518 1333 2555 :
1361 2511 1547 2571 etquae
1560 2512 1744 2557 essent
1762 2510 2065 2572 temporum

466 2609 531 2650 ac
567 2595 903 2667 mysterium,
929 2592 1001 2666 (e)
1028 2595 1112 2666 pia
1140 2596 1349 2651 ratione
1376 2604 1693 2662 tractarent,
1727 2608 1783 2652 ut
1814 2611 1912 2653 nec
1937 2611 2070 2653 con-

469 2686 744 2743 tumeliam
783 2685 1037 2742 divinl'tas
1060 2686 1384 2758 susciperet,
1416 2704 1516 2745 nec
1541 2689 1877 2759 diSpensatio
1903 2689 2066 2745 alier-

466 2787 550 2834 ret
579 2792 841 2834 errorem.
875 2777 982 2833 Sed
1009 2779 1295 2847 omnibus,
1331 2788 1386 2833 ut
1416 2779 1689 2844 existimo,
1713 2778 1823 2849 jam
1854 2794 1885 2833 a
1912 2779 2068 2835 nobis

468 2872 874 2929 absolutissime
895 2872 1304 2937 demonstratis,
1334 2880 1390 2926 et
1415 2873 1517 2926 sub
1538 2874 1798 2941 assumpti
1823 2873 2069 2941 corporis

469 2963 750 3019 nativitate
776 2963 979 3018 divinae
1010 2970 1215 3017 natura:
1243 2962 1445 3018 virtute
1475 2971 1772 3018 monstrata
1796 3005 1811 3027 ,
1843 2978 1949 3019 non
1983 2978 2070 3019 re-

468 3055 627 3111 lictus
668 3066 751 3110 est
797 3055 1103 3128 ambigendi
1150 3054 1323 3119 locus,
1362 3054 1489 3122 quin
1534 3056 1716 3110 omnia
1759 3056 2067 3127 unigenitus

2168 1845 2397 1914 dixerit,
2430 1846 2604 1902 omnia
2638 1847 2869 1922 subjecta
2904 1859 3025 1904 sunt
3046 1889 3062 1917 ,
3112 1850 3301 1923 absque
3347 1868 3409 1907 eo
3441 1852 3530 1923 qui
3564 1852 3755 1926 subjecit

2166 1938 2214 1994 ei
2248 1938 2439 1995 omnia.
2484 1940 2569 2013 (2)
2602 1941 2674 2012 (f)
2703 1939 2831 1995 Cum
2857 1951 3024 1997 autem
3049 1942 3216 2015 379
3247 1943 3481 2012 subiecta
3508 1945 3555 2000 ei
3581 1947 3755 2016 fuerint

2167 2031 2373 2097 omnia,
2427 2041 2548 2085 tunc
2599 2034 2712 2101 ipse
2761 2033 3017 2105 subjectus
3069 2037 3163 2089 erit
3201 2036 3252 2090 ei
3289 2038 3380 2107 με
3424 2036 3525 2092 sibi
3561 2036 3757 2108 subjecit

2168 2124 2363 2189 omnia,
2415 2134 2471 2179 ut
2506 2126 2574 2180 sit
2610 2123 2755 2181 Deus
2807 2127 2982 2182 omnia
3029 2128 3088 2183 in
3135 2129 3377 2185 omnibus
3420 2128 3468 2202 (Ι
3504 2129 3621 2186 Cor.
3666 2143 3752 2198 xv,

2166 2216 2263 2285 26,
2286 2216 2411 2289 etc.)
2443 2235 2458 2273 :
2489 2228 2547 2273 ut
2571 2218 2698 2290 quia
2733 2218 3000 2290 subjectio
3030 2218 3123 2275 illa
3154 2220 3388 2280 inﬁrmis
3409 2231 3619 2277 natura:
3634 2233 3755 2276 con-

2168 2314 2389 2369 testatio
2413 2328 2535 2371 esse
2566 2312 2643 2386 (5)
2677 2313 3100 2382 existimabitur,
3149 2329 3259 2371 non
3304 2316 3382 2371 sit
3434 2315 3492 2371 in
3532 2322 3754 2387 paterna:

2170 2412 2379 2460 natura:
2422 2404 2647 2471 virtute,
2695 2420 2855 2477 quem
2898 2406 3161 2463 naturalis
3208 2406 3521 2473 inﬁrmitas,
3566 2412 3755 2462 natura

2170 2497 2395 2567 potioris
2437 2497 2729 2568 subjecerit
2778 2499 3053 2570 potestati.
3094 2499 3323 2556 Sumant
3360 2510 3546 2557 autem
3585 2497 3746 2555 omnis

2168 2586 2460 2659 impietatis
2489 2602 2601 2643 suae
2625 2588 2765 2645 lianc
2794 2598 3065 2661 tamquam
3088 2589 3511 2647 munitissimam
3529 2600 3584 2647 et
3608 2592 3749 2646 inex-

2171 2681 2513 2753 pugnabilem
2564 2682 2973 2748 defensionem,
3019 2683 3089 2740 ad
3138 2684 3423 2741 veritatem
3478 2682 3753 2740 nativitatis

2170 2772 2491 2830 abolendam
2520 2791 2534 2829 :
2560 2782 2621 2831 ut
2643 2776 2769 2846 quia
2796 2789 2895 2847 per
2914 2760 3305 2846 subiectionem
3345 2776 3493 2832 Deus
3521 2790 3624 2832 non
3644 2780 3751 2839 est;

2171 2877 2223 2923 et
2247 2881 2341 2938 per
2358 2883 2701 2924 communem
2719 2868 2820 2924 sibi
2839 2879 2999 2939 atque
3015 2869 3169 2924 nobis
3191 2869 3360 2925 Deum
3386 2880 3548 2941 atque
3567 2878 3752 2940 patrem

2172 2958 2225 3014 in
2272 2960 2653 3016 communione
2692 2961 2765 3016 sit
2800 2970 3093 3027 creaturae;
3139 2963 3256 3032 ipse
3292 2976 3518 3035 quoque
3554 2972 3618 3019 ex
3654 2960 3756 3017 Deo

2170 3051 2373 3108 creatio
2404 3052 2477 3108 sit
2508 3054 2720 3125 potius,
2771 3068 2931 3125 quam
2957 3055 3278 3125 generatio;
3318 3059 3449 3128 quia
3472 3057 3673 3113 occatio
3695 3070 3754 3111 cx

468 3144 608 3204 Deus
630 3157 687 3206 et
708 3149 869 3203 homo
896 3147 1185 3203 virtutibus
1211 3146 1303 3203 Dei
1323 3149 1578 3217 gesserit,
1607 3156 1663 3202 ct
1691 3149 1743 3203 in
1769 3150 2063 3206 virtutibus

2178 3143 2342 3199 nihilo
2378 3144 2456 3218 (g)
2484 3145 2761 3212 subsistat,
2789 3147 3066 3219 generatio
3095 3163 3222 3205 vero
3247 3150 3549 3206 naturalem
3580 3148 3758 3203 habeat

472 3242 566 3296 Dei
596 3242 847 3295 universa
874 3239 1109 3295 hominis
1140 3242 1366 3296 veritate
1397 3239 1717 3310 perfecerit:
1760 3242 1963 3298 habens
2012 3250 2066 3300 in

470 3350 529 3390 se
570 3344 624 3389 et
672 3345 915 3387 naturam
976 3334 1068 3389 Dei
1109 3334 1346 3405 potentis
1402 3336 1454 3390 in
1512 3325 1719 3406 gestis,
1752 3336 1878 3391 dum
1912 3347 2069 3392 natus

471 3443 536 3483 ex
562 3426 673 3482 Deo
699 3436 812 3491 cSI;
836 3436 889 3481 et
915 3426 1135 3494 perfecﬁ
1170 3426 1400 3481 hominis
1421 3427 1837 3492 absolutionem,
1868 3428 1993 3482 dum
2021 3429 2069 3483 ei

470 3528 552 3573 est
595 3529 777 3589 partus
807 3533 872 3576 ex
906 3518 1157 3590 Virgine:
1192 3528 1248 3573 et
1272 3534 1393 3573 cum
1426 3520 1651 3575 veritate
1676 3522 1919 3591 corporis
1947 3521 2076 3575 sub-

471 3610 669 3667 sistens
691 3608 744 3668 in
772 3623 958 3669 natura
997 3612 1117 3678 Dei,
1151 3623 1208 3670 et
1256 3628 1380 3669 cum
1414 3613 1514 3670 Dei
1543 3624 1735 3671 natura
1765 3630 1992 3672 manens
2020 3618 2071 3673 in

473 3706 720 3773 corporis
750 3703 997 3760 veritate.

548 3794 602 3849 7.
631 3794 761 3863 Qua:
779 3813 934 3866 super
960 3799 1061 3852 sint
1084 3816 1103 3866 ;
1128 3806 1177 3852 et
1197 3798 1335 3853 unde
1353 3799 1619 3855 diluenda.
1649 3831 1719 3842 —
1738 3801 2074 3874 Quamquam

475 3887 640 3958 igitur
661 3901 834 3960 usque
861 3889 928 3945 ad
954 3891 1130 3961 ipsam
1168 3891 1358 3946 mortis
1384 3888 1613 3962 gloriam
1649 3894 1828 3950 omnis
1853 3904 2079 3967 respon-

474 3979 644 4037 sionis
667 3988 870 4036 nostra:
898 3996 1080 4039 sermo
1107 3983 1472 4054 descenderit,
1516 3994 1572 4042 et
1615 3986 1842 4057 singulis
1869 3987 2078 4058 profes-

475 4072 649 4128 sionis
693 4073 872 4143 impia:
929 4073 1385 4146 propositionibus
1428 4091 1497 4132 ex
1551 4078 1876 4150 evangelicis
1918 4088 2080 4151 atque

478 4165 790 4238 apostolicis
838 4166 1102 4225 doctrinis
1140 4168 1212 4225 sit
1250 4171 1643 4227 contradictum
1676 4190 1689 4227 :
1742 4179 1925 4229 tamen
1957 4175 2083 4246 quia

477 4258 642 4317 etiam
672 4266 794 4331 post
823 4262 1236 4319 resurrectionis
1260 4262 1487 4334 gloriam
1524 4264 1771 4336 quaedam
1807 4307 1823 4331 ,
1876 4266 1945 4322 ad
1984 4267 2083 4325 de-

480 4353 698 4422 generis
724 4360 932 4408 naturae
953 4353 1322 4411 inﬁrmitatem
1348 4357 1854 4427 demonstrandam,
1877 4366 2086 4431 praestt-

2172 3238 2464 3293 nativitatis
2489 3246 2787 3294 auctorem.

2244 3331 2299 3387 9.
2330 3332 2629 3404 Mysterium
2650 3333 2836 3389 salutis
2854 3342 3043 3389 nostra:
3060 3344 3442 3390 sacramentum
3455 3344 3531 3390 est
3552 3332 3757 3404 pietatis,

2173 3439 2275 3477 non
2306 3421 2519 3490 offensio
2557 3423 2859 3479 diuinitatis.
2911 3455 2985 3467 —
3022 3425 3211 3482 Omnis
3251 3427 3473 3499 quidem
3510 3423 3759 3482 calumnia

2175 3519 2418 3588 improba
2443 3529 2549 3587 est,
2582 3521 2706 3590 quia
2734 3519 2947 3575 veritati
2976 3519 3206 3588 falsitas,
3231 3537 3355 3577 cum
3380 3522 3495 3593 jam
3516 3519 3759 3577 etfrenato

2175 3610 2381 3681 pudore
2408 3611 2499 3676 sit,
2528 3609 2887 3666 contradicit:
2918 3611 3013 3667 sed
3038 3621 3218 3668 tamen
3249 3612 3524 3670 interdum
3546 3620 3764 3683 praeten-

2176 3703 2257 3759 dit
2285 3702 2503 3774 aliquod
2538 3703 2904 3760 excusationis
2936 3704 3203 3776 ambiguae
3231 3706 3514 3774 velamen,
3546 3713 3603 3759 ut
3625 3717 3763 3757 vere-

2175 3794 2352 3850 cunde
2380 3794 2435 3849 in
2465 3794 2782 3852 defensione
2826 3797 2916 3863 sit,
2960 3797 3105 3867 quod
3148 3798 3493 3868 impudenter
3522 3797 3575 3852 in
3615 3807 3761 3850 sensu

2178 3895 2282 3941 est.
2317 3884 2516 3940 Verum
2548 3900 2692 3941 nunc
2716 3886 2771 3941 in
2815 3886 2921 3954 his,
2950 3901 3070 3958 quae
3098 3884 3263 3958 impie
3299 3884 3366 3944 ad
3407 3883 3759 3944 infirmandas]

2181 3979 2395 4035 Damini
2422 3981 2594 4036 nostri
2618 3980 2960 4037 divinitatem
2988 3992 3316 4053 presumpta
3340 3992 3492 4048 sint,
3522 3982 3667 4038 laws
3686 3991 3763 4031 ve-

2180 4073 2455 4131 recundiae
2498 4075 2587 4132 vel
2618 4073 2766 4131 falsa:
2795 4074 3165 4132 excusationis
3204 4075 3462 4134 exclusus
3503 4081 3610 4132 est:
3654 4082 3761 4125 cum

2181 4167 2400 4242 quando
2422 4169 2536 4241 ipsa
2563 4168 2652 4225 illa
2676 4167 3028 4243 ignorationis
3054 4170 3210 4226 venia
3236 4182 3520 4238 cessante,
3550 4167 3656 4226 sola
3676 4180 3760 4219 v0-

2185 4261 2365 4317 luntas
2411 4262 2730 4333 irreligiosaa
2775 4262 3150 4333 intelligentiae
3183 4262 3486 4335 detegatur.
3535 4260 3600 4318 Ut
3634 4256 3760 4314 enim

2183 4357 2458 4429 paululum
2482 4357 2654 4428 ipsius
2680 4356 2814 4413 dicti
2843 4357 3144 4431 evangelici
3174 4356 3423 4415 diﬂ’eram
3450 4358 3762 4415 demonstra-

480 4452 632 4500 mere
675 4444 824 4514 impii
852 4442 970 4501 ausi
1000 4453 1145 4512 sunt,
1193 4444 1278 4503 his
1307 4446 1441 4520 ipsis
1469 4465 1612 4506 nunc
1644 4452 2081 4524 respondendum
2188 4452 2428 4509 tionem:
2458 4466 2601 4507 anne
2632 4451 2948 4524 ignorabitis
2969 4451 3086 4508 haec
3114 4463 3229 4507 erat
3254 4451 3500 4525 Apostoli
3530 4446 3762 4523 praedica-

481 4545 587 4592 est.
620 4539 791 4607 Atque
821 4538 916 4604 ita,
944 4546 1003 4594 ut
1032 4540 1088 4595 in
1118 4539 1331 4595 caeteris
1360 4541 1701 4598 observatum
1730 4560 1761 4600 a
1788 4545 1946 4603 nobis
1973 4554 2076 4613 est,
2105 4527 2159 4588 Ῑ)
2187 4546 2262 4602 tio
2277 4545 2535 4602 dicentis:
2559 4542 2626 4598 Et
2640 4544 2842 4616 quidem
2856 4545 3179 4614 confessione
3194 4547 3443 4614 omnium,
3462 4541 3762 4617 magna!!!“

552 4762 628 4844 (ξ)
660 4767 1066 4844 l_nconspicabili
1085 4770 1327 4844 imagine.

552 4834 638 4912 (Ξ)
678 4834 877 4897 Verba.
921 4838 1050 4898 Cum
1095 4834 1265 4899 αιαὲηι
1303 4846 1537 4920 subjecta
1578 4849 1625 4903 ci
1655 4849 1850 4921 fuerim
1882 4850 2076 4918 omnia,

552 4953 632 5032 (α)
666 4954 798 5032 Sola
840 4955 1007 5032 editio
1048 4957 1170 5032 far.
1203 4955 1305 5013 Dei
1323 4958 1629 5032 invisibilis.
1662 4960 1971 5032 ileSpicitur
1996 4963 2084 5032 hic

479 5026 574 5083 vel
595 5026 828 5103 Celebris
843 5027 1185 5103 ⁸Ιοειιιι-Ριιίι,
1215 5045 1277 5103 ll,
1308 5030 1343 5086 6
1368 5047 1380 5084 :
1418 5032 1519 5097 Qui
1547 5048 1665 5086 cum
1694 5034 1747 5087 in
1777 5026 1955 5103 forma
1985 5031 2085 5090 Dei

482 5100 741 5170 esset,gvel
761 5098 923 5170 Hebr.
950 5113 990 5165 ι,
1013 5099 1067 5165 5,
1094 5102 1180 5154 tibi
1200 5100 1372 5170 figura
1397 5104 1698 5158 substantia:
1723 5098 1813 5160 Dei
1835 5102 2086 5161 Christus

483 5167 947 5239 praedicatur-Mox
964 5170 1014 5223 in
1033 5167 1332 5228 mammia
1343 5175 1637 5230 .nativttatts
1652 5176 1772 5231 loco
1787 5177 2082 5232 divinitatis.

555 5240 651 5317 (ιν)⁸
682 5238 817 5294 Tres
870 5240 1053 5317 proba:
1092 5249 1233 5297 notat
1278 5258 1408 5299 mss.
1450 5260 1603 5317 quam
1640 5246 1712 5313 id,
1758 5249 1959 5302 omisso
1993 5247 2083 5303 ad.

483 5308 620 5364 Vat.
641 5311 753 5364 has.
784 5308 980 5375 codex,
1009 5327 1220 5369 necnon
1247 5331 1383 5370 unus
1406 5308 1563 5375 Colb.
1594 5328 1652 5374 et
1685 5308 1826 5375 alter
1846 5319 2080 5376 Sorbon.

487 5396 643 5451 quam
662 5380 730 5451 ad
753 5382 807 5435 id
824 5381 960 5451 quod
988 5382 1254 5439 invisibilis
1279 5396 1373 5440 est.

553 5451 633 5538 4(Ac)
662 5450 721 5538 In
749 5448 1157 5538 inss..Vat.bas.,
1181 5456 1491 5538 .Corbqunp
1511 5459 1694 5538 Colb.,
1706 5459 1946 5538 _Sorbon.
1960 5466 2078 5538 etc.

481 5521 901 5590 inconspicabili:
934 5538 1116 5593 prave,
1141 5521 1245 5582 nisi
1269 5521 1388 5582 cum
1419 5521 1828 5598 Martin.,Colb.
1866 5538 1923 5587 et
1957 5532 2086 5587 Sor-

486 5593 615 5671 bon.
637 5590 832 5660 deinde
855 5593 1092 5671 legatur,
1103 5597 1260 5671 aliam
1280 5614 1430 5671 quam
1452 5612 1653 5657 natura:
1672 5600 1938 5658 invisibilis
1954 5604 2087 5657 ima-

490 5663 658 5743 ginem
695 5663 1050 5743 no‘n_ref_erret,
1079 5666 1133 5721 in
1163 5663 1515 5743 solo'Martin.
1538 5677 1715 5738 refert.
1744 5672 1945 5729 Verum
1967 5676 2083 5728 sin-

493 5732 669 5787 cerior
690 5736 775 5785 est
801 5732 984 5801 lectio,
1007 5749 1167 5809 quam
1190 5739 1486 5813 retinemus
1506 5732 1626 5801 cum
1649 5744 1950 5821 antiquiore
1976 5758 2079 5803 ms.

364 4636 373 4645 '
475 4643 669 4686 eorum
700 4630 939 4701 ipsorum
963 4630 1238 4688 dictorum
1265 4634 1404 4690 ratio
1440 4648 1509 4690 ex
1545 4634 1630 4690 bis
1653 4636 1786 4707 ipsis
1816 4637 1977 4693 dictis
2007 4637 2090 4694 af-
2190 4638 2394 4709 pictatis
2424 4646 2824 4704 sacramentum,
2859 4637 2994 4708 quod
3020 4636 3404 4707 manifestatum
3430 4647 3501 4694 est
3528 4636 3581 4689 in
3602 4640 3757 4691 curnt.

2183 4779 2382 4836 desunt
2404 4779 2458 4834 in
2487 4786 2677 4834 nostra
2704 4778 2913 4835 codice.

2257 4850 2340 4923 (5)
2362 4849 2726 4906 Eaisumatur.

2187 4961 2340 5020 Colb.
2368 4978 2581 5035 necnon
2609 4961 2992 5032 Germ.,Carn.
3014 4971 3121 5019 etc.
3154 4963 3254 5021 ilic
3275 4964 3557 5035 repellitur
3581 4958 3754 5035 saleni-

3052 5014 3593 5106 uo—b‘ilititlitvvisutn,
3611 5014 3754 5106 θέρο-

2189 5122 2293 5178 que
2321 5104 2623 5183 visibilem,_
2650 5098 2866 5183 Patrem
2905 5098 3037 5183 vero
3063 5098 3390 5183 invisibilem
3413 5098 3756 5183 praedicauit",

2189 5172 2498 5304 ltitrutmquc,
2539 5177 2703 5233 veleo
2725 5178 2939 5233 nomine
2972 5176 3322 5234 dissidentem
3342 5172 3528 5234 natura
3541 5172 3752 5239 divulsa.

2227 5264 2292 5303 an
2327 5288 2340 5301 .

2227 5264 2340 5303 αηι.

2262 5319 2341 5391 (tl)
2370 5312 2488 5385 Er.,
2516 5314 2866 5391 Lips.etPar.
2895 5318 2963 5374 ad
2975 5323 3199 5389 {orntum
3223 5316 3327 5377 Dei
3336 5310 3752 5378 dehonutaadaia.

2195 5384 2333 5450 Bad:
2360 5396 2416 5444 et
2447 5384 2548 5445 ms.
2579 5384 2956 5446 renitentibus.

2264 5458 2339 5535 (e)
2366 5456 2545 5535 Ilerus
2573 5461 2746 5516 codex
2768 5459 2925 5516 Colb.
2956 5460 3039 5535 pie
3061 5469 3109 5516 et
3135 5462 3381 5535 ratione.
3578 5516 3590 5535 λ
3668 5504 3674 5523 ,

2265 5529 2334 5604 (f)
2365 5530 2584 5606 Versus,
2612 5544 2911 5606 (tumentem
2928 5529 3159 5606 subjecta
3181 5534 3227 5606 ei
3252 5534 3442 5606 fuerint
3461 5529 3635 5592 omnia,
3660 5530 3751 5576 ηοη

2193 5603 2372 5659 exstat
2398 5603 2450 5655 in
2479 5617 2609 5656 mss.
2644 5604 2747 5657 nisi
2776 5603 2830 5658 in
2858 5620 2967 5660 uno
2984 5603 3133 5660 Colb.
3162 5603 3339 5661 dubia:
3359 5605 3500 5662 ﬁdei.
3570 5642 3575 5645 Α

2264 5673 2342 5748 (9)
2372 5668 2521 5743 ί-ιίβεο
2551 5683 2604 5729 el
2631 5672 2753 5753 Par.
2785 5678 3021 5732 exsistat.
3053 5670 3172 5732 Mos
3202 5679 3253 5735 in
3422 5672 3620 5753 Martia,
3646 5675 3752 5739 auc-

2194 5753 2473 5815 torstatem,
2498 5758 2602 5801 non
2622 5750 2901 5825 auctorem,
