  <div class='ocr_page' id='page_1' title='image "/cluster/home/n/w/nwhite01/storage/ocr_20150623/10/uva.x000826522/210.png"; bbox 0 0 3930 6194; ppageno 0'>
   <div class='ocr_carea' id='block_1_1' title="bbox 150 295 252 353">
    <p class='ocr_par' dir='ltr' id='par_1_1' title="bbox 150 295 252 353">
     <span class='ocr_line' id='line_1_1' title="bbox 150 295 252 353; baseline -0.029 0"><span class='ocrx_word' id='word_1_1' title='bbox 150 295 252 353; x_wconf 81' lang='grc'><strong>405</strong></span> 
     </span>
    </p>
   </div>
   <div class='ocr_carea' id='block_1_2' title="bbox 1354 282 2239 348">
    <p class='ocr_par' dir='ltr' id='par_1_2' title="bbox 1354 282 2239 348">
     <span class='ocr_line' id='line_1_2' title="bbox 1354 282 2239 348; baseline 0.008 -8"><span class='ocrx_word' id='word_1_2' title='bbox 1354 283 1446 340; x_wconf 85' lang='lat' dir='ltr'><strong>DE</strong></span> <span class='ocrx_word' id='word_1_3' title='bbox 1485 282 1862 344; x_wconf 78' lang='lat' dir='ltr'><strong>TBINITATE</strong></span> <span class='ocrx_word' id='word_1_4' title='bbox 1899 285 2105 345; x_wconf 82' lang='lat' dir='ltr'><strong>LIBER</strong></span> <span class='ocrx_word' id='word_1_5' title='bbox 2143 289 2239 348; x_wconf 76' lang='lat' dir='ltr'><strong>XI.</strong></span> 
     </span>
    </p>
   </div>
   <div class='ocr_carea' id='block_1_3' title="bbox 3341 289 3451 348">
    <p class='ocr_par' dir='ltr' id='par_1_3' title="bbox 3341 289 3451 348">
     <span class='ocr_line' id='line_1_3' title="bbox 3341 289 3451 348; baseline 0.009 -2"><span class='ocrx_word' id='word_1_6' title='bbox 3341 289 3451 348; x_wconf 67' lang='lat'><strong>406</strong></span> 
     </span>
    </p>
   </div>
   <div class='ocr_carea' id='block_1_4' title="bbox 149 402 3454 485">
    <p class='ocr_par' dir='ltr' id='par_1_4' title="bbox 149 402 3454 485">
     <span class='ocr_line' id='line_1_4' title="bbox 149 402 3454 485; baseline -0.001 -19"><span class='ocrx_word' id='word_1_7' title='bbox 149 410 226 485; x_wconf 91' lang='lat' dir='ltr'><strong>(a)</strong></span> <span class='ocrx_word' id='word_1_8' title='bbox 242 407 595 484; x_wconf 72' lang='lat' dir='ltr'><strong>justi/iceram</strong></span> <span class='ocrx_word' id='word_1_9' title='bbox 611 415 686 463; x_wconf 85' lang='lat' dir='ltr'><strong>est</strong></span> <span class='ocrx_word' id='word_1_10' title='bbox 704 407 759 462; x_wconf 88' lang='lat' dir='ltr'><strong>in</strong></span> <span class='ocrx_word' id='word_1_11' title='bbox 786 403 993 478; x_wconf 83' lang='lat' dir='ltr'><strong>spiritu,</strong></span> <span class='ocrx_word' id='word_1_12' title='bbox 1023 404 1188 461; x_wconf 75' lang='lat' dir='ltr'><strong>uisum</strong></span> <span class='ocrx_word' id='word_1_13' title='bbox 1215 409 1288 459; x_wconf 84' lang='lat' dir='ltr'><strong>est</strong></span> <span class='ocrx_word' id='word_1_14' title='bbox 1309 402 1526 478; x_wconf 79' lang='lat' dir='ltr'><strong>angelis,</strong></span> <span class='ocrx_word' id='word_1_15' title='bbox 1552 403 1747 474; x_wconf 78' lang='lat' dir='ltr'><strong>prtedi-</strong></span> <span class='ocrx_word' id='word_1_16' title='bbox 1774 405 1824 467; x_wconf 77' lang='grc' dir='ltr'><strong>Δ</strong></span> <span class='ocrx_word' id='word_1_17' title='bbox 1853 417 1980 462; x_wconf 89' lang='lat' dir='ltr'><strong>men</strong></span> <span class='ocrx_word' id='word_1_18' title='bbox 2006 405 2374 464; x_wconf 88' lang='lat' dir='ltr'><strong>manifestatio</strong></span> <span class='ocrx_word' id='word_1_19' title='bbox 2411 407 2463 464; x_wconf 91' lang='lat' dir='ltr'><strong>in</strong></span> <span class='ocrx_word' id='word_1_20' title='bbox 2489 420 2675 476; x_wconf 88' lang='lat' dir='ltr'><strong>carne,</strong></span> <span class='ocrx_word' id='word_1_21' title='bbox 2717 419 2826 462; x_wconf 90' lang='lat' dir='ltr'><strong>non</strong></span> <span class='ocrx_word' id='word_1_22' title='bbox 2873 404 3020 462; x_wconf 84' lang='lat' dir='ltr'><strong>aliud</strong></span> <span class='ocrx_word' id='word_1_23' title='bbox 3049 419 3212 478; x_wconf 87' lang='lat' dir='ltr'><strong>quam</strong></span> <span class='ocrx_word' id='word_1_24' title='bbox 3245 418 3454 478; x_wconf 60' lang='lat' dir='ltr'><strong>magna;</strong></span> 
     </span>
    </p>
   </div>
   <div class='ocr_carea' id='block_1_5' title="bbox 150 497 1744 574">
    <p class='ocr_par' dir='ltr' id='par_1_5' title="bbox 150 497 1744 574">
     <span class='ocr_line' id='line_1_5' title="bbox 150 497 1744 574; baseline -0.006 -14"><span class='ocrx_word' id='word_1_25' title='bbox 150 513 311 560; x_wconf 74' lang='lat' dir='ltr'><strong>catum</strong></span> <span class='ocrx_word' id='word_1_26' title='bbox 337 510 411 557; x_wconf 80' lang='lat' dir='ltr'><strong>est</strong></span> <span class='ocrx_word' id='word_1_27' title='bbox 433 500 691 574; x_wconf 73' lang='lat' dir='ltr'><strong>gentibus,</strong></span> <span class='ocrx_word' id='word_1_28' title='bbox 712 499 962 555; x_wconf 82' lang='lat' dir='ltr'><strong>creditum</strong></span> <span class='ocrx_word' id='word_1_29' title='bbox 983 507 1056 554; x_wconf 87' lang='lat' dir='ltr'><strong>est</strong></span> <span class='ocrx_word' id='word_1_30' title='bbox 1084 498 1139 552; x_wconf 91' lang='lat' dir='ltr'><strong>in</strong></span> <span class='ocrx_word' id='word_1_31' title='bbox 1159 497 1256 553; x_wconf 81' lang='lat' dir='ltr'><strong>hoc</strong></span> <span class='ocrx_word' id='word_1_32' title='bbox 1275 497 1487 564; x_wconf 84' lang='lat' dir='ltr'><strong>mundo,</strong></span> <span class='ocrx_word' id='word_1_33' title='bbox 1507 513 1744 568; x_wconf 82' lang='lat' dir='ltr'><strong>assump-</strong></span> 
     </span>
    </p>
   </div>
   <div class='ocr_carea' id='block_1_6' title="bbox 152 591 1745 665">
    <p class='ocr_par' dir='ltr' id='par_1_6' title="bbox 152 591 1745 665">
     <span class='ocr_line' id='line_1_6' title="bbox 152 591 1745 665; baseline -0.003 -12"><span class='ocrx_word' id='word_1_34' title='bbox 152 607 250 654; x_wconf 78' lang='lat' dir='ltr'><strong>tum</strong></span> <span class='ocrx_word' id='word_1_35' title='bbox 273 607 346 652; x_wconf 83' lang='lat' dir='ltr'><strong>est</strong></span> <span class='ocrx_word' id='word_1_36' title='bbox 366 593 674 651; x_wconf 84' lang='lat' dir='ltr'><strong>inclaritate</strong></span> <span class='ocrx_word' id='word_1_37' title='bbox 701 593 745 664; x_wconf 85' lang='lat' dir='ltr'><strong>(l</strong></span> <span class='ocrx_word' id='word_1_38' title='bbox 777 592 914 649; x_wconf 89' lang='lat' dir='ltr'><strong>Tim.</strong></span> <span class='ocrx_word' id='word_1_39' title='bbox 946 608 1026 659; x_wconf 86' lang='lat' dir='ltr'><strong>tu,</strong></span> <span class='ocrx_word' id='word_1_40' title='bbox 1055 591 1169 665; x_wconf 69' lang='lat' dir='ltr'><strong>id).</strong></span> <span class='ocrx_word' id='word_1_41' title='bbox 1203 592 1370 648; x_wconf 87' lang='lat' dir='ltr'><strong>Estne</strong></span> <span class='ocrx_word' id='word_1_42' title='bbox 1390 592 1568 648; x_wconf 86' lang='lat' dir='ltr'><strong>adhuc</strong></span> <span class='ocrx_word' id='word_1_43' title='bbox 1596 593 1745 664; x_wconf 74' lang='lat' dir='ltr'><strong>quis-</strong></span> 
     </span>
    </p>
   </div>
   <div class='ocr_carea' id='block_1_7' title="bbox 151 684 1742 761">
    <p class='ocr_par' dir='ltr' id='par_1_7' title="bbox 151 684 1742 761">
     <span class='ocr_line' id='line_1_7' title="bbox 151 684 1742 761; baseline -0.002 -17"><span class='ocrx_word' id='word_1_44' title='bbox 151 703 297 761; x_wconf 84' lang='lat' dir='ltr'><strong>quam</strong></span> <span class='ocrx_word' id='word_1_45' title='bbox 326 697 434 743; x_wconf 88' lang='lat' dir='ltr'><strong>tam</strong></span> <span class='ocrx_word' id='word_1_46' title='bbox 458 687 667 746; x_wconf 82' lang='lat' dir='ltr'><strong>hebetis</strong></span> <span class='ocrx_word' id='word_1_47' title='bbox 686 685 761 760; x_wconf 69' lang='grc' dir='ltr'><strong>(ὁ)</strong></span> <span class='ocrx_word' id='word_1_48' title='bbox 786 685 1174 757; x_wconf 72' lang='lat' dir='ltr'><strong>intelligentiae,</strong></span> <span class='ocrx_word' id='word_1_49' title='bbox 1198 695 1257 741; x_wconf 90' lang='lat' dir='ltr'><strong>ut</strong></span> <span class='ocrx_word' id='word_1_50' title='bbox 1281 684 1742 757; x_wconf 75' lang='lat' dir='ltr'><strong>dispensationem</strong></span> 
     </span>
    </p>
   </div>
   <div class='ocr_carea' id='block_1_8' title="bbox 150 779 1742 853">
    <p class='ocr_par' dir='ltr' id='par_1_8' title="bbox 150 779 1742 853">
     <span class='ocr_line' id='line_1_8' title="bbox 150 779 1742 853; baseline -0.003 -15"><span class='ocrx_word' id='word_1_51' title='bbox 150 790 430 853; x_wconf 71' lang='lat' dir='ltr'><strong>assumpta:</strong></span> <span class='ocrx_word' id='word_1_52' title='bbox 461 797 492 836; x_wconf 92' lang='lat' dir='ltr'><strong>a</strong></span> <span class='ocrx_word' id='word_1_53' title='bbox 528 781 754 837; x_wconf 92' lang='lat' dir='ltr'><strong>Domino</strong></span> <span class='ocrx_word' id='word_1_54' title='bbox 773 781 954 836; x_wconf 90' lang='lat' dir='ltr'><strong>carnis</strong></span> <span class='ocrx_word' id='word_1_55' title='bbox 978 779 1126 835; x_wconf 85' lang='lat' dir='ltr'><strong>aliud</strong></span> <span class='ocrx_word' id='word_1_56' title='bbox 1153 794 1312 850; x_wconf 90' lang='lat' dir='ltr'><strong>quam</strong></span> <span class='ocrx_word' id='word_1_57' title='bbox 1343 789 1742 836; x_wconf 77' lang='lat' dir='ltr'><strong>sacramentum</strong></span> 
     </span>
    </p>
   </div>
   <div class='ocr_carea' id='block_1_9' title="bbox 151 869 1744 944">
    <p class='ocr_par' dir='ltr' id='par_1_9' title="bbox 151 869 1744 944">
     <span class='ocr_line' id='line_1_9' title="bbox 151 869 1744 944; baseline -0.003 -12"><span class='ocrx_word' id='word_1_58' title='bbox 151 890 260 932; x_wconf 85' lang='lat' dir='ltr'><strong>esse</strong></span> <span class='ocrx_word' id='word_1_59' title='bbox 295 873 516 944; x_wconf 88' lang='lat' dir='ltr'><strong>pietatis</strong></span> <span class='ocrx_word' id='word_1_60' title='bbox 565 873 861 944; x_wconf 78' lang='lat' dir='ltr'><strong>intelligat?</strong></span> <span class='ocrx_word' id='word_1_61' title='bbox 892 873 956 928; x_wconf 88' lang='lat' dir='ltr'><strong>Et</strong></span> <span class='ocrx_word' id='word_1_62' title='bbox 1005 874 1237 944; x_wconf 87' lang='lat' dir='ltr'><strong>primunt</strong></span> <span class='ocrx_word' id='word_1_63' title='bbox 1275 880 1424 927; x_wconf 79' lang='lat' dir='ltr'><strong>extra</strong></span> <span class='ocrx_word' id='word_1_64' title='bbox 1456 871 1616 928; x_wconf 85' lang='lat' dir='ltr'><strong>fidem</strong></span> <span class='ocrx_word' id='word_1_65' title='bbox 1647 869 1744 928; x_wconf 86' lang='lat' dir='ltr'><strong>Dei</strong></span> 
     </span>
    </p>
   </div>
   <div class='ocr_carea' id='block_1_10' title="bbox 151 962 1742 1038">
    <p class='ocr_par' dir='ltr' id='par_1_10' title="bbox 151 962 1742 1038">
     <span class='ocr_line' id='line_1_10' title="bbox 151 962 1742 1038; baseline -0.004 -13"><span class='ocrx_word' id='word_1_66' title='bbox 151 977 243 1034; x_wconf 86' lang='lat' dir='ltr'><strong>est,</strong></span> <span class='ocrx_word' id='word_1_67' title='bbox 274 966 504 1038; x_wconf 90' lang='lat' dir='ltr'><strong>quisque</strong></span> <span class='ocrx_word' id='word_1_68' title='bbox 534 972 684 1022; x_wconf 77' lang='lat' dir='ltr'><strong>extra</strong></span> <span class='ocrx_word' id='word_1_69' title='bbox 715 963 854 1020; x_wconf 86' lang='lat' dir='ltr'><strong>hanc</strong></span> <span class='ocrx_word' id='word_1_70' title='bbox 878 964 983 1020; x_wconf 88' lang='lat' dir='ltr'><strong>erit</strong></span> <span class='ocrx_word' id='word_1_71' title='bbox 1010 963 1427 1020; x_wconf 76' lang='lat' dir='ltr'><strong>confessionem.</strong></span> <span class='ocrx_word' id='word_1_72' title='bbox 1458 962 1575 1018; x_wconf 86' lang='lat' dir='ltr'><strong>Non</strong></span> <span class='ocrx_word' id='word_1_73' title='bbox 1597 962 1742 1018; x_wconf 89' lang='lat' dir='ltr'><strong>enim</strong></span> 
     </span>
    </p>
   </div>
   <div class='ocr_carea' id='block_1_11' title="bbox 151 1053 1739 1130">
    <p class='ocr_par' dir='ltr' id='par_1_11' title="bbox 151 1053 1739 1130">
     <span class='ocr_line' id='line_1_11' title="bbox 151 1053 1739 1130; baseline -0.006 -12"><span class='ocrx_word' id='word_1_74' title='bbox 151 1059 438 1130; x_wconf 77' lang='lat' dir='ltr'><strong>Apostolus</strong></span> <span class='ocrx_word' id='word_1_75' title='bbox 472 1058 717 1130; x_wconf 88' lang='lat' dir='ltr'><strong>ambigit,</strong></span> <span class='ocrx_word' id='word_1_76' title='bbox 750 1057 880 1128; x_wconf 87' lang='lat' dir='ltr'><strong>quin</strong></span> <span class='ocrx_word' id='word_1_77' title='bbox 920 1057 1022 1112; x_wconf 90' lang='lat' dir='ltr'><strong>hoc</strong></span> <span class='ocrx_word' id='word_1_78' title='bbox 1061 1056 1132 1111; x_wconf 84' lang='lat' dir='ltr'><strong>ab</strong></span> <span class='ocrx_word' id='word_1_79' title='bbox 1172 1056 1440 1112; x_wconf 86' lang='lat' dir='ltr'><strong>universis</strong></span> <span class='ocrx_word' id='word_1_80' title='bbox 1462 1053 1739 1110; x_wconf 89' lang='lat' dir='ltr'><strong>fatendum</strong></span> 
     </span>
    </p>
   </div>
   <div class='ocr_carea' id='block_1_12' title="bbox 150 1147 1738 1225">
    <p class='ocr_par' dir='ltr' id='par_1_12' title="bbox 150 1147 1738 1225">
     <span class='ocr_line' id='line_1_12' title="bbox 150 1147 1738 1225; baseline -0.006 -14"><span class='ocrx_word' id='word_1_81' title='bbox 150 1154 232 1218; x_wconf 84' lang='lat' dir='ltr'><strong>sit.</strong></span> <span class='ocrx_word' id='word_1_82' title='bbox 263 1151 577 1225; x_wconf 86' lang='lat' dir='ltr'><strong>mysterium</strong></span> <span class='ocrx_word' id='word_1_83' title='bbox 604 1151 794 1206; x_wconf 88' lang='lat' dir='ltr'><strong>salutis</strong></span> <span class='ocrx_word' id='word_1_84' title='bbox 832 1157 1038 1206; x_wconf 64' lang='lat' dir='ltr'><strong>nostrae</strong></span> <span class='ocrx_word' id='word_1_85' title='bbox 1070 1165 1175 1204; x_wconf 92' lang='lat' dir='ltr'><strong>non</strong></span> <span class='ocrx_word' id='word_1_86' title='bbox 1205 1163 1327 1204; x_wconf 88' lang='lat' dir='ltr'><strong>esse</strong></span> <span class='ocrx_word' id='word_1_87' title='bbox 1353 1147 1738 1204; x_wconf 87' lang='lat' dir='ltr'><strong>contumeliam</strong></span> 
     </span>
    </p>
   </div>
   <div class='ocr_carea' id='block_1_13' title="bbox 150 1242 1740 1314">
    <p class='ocr_par' dir='ltr' id='par_1_13' title="bbox 150 1242 1740 1314">
     <span class='ocr_line' id='line_1_13' title="bbox 150 1242 1740 1314; baseline -0.004 -13"><span class='ocrx_word' id='word_1_88' title='bbox 150 1243 450 1310; x_wconf 76' lang='lat' dir='ltr'><strong>divinitatis,</strong></span> <span class='ocrx_word' id='word_1_89' title='bbox 483 1244 581 1300; x_wconf 89' lang='lat' dir='ltr'><strong>sed</strong></span> <span class='ocrx_word' id='word_1_90' title='bbox 607 1258 817 1314; x_wconf 85' lang='lat' dir='ltr'><strong>magnae</strong></span> <span class='ocrx_word' id='word_1_91' title='bbox 859 1242 1072 1312; x_wconf 89' lang='lat' dir='ltr'><strong>pietatis</strong></span> <span class='ocrx_word' id='word_1_92' title='bbox 1098 1250 1537 1297; x_wconf 85' lang='lat' dir='ltr'><strong>sacramentum:</strong></span> <span class='ocrx_word' id='word_1_93' title='bbox 1570 1249 1625 1296; x_wconf 90' lang='lat' dir='ltr'><strong>et</strong></span> <span class='ocrx_word' id='word_1_94' title='bbox 1650 1254 1740 1295; x_wconf 88' lang='lat' dir='ltr'><strong>sa-</strong></span> 
     </span>
    </p>
   </div>
   <div class='ocr_carea' id='block_1_14' title="bbox 151 1332 1735 1409">
    <p class='ocr_par' dir='ltr' id='par_1_14' title="bbox 151 1332 1735 1409">
     <span class='ocr_line' id='line_1_14' title="bbox 151 1332 1735 1409; baseline -0.006 -13"><span class='ocrx_word' id='word_1_95' title='bbox 151 1348 471 1396; x_wconf 90' lang='lat' dir='ltr'><strong>cramentum</strong></span> <span class='ocrx_word' id='word_1_96' title='bbox 496 1351 603 1392; x_wconf 90' lang='lat' dir='ltr'><strong>non</strong></span> <span class='ocrx_word' id='word_1_97' title='bbox 630 1336 741 1407; x_wconf 87' lang='lat' dir='ltr'><strong>jam</strong></span> <span class='ocrx_word' id='word_1_98' title='bbox 777 1333 856 1409; x_wconf 84' lang='lat' dir='ltr'><strong>(l)</strong></span> <span class='ocrx_word' id='word_1_99' title='bbox 881 1334 956 1409; x_wconf 85' lang='lat' dir='ltr'><strong>(c)</strong></span> <span class='ocrx_word' id='word_1_100' title='bbox 987 1335 1043 1390; x_wconf 91' lang='lat' dir='ltr'><strong>in</strong></span> <span class='ocrx_word' id='word_1_101' title='bbox 1071 1334 1335 1404; x_wconf 81' lang='lat' dir='ltr'><strong>mysterio</strong></span> <span class='ocrx_word' id='word_1_102' title='bbox 1365 1332 1693 1389; x_wconf 89' lang='lat' dir='ltr'><strong>occultatum</strong></span> <span class='ocrx_word' id='word_1_103' title='bbox 1718 1373 1735 1399; x_wconf 91' lang='lat'><strong><em>,</em></strong></span> 
     </span>
    </p>
   </div>
   <div class='ocr_carea' id='block_1_15' title="bbox 149 1425 1736 1497">
    <p class='ocr_par' dir='ltr' id='par_1_15' title="bbox 149 1425 1736 1497">
     <span class='ocr_line' id='line_1_15' title="bbox 149 1425 1736 1497; baseline -0.004 -11"><span class='ocrx_word' id='word_1_104' title='bbox 149 1430 232 1488; x_wconf 86' lang='lat' dir='ltr'><strong>sed</strong></span> <span class='ocrx_word' id='word_1_105' title='bbox 251 1431 302 1485; x_wconf 90' lang='lat' dir='ltr'><strong>in</strong></span> <span class='ocrx_word' id='word_1_106' title='bbox 326 1431 492 1485; x_wconf 86' lang='lat' dir='ltr'><strong>carne</strong></span> <span class='ocrx_word' id='word_1_107' title='bbox 513 1429 911 1485; x_wconf 86' lang='lat' dir='ltr'><strong>manifestatum</strong></span> <span class='ocrx_word' id='word_1_108' title='bbox 936 1443 952 1494; x_wconf 91' lang='lat'><strong>;</strong></span> <span class='ocrx_word' id='word_1_109' title='bbox 974 1441 1147 1497; x_wconf 89' lang='lat' dir='ltr'><strong>neque</strong></span> <span class='ocrx_word' id='word_1_110' title='bbox 1176 1425 1352 1482; x_wconf 84' lang='lat' dir='ltr'><strong>adhuc</strong></span> <span class='ocrx_word' id='word_1_111' title='bbox 1373 1440 1468 1496; x_wconf 92' lang='lat' dir='ltr'><strong>per</strong></span> <span class='ocrx_word' id='word_1_112' title='bbox 1492 1433 1736 1479; x_wconf 86' lang='lat' dir='ltr'><strong>naturam</strong></span> 
     </span>
    </p>
   </div>
   <div class='ocr_carea' id='block_1_16' title="bbox 153 1516 1738 1589">
    <p class='ocr_par' dir='ltr' id='par_1_16' title="bbox 153 1516 1738 1589">
     <span class='ocr_line' id='line_1_16' title="bbox 153 1516 1738 1589; baseline -0.004 -12"><span class='ocrx_word' id='word_1_113' title='bbox 153 1521 316 1578; x_wconf 88' lang='lat' dir='ltr'><strong>carnis</strong></span> <span class='ocrx_word' id='word_1_114' title='bbox 343 1520 644 1587; x_wconf 81' lang='lat' dir='ltr'><strong>inﬁrmum,</strong></span> <span class='ocrx_word' id='word_1_115' title='bbox 677 1518 774 1576; x_wconf 87' lang='lat' dir='ltr'><strong>sed</strong></span> <span class='ocrx_word' id='word_1_116' title='bbox 815 1519 867 1574; x_wconf 92' lang='lat' dir='ltr'><strong>in</strong></span> <span class='ocrx_word' id='word_1_117' title='bbox 907 1516 1099 1587; x_wconf 87' lang='lat' dir='ltr'><strong>spiritu</strong></span> <span class='ocrx_word' id='word_1_118' title='bbox 1136 1517 1524 1589; x_wconf 67' lang='lat' dir='ltr'><strong>iustificatam:</strong></span> <span class='ocrx_word' id='word_1_119' title='bbox 1556 1524 1615 1571; x_wconf 89' lang='lat' dir='ltr'><strong>ut</strong></span> <span class='ocrx_word' id='word_1_120' title='bbox 1641 1531 1738 1587; x_wconf 89' lang='lat' dir='ltr'><strong>per</strong></span> 
     </span>
    </p>
   </div>
   <div class='ocr_carea' id='block_1_17' title="bbox 147 1606 1736 1686">
    <p class='ocr_par' dir='ltr' id='par_1_17' title="bbox 147 1606 1736 1686">
     <span class='ocr_line' id='line_1_17' title="bbox 147 1606 1736 1686; baseline -0.005 -16"><span class='ocrx_word' id='word_1_121' title='bbox 147 1614 569 1686; x_wconf 84' lang='lat' dir='ltr'><strong>justiticationem</strong></span> <span class='ocrx_word' id='word_1_122' title='bbox 610 1612 834 1683; x_wconf 82' lang='lat' dir='ltr'><strong>spiritus</strong></span> <span class='ocrx_word' id='word_1_123' title='bbox 875 1610 1042 1682; x_wconf 74' lang='lat'><strong>380</strong></span> <span class='ocrx_word' id='word_1_124' title='bbox 1075 1608 1290 1666; x_wconf 88' lang='lat' dir='ltr'><strong>abesset</strong></span> <span class='ocrx_word' id='word_1_125' title='bbox 1331 1622 1360 1662; x_wconf 90' lang='lat' dir='ltr'><strong>a</strong></span> <span class='ocrx_word' id='word_1_126' title='bbox 1402 1606 1508 1664; x_wconf 78' lang='lat' dir='ltr'><strong>ﬁde</strong></span> <span class='ocrx_word' id='word_1_127' title='bbox 1549 1614 1736 1663; x_wconf 89' lang='lat' dir='ltr'><strong>nostra</strong></span> 
     </span>
    </p>
   </div>
   <div class='ocr_carea' id='block_1_18' title="bbox 150 1697 1736 1774">
    <p class='ocr_par' dir='ltr' id='par_1_18' title="bbox 150 1697 1736 1774">
     <span class='ocr_line' id='line_1_18' title="bbox 150 1697 1736 1774; baseline -0.006 -11"><span class='ocrx_word' id='word_1_128' title='bbox 150 1707 315 1764; x_wconf 88' lang='lat' dir='ltr'><strong>carnis</strong></span> <span class='ocrx_word' id='word_1_129' title='bbox 343 1703 653 1771; x_wconf 82' lang='lat' dir='ltr'><strong>inﬁrmitas,</strong></span> <span class='ocrx_word' id='word_1_130' title='bbox 684 1711 741 1760; x_wconf 90' lang='lat' dir='ltr'><strong>et</strong></span> <span class='ocrx_word' id='word_1_131' title='bbox 760 1717 856 1774; x_wconf 88' lang='lat' dir='ltr'><strong>per</strong></span> <span class='ocrx_word' id='word_1_132' title='bbox 874 1703 1054 1757; x_wconf 87' lang='lat' dir='ltr'><strong>carnis</strong></span> <span class='ocrx_word' id='word_1_133' title='bbox 1076 1697 1566 1756; x_wconf 83' lang='lat' dir='ltr'><strong>manifestationem</strong></span> <span class='ocrx_word' id='word_1_134' title='bbox 1592 1714 1736 1770; x_wconf 84' lang='lat' dir='ltr'><strong>mys-</strong></span> 
     </span>
    </p>
   </div>
   <div class='ocr_carea' id='block_1_19' title="bbox 152 1792 1732 1863">
    <p class='ocr_par' dir='ltr' id='par_1_19' title="bbox 152 1792 1732 1863">
     <span class='ocr_line' id='line_1_19' title="bbox 152 1792 1732 1863; baseline -0.004 -10"><span class='ocrx_word' id='word_1_135' title='bbox 152 1799 326 1854; x_wconf 87' lang='lat' dir='ltr'><strong>terium</strong></span> <span class='ocrx_word' id='word_1_136' title='bbox 357 1812 463 1852; x_wconf 91' lang='lat' dir='ltr'><strong>non</strong></span> <span class='ocrx_word' id='word_1_137' title='bbox 491 1803 640 1852; x_wconf 86' lang='lat' dir='ltr'><strong>esset</strong></span> <span class='ocrx_word' id='word_1_138' title='bbox 667 1793 938 1850; x_wconf 86' lang='lat' dir='ltr'><strong>occultum</strong></span> <span class='ocrx_word' id='word_1_139' title='bbox 960 1834 975 1860; x_wconf 93' lang='lat'><strong>,</strong></span> <span class='ocrx_word' id='word_1_140' title='bbox 1021 1802 1076 1848; x_wconf 92' lang='lat' dir='ltr'><strong>et</strong></span> <span class='ocrx_word' id='word_1_141' title='bbox 1115 1807 1209 1862; x_wconf 89' lang='lat' dir='ltr'><strong>per</strong></span> <span class='ocrx_word' id='word_1_142' title='bbox 1235 1792 1477 1863; x_wconf 85' lang='lat' dir='ltr'><strong>mysterii</strong></span> <span class='ocrx_word' id='word_1_143' title='bbox 1513 1792 1732 1863; x_wconf 85' lang='lat' dir='ltr'><strong>ignora-</strong></span> 
     </span>
    </p>
   </div>
   <div class='ocr_carea' id='block_1_20' title="bbox 152 1883 1739 1959">
    <p class='ocr_par' dir='ltr' id='par_1_20' title="bbox 152 1883 1739 1959">
     <span class='ocr_line' id='line_1_20' title="bbox 152 1883 1739 1959; baseline -0.004 -14"><span class='ocrx_word' id='word_1_144' title='bbox 152 1888 293 1945; x_wconf 83' lang='lat' dir='ltr'><strong>bilem</strong></span> <span class='ocrx_word' id='word_1_145' title='bbox 312 1901 534 1944; x_wconf 80' lang='lat' dir='ltr'><strong>causam</strong></span> <span class='ocrx_word' id='word_1_146' title='bbox 565 1900 774 1959; x_wconf 74' lang='lat' dir='ltr'><strong>magna:</strong></span> <span class='ocrx_word' id='word_1_147' title='bbox 803 1884 1013 1956; x_wconf 88' lang='lat' dir='ltr'><strong>pietatis</strong></span> <span class='ocrx_word' id='word_1_148' title='bbox 1043 1883 1122 1957; x_wconf 78' lang='grc' dir='ltr'><strong>(ά)</strong></span> <span class='ocrx_word' id='word_1_149' title='bbox 1155 1884 1206 1937; x_wconf 88' lang='lat' dir='ltr'><strong>in</strong></span> <span class='ocrx_word' id='word_1_150' title='bbox 1230 1892 1572 1939; x_wconf 88' lang='lat' dir='ltr'><strong>sacramento</strong></span> <span class='ocrx_word' id='word_1_151' title='bbox 1593 1892 1739 1940; x_wconf 90' lang='lat' dir='ltr'><strong>esset</strong></span> 
     </span>
    </p>
   </div>
   <div class='ocr_carea' id='block_1_21' title="bbox 152 1975 1739 2052">
    <p class='ocr_par' dir='ltr' id='par_1_21' title="bbox 152 1975 1739 2052">
     <span class='ocr_line' id='line_1_21' title="bbox 152 1975 1739 2052; baseline -0.006 -12"><span class='ocrx_word' id='word_1_152' title='bbox 152 1983 253 2040; x_wconf 84' lang='lat' dir='ltr'><strong>sola</strong></span> <span class='ocrx_word' id='word_1_153' title='bbox 279 1981 576 2040; x_wconf 77' lang='lat' dir='ltr'><strong>confessio.</strong></span> <span class='ocrx_word' id='word_1_154' title='bbox 609 1981 786 2052; x_wconf 83' lang='lat' dir='ltr'><strong>Atque</strong></span> <span class='ocrx_word' id='word_1_155' title='bbox 827 1983 898 2034; x_wconf 88' lang='lat' dir='ltr'><strong>ita</strong></span> <span class='ocrx_word' id='word_1_156' title='bbox 929 1977 1222 2049; x_wconf 81' lang='lat' dir='ltr'><strong>Apostolus</strong></span> <span class='ocrx_word' id='word_1_157' title='bbox 1249 1976 1375 2034; x_wconf 87' lang='lat' dir='ltr'><strong>fidei</strong></span> <span class='ocrx_word' id='word_1_158' title='bbox 1405 1976 1569 2034; x_wconf 88' lang='lat' dir='ltr'><strong>totius</strong></span> <span class='ocrx_word' id='word_1_159' title='bbox 1591 1975 1739 2034; x_wconf 91' lang='lat' dir='ltr'><strong>ordi-</strong></span> 
     </span>
    </p>
   </div>
   <div class='ocr_carea' id='block_1_22' title="bbox 153 2072 1738 2146">
    <p class='ocr_par' dir='ltr' id='par_1_22' title="bbox 153 2072 1738 2146">
     <span class='ocr_line' id='line_1_22' title="bbox 153 2072 1738 2146; baseline -0.004 -12"><span class='ocrx_word' id='word_1_160' title='bbox 153 2092 262 2134; x_wconf 89' lang='lat' dir='ltr'><strong>nem</strong></span> <span class='ocrx_word' id='word_1_161' title='bbox 283 2077 470 2140; x_wconf 81' lang='lat' dir='ltr'><strong>tenuit,</strong></span> <span class='ocrx_word' id='word_1_162' title='bbox 501 2085 563 2131; x_wconf 93' lang='lat' dir='ltr'><strong>ut</strong></span> <span class='ocrx_word' id='word_1_163' title='bbox 583 2075 711 2131; x_wconf 90' lang='lat' dir='ltr'><strong>dum</strong></span> <span class='ocrx_word' id='word_1_164' title='bbox 732 2074 906 2146; x_wconf 87' lang='lat' dir='ltr'><strong>pietas</strong></span> <span class='ocrx_word' id='word_1_165' title='bbox 925 2082 1008 2129; x_wconf 90' lang='lat' dir='ltr'><strong>est</strong></span> <span class='ocrx_word' id='word_1_166' title='bbox 1026 2113 1042 2138; x_wconf 92' lang='lat'><strong><em>,</em></strong></span> <span class='ocrx_word' id='word_1_167' title='bbox 1064 2080 1462 2128; x_wconf 83' lang='lat' dir='ltr'><strong>sacramentum</strong></span> <span class='ocrx_word' id='word_1_168' title='bbox 1483 2072 1588 2139; x_wconf 91' lang='lat' dir='ltr'><strong>sit;</strong></span> <span class='ocrx_word' id='word_1_169' title='bbox 1609 2072 1738 2128; x_wconf 92' lang='lat' dir='ltr'><strong>dum</strong></span> 
     </span>
    </p>
   </div>
   <div class='ocr_carea' id='block_1_23' title="bbox 154 2165 1739 2241">
    <p class='ocr_par' dir='ltr' id='par_1_23' title="bbox 154 2165 1739 2241">
     <span class='ocr_line' id='line_1_23' title="bbox 154 2165 1739 2241; baseline -0.002 -15"><span class='ocrx_word' id='word_1_170' title='bbox 154 2179 533 2227; x_wconf 83' lang='lat' dir='ltr'><strong>sacramentum</strong></span> <span class='ocrx_word' id='word_1_171' title='bbox 564 2178 670 2237; x_wconf 90' lang='lat' dir='ltr'><strong>est,</strong></span> <span class='ocrx_word' id='word_1_172' title='bbox 699 2167 935 2241; x_wconf 77' lang='lat' dir='ltr'><strong>cognitio</strong></span> <span class='ocrx_word' id='word_1_173' title='bbox 956 2169 1010 2223; x_wconf 92' lang='lat' dir='ltr'><strong>in</strong></span> <span class='ocrx_word' id='word_1_174' title='bbox 1032 2181 1197 2223; x_wconf 88' lang='lat' dir='ltr'><strong>carne</strong></span> <span class='ocrx_word' id='word_1_175' title='bbox 1224 2167 1328 2234; x_wconf 85' lang='lat' dir='ltr'><strong>sit;</strong></span> <span class='ocrx_word' id='word_1_176' title='bbox 1357 2165 1483 2221; x_wconf 89' lang='lat' dir='ltr'><strong>dum</strong></span> <span class='ocrx_word' id='word_1_177' title='bbox 1505 2167 1739 2238; x_wconf 72' lang='lat' dir='ltr'><strong>cognitio</strong></span> 
     </span>
    </p>
   </div>
   <div class='ocr_carea' id='block_1_24' title="bbox 155 2257 1736 2332">
    <p class='ocr_par' dir='ltr' id='par_1_24' title="bbox 155 2257 1736 2332">
     <span class='ocr_line' id='line_1_24' title="bbox 155 2257 1736 2332; baseline -0.003 -15"><span class='ocrx_word' id='word_1_178' title='bbox 155 2261 202 2317; x_wconf 89' lang='lat' dir='ltr'><strong>in</strong></span> <span class='ocrx_word' id='word_1_179' title='bbox 227 2276 382 2318; x_wconf 90' lang='lat' dir='ltr'><strong>carne</strong></span> <span class='ocrx_word' id='word_1_180' title='bbox 410 2270 520 2327; x_wconf 80' lang='lat' dir='ltr'><strong>est,</strong></span> <span class='ocrx_word' id='word_1_181' title='bbox 550 2259 868 2332; x_wconf 76' lang='lat' dir='ltr'><strong>justiﬁcatio</strong></span> <span class='ocrx_word' id='word_1_182' title='bbox 909 2258 964 2314; x_wconf 91' lang='lat' dir='ltr'><strong>in</strong></span> <span class='ocrx_word' id='word_1_183' title='bbox 1013 2257 1205 2330; x_wconf 86' lang='lat' dir='ltr'><strong>spiritu</strong></span> <span class='ocrx_word' id='word_1_184' title='bbox 1253 2257 1354 2324; x_wconf 87' lang='lat' dir='ltr'><strong>sit;</strong></span> <span class='ocrx_word' id='word_1_185' title='bbox 1394 2258 1519 2328; x_wconf 90' lang='lat' dir='ltr'><strong>quia</strong></span> <span class='ocrx_word' id='word_1_186' title='bbox 1554 2272 1736 2314; x_wconf 85' lang='lat' dir='ltr'><strong>sacra-</strong></span> 
     </span>
    </p>
   </div>
   <div class='ocr_carea' id='block_1_25' title="bbox 155 2351 1740 2428">
    <p class='ocr_par' dir='ltr' id='par_1_25' title="bbox 155 2351 1740 2428">
     <span class='ocr_line' id='line_1_25' title="bbox 155 2351 1740 2428; baseline -0.004 -16"><span class='ocrx_word' id='word_1_187' title='bbox 155 2365 373 2412; x_wconf 85' lang='lat' dir='ltr'><strong>mentum</strong></span> <span class='ocrx_word' id='word_1_188' title='bbox 401 2355 648 2428; x_wconf 89' lang='lat' dir='ltr'><strong>pietatis,</strong></span> <span class='ocrx_word' id='word_1_189' title='bbox 674 2353 816 2425; x_wconf 90' lang='lat' dir='ltr'><strong>quod</strong></span> <span class='ocrx_word' id='word_1_190' title='bbox 840 2351 1217 2409; x_wconf 85' lang='lat' dir='ltr'><strong>manifestatur</strong></span> <span class='ocrx_word' id='word_1_191' title='bbox 1243 2351 1294 2405; x_wconf 92' lang='lat' dir='ltr'><strong>in</strong></span> <span class='ocrx_word' id='word_1_192' title='bbox 1317 2365 1500 2418; x_wconf 90' lang='lat' dir='ltr'><strong>carne,</strong></span> <span class='ocrx_word' id='word_1_193' title='bbox 1535 2360 1590 2405; x_wconf 93' lang='lat' dir='ltr'><strong>ut</strong></span> <span class='ocrx_word' id='word_1_194' title='bbox 1611 2365 1740 2407; x_wconf 88' lang='lat' dir='ltr'><strong>vere</strong></span> 
     </span>
    </p>
   </div>
   <div class='ocr_carea' id='block_1_26' title="bbox 157 2433 1738 2519">
    <p class='ocr_par' dir='ltr' id='par_1_26' title="bbox 157 2433 1738 2519">
     <span class='ocr_line' id='line_1_26' title="bbox 157 2433 1738 2519; baseline -0.002 -15"><span class='ocrx_word' id='word_1_195' title='bbox 157 2460 538 2506; x_wconf 84' lang='lat' dir='ltr'><strong>sacramentum</strong></span> <span class='ocrx_word' id='word_1_196' title='bbox 569 2449 663 2517; x_wconf 87' lang='lat' dir='ltr'><strong>sit,</strong></span> <span class='ocrx_word' id='word_1_197' title='bbox 694 2463 791 2519; x_wconf 91' lang='lat' dir='ltr'><strong>per</strong></span> <span class='ocrx_word' id='word_1_198' title='bbox 824 2445 1265 2518; x_wconf 79' lang='lat' dir='ltr'><strong>justiﬁeationem</strong></span> <span class='ocrx_word' id='word_1_199' title='bbox 1300 2433 1521 2516; x_wconf 80' lang='lat' dir='ltr'><strong>spiritus</strong></span> <span class='ocrx_word' id='word_1_200' title='bbox 1561 2445 1738 2501; x_wconf 91' lang='lat' dir='ltr'><strong>mani-</strong></span> 
     </span>
    </p>
   </div>
   <div class='ocr_carea' id='block_1_27' title="bbox 158 2539 1741 2602">
    <p class='ocr_par' dir='ltr' id='par_1_27' title="bbox 158 2539 1741 2602">
     <span class='ocr_line' id='line_1_27' title="bbox 158 2539 1741 2602; baseline -0.001 -4"><span class='ocrx_word' id='word_1_201' title='bbox 158 2543 364 2602; x_wconf 79' lang='lat' dir='ltr'><strong>festatur</strong></span> <span class='ocrx_word' id='word_1_202' title='bbox 408 2547 462 2602; x_wconf 95' lang='lat' dir='ltr'><strong>in</strong></span> <span class='ocrx_word' id='word_1_203' title='bbox 505 2559 695 2601; x_wconf 86' lang='lat' dir='ltr'><strong>carne.</strong></span> <span class='ocrx_word' id='word_1_204' title='bbox 745 2542 826 2600; x_wconf 81' lang='lat' dir='ltr'><strong>Ac</strong></span> <span class='ocrx_word' id='word_1_205' title='bbox 867 2559 936 2599; x_wconf 90' lang='lat' dir='ltr'><strong>ne</strong></span> <span class='ocrx_word' id='word_1_206' title='bbox 972 2542 1062 2597; x_wconf 90' lang='lat' dir='ltr'><strong>illa</strong></span> <span class='ocrx_word' id='word_1_207' title='bbox 1093 2541 1454 2598; x_wconf 87' lang='lat' dir='ltr'><strong>manifestatio</strong></span> <span class='ocrx_word' id='word_1_208' title='bbox 1492 2539 1548 2595; x_wconf 94' lang='lat' dir='ltr'><strong>iu</strong></span> <span class='ocrx_word' id='word_1_209' title='bbox 1576 2554 1741 2596; x_wconf 87' lang='lat' dir='ltr'><strong>carne</strong></span> 
     </span>
    </p>
   </div>
   <div class='ocr_carea' id='block_1_28' title="bbox 159 2636 1741 2711">
    <p class='ocr_par' dir='ltr' id='par_1_28' title="bbox 159 2636 1741 2711">
     <span class='ocr_line' id='line_1_28' title="bbox 159 2636 1741 2711; baseline -0.001 -19"><span class='ocrx_word' id='word_1_210' title='bbox 159 2639 312 2708; x_wconf 80' lang='lat' dir='ltr'><strong>qualis</strong></span> <span class='ocrx_word' id='word_1_211' title='bbox 333 2648 480 2696; x_wconf 87' lang='lat' dir='ltr'><strong>esset</strong></span> <span class='ocrx_word' id='word_1_212' title='bbox 503 2640 581 2711; x_wconf 89' lang='lat' dir='ltr'><strong>(e)</strong></span> <span class='ocrx_word' id='word_1_213' title='bbox 602 2637 913 2709; x_wconf 75' lang='lat' dir='ltr'><strong>iustiﬁcatio</strong></span> <span class='ocrx_word' id='word_1_214' title='bbox 945 2636 1000 2693; x_wconf 92' lang='lat' dir='ltr'><strong>in</strong></span> <span class='ocrx_word' id='word_1_215' title='bbox 1025 2636 1218 2708; x_wconf 86' lang='lat' dir='ltr'><strong>spiritu</strong></span> <span class='ocrx_word' id='word_1_216' title='bbox 1249 2636 1624 2707; x_wconf 78' lang='lat' dir='ltr'><strong>ignoraretur;</strong></span> <span class='ocrx_word' id='word_1_217' title='bbox 1655 2651 1741 2691; x_wconf 90' lang='lat' dir='ltr'><strong>sa-</strong></span> 
     </span>
    </p>
   </div>
   <div class='ocr_carea' id='block_1_29' title="bbox 161 2727 1742 2804">
    <p class='ocr_par' dir='ltr' id='par_1_29' title="bbox 161 2727 1742 2804">
     <span class='ocr_line' id='line_1_29' title="bbox 161 2727 1742 2804; baseline -0.003 -18"><span class='ocrx_word' id='word_1_218' title='bbox 161 2745 501 2801; x_wconf 85' lang='lat' dir='ltr'><strong>cramentum,</strong></span> <span class='ocrx_word' id='word_1_219' title='bbox 532 2731 680 2804; x_wconf 90' lang='lat' dir='ltr'><strong>quod</strong></span> <span class='ocrx_word' id='word_1_220' title='bbox 716 2728 1119 2787; x_wconf 87' lang='lat' dir='ltr'><strong>manifestatum</strong></span> <span class='ocrx_word' id='word_1_221' title='bbox 1159 2729 1212 2784; x_wconf 91' lang='lat' dir='ltr'><strong>in</strong></span> <span class='ocrx_word' id='word_1_222' title='bbox 1240 2742 1440 2794; x_wconf 88' lang='lat' dir='ltr'><strong>carne,</strong></span> <span class='ocrx_word' id='word_1_223' title='bbox 1467 2737 1522 2785; x_wconf 89' lang='lat' dir='ltr'><strong>et</strong></span> <span class='ocrx_word' id='word_1_224' title='bbox 1547 2727 1742 2799; x_wconf 84' lang='lat' dir='ltr'><strong>justiti-</strong></span> 
     </span>
    </p>
   </div>
   <div class='ocr_carea' id='block_1_30' title="bbox 161 2821 1741 2897">
    <p class='ocr_par' dir='ltr' id='par_1_30' title="bbox 161 2821 1741 2897">
     <span class='ocr_line' id='line_1_30' title="bbox 161 2821 1741 2897; baseline -0.001 -18"><span class='ocrx_word' id='word_1_225' title='bbox 161 2833 318 2880; x_wconf 89' lang='lat' dir='ltr'><strong>catnm</strong></span> <span class='ocrx_word' id='word_1_226' title='bbox 347 2827 400 2881; x_wconf 87' lang='lat' dir='ltr'><strong>in</strong></span> <span class='ocrx_word' id='word_1_227' title='bbox 426 2827 625 2897; x_wconf 90' lang='lat' dir='ltr'><strong>spiritu</strong></span> <span class='ocrx_word' id='word_1_228' title='bbox 645 2835 748 2892; x_wconf 89' lang='lat' dir='ltr'><strong>est,</strong></span> <span class='ocrx_word' id='word_1_229' title='bbox 779 2833 834 2880; x_wconf 88' lang='lat' dir='ltr'><strong>et</strong></span> <span class='ocrx_word' id='word_1_230' title='bbox 861 2823 1065 2894; x_wconf 86' lang='lat' dir='ltr'><strong>angelis</strong></span> <span class='ocrx_word' id='word_1_231' title='bbox 1089 2824 1266 2878; x_wconf 89' lang='lat' dir='ltr'><strong>visum</strong></span> <span class='ocrx_word' id='word_1_232' title='bbox 1287 2830 1392 2889; x_wconf 89' lang='lat' dir='ltr'><strong>est,</strong></span> <span class='ocrx_word' id='word_1_233' title='bbox 1415 2830 1471 2878; x_wconf 90' lang='lat' dir='ltr'><strong>et</strong></span> <span class='ocrx_word' id='word_1_234' title='bbox 1492 2821 1741 2892; x_wconf 85' lang='lat' dir='ltr'><strong>gentibus</strong></span> 
     </span>
    </p>
   </div>
   <div class='ocr_carea' id='block_1_31' title="bbox 163 2916 1742 2990">
    <p class='ocr_par' dir='ltr' id='par_1_31' title="bbox 163 2916 1742 2990">
     <span class='ocr_line' id='line_1_31' title="bbox 163 2916 1742 2990; baseline -0.003 -12"><span class='ocrx_word' id='word_1_235' title='bbox 163 2920 489 2990; x_wconf 68' lang='lat' dir='ltr'><strong>praiicatum</strong></span> <span class='ocrx_word' id='word_1_236' title='bbox 511 2928 620 2987; x_wconf 85' lang='lat' dir='ltr'><strong>est,</strong></span> <span class='ocrx_word' id='word_1_237' title='bbox 642 2927 697 2976; x_wconf 90' lang='lat' dir='ltr'><strong>et</strong></span> <span class='ocrx_word' id='word_1_238' title='bbox 717 2918 772 2975; x_wconf 90' lang='lat' dir='ltr'><strong>in</strong></span> <span class='ocrx_word' id='word_1_239' title='bbox 795 2918 898 2975; x_wconf 89' lang='lat' dir='ltr'><strong>hoc</strong></span> <span class='ocrx_word' id='word_1_240' title='bbox 913 2918 1114 2974; x_wconf 91' lang='lat' dir='ltr'><strong>mundo</strong></span> <span class='ocrx_word' id='word_1_241' title='bbox 1133 2917 1417 2985; x_wconf 89' lang='lat' dir='ltr'><strong>creditum,</strong></span> <span class='ocrx_word' id='word_1_242' title='bbox 1439 2916 1543 2973; x_wconf 88' lang='lat' dir='ltr'><strong>hoc</strong></span> <span class='ocrx_word' id='word_1_243' title='bbox 1565 2917 1742 2988; x_wconf 89' lang='lat' dir='ltr'><strong>ipsum</strong></span> 
     </span>
    </p>
   </div>
   <div class='ocr_carea' id='block_1_32' title="bbox 161 3000 1743 3082">
    <p class='ocr_par' dir='ltr' id='par_1_32' title="bbox 161 3000 1743 3082">
     <span class='ocr_line' id='line_1_32' title="bbox 161 3000 1743 3082; baseline 0 -16"><span class='ocrx_word' id='word_1_244' title='bbox 161 3023 474 3082; x_wconf 85' lang='lat' dir='ltr'><strong>assumptum</strong></span> <span class='ocrx_word' id='word_1_245' title='bbox 503 3022 591 3068; x_wconf 87' lang='lat' dir='ltr'><strong>est</strong></span> <span class='ocrx_word' id='word_1_246' title='bbox 617 3000 672 3067; x_wconf 81' lang='lat' dir='ltr'><strong>in</strong></span> <span class='ocrx_word' id='word_1_247' title='bbox 691 3011 977 3068; x_wconf 87' lang='lat' dir='ltr'><strong>claritate:</strong></span> <span class='ocrx_word' id='word_1_248' title='bbox 1009 3009 1143 3066; x_wconf 89' lang='lat' dir='ltr'><strong>utin</strong></span> <span class='ocrx_word' id='word_1_249' title='bbox 1165 3009 1418 3066; x_wconf 87' lang='lat' dir='ltr'><strong>omnibus</strong></span> <span class='ocrx_word' id='word_1_250' title='bbox 1442 3010 1512 3065; x_wconf 87' lang='lat' dir='ltr'><strong>sit</strong></span> <span class='ocrx_word' id='word_1_251' title='bbox 1533 3024 1743 3082; x_wconf 69' lang='lat' dir='ltr'><strong>magum</strong></span> 
     </span>
    </p>
   </div>
   <div class='ocr_carea' id='block_1_33' title="bbox 163 3100 1741 3172">
    <p class='ocr_par' dir='ltr' id='par_1_33' title="bbox 163 3100 1741 3172">
     <span class='ocr_line' id='line_1_33' title="bbox 163 3100 1741 3172; baseline 0.001 -16"><span class='ocrx_word' id='word_1_252' title='bbox 163 3100 355 3172; x_wconf 86' lang='lat' dir='ltr'><strong>pietatis</strong></span> <span class='ocrx_word' id='word_1_253' title='bbox 401 3112 840 3171; x_wconf 79' lang='lat' dir='ltr'><strong>sacramentum,</strong></span> <span class='ocrx_word' id='word_1_254' title='bbox 885 3101 1013 3159; x_wconf 88' lang='lat' dir='ltr'><strong>dum</strong></span> <span class='ocrx_word' id='word_1_255' title='bbox 1043 3100 1418 3158; x_wconf 86' lang='lat' dir='ltr'><strong>manifestatur</strong></span> <span class='ocrx_word' id='word_1_256' title='bbox 1453 3101 1507 3156; x_wconf 93' lang='lat' dir='ltr'><strong>in</strong></span> <span class='ocrx_word' id='word_1_257' title='bbox 1545 3116 1741 3170; x_wconf 89' lang='lat' dir='ltr'><strong>carne,</strong></span> 
     </span>
    </p>
   </div>
   <div class='ocr_carea' id='block_1_34' title="bbox 1848 499 3457 572">
    <p class='ocr_par' dir='ltr' id='par_1_34' title="bbox 1848 499 3457 572">
     <span class='ocr_line' id='line_1_34' title="bbox 1848 499 3457 572; baseline 0.001 -18"><span class='ocrx_word' id='word_1_258' title='bbox 1848 499 2064 572; x_wconf 88' lang='lat' dir='ltr'><strong>pietatis</strong></span> <span class='ocrx_word' id='word_1_259' title='bbox 2109 511 2508 559; x_wconf 87' lang='lat' dir='ltr'><strong>sacramentum</strong></span> <span class='ocrx_word' id='word_1_260' title='bbox 2549 499 2917 560; x_wconf 82' lang='lat' dir='ltr'><strong>conﬁtendum</strong></span> <span class='ocrx_word' id='word_1_261' title='bbox 2961 507 3081 557; x_wconf 87' lang='lat' dir='ltr'><strong>est:</strong></span> <span class='ocrx_word' id='word_1_262' title='bbox 3118 500 3245 570; x_wconf 83' lang='lat' dir='ltr'><strong>quia</strong></span> <span class='ocrx_word' id='word_1_263' title='bbox 3286 500 3457 556; x_wconf 88' lang='lat' dir='ltr'><strong>mani-</strong></span> 
     </span>
    </p>
   </div>
   <div class='ocr_carea' id='block_1_35' title="bbox 1848 590 3452 665">
    <p class='ocr_par' dir='ltr' id='par_1_35' title="bbox 1848 590 3452 665">
     <span class='ocr_line' id='line_1_35' title="bbox 1848 590 3452 665; baseline 0.001 -19"><span class='ocrx_word' id='word_1_264' title='bbox 1848 590 2064 650; x_wconf 83' lang='lat' dir='ltr'><strong>festatio</strong></span> <span class='ocrx_word' id='word_1_265' title='bbox 2092 595 2211 665; x_wconf 88' lang='lat' dir='ltr'><strong>ejus</strong></span> <span class='ocrx_word' id='word_1_266' title='bbox 2241 595 2296 650; x_wconf 91' lang='lat' dir='ltr'><strong>in</strong></span> <span class='ocrx_word' id='word_1_267' title='bbox 2323 609 2489 652; x_wconf 88' lang='lat' dir='ltr'><strong>carne</strong></span> <span class='ocrx_word' id='word_1_268' title='bbox 2514 636 2530 662; x_wconf 95' lang='lat'><strong><em>,</em></strong></span> <span class='ocrx_word' id='word_1_269' title='bbox 2558 603 2614 651; x_wconf 90' lang='lat' dir='ltr'><strong>et</strong></span> <span class='ocrx_word' id='word_1_270' title='bbox 2641 592 2955 665; x_wconf 81' lang='lat' dir='ltr'><strong>justiﬁcatio</strong></span> <span class='ocrx_word' id='word_1_271' title='bbox 2979 591 3203 662; x_wconf 77' lang='lat' dir='ltr'><strong>Spiritus</strong></span> <span class='ocrx_word' id='word_1_272' title='bbox 3240 598 3364 660; x_wconf 88' lang='lat' dir='ltr'><strong>est,</strong></span> <span class='ocrx_word' id='word_1_273' title='bbox 3395 600 3452 648; x_wconf 91' lang='lat' dir='ltr'><strong>et</strong></span> 
     </span>
    </p>
   </div>
   <div class='ocr_carea' id='block_1_36' title="bbox 1848 683 3454 760">
    <p class='ocr_par' dir='ltr' id='par_1_36' title="bbox 1848 683 3454 760">
     <span class='ocr_line' id='line_1_36' title="bbox 1848 683 3454 760; baseline 0.001 -20"><span class='ocrx_word' id='word_1_274' title='bbox 1848 684 2111 742; x_wconf 88' lang='lat' dir='ltr'><strong>claritatis</strong></span> <span class='ocrx_word' id='word_1_275' title='bbox 2140 688 2456 759; x_wconf 84' lang='lat' dir='ltr'><strong>assumptio.</strong></span> <span class='ocrx_word' id='word_1_276' title='bbox 2481 686 2564 760; x_wconf 88' lang='lat' dir='ltr'><strong>(h)</strong></span> <span class='ocrx_word' id='word_1_277' title='bbox 2611 687 2677 741; x_wconf 83' lang='lat' dir='ltr'><strong>Et</strong></span> <span class='ocrx_word' id='word_1_278' title='bbox 2710 700 2816 758; x_wconf 87' lang='lat' dir='ltr'><strong>qua</strong></span> <span class='ocrx_word' id='word_1_279' title='bbox 2856 685 3074 742; x_wconf 86' lang='lat' dir='ltr'><strong>tandem</strong></span> <span class='ocrx_word' id='word_1_280' title='bbox 3117 699 3215 754; x_wconf 88' lang='lat' dir='ltr'><strong>spe</strong></span> <span class='ocrx_word' id='word_1_281' title='bbox 3254 685 3308 739; x_wconf 89' lang='lat' dir='ltr'><strong>in</strong></span> <span class='ocrx_word' id='word_1_282' title='bbox 3347 683 3454 741; x_wconf 89' lang='lat' dir='ltr'><strong>llde</strong></span> 
     </span>
    </p>
   </div>
   <div class='ocr_carea' id='block_1_37' title="bbox 1848 775 3448 851">
    <p class='ocr_par' dir='ltr' id='par_1_37' title="bbox 1848 775 3448 851">
     <span class='ocr_line' id='line_1_37' title="bbox 1848 775 3448 851; baseline -0.001 -17"><span class='ocrx_word' id='word_1_283' title='bbox 1848 787 2032 834; x_wconf 88' lang='lat' dir='ltr'><strong>nostra</strong></span> <span class='ocrx_word' id='word_1_284' title='bbox 2076 788 2160 835; x_wconf 90' lang='lat' dir='ltr'><strong>est</strong></span> <span class='ocrx_word' id='word_1_285' title='bbox 2194 780 2295 851; x_wconf 73' lang='lat' dir='ltr'><strong>pia:</strong></span> <span class='ocrx_word' id='word_1_286' title='bbox 2330 778 2753 849; x_wconf 90' lang='lat' dir='ltr'><strong>dispensationis</strong></span> <span class='ocrx_word' id='word_1_287' title='bbox 2791 777 3109 849; x_wconf 75' lang='lat' dir='ltr'><strong>mysterium</strong></span> <span class='ocrx_word' id='word_1_288' title='bbox 3150 775 3448 845; x_wconf 82' lang='lat' dir='ltr'><strong>divinitatis</strong></span> 
     </span>
    </p>
   </div>
   <div class='ocr_carea' id='block_1_38' title="bbox 1846 869 3450 942">
    <p class='ocr_par' dir='ltr' id='par_1_38' title="bbox 1846 869 3450 942">
     <span class='ocr_line' id='line_1_38' title="bbox 1846 869 3450 942; baseline -0.001 -17"><span class='ocrx_word' id='word_1_289' title='bbox 1846 869 2169 937; x_wconf 82' lang='lat' dir='ltr'><strong>infirmitas;</strong></span> <span class='ocrx_word' id='word_1_290' title='bbox 2197 886 2320 928; x_wconf 90' lang='lat' dir='ltr'><strong>cum</strong></span> <span class='ocrx_word' id='word_1_291' title='bbox 2349 887 2444 942; x_wconf 87' lang='lat' dir='ltr'><strong>per</strong></span> <span class='ocrx_word' id='word_1_292' title='bbox 2469 872 2730 928; x_wconf 88' lang='lat' dir='ltr'><strong>claritatis</strong></span> <span class='ocrx_word' id='word_1_293' title='bbox 2757 871 3204 941; x_wconf 90' lang='lat' dir='ltr'><strong>assumptionem,</strong></span> <span class='ocrx_word' id='word_1_294' title='bbox 3237 881 3450 940; x_wconf 70' lang='lat' dir='ltr'><strong>magna:</strong></span> 
     </span>
    </p>
   </div>
   <div class='ocr_carea' id='block_1_39' title="bbox 1845 963 3446 1035">
    <p class='ocr_par' dir='ltr' id='par_1_39' title="bbox 1845 963 3446 1035">
     <span class='ocr_line' id='line_1_39' title="bbox 1845 963 3446 1035; baseline -0.001 -17"><span class='ocrx_word' id='word_1_295' title='bbox 1845 965 2063 1035; x_wconf 79' lang='lat' dir='ltr'><strong>pietatis</strong></span> <span class='ocrx_word' id='word_1_296' title='bbox 2090 975 2489 1022; x_wconf 89' lang='lat' dir='ltr'><strong>sacramentum</strong></span> <span class='ocrx_word' id='word_1_297' title='bbox 2532 965 2603 1021; x_wconf 90' lang='lat' dir='ltr'><strong>sit</strong></span> <span class='ocrx_word' id='word_1_298' title='bbox 2645 965 3050 1020; x_wconf 79' lang='lat' dir='ltr'><strong>conﬁtendum?</strong></span> <span class='ocrx_word' id='word_1_299' title='bbox 3095 965 3162 1020; x_wconf 90' lang='lat' dir='ltr'><strong>Et</strong></span> <span class='ocrx_word' id='word_1_300' title='bbox 3189 964 3312 1035; x_wconf 89' lang='lat' dir='ltr'><strong>quia</strong></span> <span class='ocrx_word' id='word_1_301' title='bbox 3336 963 3446 1034; x_wconf 85' lang='lat' dir='ltr'><strong>jam</strong></span> 
     </span>
    </p>
   </div>
   <div class='ocr_carea' id='block_1_40' title="bbox 1845 1055 3441 1124">
    <p class='ocr_par' dir='ltr' id='par_1_40' title="bbox 1845 1055 3441 1124">
     <span class='ocr_line' id='line_1_40' title="bbox 1845 1055 3441 1124; baseline -0.003 -12"><span class='ocrx_word' id='word_1_302' title='bbox 1845 1072 1954 1112; x_wconf 90' lang='lat' dir='ltr'><strong>non</strong></span> <span class='ocrx_word' id='word_1_303' title='bbox 1975 1067 2060 1113; x_wconf 89' lang='lat' dir='ltr'><strong>est</strong></span> <span class='ocrx_word' id='word_1_304' title='bbox 2085 1055 2395 1124; x_wconf 83' lang='lat' dir='ltr'><strong>inﬁrmitas,</strong></span> <span class='ocrx_word' id='word_1_305' title='bbox 2422 1056 2518 1112; x_wconf 90' lang='lat' dir='ltr'><strong>sed</strong></span> <span class='ocrx_word' id='word_1_306' title='bbox 2547 1067 2969 1121; x_wconf 87' lang='lat' dir='ltr'><strong>sacramentum;</strong></span> <span class='ocrx_word' id='word_1_307' title='bbox 2994 1069 3095 1112; x_wconf 91' lang='lat' dir='ltr'><strong>nec</strong></span> <span class='ocrx_word' id='word_1_308' title='bbox 3125 1055 3441 1122; x_wconf 84' lang='lat' dir='ltr'><strong>necessitas,</strong></span> 
     </span>
    </p>
   </div>
   <div class='ocr_carea' id='block_1_41' title="bbox 1845 1147 3446 1220">
    <p class='ocr_par' dir='ltr' id='par_1_41' title="bbox 1845 1147 3446 1220">
     <span class='ocr_line' id='line_1_41' title="bbox 1845 1147 3446 1220; baseline -0.004 -15"><span class='ocrx_word' id='word_1_309' title='bbox 1845 1149 1943 1206; x_wconf 89' lang='lat' dir='ltr'><strong>sed</strong></span> <span class='ocrx_word' id='word_1_310' title='bbox 1975 1149 2143 1220; x_wconf 90' lang='lat' dir='ltr'><strong>pietas</strong></span> <span class='ocrx_word' id='word_1_311' title='bbox 2169 1165 2182 1203; x_wconf 91' lang='lat'><strong>:</strong></span> <span class='ocrx_word' id='word_1_312' title='bbox 2213 1149 2342 1204; x_wconf 88' lang='lat' dir='ltr'><strong>dicti</strong></span> <span class='ocrx_word' id='word_1_313' title='bbox 2371 1162 2516 1204; x_wconf 92' lang='lat' dir='ltr'><strong>nunc</strong></span> <span class='ocrx_word' id='word_1_314' title='bbox 2538 1148 2833 1219; x_wconf 88' lang='lat' dir='ltr'><strong>evangelici</strong></span> <span class='ocrx_word' id='word_1_315' title='bbox 2861 1149 3001 1203; x_wconf 88' lang='lat' dir='ltr'><strong>ratio</strong></span> <span class='ocrx_word' id='word_1_316' title='bbox 3021 1147 3310 1218; x_wconf 68' lang='lat' dir='ltr'><strong>quaerenda</strong></span> <span class='ocrx_word' id='word_1_317' title='bbox 3340 1155 3446 1214; x_wconf 90' lang='lat' dir='ltr'><strong>est,</strong></span> 
     </span>
    </p>
   </div>
   <div class='ocr_carea' id='block_1_42' title="bbox 1845 1238 3450 1314">
    <p class='ocr_par' dir='ltr' id='par_1_42' title="bbox 1845 1238 3450 1314">
     <span class='ocr_line' id='line_1_42' title="bbox 1845 1238 3450 1314; baseline -0.003 -16"><span class='ocrx_word' id='word_1_318' title='bbox 1845 1257 1915 1298; x_wconf 90' lang='lat' dir='ltr'><strong>ne</strong></span> <span class='ocrx_word' id='word_1_319' title='bbox 1935 1242 2077 1314; x_wconf 92' lang='lat' dir='ltr'><strong>quod</strong></span> <span class='ocrx_word' id='word_1_320' title='bbox 2108 1241 2298 1297; x_wconf 88' lang='lat' dir='ltr'><strong>salutis</strong></span> <span class='ocrx_word' id='word_1_321' title='bbox 2325 1250 2525 1298; x_wconf 69' lang='lat' dir='ltr'><strong>nostra:</strong></span> <span class='ocrx_word' id='word_1_322' title='bbox 2547 1251 2601 1297; x_wconf 89' lang='lat' dir='ltr'><strong>et</strong></span> <span class='ocrx_word' id='word_1_323' title='bbox 2619 1241 2808 1312; x_wconf 61' lang='lat' dir='ltr'><strong>gloria:</strong></span> <span class='ocrx_word' id='word_1_324' title='bbox 2834 1239 3147 1312; x_wconf 84' lang='lat' dir='ltr'><strong>mysterium</strong></span> <span class='ocrx_word' id='word_1_325' title='bbox 3176 1247 3280 1307; x_wconf 94' lang='grc' dir='ltr'>εει,</span> <span class='ocrx_word' id='word_1_326' title='bbox 3306 1239 3358 1294; x_wconf 89' lang='lat' dir='ltr'><strong>id</strong></span> <span class='ocrx_word' id='word_1_327' title='bbox 3381 1238 3450 1293; x_wconf 86' lang='lat' dir='ltr'><strong>ad</strong></span> 
     </span>
    </p>
   </div>
   <div class='ocr_carea' id='block_1_43' title="bbox 1844 1333 3219 1404">
    <p class='ocr_par' dir='ltr' id='par_1_43' title="bbox 1844 1333 3219 1404">
     <span class='ocr_line' id='line_1_43' title="bbox 1844 1333 3219 1404; baseline -0.003 -14"><span class='ocrx_word' id='word_1_328' title='bbox 1844 1334 2190 1390; x_wconf 90' lang='lat' dir='ltr'><strong>occasionem</strong></span> <span class='ocrx_word' id='word_1_329' title='bbox 2223 1333 2621 1404; x_wconf 82' lang='lat' dir='ltr'><strong>praedicationis</strong></span> <span class='ocrx_word' id='word_1_330' title='bbox 2652 1333 2831 1403; x_wconf 82' lang='lat' dir='ltr'><strong>impiae</strong></span> <span class='ocrx_word' id='word_1_331' title='bbox 2857 1333 3219 1404; x_wconf 87' lang='lat' dir='ltr'><strong>relinquatur.</strong></span> 
     </span>
    </p>
   </div>
   <div class='ocr_carea' id='block_1_44' title="bbox 1915 1423 3438 1496">
    <p class='ocr_par' dir='ltr' id='par_1_44' title="bbox 1915 1423 3438 1496">
     <span class='ocr_line' id='line_1_44' title="bbox 1915 1423 3438 1496; baseline -0.004 -15"><span class='ocrx_word' id='word_1_332' title='bbox 1915 1427 2002 1483; x_wconf 77' lang='grc'><strong>10.</strong></span> <span class='ocrx_word' id='word_1_333' title='bbox 2034 1424 2297 1481; x_wconf 80' lang='lat' dir='ltr'><strong>Christum</strong></span> <span class='ocrx_word' id='word_1_334' title='bbox 2315 1435 2542 1480; x_wconf 91' lang='lat' dir='ltr'><strong>creatum</strong></span> <span class='ocrx_word' id='word_1_335' title='bbox 2562 1434 2612 1480; x_wconf 90' lang='lat' dir='ltr'><strong>et</strong></span> <span class='ocrx_word' id='word_1_336' title='bbox 2629 1441 2829 1480; x_wconf 82' lang='lat' dir='ltr'><strong>seruum</strong></span> <span class='ocrx_word' id='word_1_337' title='bbox 2853 1441 2962 1481; x_wconf 81' lang='lat' dir='ltr'><strong>esse</strong></span> <span class='ocrx_word' id='word_1_338' title='bbox 2987 1426 3181 1492; x_wconf 85' lang='lat' dir='ltr'><strong>uolunt,</strong></span> <span class='ocrx_word' id='word_1_339' title='bbox 3209 1424 3332 1496; x_wconf 83' lang='lat' dir='ltr'><strong>quia</strong></span> <span class='ocrx_word' id='word_1_340' title='bbox 3360 1423 3438 1480; x_wconf 88' lang='lat' dir='ltr'><strong>illi</strong></span> 
     </span>
    </p>
   </div>
   <div class='ocr_carea' id='block_1_45' title="bbox 1844 1516 3446 1590">
    <p class='ocr_par' dir='ltr' id='par_1_45' title="bbox 1844 1516 3446 1590">
     <span class='ocr_line' id='line_1_45' title="bbox 1844 1516 3446 1590; baseline 0.001 -19"><span class='ocrx_word' id='word_1_341' title='bbox 1844 1516 1987 1572; x_wconf 85' lang='lat' dir='ltr'><strong>Deus</strong></span> <span class='ocrx_word' id='word_1_342' title='bbox 2008 1526 2058 1573; x_wconf 91' lang='lat' dir='ltr'><strong>et</strong></span> <span class='ocrx_word' id='word_1_343' title='bbox 2103 1527 2245 1590; x_wconf 84' lang='lat' dir='ltr'><strong>pater</strong></span> <span class='ocrx_word' id='word_1_344' title='bbox 2276 1528 2349 1572; x_wconf 89' lang='lat' dir='ltr'><strong>est</strong></span> <span class='ocrx_word' id='word_1_345' title='bbox 2371 1517 2516 1572; x_wconf 85' lang='lat' dir='ltr'><strong>nobis</strong></span> <span class='ocrx_word' id='word_1_346' title='bbox 2537 1517 3116 1573; x_wconf 87' lang='lat' dir='ltr'><strong>communis.—Gravis</strong></span> <span class='ocrx_word' id='word_1_347' title='bbox 3143 1516 3236 1571; x_wconf 86' lang='lat' dir='ltr'><strong>tibi</strong></span> <span class='ocrx_word' id='word_1_348' title='bbox 3258 1525 3446 1572; x_wconf 77' lang='lat' dir='ltr'><strong>aucto—</strong></span> 
     </span>
    </p>
   </div>
   <div class='ocr_carea' id='block_1_46' title="bbox 1839 1607 3448 1678">
    <p class='ocr_par' dir='ltr' id='par_1_46' title="bbox 1839 1607 3448 1678">
     <span class='ocr_line' id='line_1_46' title="bbox 1839 1607 3448 1678; baseline 0.001 -15"><span class='ocrx_word' id='word_1_349' title='bbox 1839 1607 1974 1663; x_wconf 89' lang='lat' dir='ltr'><strong>ritas</strong></span> <span class='ocrx_word' id='word_1_350' title='bbox 1994 1617 2098 1673; x_wconf 88' lang='lat' dir='ltr'><strong>est,</strong></span> <span class='ocrx_word' id='word_1_351' title='bbox 2121 1607 2399 1675; x_wconf 75' lang='lat' dir='ltr'><strong>btcretice,</strong></span> <span class='ocrx_word' id='word_1_352' title='bbox 2427 1618 2481 1663; x_wconf 90' lang='lat' dir='ltr'><strong>et</strong></span> <span class='ocrx_word' id='word_1_353' title='bbox 2497 1608 2888 1663; x_wconf 89' lang='lat' dir='ltr'><strong>indissolubilis</strong></span> <span class='ocrx_word' id='word_1_354' title='bbox 2914 1607 3128 1663; x_wconf 89' lang='lat' dir='ltr'><strong>Domini</strong></span> <span class='ocrx_word' id='word_1_355' title='bbox 3153 1607 3223 1664; x_wconf 88' lang='lat' dir='ltr'><strong>de</strong></span> <span class='ocrx_word' id='word_1_356' title='bbox 3241 1623 3301 1664; x_wconf 91' lang='lat' dir='ltr'><strong>se</strong></span> <span class='ocrx_word' id='word_1_357' title='bbox 3324 1623 3448 1678; x_wconf 83' lang='lat' dir='ltr'><strong>pro-</strong></span> 
     </span>
    </p>
   </div>
   <div class='ocr_carea' id='block_1_47' title="bbox 1841 1700 3449 1773">
    <p class='ocr_par' dir='ltr' id='par_1_47' title="bbox 1841 1700 3449 1773">
     <span class='ocr_line' id='line_1_47' title="bbox 1841 1700 3449 1773; baseline 0.001 -18"><span class='ocrx_word' id='word_1_358' title='bbox 1841 1700 2025 1770; x_wconf 80' lang='lat' dir='ltr'><strong>fessio,</strong></span> <span class='ocrx_word' id='word_1_359' title='bbox 2050 1717 2153 1773; x_wconf 87' lang='lat' dir='ltr'><strong>qua</strong></span> <span class='ocrx_word' id='word_1_360' title='bbox 2181 1702 2288 1758; x_wconf 88' lang='lat' dir='ltr'><strong>ait:</strong></span> <span class='ocrx_word' id='word_1_361' title='bbox 2310 1701 2579 1757; x_wconf 86' lang='lat' dir='ltr'><strong>Adscendo</strong></span> <span class='ocrx_word' id='word_1_362' title='bbox 2601 1702 2670 1756; x_wconf 88' lang='lat' dir='ltr'><strong>ad</strong></span> <span class='ocrx_word' id='word_1_363' title='bbox 2687 1712 2883 1772; x_wconf 85' lang='lat' dir='ltr'><strong>patrem</strong></span> <span class='ocrx_word' id='word_1_364' title='bbox 2911 1718 3078 1756; x_wconf 87' lang='lat' dir='ltr'><strong>meum</strong></span> <span class='ocrx_word' id='word_1_365' title='bbox 3098 1712 3144 1756; x_wconf 92' lang='lat' dir='ltr'><strong>et</strong></span> <span class='ocrx_word' id='word_1_366' title='bbox 3161 1702 3230 1756; x_wconf 81' lang='lat' dir='ltr'><strong>ad</strong></span> <span class='ocrx_word' id='word_1_367' title='bbox 3253 1712 3449 1772; x_wconf 79' lang='lat' dir='ltr'><strong>patrem</strong></span> 
     </span>
    </p>
   </div>
   <div class='ocr_carea' id='block_1_48' title="bbox 1762 1794 3444 1870">
    <p class='ocr_par' dir='ltr' id='par_1_48' title="bbox 1762 1794 3444 1870">
     <span class='ocr_line' id='line_1_48' title="bbox 1762 1794 3444 1870; baseline -0.001 -18"><span class='ocrx_word' id='word_1_368' title='bbox 1762 1804 1812 1868; x_wconf 81' lang='grc' dir='ltr'><strong>Β</strong></span> <span class='ocrx_word' id='word_1_369' title='bbox 1836 1806 2085 1863; x_wconf 83' lang='lat' dir='ltr'><strong>uestrum,</strong></span> <span class='ocrx_word' id='word_1_370' title='bbox 2111 1807 2158 1851; x_wconf 91' lang='lat' dir='ltr'><strong>et</strong></span> <span class='ocrx_word' id='word_1_371' title='bbox 2185 1797 2254 1850; x_wconf 87' lang='lat' dir='ltr'><strong>ad</strong></span> <span class='ocrx_word' id='word_1_372' title='bbox 2281 1794 2450 1851; x_wconf 90' lang='lat' dir='ltr'><strong>Deum</strong></span> <span class='ocrx_word' id='word_1_373' title='bbox 2472 1813 2638 1851; x_wconf 85' lang='lat' dir='ltr'><strong>meum</strong></span> <span class='ocrx_word' id='word_1_374' title='bbox 2653 1804 2701 1851; x_wconf 89' lang='lat' dir='ltr'><strong>et</strong></span> <span class='ocrx_word' id='word_1_375' title='bbox 2723 1796 2791 1850; x_wconf 90' lang='lat' dir='ltr'><strong>ad</strong></span> <span class='ocrx_word' id='word_1_376' title='bbox 2812 1795 2979 1850; x_wconf 82' lang='lat' dir='ltr'><strong>Deum</strong></span> <span class='ocrx_word' id='word_1_377' title='bbox 3003 1805 3259 1862; x_wconf 84' lang='lat' dir='ltr'><strong>uestrum;</strong></span> <span class='ocrx_word' id='word_1_378' title='bbox 3282 1796 3444 1870; x_wconf 71' lang='lat'><strong>381</strong></span> 
     </span>
    </p>
   </div>
   <div class='ocr_carea' id='block_1_49' title="bbox 1845 1889 3441 1961">
    <p class='ocr_par' dir='ltr' id='par_1_49' title="bbox 1845 1889 3441 1961">
     <span class='ocr_line' id='line_1_49' title="bbox 1845 1889 3441 1961; baseline -0.003 -15"><span class='ocrx_word' id='word_1_379' title='bbox 1845 1900 1905 1947; x_wconf 89' lang='lat' dir='ltr'><strong>ut</strong></span> <span class='ocrx_word' id='word_1_380' title='bbox 1934 1906 2031 1961; x_wconf 87' lang='lat' dir='ltr'><strong>per</strong></span> <span class='ocrx_word' id='word_1_381' title='bbox 2058 1890 2133 1956; x_wconf 90' lang='lat' dir='ltr'><strong>id,</strong></span> <span class='ocrx_word' id='word_1_382' title='bbox 2157 1889 2301 1961; x_wconf 90' lang='lat' dir='ltr'><strong>quod</strong></span> <span class='ocrx_word' id='word_1_383' title='bbox 2326 1899 2380 1946; x_wconf 90' lang='lat' dir='ltr'><strong>et</strong></span> <span class='ocrx_word' id='word_1_384' title='bbox 2405 1889 2561 1945; x_wconf 91' lang='lat' dir='ltr'><strong>nobis</strong></span> <span class='ocrx_word' id='word_1_385' title='bbox 2577 1897 2630 1945; x_wconf 90' lang='lat' dir='ltr'><strong>et</strong></span> <span class='ocrx_word' id='word_1_386' title='bbox 2651 1889 2727 1944; x_wconf 88' lang='lat' dir='ltr'><strong>illi</strong></span> <span class='ocrx_word' id='word_1_387' title='bbox 2745 1903 2882 1944; x_wconf 90' lang='lat' dir='ltr'><strong>unus</strong></span> <span class='ocrx_word' id='word_1_388' title='bbox 2908 1896 2964 1943; x_wconf 86' lang='lat' dir='ltr'><strong>et</strong></span> <span class='ocrx_word' id='word_1_389' title='bbox 2987 1897 3140 1957; x_wconf 92' lang='lat' dir='ltr'><strong>pater</strong></span> <span class='ocrx_word' id='word_1_390' title='bbox 3171 1891 3322 1958; x_wconf 89' lang='lat' dir='ltr'><strong>pater</strong></span> <span class='ocrx_word' id='word_1_391' title='bbox 3339 1899 3441 1954; x_wconf 85' lang='lat' dir='ltr'><strong>est,</strong></span> 
     </span>
    </p>
   </div>
   <div class='ocr_carea' id='block_1_50' title="bbox 1842 1979 3452 2053">
    <p class='ocr_par' dir='ltr' id='par_1_50' title="bbox 1842 1979 3452 2053">
     <span class='ocr_line' id='line_1_50' title="bbox 1842 1979 3452 2053; baseline -0.002 -15"><span class='ocrx_word' id='word_1_392' title='bbox 1842 1989 1898 2039; x_wconf 90' lang='lat' dir='ltr'><strong>et</strong></span> <span class='ocrx_word' id='word_1_393' title='bbox 1923 1982 2065 2038; x_wconf 88' lang='lat' dir='ltr'><strong>Deus</strong></span> <span class='ocrx_word' id='word_1_394' title='bbox 2087 1981 2228 2038; x_wconf 90' lang='lat' dir='ltr'><strong>Deus</strong></span> <span class='ocrx_word' id='word_1_395' title='bbox 2244 1991 2327 2037; x_wconf 91' lang='lat' dir='ltr'><strong>est</strong></span> <span class='ocrx_word' id='word_1_396' title='bbox 2353 1981 2533 2053; x_wconf 82' lang='lat' dir='ltr'><strong>(Joan.</strong></span> <span class='ocrx_word' id='word_1_397' title='bbox 2559 1980 2853 2051; x_wconf 81' lang='lat' dir='ltr'><strong>xx,l&#39;l),sit</strong></span> <span class='ocrx_word' id='word_1_398' title='bbox 2871 1980 2925 2035; x_wconf 89' lang='lat' dir='ltr'><strong>in</strong></span> <span class='ocrx_word' id='word_1_399' title='bbox 2941 1994 3004 2035; x_wconf 90' lang='lat' dir='ltr'><strong>ea</strong></span> <span class='ocrx_word' id='word_1_400' title='bbox 3023 1979 3336 2036; x_wconf 84' lang='lat' dir='ltr'><strong>infirmitate</strong></span> <span class='ocrx_word' id='word_1_401' title='bbox 3347 1995 3452 2050; x_wconf 87' lang='lat' dir='ltr'><strong>qua</strong></span> 
     </span>
    </p>
   </div>
   <div class='ocr_carea' id='block_1_51' title="bbox 1847 2075 3450 2147">
    <p class='ocr_par' dir='ltr' id='par_1_51' title="bbox 1847 2075 3450 2147">
     <span class='ocr_line' id='line_1_51' title="bbox 1847 2075 3450 2147; baseline -0.002 -15"><span class='ocrx_word' id='word_1_402' title='bbox 1847 2090 2065 2142; x_wconf 90' lang='lat' dir='ltr'><strong>sumus;</strong></span> <span class='ocrx_word' id='word_1_403' title='bbox 2097 2075 2228 2132; x_wconf 89' lang='lat' dir='ltr'><strong>dum</strong></span> <span class='ocrx_word' id='word_1_404' title='bbox 2277 2083 2332 2132; x_wconf 89' lang='lat' dir='ltr'><strong>et</strong></span> <span class='ocrx_word' id='word_1_405' title='bbox 2369 2091 2467 2147; x_wconf 93' lang='lat' dir='ltr'><strong>per</strong></span> <span class='ocrx_word' id='word_1_406' title='bbox 2507 2075 2756 2132; x_wconf 89' lang='lat' dir='ltr'><strong>eumdem</strong></span> <span class='ocrx_word' id='word_1_407' title='bbox 2787 2083 3000 2146; x_wconf 86' lang='lat' dir='ltr'><strong>patrem</strong></span> <span class='ocrx_word' id='word_1_408' title='bbox 3023 2088 3371 2145; x_wconf 64' lang='lat' dir='ltr'><strong>exatquamur</strong></span> <span class='ocrx_word' id='word_1_409' title='bbox 3397 2076 3450 2129; x_wconf 90' lang='lat' dir='ltr'><strong>in</strong></span> 
     </span>
    </p>
   </div>
   <div class='ocr_carea' id='block_1_52' title="bbox 1846 2168 3447 2240">
    <p class='ocr_par' dir='ltr' id='par_1_52' title="bbox 1846 2168 3447 2240">
     <span class='ocr_line' id='line_1_52' title="bbox 1846 2168 3447 2240; baseline -0.001 -15"><span class='ocrx_word' id='word_1_410' title='bbox 1846 2168 2009 2237; x_wconf 84' lang='lat' dir='ltr'><strong>ﬁlios,</strong></span> <span class='ocrx_word' id='word_1_411' title='bbox 2042 2177 2098 2226; x_wconf 94' lang='lat' dir='ltr'><strong>et</strong></span> <span class='ocrx_word' id='word_1_412' title='bbox 2123 2184 2221 2239; x_wconf 91' lang='lat' dir='ltr'><strong>per</strong></span> <span class='ocrx_word' id='word_1_413' title='bbox 2249 2169 2496 2226; x_wconf 90' lang='lat' dir='ltr'><strong>eumdem</strong></span> <span class='ocrx_word' id='word_1_414' title='bbox 2534 2169 2703 2224; x_wconf 86' lang='lat' dir='ltr'><strong>Deum</strong></span> <span class='ocrx_word' id='word_1_415' title='bbox 2728 2183 3109 2240; x_wconf 89' lang='lat' dir='ltr'><strong>comparamur</strong></span> <span class='ocrx_word' id='word_1_416' title='bbox 3138 2168 3194 2224; x_wconf 90' lang='lat' dir='ltr'><strong>in</strong></span> <span class='ocrx_word' id='word_1_417' title='bbox 3225 2181 3447 2225; x_wconf 84' lang='lat' dir='ltr'><strong>servos:</strong></span> 
     </span>
    </p>
   </div>
   <div class='ocr_carea' id='block_1_53' title="bbox 1844 2260 3452 2332">
    <p class='ocr_par' dir='ltr' id='par_1_53' title="bbox 1844 2260 3452 2332">
     <span class='ocr_line' id='line_1_53' title="bbox 1844 2260 3452 2332; baseline 0.001 -15"><span class='ocrx_word' id='word_1_418' title='bbox 1844 2269 1901 2318; x_wconf 93' lang='lat' dir='ltr'><strong>et</strong></span> <span class='ocrx_word' id='word_1_419' title='bbox 1929 2276 2052 2317; x_wconf 90' lang='lat' dir='ltr'><strong>cum</strong></span> <span class='ocrx_word' id='word_1_420' title='bbox 2078 2276 2176 2317; x_wconf 92' lang='lat' dir='ltr'><strong>nos</strong></span> <span class='ocrx_word' id='word_1_421' title='bbox 2196 2261 2366 2317; x_wconf 90' lang='lat' dir='ltr'><strong>simus</strong></span> <span class='ocrx_word' id='word_1_422' title='bbox 2392 2271 2446 2318; x_wconf 89' lang='lat' dir='ltr'><strong>et</strong></span> <span class='ocrx_word' id='word_1_423' title='bbox 2474 2261 2682 2317; x_wconf 90' lang='lat' dir='ltr'><strong>creatio</strong></span> <span class='ocrx_word' id='word_1_424' title='bbox 2704 2277 2770 2316; x_wconf 82' lang='lat' dir='ltr'><strong>ex</strong></span> <span class='ocrx_word' id='word_1_425' title='bbox 2796 2260 3024 2332; x_wconf 85' lang='lat' dir='ltr'><strong>origine,</strong></span> <span class='ocrx_word' id='word_1_426' title='bbox 3058 2270 3108 2316; x_wconf 91' lang='lat' dir='ltr'><strong>et</strong></span> <span class='ocrx_word' id='word_1_427' title='bbox 3154 2275 3225 2317; x_wconf 82' lang='lat' dir='ltr'><strong>ex</strong></span> <span class='ocrx_word' id='word_1_428' title='bbox 3259 2271 3452 2318; x_wconf 81' lang='lat' dir='ltr'><strong>natura</strong></span> 
     </span>
    </p>
   </div>
   <div class='ocr_carea' id='block_1_54' title="bbox 1841 2351 3452 2424">
    <p class='ocr_par' dir='ltr' id='par_1_54' title="bbox 1841 2351 3452 2424">
     <span class='ocr_line' id='line_1_54' title="bbox 1841 2351 3452 2424; baseline -0.002 -12"><span class='ocrx_word' id='word_1_429' title='bbox 1841 2355 2010 2421; x_wconf 83' lang='lat' dir='ltr'><strong>servi,</strong></span> <span class='ocrx_word' id='word_1_430' title='bbox 2033 2363 2212 2410; x_wconf 90' lang='lat' dir='ltr'><strong>tamen</strong></span> <span class='ocrx_word' id='word_1_431' title='bbox 2231 2353 2356 2408; x_wconf 91' lang='lat' dir='ltr'><strong>dum</strong></span> <span class='ocrx_word' id='word_1_432' title='bbox 2375 2361 2430 2409; x_wconf 92' lang='lat' dir='ltr'><strong>et</strong></span> <span class='ocrx_word' id='word_1_433' title='bbox 2451 2363 2602 2424; x_wconf 87' lang='lat' dir='ltr'><strong>pater</strong></span> <span class='ocrx_word' id='word_1_434' title='bbox 2619 2353 2775 2409; x_wconf 89' lang='lat' dir='ltr'><strong>nobis</strong></span> <span class='ocrx_word' id='word_1_435' title='bbox 2790 2352 3092 2409; x_wconf 86' lang='lat' dir='ltr'><strong>communis</strong></span> <span class='ocrx_word' id='word_1_436' title='bbox 3111 2360 3168 2407; x_wconf 92' lang='lat' dir='ltr'><strong>et</strong></span> <span class='ocrx_word' id='word_1_437' title='bbox 3183 2351 3324 2408; x_wconf 88' lang='lat' dir='ltr'><strong>Deus</strong></span> <span class='ocrx_word' id='word_1_438' title='bbox 3344 2361 3452 2420; x_wconf 88' lang='lat' dir='ltr'><strong>est,</strong></span> 
     </span>
    </p>
   </div>
   <div class='ocr_carea' id='block_1_55' title="bbox 1844 2444 3452 2518">
    <p class='ocr_par' dir='ltr' id='par_1_55' title="bbox 1844 2444 3452 2518">
     <span class='ocr_line' id='line_1_55' title="bbox 1844 2444 3452 2518; baseline -0.002 -14"><span class='ocrx_word' id='word_1_439' title='bbox 1844 2449 1914 2504; x_wconf 91' lang='lat' dir='ltr'><strong>sit</strong></span> <span class='ocrx_word' id='word_1_440' title='bbox 1943 2449 1993 2504; x_wconf 90' lang='lat' dir='ltr'><strong>ei</strong></span> <span class='ocrx_word' id='word_1_441' title='bbox 2021 2447 2299 2504; x_wconf 87' lang='lat' dir='ltr'><strong>nobiscum</strong></span> <span class='ocrx_word' id='word_1_442' title='bbox 2329 2456 2384 2503; x_wconf 90' lang='lat' dir='ltr'><strong>et</strong></span> <span class='ocrx_word' id='word_1_443' title='bbox 2406 2447 2489 2517; x_wconf 77' lang='lat'><strong>(3)</strong></span> <span class='ocrx_word' id='word_1_444' title='bbox 2523 2446 2591 2518; x_wconf 89' lang='lat' dir='ltr'><strong>(i)</strong></span> <span class='ocrx_word' id='word_1_445' title='bbox 2619 2445 2822 2502; x_wconf 90' lang='lat' dir='ltr'><strong>creatio</strong></span> <span class='ocrx_word' id='word_1_446' title='bbox 2847 2444 2916 2500; x_wconf 89' lang='lat' dir='ltr'><strong>ad</strong></span> <span class='ocrx_word' id='word_1_447' title='bbox 2937 2453 3184 2500; x_wconf 90' lang='lat' dir='ltr'><strong>naturam</strong></span> <span class='ocrx_word' id='word_1_448' title='bbox 3213 2459 3452 2500; x_wconf 83' lang='lat' dir='ltr'><strong>commu-</strong></span> 
     </span>
    </p>
   </div>
   <div class='ocr_carea' id='block_1_56' title="bbox 1844 2537 3450 2609">
    <p class='ocr_par' dir='ltr' id='par_1_56' title="bbox 1844 2537 3450 2609">
     <span class='ocr_line' id='line_1_56' title="bbox 1844 2537 3450 2609; baseline -0.001 -13"><span class='ocrx_word' id='word_1_449' title='bbox 1844 2540 1930 2597; x_wconf 88' lang='lat' dir='ltr'><strong>nis</strong></span> <span class='ocrx_word' id='word_1_450' title='bbox 1973 2548 2028 2597; x_wconf 92' lang='grc' dir='ltr'><strong>ει</strong></span> <span class='ocrx_word' id='word_1_451' title='bbox 2069 2539 2326 2596; x_wconf 86' lang='lat' dir='ltr'><strong>servitus.</strong></span> <span class='ocrx_word' id='word_1_452' title='bbox 2385 2538 2452 2594; x_wconf 88' lang='lat' dir='ltr'><strong>Et</strong></span> <span class='ocrx_word' id='word_1_453' title='bbox 2499 2537 2589 2593; x_wconf 85' lang='lat' dir='ltr'><strong>hic</strong></span> <span class='ocrx_word' id='word_1_454' title='bbox 2629 2538 2808 2609; x_wconf 60' lang='lat' dir='ltr'><strong>impias</strong></span> <span class='ocrx_word' id='word_1_455' title='bbox 2852 2537 3255 2608; x_wconf 69' lang='lat' dir='ltr'><strong>praedicationis</strong></span> <span class='ocrx_word' id='word_1_456' title='bbox 3299 2537 3450 2594; x_wconf 90' lang='lat' dir='ltr'><strong>furor</strong></span> 
     </span>
    </p>
   </div>
   <div class='ocr_carea' id='block_1_57' title="bbox 1843 2629 3449 2703">
    <p class='ocr_par' dir='ltr' id='par_1_57' title="bbox 1843 2629 3449 2703">
     <span class='ocr_line' id='line_1_57' title="bbox 1843 2629 3449 2703; baseline -0.004 -14"><span class='ocrx_word' id='word_1_457' title='bbox 1843 2633 2008 2690; x_wconf 88' lang='lat' dir='ltr'><strong>etiam</strong></span> <span class='ocrx_word' id='word_1_458' title='bbox 2053 2631 2156 2688; x_wconf 90' lang='lat' dir='ltr'><strong>hoc</strong></span> <span class='ocrx_word' id='word_1_459' title='bbox 2197 2631 2513 2703; x_wconf 89' lang='lat' dir='ltr'><strong>prophetico</strong></span> <span class='ocrx_word' id='word_1_460' title='bbox 2552 2633 2722 2686; x_wconf 90' lang='lat' dir='ltr'><strong>utitur</strong></span> <span class='ocrx_word' id='word_1_461' title='bbox 2761 2630 2941 2686; x_wconf 92' lang='lat' dir='ltr'><strong>dicto:</strong></span> <span class='ocrx_word' id='word_1_462' title='bbox 2988 2629 3149 2686; x_wconf 68' lang='lat' dir='ltr'><strong>Unxit</strong></span> <span class='ocrx_word' id='word_1_463' title='bbox 3181 2640 3248 2696; x_wconf 85' lang='lat' dir='ltr'><strong>te,</strong></span> <span class='ocrx_word' id='word_1_464' title='bbox 3282 2630 3449 2695; x_wconf 82' lang='lat' dir='ltr'><strong>Deus,</strong></span> 
     </span>
    </p>
   </div>
   <div class='ocr_carea' id='block_1_58' title="bbox 1843 2722 3447 2798">
    <p class='ocr_par' dir='ltr' id='par_1_58' title="bbox 1843 2722 3447 2798">
     <span class='ocr_line' id='line_1_58' title="bbox 1843 2722 3447 2798; baseline -0.005 -14"><span class='ocrx_word' id='word_1_465' title='bbox 1843 2726 1986 2784; x_wconf 84' lang='lat' dir='ltr'><strong>Deus</strong></span> <span class='ocrx_word' id='word_1_466' title='bbox 2017 2736 2136 2782; x_wconf 85' lang='lat' dir='ltr'><strong>tuus</strong></span> <span class='ocrx_word' id='word_1_467' title='bbox 2163 2724 2352 2798; x_wconf 86' lang='lat' dir='ltr'><strong>(Psal.</strong></span> <span class='ocrx_word' id='word_1_468' title='bbox 2397 2739 2549 2792; x_wconf 69' lang='grc' dir='ltr'><strong>κων,</strong></span> <span class='ocrx_word' id='word_1_469' title='bbox 2577 2723 2646 2796; x_wconf 88' lang='lat'><strong>8)</strong></span> <span class='ocrx_word' id='word_1_470' title='bbox 2688 2741 2704 2783; x_wconf 90' lang='lat'><strong>:</strong></span> <span class='ocrx_word' id='word_1_471' title='bbox 2740 2731 2798 2779; x_wconf 90' lang='lat' dir='ltr'><strong>ut</strong></span> <span class='ocrx_word' id='word_1_472' title='bbox 2833 2738 2941 2778; x_wconf 90' lang='lat' dir='ltr'><strong>non</strong></span> <span class='ocrx_word' id='word_1_473' title='bbox 2971 2722 3042 2778; x_wconf 91' lang='lat' dir='ltr'><strong>sit</strong></span> <span class='ocrx_word' id='word_1_474' title='bbox 3064 2723 3117 2778; x_wconf 92' lang='lat' dir='ltr'><strong>in</strong></span> <span class='ocrx_word' id='word_1_475' title='bbox 3146 2737 3208 2779; x_wconf 90' lang='lat' dir='ltr'><strong>ea</strong></span> <span class='ocrx_word' id='word_1_476' title='bbox 3237 2731 3447 2778; x_wconf 72' lang='lat' dir='ltr'><strong>natum</strong></span> 
     </span>
    </p>
   </div>
   <div class='ocr_carea' id='block_1_59' title="bbox 1844 2817 3446 2891">
    <p class='ocr_par' dir='ltr' id='par_1_59' title="bbox 1844 2817 3446 2891">
     <span class='ocr_line' id='line_1_59' title="bbox 1844 2817 3446 2891; baseline -0.001 -15"><span class='ocrx_word' id='word_1_477' title='bbox 1844 2821 2044 2877; x_wconf 84' lang='lat' dir='ltr'><strong>virtute</strong></span> <span class='ocrx_word' id='word_1_478' title='bbox 2068 2835 2173 2891; x_wconf 90' lang='lat' dir='ltr'><strong>qua</strong></span> <span class='ocrx_word' id='word_1_479' title='bbox 2199 2819 2343 2877; x_wconf 88' lang='lat' dir='ltr'><strong>Deus</strong></span> <span class='ocrx_word' id='word_1_480' title='bbox 2363 2827 2467 2886; x_wconf 87' lang='lat' dir='ltr'><strong>est,</strong></span> <span class='ocrx_word' id='word_1_481' title='bbox 2490 2818 2619 2875; x_wconf 90' lang='lat' dir='ltr'><strong>dum</strong></span> <span class='ocrx_word' id='word_1_482' title='bbox 2645 2819 2695 2876; x_wconf 90' lang='lat' dir='ltr'><strong>ei</strong></span> <span class='ocrx_word' id='word_1_483' title='bbox 2718 2831 2927 2890; x_wconf 88' lang='lat' dir='ltr'><strong>ungens</strong></span> <span class='ocrx_word' id='word_1_484' title='bbox 2948 2831 3009 2874; x_wconf 86' lang='lat' dir='ltr'><strong>se</strong></span> <span class='ocrx_word' id='word_1_485' title='bbox 3025 2817 3165 2874; x_wconf 90' lang='lat' dir='ltr'><strong>Deus</strong></span> <span class='ocrx_word' id='word_1_486' title='bbox 3195 2817 3250 2873; x_wconf 88' lang='lat' dir='ltr'><strong>in</strong></span> <span class='ocrx_word' id='word_1_487' title='bbox 3277 2817 3446 2874; x_wconf 92' lang='lat' dir='ltr'><strong>Deum</strong></span> 
     </span>
    </p>
   </div>
   <div class='ocr_carea' id='block_1_60' title="bbox 1845 2912 2443 2972">
    <p class='ocr_par' dir='ltr' id='par_1_60' title="bbox 1845 2912 2443 2972">
     <span class='ocr_line' id='line_1_60' title="bbox 1845 2912 2443 2972; baseline -0.008 0"><span class='ocrx_word' id='word_1_488' title='bbox 1845 2930 2002 2972; x_wconf 91' lang='lat' dir='ltr'><strong>suum</strong></span> <span class='ocrx_word' id='word_1_489' title='bbox 2030 2914 2105 2970; x_wconf 87' lang='lat' dir='ltr'><strong>sit</strong></span> <span class='ocrx_word' id='word_1_490' title='bbox 2129 2921 2254 2969; x_wconf 89' lang='lat' dir='ltr'><strong>ante</strong></span> <span class='ocrx_word' id='word_1_491' title='bbox 2284 2912 2443 2968; x_wconf 89' lang='lat' dir='ltr'><strong>latus.</strong></span> 
     </span>
    </p>
   </div>
   <div class='ocr_carea' id='block_1_61' title="bbox 1918 3021 3446 3095">
    <p class='ocr_par' dir='ltr' id='par_1_61' title="bbox 1918 3021 3446 3095">
     <span class='ocr_line' id='line_1_61' title="bbox 1918 3021 3446 3095; baseline -0.003 -13"><span class='ocrx_word' id='word_1_492' title='bbox 1918 3028 2007 3082; x_wconf 78' lang='grc' dir='ltr'>Η.</span> <span class='ocrx_word' id='word_1_493' title='bbox 2050 3024 2190 3081; x_wconf 81' lang='lat' dir='ltr'><strong>Deus</strong></span> <span class='ocrx_word' id='word_1_494' title='bbox 2223 3025 2304 3080; x_wconf 90' lang='lat' dir='ltr'><strong>illi</strong></span> <span class='ocrx_word' id='word_1_495' title='bbox 2329 3034 2378 3081; x_wconf 81' lang='lat' dir='ltr'><strong>et</strong></span> <span class='ocrx_word' id='word_1_496' title='bbox 2400 3033 2548 3095; x_wconf 87' lang='lat' dir='ltr'><strong>pater</strong></span> <span class='ocrx_word' id='word_1_497' title='bbox 2573 3032 2668 3093; x_wconf 82' lang='lat' dir='ltr'><strong>est,</strong></span> <span class='ocrx_word' id='word_1_498' title='bbox 2699 3023 2822 3095; x_wconf 88' lang='lat' dir='ltr'><strong>quia</strong></span> <span class='ocrx_word' id='word_1_499' title='bbox 2843 3034 3028 3090; x_wconf 79' lang='lat' dir='ltr'><strong>natus;</strong></span> <span class='ocrx_word' id='word_1_500' title='bbox 3055 3031 3104 3079; x_wconf 82' lang='lat' dir='ltr'><strong>et</strong></span> <span class='ocrx_word' id='word_1_501' title='bbox 3123 3021 3250 3094; x_wconf 92' lang='lat' dir='ltr'><strong>quia</strong></span> <span class='ocrx_word' id='word_1_502' title='bbox 3271 3031 3446 3089; x_wconf 78' lang='lat' dir='ltr'><strong>natus,</strong></span> 
     </span>
    </p>
   </div>
   <div class='ocr_carea' id='block_1_62' title="bbox 1844 3108 3450 3189">
    <p class='ocr_par' dir='ltr' id='par_1_62' title="bbox 1844 3108 3450 3189">
     <span class='ocr_line' id='line_1_62' title="bbox 1844 3108 3450 3189; baseline -0.004 -15"><span class='ocrx_word' id='word_1_503' title='bbox 1844 3120 1962 3176; x_wconf 81' lang='lat' dir='ltr'><strong>ideo</strong></span> <span class='ocrx_word' id='word_1_504' title='bbox 1987 3118 2152 3175; x_wconf 83' lang='lat' dir='ltr'><strong>Deus.</strong></span> <span class='ocrx_word' id='word_1_505' title='bbox 2185 3147 2255 3163; x_wconf 82' lang='lat'><strong>-—</strong></span> <span class='ocrx_word' id='word_1_506' title='bbox 2282 3118 2499 3189; x_wconf 82' lang='lat' dir='ltr'><strong>ignorat</strong></span> <span class='ocrx_word' id='word_1_507' title='bbox 2529 3117 2698 3172; x_wconf 89' lang='lat' dir='ltr'><strong>Deum</strong></span> <span class='ocrx_word' id='word_1_508' title='bbox 2745 3114 3042 3182; x_wconf 88' lang='lat' dir='ltr'><strong>Christum,</strong></span> <span class='ocrx_word' id='word_1_509' title='bbox 3095 3108 3204 3185; x_wconf 76' lang='lat' dir='ltr'><strong>qul&#39;</strong></span> <span class='ocrx_word' id='word_1_510' title='bbox 3234 3112 3450 3186; x_wconf 85' lang='lat' dir='ltr'><strong>ignorat</strong></span> 
     </span>
    </p>
   </div>
   <div class='ocr_carea' id='block_1_63' title="bbox 163 3196 3443 3275">
    <p class='ocr_par' dir='ltr' id='par_1_63' title="bbox 163 3196 3443 3275">
     <span class='ocr_line' id='line_1_63' title="bbox 163 3196 3443 3275; baseline -0.002 -7"><span class='ocrx_word' id='word_1_511' title='bbox 163 3197 232 3270; x_wconf 56' lang='grc' dir='ltr'>(ε)</span> <span class='ocrx_word' id='word_1_512' title='bbox 255 3198 374 3255; x_wconf 71' lang='lat' dir='ltr'><strong>dum</strong></span> <span class='ocrx_word' id='word_1_513' title='bbox 400 3201 732 3270; x_wconf 55' lang='lat' dir='ltr'><strong>iustiﬁcam?</strong></span> <span class='ocrx_word' id='word_1_514' title='bbox 769 3200 823 3256; x_wconf 77' lang='grc' dir='ltr'><strong>ίη</strong></span> <span class='ocrx_word' id='word_1_515' title='bbox 857 3200 1070 3272; x_wconf 52' lang='lat' dir='ltr'><strong>spirit“,</strong></span> <span class='ocrx_word' id='word_1_516' title='bbox 1106 3200 1176 3273; x_wconf 72' lang='lat' dir='ltr'><strong>(fi</strong></span> <span class='ocrx_word' id='word_1_517' title='bbox 1203 3201 1328 3255; x_wconf 73' lang='lat' dir='ltr'><strong>dum</strong></span> <span class='ocrx_word' id='word_1_518' title='bbox 1365 3199 1539 3256; x_wconf 73' lang='grc' dir='ltr'><strong>νίδυηι</strong></span> <span class='ocrx_word' id='word_1_519' title='bbox 1561 3209 1646 3257; x_wconf 75' lang='grc' dir='ltr'><strong>θδι</strong></span> <span class='ocrx_word' id='word_1_520' title='bbox 1673 3199 1742 3256; x_wconf 66' lang='lat' dir='ltr'><strong>ab</strong></span> <span class='ocrx_word' id='word_1_521' title='bbox 1769 3196 1816 3262; x_wconf 61' lang='grc' dir='ltr'><strong>(ἶ</strong></span> <span class='ocrx_word' id='word_1_522' title='bbox 1845 3214 2014 3270; x_wconf 89' lang='lat' dir='ltr'><strong>Deum</strong></span> <span class='ocrx_word' id='word_1_523' title='bbox 2042 3220 2250 3267; x_wconf 91' lang='lat' dir='ltr'><strong>natum.</strong></span> <span class='ocrx_word' id='word_1_524' title='bbox 2285 3213 2452 3266; x_wconf 89' lang='lat' dir='ltr'><strong>Deum</strong></span> <span class='ocrx_word' id='word_1_525' title='bbox 2473 3217 2656 3264; x_wconf 88' lang='lat' dir='ltr'><strong>autem</strong></span> <span class='ocrx_word' id='word_1_526' title='bbox 2681 3209 2832 3264; x_wconf 90' lang='lat' dir='ltr'><strong>nasci</strong></span> <span class='ocrx_word' id='word_1_527' title='bbox 2857 3221 2963 3262; x_wconf 92' lang='lat' dir='ltr'><strong>non</strong></span> <span class='ocrx_word' id='word_1_528' title='bbox 2987 3205 3258 3272; x_wconf 85' lang='lat' dir='ltr'><strong>estaliud,</strong></span> <span class='ocrx_word' id='word_1_529' title='bbox 3283 3218 3443 3275; x_wconf 88' lang='lat' dir='ltr'><strong>quam</strong></span> 
     </span>
    </p>
   </div>
   <div class='ocr_carea' id='block_1_64' title="bbox 162 3292 1741 3364">
    <p class='ocr_par' dir='ltr' id='par_1_64' title="bbox 162 3292 1741 3364">
     <span class='ocr_line' id='line_1_64' title="bbox 162 3292 1741 3364; baseline 0.003 -19"><span class='ocrx_word' id='word_1_530' title='bbox 162 3293 365 3362; x_wconf 80' lang='lat' dir='ltr'><strong>angelis,</strong></span> <span class='ocrx_word' id='word_1_531' title='bbox 384 3293 514 3350; x_wconf 87' lang='lat' dir='ltr'><strong>dum</strong></span> <span class='ocrx_word' id='word_1_532' title='bbox 535 3292 1134 3364; x_wconf 74' lang='lat' dir='ltr'><strong>przedicaturgentibus,</strong></span> <span class='ocrx_word' id='word_1_533' title='bbox 1151 3293 1280 3348; x_wconf 91' lang='lat' dir='ltr'><strong>dum</strong></span> <span class='ocrx_word' id='word_1_534' title='bbox 1301 3293 1541 3348; x_wconf 85' lang='lat' dir='ltr'><strong>creditur</strong></span> <span class='ocrx_word' id='word_1_535' title='bbox 1563 3294 1616 3348; x_wconf 92' lang='lat' dir='ltr'><strong>in</strong></span> <span class='ocrx_word' id='word_1_536' title='bbox 1638 3293 1741 3350; x_wconf 87' lang='lat' dir='ltr'><strong>hoc</strong></span> 
     </span>
    </p>
   </div>
   <div class='ocr_carea' id='block_1_65' title="bbox 163 3385 1736 3453">
    <p class='ocr_par' dir='ltr' id='par_1_65' title="bbox 163 3385 1736 3453">
     <span class='ocr_line' id='line_1_65' title="bbox 163 3385 1736 3453; baseline 0.003 -16"><span class='ocrx_word' id='word_1_537' title='bbox 163 3385 362 3453; x_wconf 86' lang='lat' dir='ltr'><strong>mundo,</strong></span> <span class='ocrx_word' id='word_1_538' title='bbox 391 3387 520 3442; x_wconf 91' lang='lat' dir='ltr'><strong>dum</strong></span> <span class='ocrx_word' id='word_1_539' title='bbox 563 3385 858 3442; x_wconf 86' lang='lat' dir='ltr'><strong>assumitur</strong></span> <span class='ocrx_word' id='word_1_540' title='bbox 899 3386 952 3441; x_wconf 90' lang='lat' dir='ltr'><strong>in</strong></span> <span class='ocrx_word' id='word_1_541' title='bbox 990 3385 1256 3442; x_wconf 90' lang='lat' dir='ltr'><strong>claritate.</strong></span> <span class='ocrx_word' id='word_1_542' title='bbox 1296 3385 1432 3442; x_wconf 87' lang='lat' dir='ltr'><strong>Nam</strong></span> <span class='ocrx_word' id='word_1_543' title='bbox 1472 3393 1529 3442; x_wconf 92' lang='lat' dir='ltr'><strong>et</strong></span> <span class='ocrx_word' id='word_1_544' title='bbox 1562 3385 1736 3443; x_wconf 89' lang='lat' dir='ltr'><strong>visum</strong></span> 
     </span>
    </p>
   </div>
   <div class='ocr_carea' id='block_1_66' title="bbox 163 3477 1734 3550">
    <p class='ocr_par' dir='ltr' id='par_1_66' title="bbox 163 3477 1734 3550">
     <span class='ocr_line' id='line_1_66' title="bbox 163 3477 1734 3550; baseline 0.004 -19"><span class='ocrx_word' id='word_1_545' title='bbox 163 3477 382 3548; x_wconf 86' lang='lat' dir='ltr'><strong>sequitur</strong></span> <span class='ocrx_word' id='word_1_546' title='bbox 401 3479 744 3550; x_wconf 78' lang='lat' dir='ltr'><strong>praedicatio,</strong></span> <span class='ocrx_word' id='word_1_547' title='bbox 762 3487 819 3535; x_wconf 89' lang='lat' dir='ltr'><strong>et</strong></span> <span class='ocrx_word' id='word_1_548' title='bbox 840 3478 1276 3550; x_wconf 83' lang='lat' dir='ltr'><strong>prtedicatiouem</strong></span> <span class='ocrx_word' id='word_1_549' title='bbox 1303 3478 1458 3548; x_wconf 86' lang='lat' dir='ltr'><strong>ﬁdes,</strong></span> <span class='ocrx_word' id='word_1_550' title='bbox 1483 3488 1538 3537; x_wconf 92' lang='grc' dir='ltr'><strong>ει</strong></span> <span class='ocrx_word' id='word_1_551' title='bbox 1557 3483 1734 3537; x_wconf 89' lang='lat' dir='ltr'><strong>omnia</strong></span> 
     </span>
    </p>
   </div>
   <div class='ocr_carea' id='block_1_67' title="bbox 165 3571 1736 3644">
    <p class='ocr_par' dir='ltr' id='par_1_67' title="bbox 165 3571 1736 3644">
     <span class='ocr_line' id='line_1_67' title="bbox 165 3571 1736 3644; baseline 0.003 -21"><span class='ocrx_word' id='word_1_552' title='bbox 165 3571 758 3629; x_wconf 85' lang='lat' dir='ltr'><strong>consummatclaritatis</strong></span> <span class='ocrx_word' id='word_1_553' title='bbox 783 3572 1080 3642; x_wconf 87' lang='lat' dir='ltr'><strong>assumptio</strong></span> <span class='ocrx_word' id='word_1_554' title='bbox 1098 3572 1246 3640; x_wconf 89' lang='lat' dir='ltr'><strong>:quia</strong></span> <span class='ocrx_word' id='word_1_555' title='bbox 1268 3581 1324 3628; x_wconf 90' lang='lat' dir='ltr'><strong>et</strong></span> <span class='ocrx_word' id='word_1_556' title='bbox 1345 3588 1552 3644; x_wconf 69' lang='lat' dir='ltr'><strong>magna:</strong></span> <span class='ocrx_word' id='word_1_557' title='bbox 1570 3573 1736 3644; x_wconf 81' lang='lat' dir='ltr'><strong>pieta-</strong></span> 
     </span>
    </p>
   </div>
   <div class='ocr_carea' id='block_1_68' title="bbox 163 3661 1736 3738">
    <p class='ocr_par' dir='ltr' id='par_1_68' title="bbox 163 3661 1736 3738">
     <span class='ocr_line' id='line_1_68' title="bbox 163 3661 1736 3738; baseline 0.005 -22"><span class='ocrx_word' id='word_1_558' title='bbox 163 3661 224 3716; x_wconf 83' lang='lat' dir='ltr'><strong>tis</strong></span> <span class='ocrx_word' id='word_1_559' title='bbox 249 3675 642 3722; x_wconf 81' lang='lat' dir='ltr'><strong>sacramentum</strong></span> <span class='ocrx_word' id='word_1_560' title='bbox 664 3672 751 3721; x_wconf 88' lang='grc' dir='ltr'><strong>εει</strong></span> <span class='ocrx_word' id='word_1_561' title='bbox 763 3663 1060 3734; x_wconf 85' lang='lat' dir='ltr'><strong>assumptio</strong></span> <span class='ocrx_word' id='word_1_562' title='bbox 1075 3666 1367 3733; x_wconf 87' lang='lat' dir='ltr'><strong>claritatis;</strong></span> <span class='ocrx_word' id='word_1_563' title='bbox 1399 3676 1455 3722; x_wconf 88' lang='lat' dir='ltr'><strong>et</strong></span> <span class='ocrx_word' id='word_1_564' title='bbox 1477 3683 1574 3738; x_wconf 87' lang='lat' dir='ltr'><strong>per</strong></span> <span class='ocrx_word' id='word_1_565' title='bbox 1599 3668 1736 3726; x_wconf 90' lang='lat' dir='ltr'><strong>hanc</strong></span> 
     </span>
    </p>
   </div>
   <div class='ocr_carea' id='block_1_69' title="bbox 163 3752 1737 3831">
    <p class='ocr_par' dir='ltr' id='par_1_69' title="bbox 163 3752 1737 3831">
     <span class='ocr_line' id='line_1_69' title="bbox 163 3752 1737 3831; baseline 0.003 -19"><span class='ocrx_word' id='word_1_566' title='bbox 163 3752 554 3824; x_wconf 82' lang='lat' dir='ltr'><strong>dispensationis</strong></span> <span class='ocrx_word' id='word_1_567' title='bbox 583 3757 746 3814; x_wconf 82' lang='lat' dir='ltr'><strong>tidem</strong></span> <span class='ocrx_word' id='word_1_568' title='bbox 768 3798 784 3825; x_wconf 94' lang='lat'><strong>,</strong></span> <span class='ocrx_word' id='word_1_569' title='bbox 813 3756 1118 3814; x_wconf 90' lang='lat' dir='ltr'><strong>conformes</strong></span> <span class='ocrx_word' id='word_1_570' title='bbox 1142 3757 1218 3831; x_wconf 87' lang='lat' dir='ltr'><strong>(g)</strong></span> <span class='ocrx_word' id='word_1_571' title='bbox 1246 3758 1449 3815; x_wconf 89' lang='lat' dir='ltr'><strong>assumi</strong></span> <span class='ocrx_word' id='word_1_572' title='bbox 1478 3760 1737 3816; x_wconf 89' lang='lat' dir='ltr'><strong>claritatis</strong></span> 
     </span>
    </p>
   </div>
   <div class='ocr_carea' id='block_1_70' title="bbox 164 3843 1736 3924">
    <p class='ocr_par' dir='ltr' id='par_1_70' title="bbox 164 3843 1736 3924">
     <span class='ocr_line' id='line_1_70' title="bbox 164 3843 1736 3924; baseline 0.007 -24"><span class='ocrx_word' id='word_1_573' title='bbox 164 3843 421 3906; x_wconf 69' lang='lat' dir='ltr'><strong>dominicae</strong></span> <span class='ocrx_word' id='word_1_574' title='bbox 447 3865 839 3922; x_wconf 74' lang='lat' dir='ltr'><strong>praeparamur.</strong></span> <span class='ocrx_word' id='word_1_575' title='bbox 871 3851 1078 3922; x_wconf 70' lang='lat' dir='ltr'><strong>Magum</strong></span> <span class='ocrx_word' id='word_1_576' title='bbox 1113 3852 1274 3922; x_wconf 89' lang='lat' dir='ltr'><strong>igitur</strong></span> <span class='ocrx_word' id='word_1_577' title='bbox 1304 3854 1518 3924; x_wconf 88' lang='lat' dir='ltr'><strong>pietatis</strong></span> <span class='ocrx_word' id='word_1_578' title='bbox 1553 3869 1736 3912; x_wconf 85' lang='lat' dir='ltr'><strong>sacra-</strong></span> 
     </span>
    </p>
   </div>
   <div class='ocr_carea' id='block_1_71' title="bbox 164 3943 1730 4018">
    <p class='ocr_par' dir='ltr' id='par_1_71' title="bbox 164 3943 1730 4018">
     <span class='ocr_line' id='line_1_71' title="bbox 164 3943 1730 4018; baseline 0.007 -26"><span class='ocrx_word' id='word_1_579' title='bbox 164 3950 376 3998; x_wconf 84' lang='lat' dir='ltr'><strong>mentum</strong></span> <span class='ocrx_word' id='word_1_580' title='bbox 395 3955 475 4000; x_wconf 90' lang='lat' dir='ltr'><strong>est</strong></span> <span class='ocrx_word' id='word_1_581' title='bbox 497 3943 680 3999; x_wconf 88' lang='lat' dir='ltr'><strong>carnis</strong></span> <span class='ocrx_word' id='word_1_582' title='bbox 698 3945 996 4016; x_wconf 90' lang='lat' dir='ltr'><strong>assumptio</strong></span> <span class='ocrx_word' id='word_1_583' title='bbox 1015 3962 1026 3996; x_wconf 90' lang='lat'><strong>:</strong></span> <span class='ocrx_word' id='word_1_584' title='bbox 1051 3945 1174 4016; x_wconf 88' lang='lat' dir='ltr'><strong>quia</strong></span> <span class='ocrx_word' id='word_1_585' title='bbox 1199 3960 1293 4015; x_wconf 91' lang='lat' dir='ltr'><strong>per</strong></span> <span class='ocrx_word' id='word_1_586' title='bbox 1307 3948 1730 4018; x_wconf 89' lang='lat' dir='ltr'><strong>assumptiouem</strong></span> 
     </span>
    </p>
   </div>
   <div class='ocr_carea' id='block_1_72' title="bbox 163 4035 1733 4105">
    <p class='ocr_par' dir='ltr' id='par_1_72' title="bbox 163 4035 1733 4105">
     <span class='ocr_line' id='line_1_72' title="bbox 163 4035 1733 4105; baseline 0.008 -18"><span class='ocrx_word' id='word_1_587' title='bbox 163 4035 338 4105; x_wconf 89' lang='lat' dir='ltr'><strong>carnis,</strong></span> <span class='ocrx_word' id='word_1_588' title='bbox 369 4035 733 4093; x_wconf 88' lang='lat' dir='ltr'><strong>manifestatio</strong></span> <span class='ocrx_word' id='word_1_589' title='bbox 759 4039 1078 4094; x_wconf 86' lang='lat' dir='ltr'><strong>sacramenti</strong></span> <span class='ocrx_word' id='word_1_590' title='bbox 1111 4041 1163 4093; x_wconf 90' lang='lat' dir='ltr'><strong>in</strong></span> <span class='ocrx_word' id='word_1_591' title='bbox 1194 4053 1356 4095; x_wconf 86' lang='lat' dir='ltr'><strong>carne</strong></span> <span class='ocrx_word' id='word_1_592' title='bbox 1381 4051 1484 4096; x_wconf 89' lang='lat' dir='ltr'><strong>est.</strong></span> <span class='ocrx_word' id='word_1_593' title='bbox 1514 4041 1622 4098; x_wconf 91' lang='lat' dir='ltr'><strong>Sed</strong></span> <span class='ocrx_word' id='word_1_594' title='bbox 1651 4053 1733 4098; x_wconf 85' lang='lat' dir='ltr'><strong>ta-</strong></span> 
     </span>
    </p>
   </div>
   <div class='ocr_carea' id='block_1_73' title="bbox 225 4149 971 4222">
    <p class='ocr_par' dir='ltr' id='par_1_73' title="bbox 225 4149 971 4222">
     <span class='ocr_line' id='line_1_73' title="bbox 225 4149 971 4222; baseline 0.001 -17"><span class='ocrx_word' id='word_1_595' title='bbox 225 4149 297 4222; x_wconf 85' lang='lat' dir='ltr'><strong>(l)</strong></span> <span class='ocrx_word' id='word_1_596' title='bbox 322 4152 485 4222; x_wconf 53' lang='lat' dir='ltr'><strong>abest</strong></span> <span class='ocrx_word' id='word_1_597' title='bbox 506 4153 564 4206; x_wconf 87' lang='lat' dir='ltr'><strong>in</strong></span> <span class='ocrx_word' id='word_1_598' title='bbox 591 4168 621 4206; x_wconf 91' lang='lat' dir='ltr'><strong>a</strong></span> <span class='ocrx_word' id='word_1_599' title='bbox 649 4161 838 4207; x_wconf 90' lang='lat' dir='ltr'><strong>nostro</strong></span> <span class='ocrx_word' id='word_1_600' title='bbox 868 4166 971 4207; x_wconf 89' lang='lat' dir='ltr'><strong>ms.</strong></span> 
     </span>
    </p>
   </div>
   <div class='ocr_carea' id='block_1_74' title="bbox 223 4220 1735 4297">
    <p class='ocr_par' dir='ltr' id='par_1_74' title="bbox 223 4220 1735 4297">
     <span class='ocr_line' id='line_1_74' title="bbox 223 4220 1735 4297; baseline 0.007 -22"><span class='ocrx_word' id='word_1_601' title='bbox 223 4220 292 4292; x_wconf 72' lang='lat'><strong>(2)</strong></span> <span class='ocrx_word' id='word_1_602' title='bbox 321 4220 458 4277; x_wconf 91' lang='lat' dir='ltr'><strong>Dum</strong></span> <span class='ocrx_word' id='word_1_603' title='bbox 491 4222 816 4297; x_wconf 82' lang='lat' dir='ltr'><strong>justiﬁcatur</strong></span> <span class='ocrx_word' id='word_1_604' title='bbox 859 4225 912 4278; x_wconf 84' lang='lat' dir='ltr'><strong>in</strong></span> <span class='ocrx_word' id='word_1_605' title='bbox 948 4224 1154 4295; x_wconf 80' lang='lat' dir='ltr'><strong>spiritu,</strong></span> <span class='ocrx_word' id='word_1_606' title='bbox 1195 4224 1321 4280; x_wconf 86' lang='lat' dir='ltr'><strong>dum</strong></span> <span class='ocrx_word' id='word_1_607' title='bbox 1360 4228 1638 4284; x_wconf 78' lang='lat' dir='ltr'><strong>assumitur</strong></span> <span class='ocrx_word' id='word_1_608' title='bbox 1681 4231 1735 4286; x_wconf 89' lang='lat' dir='ltr'><strong>in</strong></span> 
     </span>
    </p>
   </div>
   <div class='ocr_carea' id='block_1_75' title="bbox 223 4311 1735 4383">
    <p class='ocr_par' dir='ltr' id='par_1_75' title="bbox 223 4311 1735 4383">
     <span class='ocr_line' id='line_1_75' title="bbox 223 4311 1735 4383; baseline 0.009 -19"><span class='ocrx_word' id='word_1_609' title='bbox 223 4311 288 4383; x_wconf 90' lang='lat' dir='ltr'><strong>(a)</strong></span> <span class='ocrx_word' id='word_1_610' title='bbox 312 4313 448 4369; x_wconf 86' lang='lat' dir='ltr'><strong>Editi</strong></span> <span class='ocrx_word' id='word_1_611' title='bbox 467 4355 485 4382; x_wconf 88' lang='lat'><strong><em>,</em></strong></span> <span class='ocrx_word' id='word_1_612' title='bbox 516 4315 832 4382; x_wconf 73' lang='lat' dir='ltr'><strong>oioificatum</strong></span> <span class='ocrx_word' id='word_1_613' title='bbox 853 4323 944 4379; x_wconf 75' lang='lat' dir='ltr'><strong>est,</strong></span> <span class='ocrx_word' id='word_1_614' title='bbox 981 4314 1338 4370; x_wconf 87' lang='lat' dir='ltr'><strong>renitentibus</strong></span> <span class='ocrx_word' id='word_1_615' title='bbox 1369 4332 1497 4374; x_wconf 88' lang='lat' dir='ltr'><strong>mss.</strong></span> <span class='ocrx_word' id='word_1_616' title='bbox 1528 4334 1735 4378; x_wconf 88' lang='lat' dir='ltr'><strong>necnon</strong></span> 
     </span>
    </p>
   </div>
   <div class='ocr_carea' id='block_1_76' title="bbox 166 4383 1736 4460">
    <p class='ocr_par' dir='ltr' id='par_1_76' title="bbox 166 4383 1736 4460">
     <span class='ocr_line' id='line_1_76' title="bbox 166 4383 1736 4460; baseline 0.01 -25"><span class='ocrx_word' id='word_1_617' title='bbox 166 4383 426 4460; x_wconf 51' lang='lat' dir='ltr'><strong>subactis:</strong></span> <span class='ocrx_word' id='word_1_618' title='bbox 456 4389 508 4441; x_wconf 88' lang='lat' dir='ltr'><strong>in</strong></span> <span class='ocrx_word' id='word_1_619' title='bbox 536 4386 731 4455; x_wconf 85' lang='lat' dir='ltr'><strong>quibus</strong></span> <span class='ocrx_word' id='word_1_620' title='bbox 752 4402 856 4460; x_wconf 72' lang='lat' dir='ltr'><strong>vox</strong></span> <span class='ocrx_word' id='word_1_621' title='bbox 894 4387 1108 4455; x_wconf 79' lang='lat' dir='ltr'><strong>spiritus</strong></span> <span class='ocrx_word' id='word_1_622' title='bbox 1143 4388 1435 4458; x_wconf 85' lang='lat' dir='ltr'><strong>opponitur</strong></span> <span class='ocrx_word' id='word_1_623' title='bbox 1459 4393 1608 4446; x_wconf 89' lang='lat' dir='ltr'><strong>carni</strong></span> <span class='ocrx_word' id='word_1_624' title='bbox 1635 4409 1649 4460; x_wconf 89' lang='lat'><strong>;</strong></span> <span class='ocrx_word' id='word_1_625' title='bbox 1681 4403 1736 4450; x_wconf 86' lang='lat' dir='ltr'><strong>et</strong></span> 
     </span>
    </p>
   </div>
   <div class='ocr_carea' id='block_1_77' title="bbox 169 4454 960 4513">
    <p class='ocr_par' dir='ltr' id='par_1_77' title="bbox 169 4454 960 4513">
     <span class='ocr_line' id='line_1_77' title="bbox 169 4454 960 4513; baseline 0.006 -9"><span class='ocrx_word' id='word_1_626' title='bbox 169 4455 222 4506; x_wconf 86' lang='lat' dir='ltr'><strong>ad</strong></span> <span class='ocrx_word' id='word_1_627' title='bbox 247 4454 396 4511; x_wconf 77' lang='lat' dir='ltr'><strong>Verbi</strong></span> <span class='ocrx_word' id='word_1_628' title='bbox 429 4454 678 4512; x_wconf 87' lang='lat' dir='ltr'><strong>naturam</strong></span> <span class='ocrx_word' id='word_1_629' title='bbox 708 4454 960 4513; x_wconf 90' lang='lat' dir='ltr'><strong>refertur.</strong></span> 
     </span>
    </p>
   </div>
   <div class='ocr_carea' id='block_1_78' title="bbox 205 4525 1735 4602">
    <p class='ocr_par' dir='ltr' id='par_1_78' title="bbox 205 4525 1735 4602">
     <span class='ocr_line' id='line_1_78' title="bbox 205 4525 1735 4602; baseline 0.007 -23"><span class='ocrx_word' id='word_1_630' title='bbox 205 4525 292 4600; x_wconf 23' lang='lat' dir='ltr'><strong>,(b)</strong></span> <span class='ocrx_word' id='word_1_631' title='bbox 309 4527 367 4602; x_wconf 88' lang='lat' dir='ltr'><strong>_ln</strong></span> <span class='ocrx_word' id='word_1_632' title='bbox 391 4528 655 4602; x_wconf 75' lang='lat' dir='ltr'><strong>mss.Vat.</strong></span> <span class='ocrx_word' id='word_1_633' title='bbox 679 4529 825 4602; x_wconf 83' lang='lat' dir='ltr'><strong>bas_.,</strong></span> <span class='ocrx_word' id='word_1_634' title='bbox 855 4528 1069 4602; x_wconf 73' lang='lat' dir='ltr'><strong>Martia.</strong></span> <span class='ocrx_word' id='word_1_635' title='bbox 1097 4535 1154 4584; x_wconf 91' lang='lat' dir='ltr'><strong>et</strong></span> <span class='ocrx_word' id='word_1_636' title='bbox 1180 4527 1394 4588; x_wconf 88' lang='lat' dir='ltr'><strong>duobus</strong></span> <span class='ocrx_word' id='word_1_637' title='bbox 1418 4531 1562 4602; x_wconf 88' lang='lat' dir='ltr'><strong>aliis,</strong></span> <span class='ocrx_word' id='word_1_638' title='bbox 1582 4533 1735 4591; x_wconf 83' lang='lat' dir='ltr'><strong>intel-</strong></span> 
     </span>
    </p>
   </div>
   <div class='ocr_carea' id='block_1_79' title="bbox 168 4594 1070 4666">
    <p class='ocr_par' dir='ltr' id='par_1_79' title="bbox 168 4594 1070 4666">
     <span class='ocr_line' id='line_1_79' title="bbox 168 4594 1070 4666; baseline 0.007 -19"><span class='ocrx_word' id='word_1_639' title='bbox 168 4594 361 4666; x_wconf 66' lang='lat' dir='ltr'><strong>ligentiae</strong></span> <span class='ocrx_word' id='word_1_640' title='bbox 388 4601 566 4654; x_wconf 82' lang='lat' dir='ltr'><strong>locus:</strong></span> <span class='ocrx_word' id='word_1_641' title='bbox 593 4594 879 4666; x_wconf 82' lang='lat' dir='ltr'><strong>superﬂuit</strong></span> <span class='ocrx_word' id='word_1_642' title='bbox 908 4601 1070 4654; x_wconf 85' lang='lat' dir='ltr'><strong>locus.</strong></span> 
     </span>
    </p>
   </div>
   <div class='ocr_carea' id='block_1_80' title="bbox 227 4666 1585 4746">
    <p class='ocr_par' dir='ltr' id='par_1_80' title="bbox 227 4666 1585 4746">
     <span class='ocr_line' id='line_1_80' title="bbox 227 4666 1585 4746; baseline 0.009 -27"><span class='ocrx_word' id='word_1_643' title='bbox 316 4669 411 4746; x_wconf 73' lang='lat' dir='ltr'><strong>lis.</strong></span> <span class='ocrx_word' id='word_1_644' title='bbox 443 4673 641 4746; x_wconf 82' lang='lat' dir='ltr'><strong>Cnlb.,_</strong></span> <span class='ocrx_word' id='word_1_645' title='bbox 655 4666 843 4746; x_wconf 78' lang='lat' dir='ltr'><strong>Germ.</strong></span> <span class='ocrx_word' id='word_1_646' title='bbox 865 4678 923 4724; x_wconf 89' lang='lat' dir='ltr'><strong>et</strong></span> <span class='ocrx_word' id='word_1_647' title='bbox 953 4672 1163 4728; x_wconf 80' lang='lat' dir='ltr'><strong>Martin.</strong></span> <span class='ocrx_word' id='word_1_648' title='bbox 1194 4674 1302 4740; x_wconf 85' lang='lat' dir='ltr'><strong>iam</strong></span> <span class='ocrx_word' id='word_1_649' title='bbox 1321 4676 1585 4746; x_wconf 79' lang='lat' dir='ltr'><strong>mysterio.</strong></span> 
     </span>
    </p>
   </div>
   <div class='ocr_carea' id='block_1_81' title="bbox 227 4737 1048 4812">
    <p class='ocr_par' dir='ltr' id='par_1_81' title="bbox 227 4737 1048 4812">
     <span class='ocr_line' id='line_1_81' title="bbox 227 4737 1048 4812; baseline 0.007 -21"><span class='ocrx_word' id='word_1_650' title='bbox 227 4737 300 4812; x_wconf 75' lang='grc' dir='ltr'><strong>(ά)</strong></span> <span class='ocrx_word' id='word_1_651' title='bbox 321 4743 484 4796; x_wconf 84' lang='lat' dir='ltr'><strong>Abest</strong></span> <span class='ocrx_word' id='word_1_652' title='bbox 510 4745 566 4796; x_wconf 86' lang='lat' dir='ltr'><strong>in</strong></span> <span class='ocrx_word' id='word_1_653' title='bbox 595 4743 663 4799; x_wconf 91' lang='lat' dir='ltr'><strong>ab</strong></span> <span class='ocrx_word' id='word_1_654' title='bbox 688 4742 893 4812; x_wconf 90' lang='lat' dir='ltr'><strong>aliquot</strong></span> <span class='ocrx_word' id='word_1_655' title='bbox 918 4757 1048 4797; x_wconf 86' lang='lat' dir='ltr'><strong>mss.</strong></span> 
     </span>
    </p>
   </div>
   <div class='ocr_carea' id='block_1_82' title="bbox 189 4808 1751 4889">
    <p class='ocr_par' dir='ltr' id='par_1_82' title="bbox 189 4808 1751 4889">
     <span class='ocr_line' id='line_1_82' title="bbox 189 4808 1751 4889; baseline 0.011 -27"><span class='ocrx_word' id='word_1_656' title='bbox 189 4877 199 4888; x_wconf 40' lang='lat'>&#39;</span> <span class='ocrx_word' id='word_1_657' title='bbox 227 4808 293 4881; x_wconf 73' lang='grc' dir='ltr'><strong>(ε)</strong></span> <span class='ocrx_word' id='word_1_658' title='bbox 320 4813 604 4889; x_wconf 74' lang='lat' dir='ltr'><strong>Antiquior</strong></span> <span class='ocrx_word' id='word_1_659' title='bbox 620 4808 794 4870; x_wconf 68' lang='lat' dir='ltr'><strong>codei</strong></span> <span class='ocrx_word' id='word_1_660' title='bbox 819 4814 970 4870; x_wconf 78' lang='lat' dir='ltr'><strong>Coll).</strong></span> <span class='ocrx_word' id='word_1_661' title='bbox 1003 4815 1312 4889; x_wconf 75' lang='lat' dir='ltr'><strong>justificatio</strong></span> <span class='ocrx_word' id='word_1_662' title='bbox 1349 4819 1582 4889; x_wconf 81' lang='lat' dir='ltr'><strong>spiritus.</strong></span> <span class='ocrx_word' id='word_1_663' title='bbox 1608 4820 1751 4878; x_wconf 85' lang='lat' dir='ltr'><strong>Mar-</strong></span> 
     </span>
    </p>
   </div>
   <div class='ocr_carea' id='block_1_83' title="bbox 169 4884 779 4955">
    <p class='ocr_par' dir='ltr' id='par_1_83' title="bbox 169 4884 779 4955">
     <span class='ocr_line' id='line_1_83' title="bbox 169 4884 779 4955; baseline 0.01 -23"><span class='ocrx_word' id='word_1_664' title='bbox 169 4884 250 4955; x_wconf 76' lang='lat' dir='ltr'><strong>tin.</strong></span> <span class='ocrx_word' id='word_1_665' title='bbox 272 4893 314 4955; x_wconf 74' lang='lat' dir='ltr'><strong>et</strong></span> <span class='ocrx_word' id='word_1_666' title='bbox 333 4885 657 4955; x_wconf 73' lang='lat' dir='ltr'><strong>justiﬁcatio,</strong></span> <span class='ocrx_word' id='word_1_667' title='bbox 671 4893 779 4942; x_wconf 80' lang='lat' dir='ltr'><strong>etc.</strong></span> 
     </span>
    </p>
   </div>
   <div class='ocr_carea' id='block_1_84' title="bbox 175 4951 1746 5076">
    <p class='ocr_par' dir='ltr' id='par_1_84' title="bbox 175 4951 1746 5076">
     <span class='ocr_line' id='line_1_84' title="bbox 175 4951 1746 5076; baseline 0.008 -69"><span class='ocrx_word' id='word_1_668' title='bbox 175 5021 185 5032; x_wconf 30' lang='grc' dir='ltr'><em>υ</em></span> <span class='ocrx_word' id='word_1_669' title='bbox 227 4951 309 5076; x_wconf 58' lang='grc'><strong>(121</strong></span> <span class='ocrx_word' id='word_1_670' title='bbox 327 4951 538 5010; x_wconf 60' lang='grc' dir='ltr'><strong>Ροειῖη</strong></span> <span class='ocrx_word' id='word_1_671' title='bbox 567 4958 772 5029; x_wconf 87' lang='lat' dir='ltr'><strong>spiritu.</strong></span> <span class='ocrx_word' id='word_1_672' title='bbox 804 4956 1096 5027; x_wconf 85' lang='lat' dir='ltr'><strong>subjiciunt</strong></span> <span class='ocrx_word' id='word_1_673' title='bbox 1138 4972 1269 5015; x_wconf 87' lang='lat' dir='ltr'><strong>mss.</strong></span> <span class='ocrx_word' id='word_1_674' title='bbox 1311 4960 1435 5015; x_wconf 84' lang='lat' dir='ltr'><strong>dum</strong></span> <span class='ocrx_word' id='word_1_675' title='bbox 1467 4965 1746 5019; x_wconf 83' lang='lat' dir='ltr'><strong>assumitur</strong></span> 
     </span>
     <span class='ocr_line' id='line_1_85' title="bbox 175 5027 882 5076; baseline 0.006 -4"><span class='ocrx_word' id='word_1_676' title='bbox 175 5038 214 5073; x_wconf 86' lang='lat' dir='ltr'><strong>tn</strong></span> <span class='ocrx_word' id='word_1_677' title='bbox 238 5041 261 5076; x_wconf 89' lang='lat' dir='ltr'><strong>c</strong></span> <span class='ocrx_word' id='word_1_678' title='bbox 311 5028 472 5076; x_wconf 78' lang='lat' dir='ltr'><strong>ritate-</strong></span> <span class='ocrx_word' id='word_1_679' title='bbox 506 5027 626 5076; x_wconf 80' lang='lat' dir='ltr'><strong>aliis</strong></span> <span class='ocrx_word' id='word_1_680' title='bbox 646 5029 882 5076; x_wconf 75' lang='lat' dir='ltr'><strong>omissis.</strong></span> 
     </span>
    </p>
   </div>
   <div class='ocr_carea' id='block_1_85' title="bbox 168 5027 882 5094">
    <p class='ocr_par' dir='ltr' id='par_1_85' title="bbox 168 5027 882 5094">
     <span class='ocr_line' id='line_1_86' title="bbox 168 5027 882 5094; baseline 0.015 -22"><span class='ocrx_word' id='word_1_681' title='bbox 168 5027 214 5073; x_wconf 86' lang='lat' dir='ltr'><strong>in</strong></span> <span class='ocrx_word' id='word_1_682' title='bbox 238 5027 472 5094; x_wconf 82' lang='lat' dir='ltr'><strong>claritate,</strong></span> <span class='ocrx_word' id='word_1_683' title='bbox 506 5027 626 5082; x_wconf 86' lang='lat' dir='ltr'><strong>aliis</strong></span> <span class='ocrx_word' id='word_1_684' title='bbox 646 5029 882 5084; x_wconf 87' lang='lat' dir='ltr'><strong>omissis.</strong></span> 
     </span>
    </p>
   </div>
   <div class='ocr_carea' id='block_1_86' title="bbox 229 5093 1742 5169">
    <p class='ocr_par' dir='ltr' id='par_1_86' title="bbox 229 5093 1742 5169">
     <span class='ocr_line' id='line_1_87' title="bbox 229 5093 1742 5169; baseline 0.007 -16"><span class='ocrx_word' id='word_1_685' title='bbox 229 5093 299 5167; x_wconf 85' lang='lat' dir='ltr'><strong>(g)</strong></span> <span class='ocrx_word' id='word_1_686' title='bbox 345 5097 399 5153; x_wconf 88' lang='lat' dir='ltr'><strong>lu</strong></span> <span class='ocrx_word' id='word_1_687' title='bbox 439 5093 573 5153; x_wconf 87' lang='lat' dir='ltr'><strong>mss.</strong></span> <span class='ocrx_word' id='word_1_688' title='bbox 609 5100 735 5156; x_wconf 77' lang='lat' dir='ltr'><strong>Vat.</strong></span> <span class='ocrx_word' id='word_1_689' title='bbox 775 5101 891 5156; x_wconf 88' lang='lat' dir='ltr'><strong>bas.</strong></span> <span class='ocrx_word' id='word_1_690' title='bbox 933 5098 1247 5157; x_wconf 88' lang='lat' dir='ltr'><strong>Colbertiuo</strong></span> <span class='ocrx_word' id='word_1_691' title='bbox 1296 5119 1426 5169; x_wconf 92' lang='lat' dir='ltr'><strong>uno,</strong></span> <span class='ocrx_word' id='word_1_692' title='bbox 1479 5112 1534 5161; x_wconf 85' lang='lat' dir='ltr'><strong>et</strong></span> <span class='ocrx_word' id='word_1_693' title='bbox 1567 5106 1742 5163; x_wconf 87' lang='lat' dir='ltr'><strong>altero</strong></span> 
     </span>
    </p>
   </div>
   <div class='ocr_carea' id='block_1_87' title="bbox 172 5160 1738 5247">
    <p class='ocr_par' dir='ltr' id='par_1_87' title="bbox 172 5160 1738 5247">
     <span class='ocr_line' id='line_1_88' title="bbox 172 5160 1738 5247; baseline 0.01 -28"><span class='ocrx_word' id='word_1_694' title='bbox 172 5160 762 5247; x_wconf 43' lang='lat' dir='ltr'><strong>Sor-bon._a_ss_umption_i.</strong></span> <span class='ocrx_word' id='word_1_695' title='bbox 786 5171 842 5247; x_wconf 86' lang='lat' dir='ltr'><strong>l_n</strong></span> <span class='ocrx_word' id='word_1_696' title='bbox 867 5171 1074 5247; x_wconf 74' lang='lat' dir='ltr'><strong>Remig.</strong></span> <span class='ocrx_word' id='word_1_697' title='bbox 1099 5175 1365 5246; x_wconf 77' lang='lat' dir='ltr'><strong>assumpti.</strong></span> <span class='ocrx_word' id='word_1_698' title='bbox 1399 5160 1550 5232; x_wconf 64' lang='lat' dir='ltr'><strong>DriOr</strong></span> <span class='ocrx_word' id='word_1_699' title='bbox 1579 5160 1738 5235; x_wconf 77' lang='lat' dir='ltr'><strong>lectio</strong></span> 
     </span>
    </p>
   </div>
   <div class='ocr_carea' id='block_1_88' title="bbox 172 5242 1725 5314">
    <p class='ocr_par' dir='ltr' id='par_1_88' title="bbox 172 5242 1725 5314">
     <span class='ocr_line' id='line_1_89' title="bbox 172 5242 1725 5314; baseline 0.008 -22"><span class='ocrx_word' id='word_1_700' title='bbox 172 5242 604 5314; x_wconf 64' lang='lat' dir='ltr'><strong>latisarridebat:</strong></span> <span class='ocrx_word' id='word_1_701' title='bbox 639 5243 734 5300; x_wconf 88' lang='lat' dir='ltr'><strong>sed</strong></span> <span class='ocrx_word' id='word_1_702' title='bbox 769 5244 979 5313; x_wconf 81' lang='lat' dir='ltr'><strong>plenior</strong></span> <span class='ocrx_word' id='word_1_703' title='bbox 1003 5242 1088 5299; x_wconf 84' lang='lat' dir='ltr'><strong>est</strong></span> <span class='ocrx_word' id='word_1_704' title='bbox 1106 5259 1189 5311; x_wconf 91' lang='lat' dir='ltr'><strong>ea,</strong></span> <span class='ocrx_word' id='word_1_705' title='bbox 1227 5242 1386 5314; x_wconf 81' lang='lat' dir='ltr'><strong>quam</strong></span> <span class='ocrx_word' id='word_1_706' title='bbox 1411 5250 1725 5306; x_wconf 86' lang='lat' dir='ltr'><strong>retinemus.</strong></span> 
     </span>
    </p>
   </div>
   <div class='ocr_carea' id='block_1_89' title="bbox 229 5306 1730 5381">
    <p class='ocr_par' dir='ltr' id='par_1_89' title="bbox 229 5306 1730 5381">
     <span class='ocr_line' id='line_1_90' title="bbox 229 5306 1730 5381; baseline 0.01 -20"><span class='ocrx_word' id='word_1_707' title='bbox 229 5306 299 5380; x_wconf 79' lang='lat' dir='ltr'><strong>(lt)</strong></span> <span class='ocrx_word' id='word_1_708' title='bbox 325 5309 377 5365; x_wconf 93' lang='lat' dir='ltr'><strong>In</strong></span> <span class='ocrx_word' id='word_1_709' title='bbox 417 5314 685 5381; x_wconf 75' lang='lat' dir='ltr'><strong>przedictis</strong></span> <span class='ocrx_word' id='word_1_710' title='bbox 723 5306 854 5369; x_wconf 61' lang='lat' dir='ltr'><strong>m&#39;ss.</strong></span> <span class='ocrx_word' id='word_1_711' title='bbox 898 5314 1016 5370; x_wconf 82' lang='lat' dir='ltr'><strong>Vat.</strong></span> <span class='ocrx_word' id='word_1_712' title='bbox 1054 5306 1361 5381; x_wconf 75' lang='lat' dir='ltr'><strong>bas.,Cblb.</strong></span> <span class='ocrx_word' id='word_1_713' title='bbox 1397 5334 1460 5372; x_wconf 91' lang='lat' dir='ltr'><strong>ac</strong></span> <span class='ocrx_word' id='word_1_714' title='bbox 1497 5318 1730 5377; x_wconf 89' lang='lat' dir='ltr'><strong>Sorbon.</strong></span> 
     </span>
    </p>
   </div>
   <div class='ocr_carea' id='block_1_90' title="bbox 175 5382 1730 5464">
    <p class='ocr_par' dir='ltr' id='par_1_90' title="bbox 175 5382 1730 5464">
     <span class='ocr_line' id='line_1_91' title="bbox 175 5382 1730 5464; baseline 0.01 -33"><span class='ocrx_word' id='word_1_715' title='bbox 175 5382 595 5464; x_wconf 69' lang='lat' dir='ltr'><strong>necnou_liartitt._</strong></span> <span class='ocrx_word' id='word_1_716' title='bbox 614 5403 628 5440; x_wconf 95' lang='lat'><strong>:</strong></span> <span class='ocrx_word' id='word_1_717' title='bbox 652 5385 719 5464; x_wconf 60' lang='lat' dir='ltr'><strong>Et</strong></span> <span class='ocrx_word' id='word_1_718' title='bbox 737 5403 849 5456; x_wconf 68' lang='lat' dir='ltr'><strong>qua:</strong></span> <span class='ocrx_word' id='word_1_719' title='bbox 877 5389 1089 5464; x_wconf 67' lang='lat' dir='ltr'><strong>tandem</strong></span> <span class='ocrx_word' id='word_1_720' title='bbox 1109 5404 1222 5464; x_wconf 80' lang='lat' dir='ltr'><strong>spes</strong></span> <span class='ocrx_word' id='word_1_721' title='bbox 1241 5389 1296 5464; x_wconf 79' lang='lat' dir='ltr'><strong>in</strong></span> <span class='ocrx_word' id='word_1_722' title='bbox 1317 5389 1420 5459; x_wconf 79' lang='lat' dir='ltr'><strong>ﬁde</strong></span> <span class='ocrx_word' id='word_1_723' title='bbox 1432 5399 1613 5464; x_wconf 77' lang='lat' dir='ltr'><strong>nostra</strong></span> <span class='ocrx_word' id='word_1_724' title='bbox 1638 5401 1730 5459; x_wconf 82' lang='lat' dir='ltr'><strong>est,</strong></span> 
     </span>
    </p>
   </div>
   <div class='ocr_carea' id='block_1_91' title="bbox 175 5455 1733 5534">
    <p class='ocr_par' dir='ltr' id='par_1_91' title="bbox 175 5455 1733 5534">
     <span class='ocr_line' id='line_1_92' title="bbox 175 5455 1733 5534; baseline 0.006 -26"><span class='ocrx_word' id='word_1_725' title='bbox 175 5455 309 5534; x_wconf 52' lang='lat' dir='ltr'><strong>fuit!</strong></span> <span class='ocrx_word' id='word_1_726' title='bbox 322 5455 710 5534; x_wconf 71' lang='lat' dir='ltr'><strong>dispensatitmis</strong></span> <span class='ocrx_word' id='word_1_727' title='bbox 727 5459 1018 5534; x_wconf 77' lang='lat' dir='ltr'><strong>mysterium</strong></span> <span class='ocrx_word' id='word_1_728' title='bbox 1034 5455 1406 5534; x_wconf 50' lang='lat' dir='ltr'><strong>diri&#39;nitatis&#39;est</strong></span> <span class='ocrx_word' id='word_1_729' title='bbox 1426 5461 1698 5532; x_wconf 81' lang='lat' dir='ltr'><strong>inﬁrmitas</strong></span> <span class='ocrx_word' id='word_1_730' title='bbox 1714 5455 1733 5518; x_wconf 66' lang='grc' dir='ltr'><em>ἓ</em></span> 
     </span>
    </p>
   </div>
   <div class='ocr_carea' id='block_1_92' title="bbox 176 5517 1730 5604">
    <p class='ocr_par' dir='ltr' id='par_1_92' title="bbox 176 5517 1730 5604">
     <span class='ocr_line' id='line_1_93' title="bbox 176 5517 1730 5604; baseline 0.01 -30"><span class='ocrx_word' id='word_1_731' title='bbox 176 5517 308 5604; x_wconf 68' lang='lat' dir='ltr'><strong>lectio</strong></span> <span class='ocrx_word' id='word_1_732' title='bbox 333 5517 443 5582; x_wconf 61' lang='lat' dir='ltr'><strong>huic</strong></span> <span class='ocrx_word' id='word_1_733' title='bbox 477 5530 647 5604; x_wconf 75' lang='lat' dir='ltr'><strong>magis</strong></span> <span class='ocrx_word' id='word_1_734' title='bbox 677 5537 762 5584; x_wconf 87' lang='lat' dir='ltr'><strong>est</strong></span> <span class='ocrx_word' id='word_1_735' title='bbox 777 5517 1096 5604; x_wconf 43' lang='lat' dir='ltr'><strong>vperspicua,</strong></span> <span class='ocrx_word' id='word_1_736' title='bbox 1129 5532 1374 5604; x_wconf 83' lang='lat' dir='ltr'><strong>adeoque</strong></span> <span class='ocrx_word' id='word_1_737' title='bbox 1405 5517 1574 5604; x_wconf 67' lang='lat' dir='ltr'><strong>magis</strong></span> <span class='ocrx_word' id='word_1_738' title='bbox 1635 5517 1730 5589; x_wconf 60' lang='grc' dir='ltr'>ειιὲ</span> 
     </span>
    </p>
   </div>
   <div class='ocr_carea' id='block_1_93' title="bbox 177 5599 1738 5680">
    <p class='ocr_par' dir='ltr' id='par_1_93' title="bbox 177 5599 1738 5680">
     <span class='ocr_line' id='line_1_94' title="bbox 177 5599 1738 5680; baseline 0.006 -30"><span class='ocrx_word' id='word_1_739' title='bbox 177 5601 542 5680; x_wconf 34' lang='lat' dir='ltr'><strong>{putantquam</strong></span> <span class='ocrx_word' id='word_1_740' title='bbox 577 5599 752 5654; x_wconf 83' lang='lat' dir='ltr'><strong>altera</strong></span> <span class='ocrx_word' id='word_1_741' title='bbox 778 5618 791 5654; x_wconf 90' lang='lat'><strong>:</strong></span> <span class='ocrx_word' id='word_1_742' title='bbox 817 5601 870 5654; x_wconf 91' lang='lat' dir='ltr'><strong>in</strong></span> <span class='ocrx_word' id='word_1_743' title='bbox 916 5615 1021 5670; x_wconf 87' lang='lat' dir='ltr'><strong>qua</strong></span> <span class='ocrx_word' id='word_1_744' title='bbox 1042 5603 1190 5680; x_wconf 62' lang='lat' dir='ltr'><strong>alius</strong></span> <span class='ocrx_word' id='word_1_745' title='bbox 1231 5599 1446 5680; x_wconf 78' lang='lat' dir='ltr'><strong>quidam</strong></span> <span class='ocrx_word' id='word_1_746' title='bbox 1477 5599 1738 5680; x_wconf 31' lang='lat' dir='ltr'><strong>linuuitur</strong></span> 
     </span>
    </p>
   </div>
   <div class='ocr_carea' id='block_1_94' title="bbox 180 5667 1737 5749">
    <p class='ocr_par' dir='ltr' id='par_1_94' title="bbox 180 5667 1737 5749">
     <span class='ocr_line' id='line_1_95' title="bbox 180 5667 1737 5749; baseline 0.007 -30"><span class='ocrx_word' id='word_1_747' title='bbox 180 5667 764 5749; x_wconf 32' lang='lat' dir='ltr'><strong>[econdlitior__seusus,_</strong></span> <span class='ocrx_word' id='word_1_748' title='bbox 810 5667 964 5749; x_wconf 77' lang='lat' dir='ltr'><strong>puta,</strong></span> <span class='ocrx_word' id='word_1_749' title='bbox 1023 5667 1362 5749; x_wconf 74' lang='lat' dir='ltr'><strong>divinitatem</strong></span> <span class='ocrx_word' id='word_1_750' title='bbox 1412 5675 1737 5749; x_wconf 76' lang='lat' dir='ltr'><strong>infirmatam</strong></span> 
     </span>
    </p>
   </div>
   <div class='ocr_carea' id='block_1_95' title="bbox 186 5736 1741 5817">
    <p class='ocr_par' dir='ltr' id='par_1_95' title="bbox 186 5736 1741 5817">
     <span class='ocr_line' id='line_1_96' title="bbox 186 5736 1741 5817; baseline 0.009 -29"><span class='ocrx_word' id='word_1_751' title='bbox 186 5745 274 5817; x_wconf 72' lang='lat' dir='ltr'><strong>non</strong></span> <span class='ocrx_word' id='word_1_752' title='bbox 297 5736 449 5794; x_wconf 85' lang='lat' dir='ltr'><strong>fuisse</strong></span> <span class='ocrx_word' id='word_1_753' title='bbox 469 5736 893 5810; x_wconf 78' lang='lat' dir='ltr'><strong>dispensationis</strong></span> <span class='ocrx_word' id='word_1_754' title='bbox 911 5747 1192 5817; x_wconf 82' lang='lat' dir='ltr'><strong>mysterio,</strong></span> <span class='ocrx_word' id='word_1_755' title='bbox 1222 5760 1330 5816; x_wconf 83' lang='lat' dir='ltr'><strong>quo</strong></span> <span class='ocrx_word' id='word_1_756' title='bbox 1354 5746 1501 5800; x_wconf 82' lang='lat' dir='ltr'><strong>carni</strong></span> <span class='ocrx_word' id='word_1_757' title='bbox 1531 5750 1741 5817; x_wconf 81' lang='lat' dir='ltr'><strong>praesti-</strong></span> 
     </span>
    </p>
   </div>
   <div class='ocr_carea' id='block_1_96' title="bbox 189 5810 1741 5890">
    <p class='ocr_par' dir='ltr' id='par_1_96' title="bbox 189 5810 1741 5890">
     <span class='ocr_line' id='line_1_97' title="bbox 189 5810 1741 5890; baseline 0.012 -31"><span class='ocrx_word' id='word_1_758' title='bbox 189 5810 282 5863; x_wconf 84' lang='lat' dir='ltr'><strong>tum</strong></span> <span class='ocrx_word' id='word_1_759' title='bbox 303 5819 382 5865; x_wconf 87' lang='lat' dir='ltr'><strong>est</strong></span> <span class='ocrx_word' id='word_1_760' title='bbox 413 5821 466 5877; x_wconf 84' lang='lat' dir='ltr'><strong>ut</strong></span> <span class='ocrx_word' id='word_1_761' title='bbox 502 5821 870 5881; x_wconf 75' lang='lat' dir='ltr'><strong>assumeretur</strong></span> <span class='ocrx_word' id='word_1_762' title='bbox 911 5810 1260 5884; x_wconf 66' lang='lat' dir='ltr'><strong>in&#39;claritatis</strong></span> <span class='ocrx_word' id='word_1_763' title='bbox 1299 5817 1506 5890; x_wconf 85' lang='lat' dir='ltr'><strong>gloria;</strong></span> <span class='ocrx_word' id='word_1_764' title='bbox 1531 5810 1741 5890; x_wconf 72' lang='lat' dir='ltr'><strong>eosque</strong></span> 
     </span>
    </p>
   </div>
   <div class='ocr_carea' id='block_1_97' title="bbox 1846 3295 3448 3374">
    <p class='ocr_par' dir='ltr' id='par_1_97' title="bbox 1846 3295 3448 3374">
     <span class='ocr_line' id='line_1_98' title="bbox 1846 3295 3448 3374; baseline -0.006 -13"><span class='ocrx_word' id='word_1_765' title='bbox 1846 3307 1903 3361; x_wconf 90' lang='lat' dir='ltr'><strong>in</strong></span> <span class='ocrx_word' id='word_1_766' title='bbox 1924 3321 1989 3362; x_wconf 88' lang='lat' dir='ltr'><strong>ea</strong></span> <span class='ocrx_word' id='word_1_767' title='bbox 2002 3314 2191 3360; x_wconf 90' lang='lat' dir='ltr'><strong>natura</strong></span> <span class='ocrx_word' id='word_1_768' title='bbox 2207 3317 2331 3360; x_wconf 86' lang='lat' dir='ltr'><strong>esse</strong></span> <span class='ocrx_word' id='word_1_769' title='bbox 2348 3316 2450 3374; x_wconf 90' lang='lat' dir='ltr'><strong>qua</strong></span> <span class='ocrx_word' id='word_1_770' title='bbox 2475 3302 2618 3358; x_wconf 90' lang='lat' dir='ltr'><strong>Deus</strong></span> <span class='ocrx_word' id='word_1_771' title='bbox 2632 3309 2716 3357; x_wconf 88' lang='lat' dir='ltr'><strong>est</strong></span> <span class='ocrx_word' id='word_1_772' title='bbox 2733 3320 2747 3353; x_wconf 89' lang='lat'><strong>:</strong></span> <span class='ocrx_word' id='word_1_773' title='bbox 2767 3301 2889 3371; x_wconf 89' lang='lat' dir='ltr'><strong>quia</strong></span> <span class='ocrx_word' id='word_1_774' title='bbox 2912 3296 3067 3354; x_wconf 90' lang='lat' dir='ltr'><strong>nasci</strong></span> <span class='ocrx_word' id='word_1_775' title='bbox 3085 3311 3207 3353; x_wconf 89' lang='lat' dir='ltr'><strong>cum</strong></span> <span class='ocrx_word' id='word_1_776' title='bbox 3231 3295 3302 3368; x_wconf 85' lang='lat' dir='ltr'><strong>(j)</strong></span> <span class='ocrx_word' id='word_1_777' title='bbox 3318 3311 3448 3352; x_wconf 59' lang='lat' dir='ltr'><strong>cauo</strong></span> 
     </span>
    </p>
   </div>
   <div class='ocr_carea' id='block_1_98' title="bbox 1843 3389 3444 3462">
    <p class='ocr_par' dir='ltr' id='par_1_98' title="bbox 1843 3389 3444 3462">
     <span class='ocr_line' id='line_1_99' title="bbox 1843 3389 3444 3462; baseline -0.006 -9"><span class='ocrx_word' id='word_1_778' title='bbox 1843 3412 1963 3454; x_wconf 86' lang='lat' dir='ltr'><strong>sam</strong></span> <span class='ocrx_word' id='word_1_779' title='bbox 2013 3395 2312 3452; x_wconf 83' lang='lat' dir='ltr'><strong>nativitatis</strong></span> <span class='ocrx_word' id='word_1_780' title='bbox 2363 3396 2638 3461; x_wconf 86' lang='lat' dir='ltr'><strong>ostendat,</strong></span> <span class='ocrx_word' id='word_1_781' title='bbox 2671 3408 2778 3448; x_wconf 91' lang='lat' dir='ltr'><strong>non</strong></span> <span class='ocrx_word' id='word_1_782' title='bbox 2823 3389 3120 3462; x_wconf 89' lang='lat' dir='ltr'><strong>disprollcit</strong></span> <span class='ocrx_word' id='word_1_783' title='bbox 3163 3399 3345 3446; x_wconf 90' lang='lat' dir='ltr'><strong>tamen</strong></span> <span class='ocrx_word' id='word_1_784' title='bbox 3385 3391 3444 3445; x_wconf 86' lang='lat' dir='ltr'><strong>in</strong></span> 
     </span>
    </p>
   </div>
   <div class='ocr_carea' id='block_1_99' title="bbox 1842 3481 3451 3561">
    <p class='ocr_par' dir='ltr' id='par_1_99' title="bbox 1842 3481 3451 3561">
     <span class='ocr_line' id='line_1_100' title="bbox 1842 3481 3451 3561; baseline -0.006 -15"><span class='ocrx_word' id='word_1_785' title='bbox 1842 3505 2042 3561; x_wconf 88' lang='lat' dir='ltr'><strong>genere</strong></span> <span class='ocrx_word' id='word_1_786' title='bbox 2062 3488 2301 3544; x_wconf 88' lang='lat' dir='ltr'><strong>auctoris</strong></span> <span class='ocrx_word' id='word_1_787' title='bbox 2313 3489 2594 3544; x_wconf 77' lang='lat' dir='ltr'><strong>exsistere.</strong></span> <span class='ocrx_word' id='word_1_788' title='bbox 2621 3483 2777 3554; x_wconf 83' lang='lat' dir='ltr'><strong>Quod</strong></span> <span class='ocrx_word' id='word_1_789' title='bbox 2803 3492 2982 3540; x_wconf 89' lang='lat' dir='ltr'><strong>autem</strong></span> <span class='ocrx_word' id='word_1_790' title='bbox 3006 3497 3114 3538; x_wconf 90' lang='lat' dir='ltr'><strong>non</strong></span> <span class='ocrx_word' id='word_1_791' title='bbox 3139 3481 3217 3554; x_wconf 81' lang='lat' dir='ltr'><strong>(lt)</strong></span> <span class='ocrx_word' id='word_1_792' title='bbox 3242 3481 3451 3552; x_wconf 78' lang='lat' dir='ltr'><strong>dispro-</strong></span> 
     </span>
    </p>
   </div>
   <div class='ocr_carea' id='block_1_100' title="bbox 1845 3572 3441 3655">
    <p class='ocr_par' dir='ltr' id='par_1_100' title="bbox 1845 3572 3441 3655">
     <span class='ocr_line' id='line_1_101' title="bbox 1845 3572 3441 3655; baseline -0.006 -15"><span class='ocrx_word' id='word_1_793' title='bbox 1845 3584 1960 3640; x_wconf 86' lang='lat' dir='ltr'><strong>ﬁcit</strong></span> <span class='ocrx_word' id='word_1_794' title='bbox 1987 3583 2038 3639; x_wconf 92' lang='lat' dir='ltr'><strong>in</strong></span> <span class='ocrx_word' id='word_1_795' title='bbox 2067 3597 2286 3655; x_wconf 89' lang='lat' dir='ltr'><strong>genere,</strong></span> <span class='ocrx_word' id='word_1_796' title='bbox 2320 3582 2485 3639; x_wconf 89' lang='lat' dir='ltr'><strong>debet</strong></span> <span class='ocrx_word' id='word_1_797' title='bbox 2507 3579 2725 3652; x_wconf 90' lang='lat' dir='ltr'><strong>quidem</strong></span> <span class='ocrx_word' id='word_1_798' title='bbox 2759 3577 2965 3632; x_wconf 82' lang='lat' dir='ltr'><strong>auctori</strong></span> <span class='ocrx_word' id='word_1_799' title='bbox 2992 3589 3210 3631; x_wconf 89' lang='lat' dir='ltr'><strong>causam</strong></span> <span class='ocrx_word' id='word_1_800' title='bbox 3244 3572 3441 3630; x_wconf 61' lang='lat' dir='ltr'><strong>nativio</strong></span> 
     </span>
    </p>
   </div>
   <div class='ocr_carea' id='block_1_101' title="bbox 1841 3671 3442 3746">
    <p class='ocr_par' dir='ltr' id='par_1_101' title="bbox 1841 3671 3442 3746">
     <span class='ocr_line' id='line_1_102' title="bbox 1841 3671 3442 3746; baseline -0.006 -12"><span class='ocrx_word' id='word_1_801' title='bbox 1841 3679 1969 3734; x_wconf 88' lang='lat' dir='ltr'><strong>tatis</strong></span> <span class='ocrx_word' id='word_1_802' title='bbox 1995 3693 2130 3746; x_wconf 66' lang='lat' dir='ltr'><strong>suae,</strong></span> <span class='ocrx_word' id='word_1_803' title='bbox 2156 3688 2401 3734; x_wconf 88' lang='lat' dir='ltr'><strong>naturam</strong></span> <span class='ocrx_word' id='word_1_804' title='bbox 2438 3687 2615 3733; x_wconf 88' lang='lat' dir='ltr'><strong>tamen</strong></span> <span class='ocrx_word' id='word_1_805' title='bbox 2642 3689 2711 3732; x_wconf 79' lang='lat' dir='ltr'><strong>ex</strong></span> <span class='ocrx_word' id='word_1_806' title='bbox 2738 3689 2797 3730; x_wconf 90' lang='lat' dir='ltr'><strong>se</strong></span> <span class='ocrx_word' id='word_1_807' title='bbox 2825 3689 2932 3728; x_wconf 88' lang='lat' dir='ltr'><strong>non</strong></span> <span class='ocrx_word' id='word_1_808' title='bbox 2959 3671 3140 3727; x_wconf 82' lang='lat' dir='ltr'><strong>amisit</strong></span> <span class='ocrx_word' id='word_1_809' title='bbox 3165 3671 3442 3726; x_wconf 84' lang='lat' dir='ltr'><strong>auctoris:</strong></span> 
     </span>
    </p>
   </div>
   <div class='ocr_carea' id='block_1_102' title="bbox 1843 3761 3444 3843">
    <p class='ocr_par' dir='ltr' id='par_1_102' title="bbox 1843 3761 3444 3843">
     <span class='ocr_line' id='line_1_103' title="bbox 1843 3761 3444 3843; baseline -0.006 -16"><span class='ocrx_word' id='word_1_810' title='bbox 1843 3773 1970 3843; x_wconf 90' lang='lat' dir='ltr'><strong>quia</strong></span> <span class='ocrx_word' id='word_1_811' title='bbox 1997 3769 2247 3826; x_wconf 85' lang='lat' dir='ltr'><strong>nativitas</strong></span> <span class='ocrx_word' id='word_1_812' title='bbox 2292 3769 2388 3826; x_wconf 90' lang='lat' dir='ltr'><strong>Dei</strong></span> <span class='ocrx_word' id='word_1_813' title='bbox 2429 3782 2606 3839; x_wconf 90' lang='lat' dir='ltr'><strong>neque</strong></span> <span class='ocrx_word' id='word_1_814' title='bbox 2649 3763 2883 3832; x_wconf 85' lang='lat' dir='ltr'><strong>aliunde,</strong></span> <span class='ocrx_word' id='word_1_815' title='bbox 2935 3777 3110 3834; x_wconf 89' lang='lat' dir='ltr'><strong>neque</strong></span> <span class='ocrx_word' id='word_1_816' title='bbox 3155 3761 3301 3818; x_wconf 90' lang='lat' dir='ltr'><strong>aliud</strong></span> <span class='ocrx_word' id='word_1_817' title='bbox 3333 3769 3444 3818; x_wconf 85' lang='lat' dir='ltr'><strong>est.</strong></span> 
     </span>
    </p>
   </div>
   <div class='ocr_carea' id='block_1_103' title="bbox 1843 3855 3445 3932">
    <p class='ocr_par' dir='ltr' id='par_1_103' title="bbox 1843 3855 3445 3932">
     <span class='ocr_line' id='line_1_104' title="bbox 1843 3855 3445 3932; baseline -0.005 -12"><span class='ocrx_word' id='word_1_818' title='bbox 1843 3865 1976 3932; x_wconf 68' lang='lat' dir='ltr'><strong>Quae</strong></span> <span class='ocrx_word' id='word_1_819' title='bbox 2003 3865 2050 3920; x_wconf 89' lang='lat' dir='ltr'><strong>si</strong></span> <span class='ocrx_word' id='word_1_820' title='bbox 2076 3864 2292 3920; x_wconf 89' lang='lat' dir='ltr'><strong>aliunde</strong></span> <span class='ocrx_word' id='word_1_821' title='bbox 2317 3872 2424 3929; x_wconf 90' lang='lat' dir='ltr'><strong>est,</strong></span> <span class='ocrx_word' id='word_1_822' title='bbox 2467 3860 2719 3917; x_wconf 84' lang='lat' dir='ltr'><strong>nativitas</strong></span> <span class='ocrx_word' id='word_1_823' title='bbox 2746 3874 2850 3914; x_wconf 92' lang='lat' dir='ltr'><strong>non</strong></span> <span class='ocrx_word' id='word_1_824' title='bbox 2881 3867 2999 3924; x_wconf 88' lang='lat' dir='ltr'><strong>est;</strong></span> <span class='ocrx_word' id='word_1_825' title='bbox 3049 3856 3095 3911; x_wconf 89' lang='lat' dir='ltr'><strong>si</strong></span> <span class='ocrx_word' id='word_1_826' title='bbox 3126 3871 3254 3912; x_wconf 84' lang='lat' dir='ltr'><strong>vero</strong></span> <span class='ocrx_word' id='word_1_827' title='bbox 3299 3855 3445 3912; x_wconf 86' lang='lat' dir='ltr'><strong>aliud</strong></span> 
     </span>
    </p>
   </div>
   <div class='ocr_carea' id='block_1_104' title="bbox 1841 3949 3448 4038">
    <p class='ocr_par' dir='ltr' id='par_1_104' title="bbox 1841 3949 3448 4038">
     <span class='ocr_line' id='line_1_105' title="bbox 1841 3949 3448 4038; baseline -0.006 -24"><span class='ocrx_word' id='word_1_828' title='bbox 1841 3965 1947 4025; x_wconf 89' lang='lat' dir='ltr'><strong>est,</strong></span> <span class='ocrx_word' id='word_1_829' title='bbox 1978 3971 2086 4011; x_wconf 90' lang='lat' dir='ltr'><strong>non</strong></span> <span class='ocrx_word' id='word_1_830' title='bbox 2116 3957 2256 4038; x_wconf 62' lang='lat' dir='ltr'><strong>Deus</strong></span> <span class='ocrx_word' id='word_1_831' title='bbox 2277 3963 2383 4011; x_wconf 89' lang='lat' dir='ltr'><strong>est.</strong></span> <span class='ocrx_word' id='word_1_832' title='bbox 2414 3953 2548 4010; x_wconf 90' lang='lat' dir='ltr'><strong>Cum</strong></span> <span class='ocrx_word' id='word_1_833' title='bbox 2579 3959 2762 4010; x_wconf 85' lang='lat' dir='ltr'><strong>autem</strong></span> <span class='ocrx_word' id='word_1_834' title='bbox 2788 3967 2854 4007; x_wconf 81' lang='lat' dir='ltr'><strong>ex</strong></span> <span class='ocrx_word' id='word_1_835' title='bbox 2883 3951 2998 4006; x_wconf 87' lang='lat' dir='ltr'><strong>Deo</strong></span> <span class='ocrx_word' id='word_1_836' title='bbox 3022 3949 3167 4006; x_wconf 89' lang='lat' dir='ltr'><strong>Deus</strong></span> <span class='ocrx_word' id='word_1_837' title='bbox 3198 3958 3312 4014; x_wconf 86' lang='lat' dir='ltr'><strong>est;</strong></span> <span class='ocrx_word' id='word_1_838' title='bbox 3345 3962 3448 4020; x_wconf 88' lang='lat' dir='ltr'><strong>per</strong></span> 
     </span>
    </p>
   </div>
   <div class='ocr_carea' id='block_1_105' title="bbox 1841 4041 3443 4122">
    <p class='ocr_par' dir='ltr' id='par_1_105' title="bbox 1841 4041 3443 4122">
     <span class='ocr_line' id='line_1_106' title="bbox 1841 4041 3443 4122; baseline -0.004 -17"><span class='ocrx_word' id='word_1_839' title='bbox 1841 4048 1896 4105; x_wconf 93' lang='lat' dir='ltr'><strong>id</strong></span> <span class='ocrx_word' id='word_1_840' title='bbox 1932 4065 2147 4122; x_wconf 89' lang='lat' dir='ltr'><strong>quoque</strong></span> <span class='ocrx_word' id='word_1_841' title='bbox 2177 4049 2325 4105; x_wconf 91' lang='lat' dir='ltr'><strong>Deus</strong></span> <span class='ocrx_word' id='word_1_842' title='bbox 2368 4057 2521 4121; x_wconf 89' lang='lat' dir='ltr'><strong>pater</strong></span> <span class='ocrx_word' id='word_1_843' title='bbox 2543 4047 2656 4104; x_wconf 84' lang='lat' dir='ltr'><strong>Deo</strong></span> <span class='ocrx_word' id='word_1_844' title='bbox 2677 4047 2789 4103; x_wconf 88' lang='lat' dir='ltr'><strong>lilio</strong></span> <span class='ocrx_word' id='word_1_845' title='bbox 2813 4053 2869 4102; x_wconf 90' lang='lat' dir='ltr'><strong>et</strong></span> <span class='ocrx_word' id='word_1_846' title='bbox 2902 4043 2966 4119; x_wconf 92' lang='lat' dir='ltr'><strong>(l)</strong></span> <span class='ocrx_word' id='word_1_847' title='bbox 2999 4042 3297 4101; x_wconf 88' lang='lat' dir='ltr'><strong>nativitatis</strong></span> <span class='ocrx_word' id='word_1_848' title='bbox 3325 4041 3443 4114; x_wconf 85' lang='lat' dir='ltr'><strong>ejus</strong></span> 
     </span>
    </p>
   </div>
   <div class='ocr_carea' id='block_1_106' title="bbox 1841 4163 2724 4233">
    <p class='ocr_par' dir='ltr' id='par_1_106' title="bbox 1841 4163 2724 4233">
     <span class='ocr_line' id='line_1_107' title="bbox 1841 4163 2724 4233; baseline -0.002 -15"><span class='ocrx_word' id='word_1_849' title='bbox 1841 4164 2092 4233; x_wconf 83' lang='lat' dir='ltr'><strong>claritate,</strong></span> <span class='ocrx_word' id='word_1_850' title='bbox 2124 4165 2341 4221; x_wconf 90' lang='lat' dir='ltr'><strong>omissis</strong></span> <span class='ocrx_word' id='word_1_851' title='bbox 2371 4163 2724 4219; x_wconf 88' lang='lat' dir='ltr'><strong>intermediis.</strong></span> 
     </span>
    </p>
   </div>
   <div class='ocr_carea' id='block_1_107' title="bbox 1916 4235 2572 4309">
    <p class='ocr_par' dir='ltr' id='par_1_107' title="bbox 1916 4235 2572 4309">
     <span class='ocr_line' id='line_1_108' title="bbox 1916 4235 2572 4309; baseline -0.008 -17"><span class='ocrx_word' id='word_1_852' title='bbox 1916 4237 2001 4309; x_wconf 79' lang='grc'><strong>(5)</strong></span> <span class='ocrx_word' id='word_1_853' title='bbox 2030 4235 2230 4291; x_wconf 86' lang='lat' dir='ltr'><strong>Creatio</strong></span> <span class='ocrx_word' id='word_1_854' title='bbox 2259 4237 2330 4290; x_wconf 86' lang='lat' dir='ltr'><strong>ad</strong></span> <span class='ocrx_word' id='word_1_855' title='bbox 2356 4246 2572 4289; x_wconf 61' lang='lat' dir='ltr'><strong>naturae.</strong></span> 
     </span>
    </p>
   </div>
   <div class='ocr_carea' id='block_1_108' title="bbox 1841 4320 3436 4398">
    <p class='ocr_par' dir='ltr' id='par_1_108' title="bbox 1841 4320 3436 4398">
     <span class='ocr_line' id='line_1_109' title="bbox 1841 4320 3436 4398; baseline -0.003 -17"><span class='ocrx_word' id='word_1_856' title='bbox 1841 4327 1911 4383; x_wconf 88' lang='lat' dir='ltr'><strong>ab</strong></span> <span class='ocrx_word' id='word_1_857' title='bbox 1931 4341 2027 4398; x_wconf 86' lang='lat' dir='ltr'><strong>spe</strong></span> <span class='ocrx_word' id='word_1_858' title='bbox 2055 4327 2300 4398; x_wconf 85' lang='lat' dir='ltr'><strong>fidelibus</strong></span> <span class='ocrx_word' id='word_1_859' title='bbox 2324 4324 2585 4398; x_wconf 73' lang='lat' dir='ltr'><strong>promissa</strong></span> <span class='ocrx_word' id='word_1_860' title='bbox 2617 4323 2851 4398; x_wconf 84' lang='lat' dir='ltr'><strong>cadere,</strong></span> <span class='ocrx_word' id='word_1_861' title='bbox 2889 4321 2984 4398; x_wconf 83' lang='lat' dir='ltr'><strong>qui</strong></span> <span class='ocrx_word' id='word_1_862' title='bbox 3010 4321 3168 4398; x_wconf 69' lang='lat' dir='ltr'><strong>aliter</strong></span> <span class='ocrx_word' id='word_1_863' title='bbox 3191 4320 3436 4398; x_wconf 74' lang='lat' dir='ltr'><strong>credant.</strong></span> 
     </span>
    </p>
   </div>
   <div class='ocr_carea' id='block_1_109' title="bbox 1915 4391 3440 4468">
    <p class='ocr_par' dir='ltr' id='par_1_109' title="bbox 1915 4391 3440 4468">
     <span class='ocr_line' id='line_1_110' title="bbox 1915 4391 3440 4468; baseline -0.003 -16"><span class='ocrx_word' id='word_1_864' title='bbox 1915 4391 1992 4468; x_wconf 75' lang='grc' dir='ltr'><strong>(ε’)</strong></span> <span class='ocrx_word' id='word_1_865' title='bbox 2019 4397 2177 4454; x_wconf 90' lang='lat' dir='ltr'><strong>Solus</strong></span> <span class='ocrx_word' id='word_1_866' title='bbox 2193 4391 2364 4453; x_wconf 59' lang='lat' dir='ltr'><strong>code&#39;x</strong></span> <span class='ocrx_word' id='word_1_867' title='bbox 2387 4396 2506 4452; x_wconf 83' lang='lat' dir='ltr'><strong>Vat.</strong></span> <span class='ocrx_word' id='word_1_868' title='bbox 2534 4397 2649 4452; x_wconf 84' lang='lat' dir='ltr'><strong>bas.</strong></span> <span class='ocrx_word' id='word_1_869' title='bbox 2671 4396 2861 4450; x_wconf 83' lang='lat' dir='ltr'><strong>creatio</strong></span> <span class='ocrx_word' id='word_1_870' title='bbox 2876 4391 3095 4468; x_wconf 58' lang='lat' dir='ltr'><strong>naturis.</strong></span> <span class='ocrx_word' id='word_1_871' title='bbox 3120 4393 3177 4468; x_wconf 81' lang='lat' dir='ltr'><strong>In</strong></span> <span class='ocrx_word' id='word_1_872' title='bbox 3195 4391 3440 4464; x_wconf 84' lang='lat' dir='ltr'><strong>reliquis,</strong></span> 
     </span>
    </p>
   </div>
   <div class='ocr_carea' id='block_1_110' title="bbox 1841 4465 3439 4536">
    <p class='ocr_par' dir='ltr' id='par_1_110' title="bbox 1841 4465 3439 4536">
     <span class='ocr_line' id='line_1_111' title="bbox 1841 4465 3439 4536; baseline -0.002 -14"><span class='ocrx_word' id='word_1_873' title='bbox 1841 4465 2031 4524; x_wconf 80' lang='lat' dir='ltr'><strong>creatio</strong></span> <span class='ocrx_word' id='word_1_874' title='bbox 2071 4470 2140 4523; x_wconf 88' lang='lat' dir='ltr'><strong>ad</strong></span> <span class='ocrx_word' id='word_1_875' title='bbox 2169 4478 2404 4523; x_wconf 85' lang='lat' dir='ltr'><strong>naturam</strong></span> <span class='ocrx_word' id='word_1_876' title='bbox 2435 4468 2521 4525; x_wconf 86' lang='lat' dir='ltr'><strong>vel</strong></span> <span class='ocrx_word' id='word_1_877' title='bbox 2558 4483 2622 4524; x_wconf 76' lang='lat' dir='ltr'><strong>ex</strong></span> <span class='ocrx_word' id='word_1_878' title='bbox 2646 4476 2853 4522; x_wconf 85' lang='lat' dir='ltr'><strong>natura.</strong></span> <span class='ocrx_word' id='word_1_879' title='bbox 2887 4465 2945 4520; x_wconf 89' lang='lat' dir='ltr'><strong>in</strong></span> <span class='ocrx_word' id='word_1_880' title='bbox 2982 4465 3210 4536; x_wconf 84' lang='lat' dir='ltr'><strong>vulgatis</strong></span> <span class='ocrx_word' id='word_1_881' title='bbox 3235 4475 3439 4532; x_wconf 82' lang='lat' dir='ltr'><strong>autem,</strong></span> 
     </span>
    </p>
   </div>
   <div class='ocr_carea' id='block_1_111' title="bbox 1841 4542 2338 4596">
    <p class='ocr_par' dir='ltr' id='par_1_111' title="bbox 1841 4542 2338 4596">
     <span class='ocr_line' id='line_1_112' title="bbox 1841 4542 2338 4596; baseline -0.002 -2"><span class='ocrx_word' id='word_1_882' title='bbox 1841 4542 2030 4596; x_wconf 87' lang='lat' dir='ltr'><strong>creatio</strong></span> <span class='ocrx_word' id='word_1_883' title='bbox 2059 4550 2107 4595; x_wconf 90' lang='lat' dir='ltr'><strong>et</strong></span> <span class='ocrx_word' id='word_1_884' title='bbox 2133 4548 2338 4594; x_wconf 87' lang='lat' dir='ltr'><strong>natura.</strong></span> 
     </span>
    </p>
   </div>
   <div class='ocr_carea' id='block_1_112' title="bbox 1915 4603 3440 4685">
    <p class='ocr_par' dir='ltr' id='par_1_112' title="bbox 1915 4603 3440 4685">
     <span class='ocr_line' id='line_1_113' title="bbox 1915 4603 3440 4685; baseline -0.006 -17"><span class='ocrx_word' id='word_1_885' title='bbox 1915 4611 1992 4685; x_wconf 84' lang='lat' dir='ltr'><strong>(j)</strong></span> <span class='ocrx_word' id='word_1_886' title='bbox 2024 4611 2081 4667; x_wconf 84' lang='lat' dir='ltr'><strong>In</strong></span> <span class='ocrx_word' id='word_1_887' title='bbox 2108 4626 2215 4685; x_wconf 8' lang='lat' dir='ltr'><strong>gms.</strong></span> <span class='ocrx_word' id='word_1_888' title='bbox 2248 4611 2461 4685; x_wconf 82' lang='lat' dir='ltr'><strong>Martin.</strong></span> <span class='ocrx_word' id='word_1_889' title='bbox 2492 4626 2694 4685; x_wconf 72' lang='lat' dir='ltr'><strong>causa:</strong></span> <span class='ocrx_word' id='word_1_890' title='bbox 2722 4607 3002 4666; x_wconf 90' lang='lat' dir='ltr'><strong>mendose.</strong></span> <span class='ocrx_word' id='word_1_891' title='bbox 3050 4606 3109 4661; x_wconf 84' lang='lat' dir='ltr'><strong>Id</strong></span> <span class='ocrx_word' id='word_1_892' title='bbox 3151 4605 3295 4661; x_wconf 86' lang='lat' dir='ltr'><strong>enim</strong></span> <span class='ocrx_word' id='word_1_893' title='bbox 3334 4603 3440 4685; x_wconf 78' lang='lat' dir='ltr'><strong>sibi</strong></span> 
     </span>
    </p>
   </div>
   <div class='ocr_carea' id='block_1_113' title="bbox 1845 4678 3438 4751">
    <p class='ocr_par' dir='ltr' id='par_1_113' title="bbox 1845 4678 3438 4751">
     <span class='ocr_line' id='line_1_114' title="bbox 1845 4678 3438 4751; baseline -0.003 -16"><span class='ocrx_word' id='word_1_894' title='bbox 1845 4678 1982 4751; x_wconf 74' lang='lat' dir='ltr'><strong>vult,</strong></span> <span class='ocrx_word' id='word_1_895' title='bbox 2012 4683 2230 4739; x_wconf 83' lang='lat' dir='ltr'><strong>verbum</strong></span> <span class='ocrx_word' id='word_1_896' title='bbox 2257 4684 2401 4737; x_wconf 84' lang='lat' dir='ltr'><strong>nasci</strong></span> <span class='ocrx_word' id='word_1_897' title='bbox 2427 4683 2710 4738; x_wconf 86' lang='lat' dir='ltr'><strong>relativum</strong></span> <span class='ocrx_word' id='word_1_898' title='bbox 2751 4695 2891 4745; x_wconf 86' lang='lat' dir='ltr'><strong>esse,</strong></span> <span class='ocrx_word' id='word_1_899' title='bbox 2923 4693 3099 4751; x_wconf 84' lang='lat' dir='ltr'><strong>eoque</strong></span> <span class='ocrx_word' id='word_1_900' title='bbox 3126 4688 3330 4751; x_wconf 86' lang='lat' dir='ltr'><strong>patrem</strong></span> <span class='ocrx_word' id='word_1_901' title='bbox 3363 4678 3438 4730; x_wconf 91' lang='lat' dir='ltr'><strong>si-</strong></span> 
     </span>
    </p>
   </div>
   <div class='ocr_carea' id='block_1_114' title="bbox 1770 4741 3440 4826">
    <p class='ocr_par' dir='ltr' id='par_1_114' title="bbox 1770 4741 3440 4826">
     <span class='ocr_line' id='line_1_115' title="bbox 1770 4741 3440 4826; baseline -0.007 -15"><span class='ocrx_word' id='word_1_902' title='bbox 1770 4741 1827 4803; x_wconf 82' lang='grc' dir='ltr'><strong>Ῐ)</strong></span> <span class='ocrx_word' id='word_1_903' title='bbox 1850 4741 2107 4810; x_wconf 83' lang='grc' dir='ltr'>ηιυΙέιιιη</span> <span class='ocrx_word' id='word_1_904' title='bbox 2138 4754 2612 4826; x_wconf 16' lang='lat' dir='ltr'><strong>natogsignilicat-i.</strong></span> <span class='ocrx_word' id='word_1_905' title='bbox 2648 4741 3231 4826; x_wconf 42' lang='lat' dir='ltr'><strong>Yocabulumnquidem</strong></span> <span class='ocrx_word' id='word_1_906' title='bbox 3273 4759 3440 4801; x_wconf 65' lang='lat' dir='ltr'><strong>causa</strong></span> 
     </span>
    </p>
   </div>
   <div class='ocr_carea' id='block_1_115' title="bbox 1853 4819 3440 4897">
    <p class='ocr_par' dir='ltr' id='par_1_115' title="bbox 1853 4819 3440 4897">
     <span class='ocr_line' id='line_1_116' title="bbox 1853 4819 3440 4897; baseline -0.005 -17"><span class='ocrx_word' id='word_1_907' title='bbox 1853 4825 1920 4880; x_wconf 91' lang='lat' dir='ltr'><strong>ad</strong></span> <span class='ocrx_word' id='word_1_908' title='bbox 1961 4837 2214 4882; x_wconf 84' lang='lat' dir='ltr'><strong>aeternam</strong></span> <span class='ocrx_word' id='word_1_909' title='bbox 2256 4819 2377 4881; x_wconf 76' lang='lat' dir='ltr'><strong>Filii</strong></span> <span class='ocrx_word' id='word_1_910' title='bbox 2427 4825 2828 4897; x_wconf 87' lang='lat' dir='ltr'><strong>generationem</strong></span> <span class='ocrx_word' id='word_1_911' title='bbox 2878 4819 3246 4897; x_wconf 78' lang='lat' dir='ltr'><strong>explicandam</strong></span> <span class='ocrx_word' id='word_1_912' title='bbox 3284 4831 3440 4897; x_wconf 71' lang='lat' dir='ltr'><strong>nunc</strong></span> 
     </span>
    </p>
   </div>
   <div class='ocr_carea' id='block_1_116' title="bbox 1850 4891 3437 4967">
    <p class='ocr_par' dir='ltr' id='par_1_116' title="bbox 1850 4891 3437 4967">
     <span class='ocr_line' id='line_1_117' title="bbox 1850 4891 3437 4967; baseline -0.005 -16"><span class='ocrx_word' id='word_1_913' title='bbox 1850 4901 2059 4966; x_wconf 84' lang='lat' dir='ltr'><strong>reSpuit</strong></span> <span class='ocrx_word' id='word_1_914' title='bbox 2087 4897 2401 4967; x_wconf 85' lang='lat' dir='ltr'><strong>Thcologia,</strong></span> <span class='ocrx_word' id='word_1_915' title='bbox 2429 4891 2656 4967; x_wconf 63' lang='lat' dir='ltr'><strong>Ejusqne</strong></span> <span class='ocrx_word' id='word_1_916' title='bbox 2688 4892 3042 4967; x_wconf 78' lang='lat' dir='ltr'><strong>loco_ma\-&#39;u_lt</strong></span> <span class='ocrx_word' id='word_1_917' title='bbox 3073 4891 3385 4958; x_wconf 87' lang='lat' dir='ltr'><strong>principium</strong></span> <span class='ocrx_word' id='word_1_918' title='bbox 3401 4904 3437 4967; x_wconf 81' lang='lat'><strong>_:</strong></span> 
     </span>
    </p>
   </div>
   <div class='ocr_carea' id='block_1_117' title="bbox 1849 4961 3439 5041">
    <p class='ocr_par' dir='ltr' id='par_1_117' title="bbox 1849 4961 3439 5041">
     <span class='ocr_line' id='line_1_118' title="bbox 1849 4961 3439 5041; baseline -0.004 -19"><span class='ocrx_word' id='word_1_919' title='bbox 1849 4961 1958 5022; x_wconf 48' lang='lat' dir='ltr'><strong>sed&#39;</strong></span> <span class='ocrx_word' id='word_1_920' title='bbox 1985 4971 2113 5025; x_wconf 89' lang='lat' dir='ltr'><strong>illud</strong></span> <span class='ocrx_word' id='word_1_921' title='bbox 2157 4961 2325 5041; x_wconf 75' lang='lat' dir='ltr'><strong>probe</strong></span> <span class='ocrx_word' id='word_1_922' title='bbox 2366 4961 2630 5041; x_wconf 49' lang='lat' dir='ltr'><strong>intellegit</strong></span> <span class='ocrx_word' id='word_1_923' title='bbox 2661 4965 2894 5041; x_wconf 66' lang='lat' dir='ltr'><strong>Hilarius</strong></span> <span class='ocrx_word' id='word_1_924' title='bbox 2914 5006 2926 5024; x_wconf 90' lang='lat'><strong>.</strong></span> <span class='ocrx_word' id='word_1_925' title='bbox 2957 4963 3094 5016; x_wconf 88' lang='lat' dir='ltr'><strong>sicut</strong></span> <span class='ocrx_word' id='word_1_926' title='bbox 3124 4961 3439 5041; x_wconf 43' lang='lat' dir='ltr'><strong>et‘aurtoris</strong></span> 
     </span>
    </p>
   </div>
   <div class='ocr_carea' id='block_1_118' title="bbox 1846 5031 3435 5109">
    <p class='ocr_par' dir='ltr' id='par_1_118' title="bbox 1846 5031 3435 5109">
     <span class='ocr_line' id='line_1_119' title="bbox 1846 5031 3435 5109; baseline -0.004 -16"><span class='ocrx_word' id='word_1_927' title='bbox 1846 5055 2074 5106; x_wconf 84' lang='lat' dir='ltr'><strong>nomen,</strong></span> <span class='ocrx_word' id='word_1_928' title='bbox 2107 5031 2175 5094; x_wconf 84' lang='lat' dir='ltr'><strong>dé</strong></span> <span class='ocrx_word' id='word_1_929' title='bbox 2214 5053 2318 5104; x_wconf 81' lang='lat' dir='ltr'><strong>quo</strong></span> <span class='ocrx_word' id='word_1_930' title='bbox 2349 5039 2673 5109; x_wconf 74' lang='lat' dir='ltr'><strong>Augustinus</strong></span> <span class='ocrx_word' id='word_1_931' title='bbox 2703 5035 2793 5091; x_wconf 90' lang='lat' dir='ltr'><strong>lib.</strong></span> <span class='ocrx_word' id='word_1_932' title='bbox 2844 5051 2879 5089; x_wconf 86' lang='grc' dir='ltr'><strong>ιι</strong></span> <span class='ocrx_word' id='word_1_933' title='bbox 2925 5041 3111 5109; x_wconf 66' lang='lat' dir='ltr'><strong>contra</strong></span> <span class='ocrx_word' id='word_1_934' title='bbox 3161 5031 3435 5109; x_wconf 52' lang='lat' dir='ltr'><strong>Damalin.</strong></span> 
     </span>
    </p>
   </div>
   <div class='ocr_carea' id='block_1_119' title="bbox 1843 5102 3440 5182">
    <p class='ocr_par' dir='ltr' id='par_1_119' title="bbox 1843 5102 3440 5182">
     <span class='ocr_line' id='line_1_120' title="bbox 1843 5102 3440 5182; baseline -0.005 -18"><span class='ocrx_word' id='word_1_935' title='bbox 1843 5125 1892 5164; x_wconf 94' lang='lat' dir='ltr'><strong>c.</strong></span> <span class='ocrx_word' id='word_1_936' title='bbox 1927 5110 2014 5174; x_wconf 75' lang='grc'><strong>14,</strong></span> <span class='ocrx_word' id='word_1_937' title='bbox 2047 5102 2099 5165; x_wconf 75' lang='lat' dir='ltr'><strong>ti.</strong></span> <span class='ocrx_word' id='word_1_938' title='bbox 2127 5112 2160 5165; x_wconf 91' lang='lat'><strong>6</strong></span> <span class='ocrx_word' id='word_1_939' title='bbox 2189 5131 2202 5166; x_wconf 95' lang='lat'><strong>:</strong></span> <span class='ocrx_word' id='word_1_940' title='bbox 2234 5102 2298 5166; x_wconf 82' lang='lat' dir='ltr'><strong>Si</strong></span> <span class='ocrx_word' id='word_1_941' title='bbox 2325 5102 2590 5182; x_wconf 68' lang='lat' dir='ltr'><strong>propterea</strong></span> <span class='ocrx_word' id='word_1_942' title='bbox 2621 5107 2786 5182; x_wconf 85' lang='lat' dir='ltr'><strong>Deum</strong></span> <span class='ocrx_word' id='word_1_943' title='bbox 2817 5113 3010 5182; x_wconf 79' lang='lat' dir='ltr'><strong>patrem</strong></span> <span class='ocrx_word' id='word_1_944' title='bbox 3043 5104 3148 5157; x_wconf 79' lang='lat' dir='ltr'><strong>Deo</strong></span> <span class='ocrx_word' id='word_1_945' title='bbox 3177 5102 3284 5182; x_wconf 61' lang='lat' dir='ltr'><strong>tilio</strong></span> <span class='ocrx_word' id='word_1_946' title='bbox 3312 5104 3440 5182; x_wconf 80' lang='lat' dir='ltr'><strong>dicis</strong></span> 
     </span>
    </p>
   </div>
   <div class='ocr_carea' id='block_1_120' title="bbox 1842 5175 3440 5252">
    <p class='ocr_par' dir='ltr' id='par_1_120' title="bbox 1842 5175 3440 5252">
     <span class='ocr_line' id='line_1_121' title="bbox 1842 5175 3440 5252; baseline -0.003 -19"><span class='ocrx_word' id='word_1_947' title='bbox 1842 5193 2132 5246; x_wconf 79' lang='lat' dir='ltr'><strong>auctorem,</strong></span> <span class='ocrx_word' id='word_1_948' title='bbox 2162 5183 2284 5250; x_wconf 82' lang='lat' dir='ltr'><strong>quia</strong></span> <span class='ocrx_word' id='word_1_949' title='bbox 2307 5175 2394 5252; x_wconf 74' lang='lat' dir='ltr'><strong>ille</strong></span> <span class='ocrx_word' id='word_1_950' title='bbox 2413 5175 2605 5252; x_wconf 77' lang='lat' dir='ltr'><strong>genuit,</strong></span> <span class='ocrx_word' id='word_1_951' title='bbox 2634 5180 2830 5250; x_wconf 85' lang='lat' dir='ltr'><strong>genitus</strong></span> <span class='ocrx_word' id='word_1_952' title='bbox 2859 5188 2930 5231; x_wconf 88' lang='lat' dir='ltr'><strong>est</strong></span> <span class='ocrx_word' id='word_1_953' title='bbox 2953 5177 3092 5252; x_wconf 60' lang='lat' dir='ltr'><strong>iste;</strong></span> <span class='ocrx_word' id='word_1_954' title='bbox 3104 5175 3228 5252; x_wconf 77' lang='lat' dir='ltr'><strong>quia</strong></span> <span class='ocrx_word' id='word_1_955' title='bbox 3261 5175 3356 5228; x_wconf 83' lang='lat' dir='ltr'><strong>iste</strong></span> <span class='ocrx_word' id='word_1_956' title='bbox 3375 5175 3440 5228; x_wconf 80' lang='lat' dir='ltr'><strong>de</strong></span> 
     </span>
    </p>
   </div>
   <div class='ocr_carea' id='block_1_121' title="bbox 1839 5245 3436 5323">
    <p class='ocr_par' dir='ltr' id='par_1_121' title="bbox 1839 5245 3436 5323">
     <span class='ocr_line' id='line_1_122' title="bbox 1839 5245 3436 5323; baseline -0.004 -19"><span class='ocrx_word' id='word_1_957' title='bbox 1839 5253 1950 5315; x_wconf 86' lang='lat' dir='ltr'><strong>illo,</strong></span> <span class='ocrx_word' id='word_1_958' title='bbox 1991 5269 2090 5306; x_wconf 88' lang='lat' dir='ltr'><strong>non</strong></span> <span class='ocrx_word' id='word_1_959' title='bbox 2123 5245 2209 5306; x_wconf 80' lang='lat' dir='ltr'><strong>ille</strong></span> <span class='ocrx_word' id='word_1_960' title='bbox 2237 5252 2300 5304; x_wconf 89' lang='lat' dir='ltr'><strong>de</strong></span> <span class='ocrx_word' id='word_1_961' title='bbox 2324 5245 2434 5304; x_wconf 61' lang='lat' dir='ltr'><strong>isto&#39;</strong></span> <span class='ocrx_word' id='word_1_962' title='bbox 2453 5265 2472 5306; x_wconf 91' lang='lat'><strong><em>:</em></strong></span> <span class='ocrx_word' id='word_1_963' title='bbox 2499 5245 2662 5323; x_wconf 70' lang='lat' dir='ltr'><strong>fateor</strong></span> <span class='ocrx_word' id='word_1_964' title='bbox 2699 5257 2744 5302; x_wconf 87' lang='lat' dir='ltr'><strong>et</strong></span> <span class='ocrx_word' id='word_1_965' title='bbox 2773 5248 3014 5323; x_wconf 54' lang='lat' dir='ltr'><strong>concedo.</strong></span> <span class='ocrx_word' id='word_1_966' title='bbox 3052 5245 3114 5302; x_wconf 90' lang='lat' dir='ltr'><strong>Si</strong></span> <span class='ocrx_word' id='word_1_967' title='bbox 3152 5251 3320 5323; x_wconf 76' lang='lat' dir='ltr'><strong>autem</strong></span> <span class='ocrx_word' id='word_1_968' title='bbox 3345 5260 3436 5318; x_wconf 82' lang='lat' dir='ltr'><strong>per</strong></span> 
     </span>
    </p>
   </div>
   <div class='ocr_carea' id='block_1_122' title="bbox 1834 5316 3441 5392">
    <p class='ocr_par' dir='ltr' id='par_1_122' title="bbox 1834 5316 3441 5392">
     <span class='ocr_line' id='line_1_123' title="bbox 1834 5316 3441 5392; baseline -0.003 -16"><span class='ocrx_word' id='word_1_969' title='bbox 1834 5339 2016 5376; x_wconf 86' lang='lat' dir='ltr'><strong>nomen</strong></span> <span class='ocrx_word' id='word_1_970' title='bbox 2046 5323 2269 5376; x_wconf 78' lang='lat' dir='ltr'><strong>auctoris</strong></span> <span class='ocrx_word' id='word_1_971' title='bbox 2299 5316 2546 5376; x_wconf 81' lang='lat' dir='ltr'><strong>minorem</strong></span> <span class='ocrx_word' id='word_1_972' title='bbox 2567 5322 2640 5376; x_wconf 85' lang='lat' dir='ltr'><strong>vis</strong></span> <span class='ocrx_word' id='word_1_973' title='bbox 2666 5324 2834 5392; x_wconf 84' lang='lat' dir='ltr'><strong>facere</strong></span> <span class='ocrx_word' id='word_1_974' title='bbox 2864 5317 3082 5385; x_wconf 87' lang='lat' dir='ltr'><strong>Filium,</strong></span> <span class='ocrx_word' id='word_1_975' title='bbox 3113 5327 3242 5382; x_wconf 88' lang='lat' dir='ltr'><strong>etc.,</strong></span> <span class='ocrx_word' id='word_1_976' title='bbox 3275 5316 3441 5371; x_wconf 79' lang='lat' dir='ltr'><strong>deles-</strong></span> 
     </span>
    </p>
   </div>
   <div class='ocr_carea' id='block_1_123' title="bbox 1837 5393 2338 5461">
    <p class='ocr_par' dir='ltr' id='par_1_123' title="bbox 1837 5393 2338 5461">
     <span class='ocr_line' id='line_1_124' title="bbox 1837 5393 2338 5461; baseline -0.01 -13"><span class='ocrx_word' id='word_1_977' title='bbox 1837 5393 1982 5448; x_wconf 78' lang='lat' dir='ltr'><strong>tabor</strong></span> <span class='ocrx_word' id='word_1_978' title='bbox 2011 5404 2057 5447; x_wconf 91' lang='lat' dir='ltr'><strong>et</strong></span> <span class='ocrx_word' id='word_1_979' title='bbox 2083 5408 2338 5461; x_wconf 83' lang='lat' dir='ltr'><strong>respuam.</strong></span> 
     </span>
    </p>
   </div>
   <div class='ocr_carea' id='block_1_124' title="bbox 1911 5457 3436 5537">
    <p class='ocr_par' dir='ltr' id='par_1_124' title="bbox 1911 5457 3436 5537">
     <span class='ocr_line' id='line_1_125' title="bbox 1911 5457 3436 5537; baseline -0.005 -17"><span class='ocrx_word' id='word_1_980' title='bbox 1911 5465 1985 5537; x_wconf 81' lang='lat' dir='ltr'><strong>(lt)</strong></span> <span class='ocrx_word' id='word_1_981' title='bbox 2013 5464 2147 5520; x_wconf 81' lang='lat' dir='ltr'><strong>Hinc</strong></span> <span class='ocrx_word' id='word_1_982' title='bbox 2167 5457 2366 5537; x_wconf 71' lang='lat' dir='ltr'><strong>nititur</strong></span> <span class='ocrx_word' id='word_1_983' title='bbox 2402 5462 2623 5537; x_wconf 75' lang='lat' dir='ltr'><strong>quodin</strong></span> <span class='ocrx_word' id='word_1_984' title='bbox 2655 5461 2750 5518; x_wconf 88' lang='lat' dir='ltr'><strong>lib.</strong></span> <span class='ocrx_word' id='word_1_985' title='bbox 2778 5478 2836 5537; x_wconf 70' lang='grc' dir='ltr'><strong>ι,</strong></span> <span class='ocrx_word' id='word_1_986' title='bbox 2866 5478 2922 5516; x_wconf 89' lang='lat' dir='ltr'><strong>n.</strong></span> <span class='ocrx_word' id='word_1_987' title='bbox 2949 5460 3050 5537; x_wconf 59' lang='grc' dir='ltr'><strong>δῖ),</strong></span> <span class='ocrx_word' id='word_1_988' title='bbox 3091 5458 3241 5537; x_wconf 65' lang='lat' dir='ltr'><strong>juxta</strong></span> <span class='ocrx_word' id='word_1_989' title='bbox 3272 5457 3436 5514; x_wconf 83' lang='lat' dir='ltr'><strong>Eras-</strong></span> 
     </span>
    </p>
   </div>
   <div class='ocr_carea' id='block_1_125' title="bbox 1845 5529 3436 5604">
    <p class='ocr_par' dir='ltr' id='par_1_125' title="bbox 1845 5529 3436 5604">
     <span class='ocr_line' id='line_1_126' title="bbox 1845 5529 3436 5604; baseline -0.003 -14"><span class='ocrx_word' id='word_1_990' title='bbox 1845 5529 1992 5590; x_wconf 65' lang='lat' dir='ltr'><strong>mam</strong></span> <span class='ocrx_word' id='word_1_991' title='bbox 2037 5535 2314 5591; x_wconf 81' lang='lat' dir='ltr'><strong>annotavit</strong></span> <span class='ocrx_word' id='word_1_992' title='bbox 2339 5529 2474 5591; x_wconf 77' lang='lat' dir='ltr'><strong>Lud.</strong></span> <span class='ocrx_word' id='word_1_993' title='bbox 2515 5534 2756 5599; x_wconf 64' lang='lat' dir='ltr'><strong>Miratus,</strong></span> <span class='ocrx_word' id='word_1_994' title='bbox 2784 5532 3113 5604; x_wconf 77' lang='lat' dir='ltr'><strong>disproficere</strong></span> <span class='ocrx_word' id='word_1_995' title='bbox 3140 5529 3283 5604; x_wconf 86' lang='lat' dir='ltr'><strong>idem</strong></span> <span class='ocrx_word' id='word_1_996' title='bbox 3312 5541 3436 5586; x_wconf 84' lang='lat' dir='ltr'><strong>esse</strong></span> 
     </span>
    </p>
   </div>
   <div class='ocr_carea' id='block_1_126' title="bbox 1847 5603 3439 5679">
    <p class='ocr_par' dir='ltr' id='par_1_126' title="bbox 1847 5603 3439 5679">
     <span class='ocr_line' id='line_1_127' title="bbox 1847 5603 3439 5679; baseline -0.004 -19"><span class='ocrx_word' id='word_1_997' title='bbox 1847 5605 2074 5670; x_wconf 79' lang='lat' dir='ltr'><strong>Hilario,</strong></span> <span class='ocrx_word' id='word_1_998' title='bbox 2104 5607 2241 5679; x_wconf 77' lang='lat' dir='ltr'><strong>quod</strong></span> <span class='ocrx_word' id='word_1_999' title='bbox 2271 5606 2593 5679; x_wconf 63' lang='lat' dir='ltr'><strong>degenerare.</strong></span> <span class='ocrx_word' id='word_1_1000' title='bbox 2625 5604 2732 5679; x_wconf 90' lang='lat' dir='ltr'><strong>S_ed</strong></span> <span class='ocrx_word' id='word_1_1001' title='bbox 2765 5605 2808 5659; x_wconf 90' lang='lat' dir='ltr'><strong>si</strong></span> <span class='ocrx_word' id='word_1_1002' title='bbox 2837 5604 3144 5679; x_wconf 75' lang='lat' dir='ltr'><strong>adiunctum</strong></span> <span class='ocrx_word' id='word_1_1003' title='bbox 3172 5603 3225 5655; x_wconf 87' lang='lat' dir='ltr'><strong>in</strong></span> <span class='ocrx_word' id='word_1_1004' title='bbox 3254 5616 3439 5679; x_wconf 70' lang='lat' dir='ltr'><strong>genere</strong></span> 
     </span>
    </p>
   </div>
   <div class='ocr_carea' id='block_1_127' title="bbox 1845 5672 3434 5746">
    <p class='ocr_par' dir='ltr' id='par_1_127' title="bbox 1845 5672 3434 5746">
     <span class='ocr_line' id='line_1_128' title="bbox 1845 5672 3434 5746; baseline -0.004 -14"><span class='ocrx_word' id='word_1_1005' title='bbox 1845 5672 2158 5745; x_wconf 78' lang='lat' dir='ltr'><strong>sustuleris,</strong></span> <span class='ocrx_word' id='word_1_1006' title='bbox 2193 5677 2245 5733; x_wconf 92' lang='lat' dir='ltr'><strong>id</strong></span> <span class='ocrx_word' id='word_1_1007' title='bbox 2277 5672 2407 5732; x_wconf 74' lang='lat' dir='ltr'><strong>sane</strong></span> <span class='ocrx_word' id='word_1_1008' title='bbox 2435 5692 2529 5746; x_wconf 75' lang='lat' dir='ltr'><strong>per</strong></span> <span class='ocrx_word' id='word_1_1009' title='bbox 2559 5691 2617 5731; x_wconf 91' lang='lat' dir='ltr'><strong>se</strong></span> <span class='ocrx_word' id='word_1_1010' title='bbox 2648 5676 2751 5730; x_wconf 84' lang='lat' dir='ltr'><strong>hoc</strong></span> <span class='ocrx_word' id='word_1_1011' title='bbox 2777 5672 3017 5746; x_wconf 62' lang='lat' dir='ltr'><strong>verbum</strong></span> <span class='ocrx_word' id='word_1_1012' title='bbox 3060 5690 3167 5729; x_wconf 90' lang='lat' dir='ltr'><strong>non</strong></span> <span class='ocrx_word' id='word_1_1013' title='bbox 3199 5672 3434 5746; x_wconf 79' lang='lat' dir='ltr'><strong>sonabit.</strong></span> 
     </span>
    </p>
   </div>
   <div class='ocr_carea' id='block_1_128' title="bbox 1920 5745 3440 5822">
    <p class='ocr_par' dir='ltr' id='par_1_128' title="bbox 1920 5745 3440 5822">
     <span class='ocr_line' id='line_1_129' title="bbox 1920 5745 3440 5822; baseline -0.006 -18"><span class='ocrx_word' id='word_1_1014' title='bbox 1920 5749 1984 5822; x_wconf 85' lang='lat' dir='ltr'><strong>(l)</strong></span> <span class='ocrx_word' id='word_1_1015' title='bbox 2019 5749 2291 5822; x_wconf 76' lang='lat' dir='ltr'><strong>Vat._l)as.</strong></span> <span class='ocrx_word' id='word_1_1016' title='bbox 2315 5745 2725 5822; x_wconf 10' lang='lat' dir='ltr'><strong>rms._natiuitate</strong></span> <span class='ocrx_word' id='word_1_1017' title='bbox 2744 5745 2892 5822; x_wconf 65' lang='lat' dir='ltr'><strong>Deus</strong></span> <span class='ocrx_word' id='word_1_1018' title='bbox 2915 5755 2988 5802; x_wconf 82' lang='lat' dir='ltr'><strong>est</strong></span> <span class='ocrx_word' id='word_1_1019' title='bbox 3011 5755 3056 5822; x_wconf 76' lang='lat' dir='ltr'><strong>et</strong></span> <span class='ocrx_word' id='word_1_1020' title='bbox 3085 5753 3268 5822; x_wconf 80' lang='lat' dir='ltr'><strong>natura</strong></span> <span class='ocrx_word' id='word_1_1021' title='bbox 3297 5745 3440 5814; x_wconf 84' lang='lat' dir='ltr'><strong>pari-</strong></span> 
     </span>
    </p>
   </div>
   <div class='ocr_carea' id='block_1_129' title="bbox 1849 5815 3432 5893">
    <p class='ocr_par' dir='ltr' id='par_1_129' title="bbox 1849 5815 3432 5893">
     <span class='ocr_line' id='line_1_130' title="bbox 1849 5815 3432 5893; baseline -0.006 -17"><span class='ocrx_word' id='word_1_1022' title='bbox 1849 5815 1942 5890; x_wconf 73' lang='lat' dir='ltr'><strong>ter,</strong></span> <span class='ocrx_word' id='word_1_1023' title='bbox 1967 5815 2089 5893; x_wconf 82' lang='lat' dir='ltr'><strong>quia</strong></span> <span class='ocrx_word' id='word_1_1024' title='bbox 2130 5817 2321 5876; x_wconf 85' lang='lat' dir='ltr'><strong>Christi</strong></span> <span class='ocrx_word' id='word_1_1025' title='bbox 2359 5819 2597 5876; x_wconf 85' lang='lat' dir='ltr'><strong>natiuitas</strong></span> <span class='ocrx_word' id='word_1_1026' title='bbox 2631 5834 2695 5876; x_wconf 81' lang='lat' dir='ltr'><strong>ea:</strong></span> <span class='ocrx_word' id='word_1_1027' title='bbox 2732 5817 2842 5875; x_wconf 85' lang='lat' dir='ltr'><strong>Deo</strong></span> <span class='ocrx_word' id='word_1_1028' title='bbox 2877 5827 2949 5876; x_wconf 85' lang='lat' dir='ltr'><strong>est</strong></span> <span class='ocrx_word' id='word_1_1029' title='bbox 2979 5833 2996 5874; x_wconf 91' lang='lat'><strong>:</strong></span> <span class='ocrx_word' id='word_1_1030' title='bbox 3040 5815 3432 5888; x_wconf 84' lang='lat' dir='ltr'><strong>imprudentem</strong></span> 
     </span>
    </p>
   </div>
  </div>
