3930 6194
472 292 581 347 407

1703 283 1947 341 SANCTI
1987 284 2241 341 ιιιι.Αιιιι
2289 283 2590 343 EPISCOPI

3650 288 3742 346 408

478 405 626 462 Deus
667 417 751 463 est
775 415 830 463 et
873 415 1078 462 naturae
1110 414 1263 475 pater
1291 422 1301 457 :
1335 404 1456 475 quia
1486 403 1584 458 Dei
1616 404 1872 459 nativitas
1919 413 1972 458 et
2002 418 2070 458 ex
2105 411 2152 468 Α
2182 413 2418 475 paterna.-
2445 403 2850 475 omnipotentin
2886 404 2936 458 in
2968 418 3027 460 se
3053 403 3379 460 subsistente
3409 410 3613 458 natura.
3634 402 3744 459 llzec

472 495 591 554 Deo
609 508 710 564 est,
744 507 800 554 et
824 499 877 553 in
905 511 966 552 ea
997 503 1081 550 est
1109 495 1327 566 generis
1360 503 1553 550 natura
1574 510 1677 566 qua
1708 494 1849 550 Deus
1872 505 1974 551 est.

552 593 645 648 12.
687 590 919 647 Christus
963 588 1112 643 verba
1154 591 1228 644 ita
1275 591 1592 658 temperavit.
1647 600 1700 643 ttt
1745 601 1792 644 et
1821 599 1998 644 uatum
2027 609 2079 643 se

479 685 719 756 proderet
741 692 787 736 et
814 681 1000 738 Deum.
1035 711 1104 721 —-
1137 681 1308 751 Hujus
1340 682 1500 753 igitur
1531 683 1631 752 pi:e
1653 698 1714 737 ac
1733 682 1928 737 debila:
1958 699 2080 754 pro-

479 776 732 833 fessionis
760 775 976 829 modum
1027 776 1098 829 ita
1151 775 1205 829 in
1237 776 1513 839 omnibus,
1566 791 1685 846 quae
1733 776 1944 831 locutus
1973 786 2076 843 est,

479 869 740 926 Dominus
775 870 1112 938 temperavit,
1147 885 1215 924 ne
1251 869 1516 924 divinitati
1559 884 1668 923 suae
1698 871 2079 926 eruitumeliam

479 963 752 1020 confessio
780 963 1075 1018 nativitatis
1114 960 1352 1028 alierret,
1383 978 1450 1017 ne
1498 963 1739 1034 obsequii
1775 965 1962 1032 religio
1992 980 2085 1018 na-

478 1066 656 1113 turam
687 1057 984 1126 majestatis
1032 1056 1365 1112 offenderet:
1397 1056 1491 1112 sed
1535 1066 1590 1109 ut
1619 1066 1672 1111 et
1705 1056 1960 1110 honorem
1992 1057 2087 1112 de-

481 1152 652 1207 bitum
681 1151 760 1223 (l)
789 1151 1043 1206 uativitas
1084 1154 1446 1221 profiteretur,
1491 1167 1610 1220 qu-u
1659 1148 1734 1222 (η)
1786 1151 2086 1206 subsistere

481 1259 544 1299 se
571 1243 793 1299 deberet
821 1245 1070 1308 auctori;
1120 1252 1175 1297 et
1205 1253 1408 1297 natura:
1453 1243 1839 1297 conscientiam
1891 1243 2086 1299 fiducia

484 1339 747 1394 naturalis
774 1338 1103 1403 ostenderet,
1136 1354 1255 1408 qua)
1282 1339 1335 1392 in
1377 1338 1545 1392 Deum
1575 1337 1848 1392 nascendo
1879 1337 2086 1391 subsis-

486 1441 650 1488 teret.
682 1432 818 1487 Hinc
848 1433 989 1487 enim
1023 1432 1154 1486 illud
1183 1441 1288 1499 est,
1327 1433 1429 1500 Qui
1461 1450 1538 1487 me
1566 1433 1712 1497 vidit,
1747 1434 1868 1487 vidit
1891 1446 1938 1488 et
1976 1433 2088 1487 Pa-

489 1535 617 1580 trem
643 1543 656 1578 :
685 1524 780 1580 sed
826 1534 878 1578 et
924 1525 1074 1586 illud,
1140 1524 1304 1580 Verba
1333 1541 1448 1595 qua:
1477 1527 1678 1596 loquor,
1712 1543 1810 1579 nou
1843 1544 1874 1579 (ι
1906 1544 1985 1580 me
2014 1526 2090 1581 lo-

489 1633 620 1688 quor
665 1615 859 1687 (Joan.
885 1632 996 1680 le,
1023 1616 1079 1682 9,
1112 1616 1223 1684 10).
1251 1617 1380 1672 Nam
1405 1617 1531 1671 dum
1567 1633 1670 1672 non
1701 1634 1728 1671 a
1753 1633 1809 1672 se
1834 1618 2092 1689 loquitur,

490 1711 698 1763 auctori
729 1724 849 1763 eum
881 1723 1105 1764 necesse
1137 1718 1220 1763 est
1259 1708 1460 1764 debere
1491 1710 1631 1777 quod
1663 1710 1898 1780 loquitur
1927 1728 1939 1764 :
1971 1726 2090 1764 cum

2183 500 2364 569 itaque
2390 498 2684 555 secundmn
2731 499 2952 570 spiritus
2998 499 3287 565 unitatem,
3337 508 3392 553 et
3424 505 3620 552 natura:
3645 513 3747 568 qua:

2183 595 2476 648 secundum
2509 594 2577 664 (e)
2615 595 2949 648 nativitatem
2995 602 3076 648 cst
3125 593 3506 663 prOprietatem
3529 633 3545 656 ,
3577 592 3642 645 ita
3667 591 3748 646 de-

2185 697 2481 742 monstrata
2531 698 2676 751 sunt,
2711 701 2765 742 ut
2812 699 2866 744 ct
2900 687 3148 742 nativitas
3174 687 3339 742 Deum
3381 685 3752 741 substitutionis

2185 796 2297 835 sme
2325 781 2694 847 confiteretur,
2725 792 2777 835 et
2818 782 3127 835 substitutio
3158 791 3360 834 naturae
3391 778 3750 833 conscientiam

2187 890 2292 929 non
2326 884 2523 929 taceret
2550 892 2568 929 :
2598 876 2854 944 prolitcns
2883 875 2982 928 sibi
3017 883 3221 944 patrem
3270 874 3434 926 Detun
3470 872 3604 925 Dcu’s
3632 871 3758 926 filius

2185 967 2310 1021 dum
2341 983 2405 1021 cx
2435 983 2500 1021 eo
2533 969 2801 1032 nascitur;
2835 965 3194 1021 creterum'ad
3226 964 3276 1019 id
3309 963 3450 1035 quod
3482 972 3633 1017 natus
3652 971 3751 1030 est,

2189 1069 2358 1114 totum
2389 1060 2591 1115 habens
2621 1061 2860 1115 naturale
2883 1061 3022 1122 quod
3049 1060 3192 1114 Deus
3218 1068 3318 1112 est.

2265 1153 2351 1206 i5.
2398 1152 2558 1216 Quem
2580 1165 2775 1225 patrem
2817 1151 3030 1205 habebat
3061 1151 3178 1221 quia
3211 1160 3384 1214 natus,
3433 1148 3579 1218 coepit
3601 1146 3762 1204 habere

2191 1243 2472 1298 Dominum
2521 1261 2633 1297 cum
2676 1247 2842 1314 factus
2873 1255 2944 1298 est
2975 1259 3164 1297 servus.
3198 1272 3266 1282 —
3298 1239 3635 1310 Dispensatio
3677 1241 3764 1294 ita.

2192 1351 2296 1407 que
2327 1337 2500 1407 magni
2534 1345 2588 1391 et
2616 1336 2685 1406 pii
2717 1335 3066 1401 sacramenti,
3114 1332 3414 1387 nativitatis
3458 1331 3646 1386 divina:
3682 1329 3767 1383 Pa-

2193 1439 2354 1492 trem,
2410 1430 2631 1498 insuper
2661 1430 2821 1483 etiam
2872 1427 3200 1483 conditionis
3242 1432 3536 1494 assumplzc
3578 1423 3652 1491 ('6)
3678 1422 3767 1474 Do-

2195 1525 2399 1578 minum
2427 1524 2552 1578 fecit
2577 1522 2674 1596 (f):
2705 1523 2830 1576 dum
2860 1523 2948 1592 qui
2983 1522 3034 1576 in
3061 1520 3230 1575 forma
3266 1519 3360 1573 Dei
3385 1525 3522 1580 erat,
3551 1525 3767 1585 repertus

2195 1625 2276 1671 est
2308 1616 2360 1670 in
2391 1615 2560 1669 forma
2588 1615 2753 1670 servi.
2789 1614 2989 1671 Servus
3017 1613 3160 1667 enim
3187 1625 3294 1664 non
3325 1619 3467 1675 erat,
3501 1623 3616 1663 cum
3645 1615 3771 1661 esset

2197 1707 2489 1763 secundum
2522 1708 2767 1777 spiritum
2821 1707 2897 1775 (4)
2931 1703 3006 1776 (g)
3035 1705 3176 1760 Deus
3204 1703 3299 1757 Dei
3333 1703 3495 1756 filius.
3521 1699 3584 1754 Et
3605 1713 3773 1754 secun-

486 1810 671 1857 aulem
699 1817 758 1857 se
791 1803 906 1856 viso
931 1801 1092 1857 Pater
1121 1802 1351 1864 videtur.
1375 1804 1538 1876 382
1571 1815 1777 1858 naturae
1809 1805 2089 1861 conscien-
2126 1799 2173 1858 B
2199 1801 2323 1856 dum
2353 1815 2640 1855 commune
2680 1799 2964 1868 judicium,
2997 1796 3085 1851 ubi
3138 1795 3300 1867 383
3345 1809 3454 1848 non
3484 1801 3566 1846 est
3584 1805 3770 1856 servus,

490 1893 567 1948 tia
595 1904 702 1958 est,
741 1893 813 1966 (b)
845 1909 965 1964 qua:
1007 1893 1072 1948 ad
1095 1894 1613 1949 demonstrationem
1649 1897 1701 1951 in
1731 1911 1790 1950 se
1821 1896 1938 1962 Dei,
1989 1912 2094 1951 non

489 1987 663 2043 aliena
691 2004 719 2043 a
750 1988 864 2044 Deo
897 1989 947 2042 in
976 1990 1146 2044 Deum
1177 2000 1302 2045 nata
1331 1991 1651 2046 substiterit.
1678 1989 1776 2047 Vel
1805 1993 1956 2058 illud,
1993 1993 2096 2047 Pa-

492 2087 570 2134 ter
595 2081 734 2152 quod
762 2079 840 2153 (‘2)
878 2080 950 2154 (ε)
979 2081 1118 2135 dedit
1143 2083 1289 2149 mibi,
1316 2087 1486 2156 majus
1514 2095 1587 2138 est
1642 2085 1875 2140 omnibus
1912 2085 2095 2158 (Joau.

493 2187 551 2239 κ,
581 2171 710 2243 29);
740 2181 794 2228 et
822 2175 1062 2239 rursum,
1093 2171 1202 2245 Ego
1229 2185 1275 2229 et
1331 2175 1492 2230 Pater
1533 2194 1690 2231 unum
1742 2196 1917 2233 suntus
1967 2179 2016 2251 (1
2026 2182 2101 2235 bi-

495 2263 634 2332 dem,
665 2264 779 2335 50).
813 2264 948 2320 Nam
971 2275 1025 2320 et
1064 2266 1211 2321 datio
1265 2279 1486 2337 paterna
1531 2280 1762 2342 sumpta:
1807 2272 2101 2327 nativitatis

494 2356 766 2427 professio
793 2366 876 2412 est
907 2375 918 2410 :
949 2367 1004 2412 et
1041 2358 1183 2428 quod
1216 2376 1380 2414 unum
1407 2370 1554 2428 sunt,
1589 2363 1893 2432 prOprietas
1917 2380 1980 2417 ex
2007 2381 2103 2418 na-

495 2447 706 2503 tivitate
730 2456 936 2504 natura:
966 2459 1072 2505 est.
1107 2449 1208 2506 Vel
1239 2451 1390 2516 illud,
1427 2451 1536 2508 Sed
1555 2453 1815 2524 judicium
1838 2472 1986 2510 omne
2011 2457 2102 2510 de-

499 2539 576 2594 dit
596 2537 760 2607 Filio,
791 2550 846 2594 ut
872 2557 1046 2596 omnes
1075 2543 1415 2614 Itonoriﬁceut
1445 2544 1661 2610 Filium,
1693 2546 1825 2601 sicut
1852 2549 2103 2619 honori/i-

498 2640 620 2686 caut
667 2629 879 2686 Patrem
915 2631 1098 2702 (Ioan.
1133 2651 1187 2699 v,
1217 2633 1288 2688 2‘2
1312 2645 1358 2690 et
1382 2635 1497 2708 25).
1526 2636 1658 2692 Nam
1684 2637 1809 2692 dtttn
1841 2638 2102 2709 judicium

497 2721 683 2788 datur,
712 2722 964 2779 nativitas
992 2725 1074 2793 (d)
1102 2741 1208 2780 non
1238 2734 1446 2781 tacetur
1475 2743 1488 2779 :
1524 2729 1650 2782 dum
1698 2745 1825 2784 vero
1849 2745 2104 2801 exmqua-

500 2824 591 2871 tur
620 2817 814 2883 honor,
847 2829 1034 2872 natura
1057 2818 1342 2874 retinetur.
1383 2819 1474 2874 Vel
1507 2820 1660 2887 illud,
1701 2821 1812 2892 Ego
1841 2823 1894 2875 in
1925 2822 2102 2888 Patre,

501 2918 552 2964 et
581 2907 741 2964 Pater
760 2912 813 2965 in
836 2929 915 2968 me
939 2929 957 2976 ;
981 2922 1034 2967 et
1067 2928 1303 2977 rursum,
1331 2913 1489 2968 Pater
1509 2917 1680 2987 major
1703 2932 1779 2970 me
1800 2925 1874 2970 est
1915 2915 2102 2990 (Joau.

503 3017 615 3071 xxv,
645 3004 708 3059 ll
739 3015 788 3060 et
808 3003 925 3076 28).
957 3003 1012 3059 In
1050 3019 1116 3060 eo
1143 3006 1305 3068 enim,
1334 3006 1476 3076 quod
1507 3006 1559 3061 in
1591 3022 1710 3064 sese
1741 3019 1886 3071 sunt.
1920 3012 2008 3066 Dei
2041 3027 2104 3066 ex

503 3096 622 3154 Deo
651 3097 985 3154 divinitatem
1032 3113 1340 3168 cognosce:
1369 3099 1424 3154 iu
1477 3116 1542 3156 eo
1570 3117 1724 3167 vero,
1755 3103 1898 3173 quod
1947 3104 2107 3160 Pater

2205 1911 2379 1965 neque
2402 1894 2654 1949 dominus
2684 1900 2786 1946 est.
2824 1893 2962 1945 Deus
2993 1889 3208 1959 quidem
3239 1899 3293 1942 et
3330 1897 3483 1957 pater
3509 1883 3775 1939 nativitatis

2203 1999 2282 2042 εει
2317 1986 2572 2058 unigeniti
2607 1985 2701 2040 Dei
2735 2004 2746 2039 :
2780 1983 2874 2039 sed
2916 1983 2981 2036 ad
3030 1983 3102 2047 id,
3135 1981 3278 2051 quod
3320 1994 3512 2035 servus
3553 1989 3649 2040 cst,
3681 1992 3774 2030 nnn

2203 2098 2488 2154 possumus
2512 2079 2590 2154 (It)
2618 2080 2828 2135 nonnisi
2854 2089 2979 2133 tunc
3001 2077 3050 2132 ei
3076 2076 3354 2131 dominum
3378 2075 3652 2145 deputare,
3672 2086 3777 2125 cum

2204 2191 2392 2232 servus
2419 2183 2538 2231 est:
2569 2175 2693 2246 quia
2726 2173 2771 2228 si
2802 2188 2922 2228 cum
2971 2181 3096 2226 ante
3125 2185 3224 2240 per
3254 2180 3501 2224 naturam
3535 2181 3633 2220 non
3679 2173 3777 2218 erat

2205 2282 2414 2333 servus,
2447 2276 2501 2322 et
2548 2276 2733 2337 postea
2765 2263 3061 2320 secundum
3094 2269 3336 2316 naturam
3371 2274 3496 2314 esse
3524 2257 3658 2328 quod
3685 2271 3776 2310 non

2205 2373 2322 2419 erat
2363 2363 2562 2434 coepit;
2611 2376 2716 2416 non
2763 2360 2866 2415 alia
2915 2359 3224 2415 dominatus
3263 2370 3426 2411 causa
3460 2350 3778 2422 intelligentia

2207 2465 2307 2520 εει,
2341 2469 2502 2525 quam
2534 2468 2653 2522 quae
2700 2450 2906 2507 exstitit
2957 2449 3272 2512 servitutis;
3329 2456 3461 2501 tunc
3492 2444 3685 2500 habens
3725 2458 3780 2498 ex

2209 2555 2414 2601 naturae
2440 2543 2844 2614 dispensatione
2872 2542 3168 2606 dominum,
3205 2555 3328 2595 cum
3356 2537 3586 2610 praebuit
3609 2551 3669 2593 ex
3693 2536 3776 2591 h0-

2209 2640 2368 2693 miuis
2395 2636 2760 2706 assumptione
2781 2650 2840 2691 se
2865 2649 3103 2690 servum.

2213 2744 2220 2748 ‘
2282 2733 2368 2788 14.
2413 2731 2478 2787 lu
2533 2735 2698 2802 forma
2743 2731 2874 2785 servi
2913 2729 3065 2796 dixit,
3112 2728 3421 2794 Ansceuno,
3468 2737 3562 2782 etc.
3595 2725 3783 2780 —Ma-

2212 2841 2346 2881 nens
2373 2826 2532 2896 igitur
2556 2825 2608 2880 in
2639 2826 2808 2879 forma
2853 2825 3017 2889 servi,
3046 2823 3136 2894 qui
3180 2821 3438 2877 manebat
3464 2830 3586 2876 ante
3632 2819 3680 2874 iu
3704 2818 3784 2873 Dei

2212 2918 2404 2985 forma,
2436 2918 2596 2974 homo
2617 2917 2862 2974 Christus
2882 2918 3042 2972 Jesus
3063 2918 3274 2972 locutus
3301 2923 3387 2970 est
3412 2935 3422 2969 :
3454 2916 3516 2987 (i)
3547 2913 3785 2968 Adscendo

2211 3011 2281 3065 ad
2311 3021 2504 3081 patrem
2534 3028 2700 3065 meum
2731 3021 2776 3065 rt
2818 3011 2885 3064 ad
2929 3020 3124 3081 patrem
3163 3021 3430 3077 uestrtmt,_
3456 3021 3505 3064 et
3553 3008 3617 3062 ad
3641 3007 3787 3061 Deum

2212 3122 2377 3160 meum
2404 3116 2450 3160 et
2480 3105 2546 3159 ad
2578 3105 2738 3159 Deum
2769 3115 2985 3160 vestrum
3031 3103 3213 3176 (louu.
3257 3120 3347 3170 xx,
3387 3103 3453 3158 i7
3473 3103 3514 3174 ).
3547 3102 3601 3159 Si
3650 3100 3789 3172 igitur

505 3190 681 3261 major
723 3200 825 3256 est,
858 3190 1256 3247 confessionem
1303 3201 1538 3262 paterna:
1565 3197 1906 3252 anetoritatis
1950 3197 2108 3253 intel-
2137 3191 2182 3254 C
2217 3199 2333 3254 lucc
2354 3215 2564 3261 servus.
2598 3209 2649 3253 et
2677 3197 2742 3253 ad
2772 3213 2960 3253 servos
2992 3198 3201 3252 loeutus
3227 3205 3339 3260 est;
3371 3194 3642 3266 quomodo
3678 3207 3790 3264 pro.

504 3282 634 3353 lige.
663 3281 815 3338 Sicut
836 3293 891 3338 et
915 3282 1042 3337 illud
1073 3293 1176 3350 est,
1212 3283 1336 3339 Non
1362 3296 1526 3355 potest
1571 3285 1743 3342 Filius
1772 3288 1836 3342 ab
1865 3305 1918 3343 se
1945 3290 2113 3359 facere

506 3378 809 3451 quidquam,
857 3377 957 3432 nisi
985 3379 1125 3446 quod
1171 3379 1350 3433 uiderit
1387 3380 1598 3435 Patrem
1627 3381 1900 3450 facientem
1929 3399 1948 3438 :
1973 3401 2114 3453 qure-

509 3487 726 3542 cumque
745 3471 882 3526 enim
908 3471 1000 3526 ille
1020 3475 1168 3543 facit,
1201 3473 1377 3527 eadem
1419 3483 1469 3527 et
1500 3465 1669 3527 Filius
1699 3474 1822 3545 facit
1851 3475 2110 3531 similiter.

517 3563 701 3636 (Joan.
737 3580 788 3632 γ,
845 3564 960 3636 19),
995 3564 1129 3619 Dum
1162 3580 1270 3619 non
1303 3563 1372 3619 ab
1394 3579 1454 3620 se
1482 3564 1626 3633 facit,
1657 3564 1723 3620 ad
1751 3565 1803 3620 id
1828 3567 1972 3638 quod
2002 3569 2112 3639 agit

511 3656 812 3712 secundum
863 3657 1198 3713 nativitatem
1236 3656 1336 3712 sibi
1386 3657 1546 3712 Pater
1575 3668 1764 3713 auctor
1791 3669 1875 3716 est
1903 3678 1915 3714 :
1945 3672 1999 3716 et
2030 3671 2112 3716 ta-

511 3762 638 3806 men
683 3763 805 3803 cum
853 3764 1208 3819 quzecumque
1259 3748 1383 3804 facit
1413 3749 1595 3815 Pater,
1626 3751 1816 3806 eadem
1849 3762 1905 3808 et
1943 3754 2114 3812 Filius

515 3843 647 3900 facit
675 3842 952 3906 similiter,
999 3857 1104 3896 non
1139 3844 1191 3897 in
1233 3842 1378 3898 aliud
1424 3842 1627 3916 aliquid
1669 3861 1828 3915 quam
1862 3846 1912 3901 in
1944 3848 2112 3904 Deum

519 3939 784 4005 subsistit,
818 3937 884 3993 ad
916 3938 1158 3994 facienda
1181 3939 1384 4001 omnia,
1417 3954 1538 4008 qua:
1577 3939 1718 3996 Deus
1747 3951 1903 4012 pater
1931 3940 2112 4009 faciat,

589 4059 674 4132 (i)
707 4062 878 4132 Antea
900 4057 1196 4132 legebatur,
1227 4057 1528 4112 nativitatis.

519 4169 522 4174 ι
594 4131 678 4200 (2)
709 4131 927 4185 Dedisti.

597 4203 677 4275 (ὃ)
710 4203 872 4257 Deum
898 4203 1038 4274 fecit.

521 4297 776 4368 secundae
798 4310 998 4368 manus
1021 4310 1240 4368 operam
1277 4294 1510 4368 subolet.
1541 4294 1833 4368 lllihtamen
1861 4294 2121 4368 suffraga-

523 4378 614 4424 tur
656 4367 1030 4430 Martinianus,
1056 4367 1156 4421 hoc
1182 4374 1386 4422 tantum
1415 4367 1482 4420 ab
1507 4382 1574 4422 eo
1601 4365 1949 4438 discrepans,
1978 4365 2120 4438 quod

525 4439 725 4509 habeat
753 4447 917 4509 pater,
952 4452 1058 4491 non
1089 4439 1303 4507 pariter.

600 4508 677 4582 (a)
707 4505 820 4582 Pro
834 4505 1102 4562 subsistere
1123 4523 1196 4570 se,
1214 4509 1319 4582 hoc
1339 4515 1442 4582 est,
1466 4505 1607 4577 quod
1635 4507 1976 4582 subsisteret,
2002 4508 2122 4578 Er.,

522 4577 673 4648 Lips.
708 4588 762 4634 et
792 4580 914 4634 Par.
939 4593 1216 4648 perperam
1240 4577 1633 4632 substituerunt
1660 4578 1880 4632 subdere
1907 4597 1978 4633 se.

597 4647 674 4724 (b)
719 4651 776 4705 In
816 4647 1233 4724 ms.’Vat._b-as.
1275 4650 1394 4724 quia
1410 4659 1488 4724 _et
1527 4651 2010 4724 demonstrationem
2048 4654 2128 4706 sui

524 4717 666 4779 Deus
687 4738 790 4776 non
813 4721 1006 4776 alienat
1032 4738 1063 4774 a
1091 4717 1296 4777 Christo
1320 4722 1371 4773 in
1398 4717 1509 4772 Deo
1530 4734 1643 4787 τινας
1671 4731 1791 4773 nata
1811 4720 2129 4777 substiterit:

525 4799 750 4864 antiquo
791 4807 854 4846 ac
896 4791 1181 4864 manifesto
1221 4789 1556 4864 corruptoris
1597 4804 1750 4844 ausu.
1789 4790 1884 4844 llic
1919 4808 2034 4856 qua:
2061 4797 2128 4847 ad

525 4860 1008 4921 demonstrationem
1047 4863 1100 4916 iu
1138 4878 1190 4916 se
1221 4860 1348 4927 Dei,
1377 4861 1429 4916 id
1461 4869 1577 4928 est,
1608 4875 1726 4930 qua:
1753 4870 1809 4917 ut
1837 4877 2125 4933 COltSchia

525 4937 699 4994 Deum
723 4937 1144 4991 demonstraret.

600 5007 673 5080 (ο)
691 5006 816 5062 Mss.
842 5005 1024 5080 Col‘b.,
1050 5004 1286 5080 Martio”
1311 5003 1723 5080 Corb.,Ger_m.,
1755 5003 1937 5069 Vind.,
1967 5004 2125 5080 Silv.,

526 5075 702 5146 Prat.,
731 5078 869 5148 quod
909 5077 1113 5132 dedisti.
1139 5077 1324 5132 Atlib.
1357 5092 1451 5142 vu,
1503 5092 1557 5130 n.
1608 5075 1701 5143 2‘2,
1751 5090 1870 5130 cum
1920 5079 2128 5134 caneris

528 5150 898 5206 consentiunt.

627 5222 686 5293 ιι)
707 5220 812 5293 yat
840 5220 956 5293 bas.
990 5235 1091 5274 ms.
1119 5236 1228 5293 non
1257 5220 1555 5293 denegatur.

625 5291 676 5364 e)
699 5290 820 5364 En,
851 5290 997 5364 Lips.
1030 5291 1237 5364 et_Par.
1267 5289 1542 5346 natiuitatis
1569 5309 1581 5344 :
1615 5289 1933 5364 refelluntur
1965 5293 2130 5348 velex

524 5362 896 5433 superioribus
927 5362 1037 5424 his,
1075 5362 1226 5428 Quod
1257 5379 1415 5416 unum
1444 5372 1592 5427 sunt,
1623 5363 1912 5433 praprietas
1937 5379 2000 5417 ea:
2038 5381 2130 5418 na-

524 5432 721 5488 tivitate
759 5445 959 5487 natura:
983 5442 1075 5488 est.
1112 5433 1230 5487 Mox
1275 5433 1484 5503 Lipsius
1512 5448 1575 5488 ex
1609 5432 1721 5486 sola
1761 5434 1967 5489 Erasmi
1999 5449 2132 5490 con-

518 5505 752 5574 jectura,
794 5518 892 5574 pro
916 5503 1093 5558 verbis
1136 5505 1484 5560 subtitutionis
1511 5512 1566 5559 et
1594 5505 1880 5558 substitulio
1903 5546 1919 5570 ,
1965 5521 2125 5575 repo-

523 5577 636 5645 suit
657 5576 996 5629 subsistentia:
1016 5585 1071 5630 et
1092 5577 1418 5631 subsistentia
1444 5593 1462 5630 :
1483 5575 1623 5645 quod
1657 5587 1838 5643 postea
1863 5577 2117 5635 obtinuit.

520 5644 638 5699 Non
679 5647 810 5717 nihil
845 5655 1022 5717 tamen
1059 5647 1204 5717 aliud
1249 5657 1404 5701 sonat
1443 5644 1768 5710 su’bstitutio,
1807 5662 1966 5717 quam
1997 5648 2120 5702 sub-

517 5716 780 5786 sistentia;
814 5715 952 5786 sicut
993 5732 1022 5770 a
1053 5716 1361 5772 subsistuere
1406 5717 1580 5782 differt
1621 5715 1896 5786 subsistere
1938 5720 1989 5774 in
2030 5720 2114 5777 his

513 5785 610 5844 lib.
646 5800 766 5854 Vttt,
798 5802 852 5842 ιι.
894 5785 1006 5841 56:
1047 5798 1101 5842 ut
1127 5790 1405 5857 perfectum
1451 5786 1613 5844 Deum
1641 5790 1952 5844 substituet-it
1995 5799 2112 5860 per-'-

2219 3292 2385 3348 l'essio
2431 3293 2530 3347 ista
2565 3308 2672 3346 non
2703 3293 2845 3348 servi
2877 3292 2964 3356 sit,
3001 3301 3054 3346 et
3084 3290 3152 3345 ad
3197 3305 3316 3345 eam
3350 3289 3526 3360 magis
3570 3297 3791 3343 naturam

2219 3401 2342 3456 qua:
2369 3401 2474 3441 non
2521 3386 2572 3440 iu
2605 3395 2790 3440 natura
2820 3384 2960 3440 servi
3010 3385 3101 3451 sit,
3135 3383 3531 3447 transferetur;
3580 3395 3694 3436 cum
3729 3376 3792 3440 ei,

2223 3481 2309 3551 qui
2343 3481 2392 3534 iu
2426 3479 2599 3535 forma
2642 3479 2737 3536 Dei
2784 3494 3007 3534 manens
3040 3478 3265 3533 formam
3315 3477 3461 3532 servi
3506 3470 3792 3543 assumpsit,

2221 3573 2369 3642 quasi
2394 3586 2552 3627 servo
2582 3573 2648 3626 ad
2679 3586 2871 3627 servos
2897 3570 3205 3626 communio
3237 3583 3342 3624 uon
3371 3568 3479 3623 nisi
3512 3582 3576 3622 ex
3603 3580 3666 3620 eo
3695 3573 3796 3616 tan-

2221 3674 2332 3720 tum
2367 3667 2536 3735 possit
2579 3679 2721 3733 esse,
2751 3666 2894 3736 quod
2943 3678 3136 3720 servus
3165 3663 3290 3718 est?
3339 3661 3506 3718 Pater
3530 3658 3686 3730 igitur
3708 3653 3797 3710 sibi

2223 3759 2295 3813 ita
2325 3768 2378 3812 ut
2410 3758 2716 3813 hominibus
2746 3766 2897 3828 pater
2921 3769 3020 3822 est,
3054 3768 3108 3813 et
3134 3757 3278 3812 Deus
3309 3755 3388 3828 (5)
3418 3755 3520 3810 sibi
3567 3763 3622 3808 ut
3645 3749 3798 3806 servis

2223 3852 2365 3908 Deus
2396 3861 2498 3908 est.
2532 3851 2597 3908 Et
2627 3867 2746 3907 cum
2779 3853 2897 3908 haec
2917 3851 2990 3906 ad
3043 3850 3292 3905 homines
3333 3862 3524 3904 servos
3564 3846 3716 3901 homo
3751 3843 3796 3896 in

2223 3946 2364 4001 servi
2399 3944 2568 4001 forma
2598 3945 2756 4000 Jesus
2779 3946 3029 4001 Christus
3059 3945 3341 4015 loquatur;
3372 3959 3481 3999 non
3507 3939 3796 4011 ambigitur.

2303 4063 2384 4134 (i)
2415 4064 2548 4119 Deus
2580 4065 2741 4131 ﬁlius,
2778 4079 2882 4118 non
2920 4063 3058 4118 Deus
3085 4061 3177 4116 Dei
3205 4062 3367 4133 ﬁlius.

2303 4135 2384 4207 (ει)
2415 4136 2525 4191 Sibi
2553 4137 2625 4191 ita
2650 4147 2696 4190 et
2717 4136 2895 4191 servis.

2227 4299 2362 4421 {ecta
2419 4293 2659 4348 nativitas
2691 4309 2710 4348 :
2737 4294 2810 4347 ita
2836 4303 3004 4347 autem
3034 4297 3258 4364 perfecta
3289 4292 3529 4346 uatiuittts
3556 4288 3796 4344 subsistat.

2256 4365 2306 4421 bi
2345 4367 2488 4421 enim
2537 4364 2852 4420 sttbstituerit
2898 4365 3122 4421 nerimle
3169 4373 3290 4421 est.
3321 4379 3386 4420 ac
3437 4363 3796 4419 subsistentem

2256 4365 2306 4492 l'i‘i
2345 4367 2488 4448 enim
2537 4364 2852 4420 sttbstituerit
2898 4363 3134 4435 perinde
3169 4373 3290 4429 est,
3321 4379 3386 4420 ac
3437 4363 3798 4419 subsistentem

2256 4461 2259 4488 ε
2301 4448 2488 4492 ecertt.

2229 4438 2488 4492 cll'eeerit.

2302 4509 2378 4579 (ι’)
2426 4508 2536 4563 Sic.
2590 4521 2691 4561 ms.
2737 4505 2948 4561 Martio.
2995 4506 3094 4561 Alii
3126 4522 3254 4563 vero
3285 4505 3444 4568 libri.
3474 4503 3639 4560 Deum
3674 4502 3798 4579 fecit.

2233 4573 2708 4652 No'n'dispeusatio
2739 4579 2864 4632 fecit
2905 4588 3112 4647 patrem
3143 4597 3155 4632 :
3189 4579 3284 4632 sed
3317 4593 3465 4638 eum.
3498 4573 3800 4652 quiratione

2231 4645 2595 4716 generationis
2635 4658 2854 4704 aeterna:
2902 4645 3051 4720 pater
3089 4659 3240 4715 erat,
3288 4649 3550 4719 assumpti
3593 4645 3799 4701 hominis

2233 4723 2516 4778 Dominum
2542 4721 2837 4775 (τοιιειίιιιίι.

2304 4794 2378 4865 (g)
2413 4791 2799 4868 lta_mss_.__Vat.
2820 4792 2973 4868 _bas.,
2999 4793 3397 4868 Martin.,iun_us
3427 4791 3577 4868 Colb.
3605 4796 3658 4843 et
3681 4786 3800 4868 alter

2234 4855 2468 4921 Sorvbon.
2495 4864 2549 4918 In
2579 4863 2722 4928 aliis,
2755 4864 2905 4917 salvo
2931 4855 3092 4918 sen~u
3111 4905 3123 4928 ,
3157 4855 3423 4919 omittitur
3453 4863 3666 4917 verbum
3693 4855 3796 4910 Dei.

2233 4939 2304 4991 At
2333 4937 2498 5004 pluris
2527 4937 2687 4990 refert
2722 4935 3030 5004 praecedens
3059 4951 3159 4990 vox
3192 4935 3332 4990 Deus
3352 4978 3367 5002 ,
3415 4950 3532 5006 quae
3574 4933 3627 4986 in
3671 4928 3800 5000 prius

2232 5007 2462 5078 vulgatis
2489 5006 2693 5062 deerat.

2308 5074 2386 5149 (ἦ)
2415 5079 2502 5134 Sic
2524 5092 2713 5133 omnes
2739 5092 2869 5149 mss.
2902 5092 2996 5147 per
3019 5077 3426 5135 llellenismum.
3456 5077 3524 5132 At
3549 5074 3691 5140 editi,
3712 5086 3800 5124 non

2236 5166 2502 5223 possumus
2531 5149 2651 5223 nisi,
2683 5148 2893 5223 sublato
2923 5165 3044 5203 uou.
3547 5217 3594 5223 __
3664 5215 3675 5223 _
3735 5213 3744 5223 .

2305 5219 2369 5292 (i)
2400 5221 2621 5292 Ariani.
2652 5229 2710 5274 ut
2735 5236 2802 5274 ex
2828 5219 3126 5288 Augustino
3157 5220 3251 5275 lib.
3285 5237 3321 5276 ιι
3350 5229 3499 5292 cont.
3547 5215 3795 5292 Ma_ximi_n.

2234 5308 2283 5348 c.
2301 5283 2390 5357 ιθ,
2409 5310 2462 5346 ιι.
2495 5295 2547 5354 ι,
2570 5291 2850 5354 discimus,
2881 5283 3279 5347 contendebant
3305 5293 3420 5346 tunc
3441 5287 3636 5346 Christi
3657 5283 3798 5340 verba

2234 5364 2287 5418 in
2319 5365 2540 5418 formant
2585 5363 2724 5420 servi
2755 5365 3047 5418 convenire
3093 5379 3198 5417 non
3248 5379 3420 5432 posse.
3472 5361 3592 5415 Hice
3629 5357 3756 5432 enim
3782 5394 3796 5416 ς

2235 5435 2475 5499 aiebant,
2505 5435 2637 5489 dixit
2665 5445 2786 5502 post
2806 5427 3292 5489 resurrectionem:
3319 5437 3463 5503 atqui
3493 5443 3614 5486 tunc
3639 5427 3795 5503 forma

2236 5509 2376 5561 servi
2408 5497 2512 5560 non
2534 5497 2764 5574 amplius
2789 5514 2924 5571 erat,
2957 5505 3054 5560 sed
3085 5521 3304 5576 prorsus
3327 5497 3632 5569 consumpta
3665 5497 3796 5577 ἀυιετ

2225 5586 2375 5632 cerat
2427 5577 2589 5644 Quasi
2625 5593 2773 5642 vero,
2807 5577 3018 5645 reponit
3049 5579 3412 5648 Augustinus,
3445 5581 3654 5650 formam
3679 5582 3792 5650 serta

2223 5651 2587 5722 resurrectione
2628 5650 3025 5722 consumpserit,
3074 5645 3281 5703 ac'nou
3330 5645 3497 5722 potius
3543 5645 3596 5697 iu
3631 5645 3794 5722 melius

2221 5721 2600 5774 commutaverit
2626 5735 2644 5773 :
2673 5721 2820 5789 quasi
2855 5737 2958 5775 non
2998 5725 3195 5792 forma,
3223 5735 3338 5791 qua!
3377 5720 3540 5774 occisa
3565 5723 3661 5778 est.
3695 5720 3792 5782 Ῥδα

2216 5793 2472 5848 revixerit.
