3930 6194
98 262 197 320 1οὓ

1311 262 1398 319 DE
1439 261 1808 319 TRlNlTATE
1853 263 2055 323 LIBER
2099 267 2187 323 XI.

3281 268 3389 327 M0

98 380 214 453 quin
239 386 391 450 pater
409 376 516 433 sibi
532 384 587 432 ut
605 373 816 433 caeteris
839 375 910 433 sit
934 389 1002 432 ex
1020 388 1084 432 ea
1106 381 1257 446 parte
1278 391 1381 447 qua
1397 375 1561 431 homo
1585 383 1689 446 εει,
1717 376 1773 441 Α
1796 386 1915 435 est:
1942 387 2095 450 pater
2136 379 2280 436 enim
2310 387 2395 435 est
2438 377 2507 436 ad
2554 380 2631 449 id,
2660 380 2804 452 quod
2847 380 2902 438 in
2951 380 3216 455 principio
3244 384 3385 455 apud

97 482 146 530 et
163 472 299 528 Dens
318 468 425 525 sibi
447 479 509 525 ut
527 468 732 526 cunctis
750 470 824 524 sit
839 484 904 525 ex
920 482 982 525 ea
997 476 1181 525 natura
1208 484 1313 541 qua
1342 484 1531 527 servus
1579 478 1682 526 est.

166 565 249 621 l5.
289 561 355 618 In
386 579 449 618 ea
472 563 606 617 dixit
635 566 803 633 farina
826 579 928 633 qua
955 578 1048 617 nos
1079 570 1222 618 vocat
1266 563 1475 633 fratres.
1535 562 1686 619 Chri-

99 668 195 713 stus
215 672 374 726 quare
409 658 699 711 vermis.—-
729 655 972 725 Denique
1005 657 1149 710 hunc
1172 655 1424 711 eumdem
1470 670 1682 712 sermo-

98 766 208 807 nem
251 747 563 819 huiusmodi
591 746 945 817 professionis
976 748 1142 818 coepit
1169 746 1419 813 exordio,
1475 749 1547 802 ita
1593 748 1679 802 di-

100 857 260 899 cens:
301 838 449 894 Vade
496 848 661 894 autent
708 840 777 894 ad
830 840 1019 909 fratres
1066 856 1225 907 meos,
1273 851 1322 895 et
1368 841 1505 895 dices
1550 840 1680 908 illis,

102 932 352 991 Adsceudo
375 933 449 987 ad
472 942 668 1003 patrem
692 950 862 987 meum
885 943 934 989 et
958 933 1026 988 ad
1052 944 1251 1007 patrem
1278 944 1525 1002 vestrum,
1550 944 1598 989 et
1615 934 1684 987 ad

100 1025 249 1082 Deum
284 1039 456 1079 meum
479 1034 527 1078 et
549 1023 618 1079 ad
643 1022 812 1079 Deum
850 1034 1075 1081 vestrum
1127 1024 1305 1099 (Jonn.
1381 1041 1473 1089 xx,
1560 1027 1668 1099 l7).

102 1120 161 1178 Et
203 1134 383 1191 quaero
432 1133 595 1187 nunc,
670 1118 870 1176 fratres
961 1120 1008 1176 ei
1073 1119 1368 1190 secundum
1450 1118 1681 1175 formam

110 1214 213 1281 Dei,
238 1229 376 1269 anne
428 1214 728 1270 secundum
774 1213 1002 1270 formam
1031 1214 1171 1269 servi
1194 1228 1317 1270 esse
1346 1211 1683 1284 intelligendi

101 1306 195 1362 sint
232 1323 245 1359 :
289 1303 593 1377 habeatque
657 1305 877 1378 aliquod
940 1305 1006 1360 ad
1058 1320 1179 1362 eum
1229 1304 1524 1360 secundum
1567 1305 1681 1375 ple-

101 1397 376 1455 nitudinem
427 1397 719 1454 habitantis
783 1400 836 1453 in
885 1413 952 1455 eo
1004 1398 1299 1454 divinitatis
1348 1398 1426 1469 (l)
1457 1395 1532 1470 (α)
1564 1412 1684 1454 cor-

106 1493 295 1565 poratio
346 1502 538 1548 nostra
579 1494 936 1556 consortium,
979 1502 1037 1548 ut
1098 1492 1150 1547 in
1195 1493 1388 1548 fratres
1418 1492 1467 1547 ei
1510 1491 1576 1546 ad
1628 1491 1679 1546 id

101 1587 224 1655 quod
255 1585 395 1643 Deus
416 1595 502 1642 est
541 1585 906 1657 deputemur?
937 1585 1045 1642 Sed
1095 1600 1202 1641 non
1239 1586 1449 1656 ignorat
1470 1596 1525 1641 et
1557 1601 1681 1656 pro-

103 1678 323 1751 pheticus
350 1679 575 1751 Spiritus
598 1722 613 1746 ,
646 1680 922 1750 unigenito
972 1681 1082 1735 Deo
1125 1694 1229 1750 qua
1276 1693 1343 1734 ex
1390 1688 1543 1749 parte
1573 1678 1683 1734 siut

1788 471 1958 529 Deum
1990 481 2111 530 erat
2128 474 2272 530 Deus
2301 472 2557 530 Verbum.
2584 473 2693 531 Sed
2714 490 2834 532 cum
2864 475 3095 532 Verbum
3118 491 3249 535 caro
3272 476 3386 535 fac-

1788 572 1900 622 tum
1923 574 2034 634 est;
2066 578 2246 624 manet
2270 580 2324 624 et
2351 569 2405 624 in
2436 568 2597 625 Verbi
2639 569 2735 626 Dei
2762 569 3066 638 nativitate,
3090 580 3145 626 et
3173 572 3225 626 in
3257 586 3381 629 car-

1788 659 1872 714 nis
1898 659 2282 715 constitutione
2302 661 2445 731 quod
2477 669 2628 731 pater
2669 670 2771 718 est.
2824 662 2985 719 Pater
3025 663 3169 719 enim
3199 665 3379 721 omnis

1786 753 1967 809 carnis
1996 764 2078 809 est
2102 754 2278 820 Deus;
2305 754 2401 811 sed
2432 770 2536 810 non
2566 755 2860 812 secundum
2890 755 3033 827 quod
3066 756 3242 812 Verbo
3268 757 3378 813 Deo

1786 856 1940 916 pater
1965 855 2067 902 est.
2099 845 2337 902 Verbum
2364 856 2543 903 autem
2593 848 2754 915 Deus,
2784 863 2958 920 neque
2997 846 3236 906 Verbum
3264 864 3385 907 esse

1785 938 1965 1007 desiit,
1999 955 2175 1011 neque
2197 955 2323 996 caro
2352 956 2458 995 non
2487 940 2605 995 fuit.
2639 940 2771 996 Nam
2808 939 3065 1005 Verbum,
3090 941 3233 1011 quod
3255 955 3384 997 caro

1787 1031 1984 1088 factum
2027 1045 2106 1089 εει
2132 1042 2187 1089 ει
2226 1033 2479 1089 habitavit
2506 1034 2558 1089 in
2589 1033 2768 1106 nobis,
2812 1047 2987 1104 neque
3014 1032 3143 1088 dum
3168 1032 3378 1089 habitat

1788 1142 1895 1182 non
1918 1142 2042 1184 vere
2074 1127 2307 1183 Verbum
2354 1137 2459 1193 est,
2506 1142 2680 1198 neque
2705 1127 2833 1182 dum
2880 1126 3116 1182 Verbum
3144 1141 3272 1183 caro
3299 1136 3384 1183 est

1786 1236 1893 1278 non
1922 1236 2051 1279 vere
2080 1222 2220 1279 Deus
2251 1222 2415 1278 homo
2436 1230 2558 1278 est:
2588 1221 2711 1293 quia
2740 1228 2797 1278 et
2822 1219 3087 1284 habitare,
3127 1221 3245 1290 ejus
3286 1206 3383 1276 nei-

1785 1328 1939 1371 cesse
1965 1315 2036 1369 sit
2060 1329 2182 1370 esse
2209 1314 2299 1385 qui
2349 1322 2602 1378 maneat;
2653 1321 2707 1369 et
2730 1327 2950 1368 carnem
2982 1311 3122 1379 fieri,
3155 1312 3273 1383 ejus
3301 1311 3384 1366 in-

1787 1408 2134 1479 telligendum
2162 1408 2231 1464 sit
2254 1423 2375 1465 esse
2405 1407 2494 1479 qui
2535 1407 2794 1462 nascitur.
2832 1408 2893 1462 Et
2920 1407 3065 1479 quod
3118 1406 3170 1462 in
3221 1405 3379 1463 nobis

1786 1500 2012 1569 habitat,
2041 1512 2240 1558 nostrze
2266 1501 2445 1557 carnis
2473 1501 2770 1574 assumptio
2788 1511 2871 1556 est
2895 1519 2908 1554 :
2932 1500 3053 1573 quia
3082 1499 3168 1571 (ά)
3201 1514 3298 1570 per
3327 1499 3379 1554 id

1784 1594 2001 1665 quodin
2031 1595 2187 1650 nobis
2217 1595 2421 1650 habitat
2444 1593 2684 1651 Verbum
2707 1609 2838 1651 caro
2881 1593 3100 1660 factum,
3136 1593 3275 1649 Deus
3297 1601 3383 1650 est

1786 1688 1838 1743 in
1868 1686 2035 1743 nostri
2065 1687 2312 1757 corporis
2356 1686 2518 1760 385
2546 1687 2791 1742 veritate.
2842 1685 2899 1741 Si
2945 1686 3109 1757 igitur
3137 1694 3379 1740 naturam

106 1771 311 1828 Ῐηιτθεε
343 1771 459 1828 huic
491 1774 636 1829 enim
668 1787 773 1828 ll0"
817 1782 924 1827 lam
949 1772 1111 1827 Ιιοιηο
1156 1788 1317 1843 quam
1360 1774 1559 1828 vermis
1590 1774 1671 1827 Ιο-
1707 1783 1752 1844 Β
1779 1780 2012 1837 detrahit
2044 1780 2156 1835 Deo
2181 1778 2354 1835 Verbo
2386 1780 2548 1834 homo
2570 1778 2866 1835 secundum
2893 1792 3111 1833 carnem
3133 1775 3380 1831 Christus

105 1874 237 1921 cutus
258 1874 360 1932 est,
415 1863 665 1921 Narrabo
687 1882 872 1921 nomen
901 1879 1045 1921 tuum
1068 1865 1313 1936 fratribus
1336 1868 1460 1922 meis
1502 1865 1674 1939 (Psal.

106 1972 197 2022 ut,
224 1956 335 2028 23).
363 1957 430 2012 Et
456 1958 575 2012 hzec
604 1959 826 2027 vertnis,
862 1958 947 2013 vel
981 1974 1086 2012 non
1116 1974 1183 2015 ex
1229 1968 1492 2029 conceptu
1518 1973 1677 2013 com-

105 2052 317 2109 manium
345 2052 522 2126 384
547 2053 815 2126 originum
862 2054 1067 2123 vivens,
1097 2055 1180 2110 vel
1209 2070 1239 2109 e
1270 2052 1553 2125 profundis
1576 2062 1683 2110 ter-

107 2162 171 2203 ra:
192 2147 332 2203 vivus
358 2163 671 2219 emergens,
705 2148 774 2204 ad
814 2148 1272 2218 signiﬁcationem
1305 2157 1597 2219 assumpta:
1627 2156 1684 2204 et

109 2239 365 2295 vivificata:
393 2255 498 2311 per
543 2256 604 2297 se
633 2241 798 2297 etiam
832 2240 906 2314 (b)
936 2257 1004 2297 ex
1053 2240 1269 2298 inferno
1314 2242 1523 2309 carnis,
1559 2256 1683 2312 pro-

109 2332 257 2387 fessus
280 2342 400 2389 est:
432 2342 660 2405 totoque
709 2336 762 2390 in
793 2335 1001 2405 psalmo
1042 2334 1309 2405 passionis
1355 2350 1465 2391 sua:
1505 2348 1685 2389 sacra-

109 2434 260 2480 menta
290 2426 609 2509 prophetico
637 2428 829 2498 spiritu
874 2428 1224 2498 praelocutus,
1253 2445 1319 2483 ex
1364 2443 1426 2484 ea
1461 2443 1686 2485 necesse

110 2529 178 2574 est
201 2519 383 2576 fratres
412 2519 1062 2592 habeatdispensatione,
1097 2536 1198 2594 qua
1229 2536 1421 2592 passus
1449 2531 1553 2578 est.
1581 2520 1686 2576 No-

110 2615 175 2670 vit
212 2626 609 2671 sacramentum
656 2617 708 2671 in
767 2632 834 2673 eo
864 2602 1110 2673 fratrum
1164 2617 1325 2673 etiam
1398 2616 1687 2688 Apostolus

117 2707 266 2777 (Rom.
293 2724 408 2775 vttt,
436 2708 563 2777 29),
606 2718 665 2765 ut
709 2706 1126 2780 primogenitum
1172 2724 1295 2764 eum
1335 2725 1403 2764 ex
1434 2708 1687 2774 mortuis,

114 2799 173 2855 ita
195 2802 603 2873 primogenitum
633 2802 685 2856 in
729 2802 912 2857 multis
946 2801 1207 2857 fratribus
1235 2801 1562 2874 praedicans.
1586 2798 1688 2857 Se-

117 2895 317 2950 cundum
343 2894 397 2951 id
426 2911 564 2967 ergo
592 2902 677 2951 est
704 2896 757 2951 in
785 2895 969 2951 multis
997 2895 1254 2951 fratribus
1275 2896 1686 2967 primogenitus,

116 2987 376 3045 secundum
405 2987 556 3062 quod
581 2999 664 3043 est
687 2988 1078 3059 primogenitns
1101 3003 1166 3045 ex
1194 2987 1454 3056 mortuis;
1487 2997 1689 3044 etcum

118 3090 483 3136 sacramentum
535 3081 803 3137 mortisin
853 3094 1084 3152 corpore
1131 3081 1240 3145 sit,
1291 3091 1689 3137 sacramentum

1786 1873 1968 1938 Jesus,
1999 1872 2080 1928 vel
2109 1886 2215 1927 non
2246 1871 2543 1929 secundum
2568 1880 2965 1927 sacramentum
2997 1870 3214 1940 pietatis
3240 1868 3386 1925 Deus

1787 1965 2025 2022 Verbum
2058 1964 2219 2020 homo
2241 1966 2485 2021 Christus
2513 1964 2669 2021 Jesus
2694 1973 2815 2029 est;
2850 1963 2921 2017 sit
2940 1963 2992 2018 in
3023 1968 3227 2017 natura:
3253 1974 3385 2017 con-

1791 2059 2085 2126 tumeliam,
2104 2058 2259 2130 qnod
2288 2057 2340 2115 ei
2370 2059 2665 2115 secundum
2716 2073 2815 2114 nos
2856 2067 2912 2114 et
2937 2056 3098 2112 Pater
3126 2065 3299 2127 pater,
3331 2063 3388 2111 et

1790 2153 1930 2210 Deus
1960 2154 2103 2208 Deus
2128 2163 2231 2209 est.
2265 2152 2417 2221 Quod
2444 2153 2487 2208 si
2515 2152 2659 2208 Dens
2685 2151 2924 2208 Verbum
2952 2151 3115 2206 homo
3137 2148 3387 2206 Christus

1789 2247 1944 2303 .lesus
1974 2247 2117 2303 Deus
2167 2246 2403 2303 Verbum
2445 2261 2568 2303 esse
2620 2260 2726 2302 non
2775 2246 3018 2311 destitit;
3073 2245 3386 2301 communio

1791 2342 1950 2397 nobis
1974 2352 2027 2397 et
2051 2341 2124 2397 illi
2152 2339 2217 2396 ad
2247 2352 2450 2411 patrem
2477 2349 2531 2396 et
2558 2341 2726 2395 Deum
2760 2355 2823 2395 ex
2851 2355 2913 2395 ea
2938 2347 3145 2394 tantum
3177 2346 3261 2394 est
3289 2352 3388 2393 na-

1793 2447 1932 2501 tura,
1985 2437 2058 2508 (ε)
2083 2451 2184 2506 qua
2236 2434 2401 2490 frater
2436 2442 2520 2490 est
2548 2450 2561 2489 :
2590 2435 2715 2505 quia
2764 2433 3022 2487 adst-endo
3067 2431 3136 2486 ad
3181 2440 3376 2503 patrem
3450 2457 3455 2462 -

1790 2545 1958 2584 meum
1984 2539 2031 2583 et
2074 2528 2144 2582 ad
2183 2538 2378 2598 patrem
2407 2536 2650 2593 vestrum,
2677 2536 2723 2580 et
2752 2525 2820 2578 ad
2845 2524 3012 2579 Deum
3054 2534 3294 2579 meumst
3319 2523 3386 2578 ad

1795 2620 1957 2676 Deum
2006 2630 2246 2688 uestrum,
2295 2634 2400 2675 non
2435 2635 2529 2690 per
2560 2618 2635 2689 id,
2684 2616 2827 2690 quod
2876 2616 3189 2688 nnigenitus
3240 2616 3386 2673 Deus

1797 2714 2029 2771 Verbum
2071 2723 2175 2780 est,
2223 2713 2319 2770 sed
2354 2729 2446 2784 per
2472 2712 2549 2780 id,
2573 2709 2716 2782 quod
2749 2709 2984 2766 Verbum
3031 2724 3159 2766 caro
3185 2708 3386 2766 factum

1792 2818 1893 2878 εει,
1928 2810 1999 2865 sit
2037 2807 2294 2865 fratribus
2324 2808 2646 2863 nuntiatum.

1866 2904 1953 2960 17.
1977 2903 2183 2960 Christo
2207 2910 2261 2957 ut
2298 2900 2464 2957 Verbo
2487 2901 2575 2972 qui
2600 2908 2746 2970 pater
2761 2907 2860 2966 est,
2883 2905 2928 2953 et
2950 2904 3008 2951 ut
3026 2895 3152 2951 Jesu
3177 2904 3225 2951 et
3248 2910 3395 2953 seruo

1795 3001 1939 3057 Deus
1969 3010 2138 3056 est.—
2158 2997 2273 3054 Non
2298 2996 2526 3053 incautis
2553 3005 2731 3051 autem
2761 3007 2936 3064 neque
2960 2990 3024 3046 ad
3048 2991 3390 3048 occasionem

1795 3093 2088 3165 impietatis
2111 3090 2333 3147 incertis
2353 3087 2833 3161 significationibus
2858 3101 3039 3142 sermo
3061 3083 3393 3153 apostolicus

118 3189 300 3242 quoque
320 3173 674 3229 fraternitatis
716 3174 767 3228 lll
799 3188 962 3229 carne
1014 3182 1117 3230 est.
1165 3173 1381 3228 Fratres
1413 3175 1590 3243 itaque
1623 3188 1687 3229 ex
1719 3186 1764 3250 C
1798 3187 2051 3258 loquitur,
2082 3185 2153 3242 Ut
2181 3198 2324 3239 nunc
2353 3180 2693 3253 Evangelism
2723 3180 2925 3235 diclum
2957 3178 3169 3234 Domini
3197 3193 3226 3230 τι
3259 3191 3388 3247 pro.

119 3281 254 3323 Carne
275 3280 394 3323 sunt
423 3268 576 3333 Deo;
606 3268 731 3338 quia
760 3277 815 3323 et
845 3267 1083 3323 Verbum
1114 3282 1241 3323 caro
1274 3267 1467 3322 factum
1496 3276 1601 3332 est,
1633 3277 1689 3322 et

121 3356 346 3418 habitavit
365 3361 417 3417 in
450 3360 611 3416 nobis
637 3378 651 3417 :
680 3370 940 3416 caeterum
966 3360 1274 3430 unigenitus
1297 3359 1458 3427 Deus,
1490 3360 1543 3416 in
1567 3361 1690 3417 uni-

121 3455 258 3525 geniti
276 3455 617 3528 exceptione,
646 3454 764 3510 sine
792 3453 1049 3509 fratribus
1071 3462 1173 3510 est.

180 3547 255 3605 16.
294 3549 426 3606 Deus
457 3559 506 3605 et
548 3550 767 3619 propria
796 3560 843 3604 et
874 3550 1134 3604 communi
1174 3550 1373 3606 ratione
1396 3549 1589 3607 Christi
1615 3561 1690 3607 est

124 3650 261 3712 pater.
289 3670 354 3685 -—
384 3643 509 3715 Ipse
533 3652 735 3708 autem,
772 3642 1138 3698 univcrsitatis
1167 3652 1365 3699 nostra:
1396 3645 1448 3699 in
1473 3659 1534 3701 se
1559 3661 1692 3700 con-

125 3738 271 3795 tinens
293 3756 353 3796 ex
382 3741 567 3798 carnis
587 3738 964 3810 assumptione
986 3738 1254 3805 naturam",
1280 3747 1398 3796 erat
1419 3740 1562 3813 quod
1592 3755 1689 3798 nos

123 3843 299 3899 sumus,
327 3849 503 3905 neque
528 3833 785 3889 amiserat
810 3847 931 3889 esse
960 3832 1102 3904 quod
1145 3842 1453 3901 manserat;
1488 3833 1692 3890 habens

126 3938 180 3980 ex
222 3927 484 3985 nativitate
534 3925 612 4000 (c)
664 3938 811 3994 tunc,
866 3937 922 3981 et
973 3943 1041 3982 ex
1093 3926 1478 3984 constitutione
1526 3944 1687 3998 nunc,

128 4015 266 4075 Deum
292 4031 516 4093 patrem.
552 4019 857 4077 Secundum
891 4020 1335 4077 constitutionem
1368 4037 1531 4089 nunc,
1565 4024 1688 4095 quia

128 4124 180 4165 ex
204 4122 337 4181 patre
366 4115 478 4172 Deo
501 4116 705 4170 omnia.
738 4115 1000 4171 Omnibus
1046 4114 1190 4171 enim
1219 4114 1362 4170 Deus
1401 4125 1557 4187 pater
1582 4127 1689 4185 est,

132 4199 232 4259 dum
256 4221 320 4262 ex
341 4222 407 4264 eo
432 4217 489 4264 et
530 4208 582 4263 in
608 4222 676 4263 eo
700 4207 879 4263 omnia
911 4215 1055 4262 sunt.
1092 4206 1198 4264 Sed
1251 4208 1528 4278 unigenito
1559 4209 1686 4277 Deo,

132 4296 230 4368 quia
252 4298 483 4357 Verbum
515 4316 644 4357 caro
670 4301 865 4356 factum
891 4310 995 4370 est,
1029 4316 1135 4356 non
1162 4299 1287 4357 hinc
1306 4307 1512 4358 tantum
1543 4312 1693 4374 pater

180 4412 244 4486 (l)
267 4410 557 4491 Correptio.

1794 3277 2032 3335 fessione
2058 3275 2284 3332 fratrum
2316 3274 2610 3344 incipiens,
2641 3274 2805 3328 totius
2839 3270 2967 3326 dicti
3001 3269 3393 3338 professionem

1794 3370 1861 3426 ad
1896 3369 2008 3441 ejus
2034 3377 2239 3424 naturae
2265 3367 2595 3424 consortium
2622 3365 2838 3431 docuit,
2876 3362 2953 3435 (ι’)
2987 3377 3053 3417 ex
3093 3376 3197 3434 qua
3226 3360 3394 3417 frater

1795 3473 1914 3531 εει,
1943 3464 2236 3534 pertinere,
2269 3462 2392 3534 quia
2424 3475 2603 3519 sermo
2632 3467 2715 3515 est
2742 3458 3044 3514 destinatus
3069 3457 3134 3512 ad
3159 3455 3352 3511 fratres
3376 3473 3390 3507 :

1796 3573 1865 3613 ne
1902 3556 1968 3613 ad
2004 3556 2300 3612 divinitatis
2337 3552 2721 3610 contumeliam
2761 3559 3122 3621 repntaretur,
3152 3546 3295 3618 quod
3323 3545 3392 3602 ad
3486 3562 3490 3566 ·

1796 3659 2194 3707 sacramentum
2229 3648 2443 3719 pietatis
2479 3644 2902 3717 praedicabatur;
2932 3657 3053 3697 cum
3085 3639 3394 3698 communio

1794 3742 1863 3799 ad
1890 3758 2011 3798 eum
2045 3749 2227 3798 nostra
2247 3782 2261 3808 ,
2293 3756 2396 3812 qua
2425 3749 2575 3811 pater
2603 3739 2758 3795 nobis
2799 3749 2854 3793 et
2883 3735 2984 3792 sibi
3020 3743 3172 3807 pater
3200 3743 3314 3800 est,
3340 3742 3397 3790 et

1794 3836 1938 3892 Deus
1968 3836 2125 3892 nobis
2149 3845 2205 3890 et
2234 3835 2335 3892 sibi
2376 3834 2518 3891 Deus
2546 3843 2660 3899 est,
2697 3826 3007 3889 secundum
3035 3827 3395 3900 dispensatio-

1796 3946 1917 3985 nem
1939 3930 2118 3985 carnis
2159 3930 2475 3994 exsisteret,
2511 3928 2761 3983 fratribus
2805 3925 2960 3982 nobis
3001 3924 3066 3980 ad
3102 3938 3226 3981 eum
3259 3923 3395 3979 nati-

1793 4022 1959 4079 vitate
1976 4021 2218 4093 corporis
2232 4021 2571 4093 deputandis.
2594 4020 2763 4076 Nemo
2781 4019 2941 4090 igitur
2960 4018 3199 4089 ambigit,
3220 4016 3391 4072 Deum

1797 4128 2001 4188 patrem
2033 4130 2156 4172 esse
2181 4117 2344 4172 etiam
2374 4115 2545 4171 Deum
2568 4112 2781 4169 Domini
2805 4111 2971 4168 nostri
2996 4109 3125 4165 Jesu
3154 4108 3389 4165 Christi:

1794 4209 1890 4265 sed
1921 4208 2036 4265 haec
2065 4208 2149 4279 pia
2177 4218 2359 4263 nostra
2403 4205 2665 4276 professio
2694 4218 2798 4259 non
2832 4212 2979 4275 patet
3005 4200 3071 4255 ad
3100 4199 3394 4271 impietatis

1794 4304 2158 4361 occasionem.
2193 4303 2331 4359 Deus
2362 4302 2479 4373 ejus
2519 4308 2602 4356 est
2632 4317 2646 4354 :
2681 4312 2787 4354 non
2834 4296 3068 4364 idcirco,
3099 4303 3157 4350 ut
3194 4291 3394 4349 diversi

188 4507 255 4577 (a)
283 4509 412 4565 Editi
434 4524 556 4566 cum
589 4509 831 4580 pluribus
857 4509 1091 4580 scriptis,
1125 4509 1409 4579 corruptio.
1442 4507 1691 4580 Auctori-
1716 4511 1770 4573 D
1794 4509 2016 4564 cundum
2062 4509 2502 4575 constitutionem,
2550 4510 2672 4579 quia
2713 4524 2774 4580 ea;
2796 4506 2978 4580 ‘Patre
3024 4504 3135 4562 Deo
3177 4505 3348 4560 omnia
3377 4521 3392 4559 :

134 4581 219 4633 tate
233 4595 349 4637 mss.
368 4579 739 4651 optimatnotze
754 4579 986 4648 Martio,
1003 4580 1181 4649 Colb.,
1203 4582 1412 4651 Remig.
1437 4579 1685 4636 ethrm.

134 4651 428 4716 praeferimus
449 4654 739 4720 corporalia
761 4669 779 4707 :
803 4668 923 4709 nua:
946 4668 1046 4707 vox
1067 4668 1129 4708 ex
1153 4652 1382 4707 adverso
1401 4652 1691 4720 opponitur

133 4720 311 4847 zpirit‘us
334 4720 612 4792 vocabulo,
640 4738 747 4797 quo
768 4734 1013 4780 naturam
1039 4724 1275 4779 divinam
1298 4724 1436 4779 solet
1458 4723 1690 4779 Hilarius

159 4804 244 4847 tam
266 4809 421 4847 tcare.

134 4795 337 4860 significa
346 4812 421 4852 re.

192 4862 258 4937 (b)
282 4864 408 4922 Illud
434 4868 746 4939 exinferno,
779 4882 884 4922 non
914 4865 980 4922 ad
1013 4865 1331 4922 vocabulum
1362 4866 1563 4939 carnis,
1591 4864 1687 4939 sed

134 4931 206 5014 iul;
232 4931 313 5003 per
342 4955 394 5014 se
436 4931 782 5014 referendum
814 4945 949 5014 _est;
985 4946 1041 4992 nt
1064 4951 1169 5014 non
1191 4951 1342 5005 caro,
1373 4937 1469 5014 sed
1494 4937 1608 5014 ipse
1633 4937 1683 4990 in

137 5003 315 5078 inferno
341 5008 514 5065 fuerit.
548 5008 615 5066 Ut
639 5010 781 5064 enim
814 5008 1039 5078 legimus
1064 5009 1158 5064 lib.
1195 5024 1246 5067 x.
1283 5003 1338 5063 n.
1369 5008 1440 5064 65
1468 5027 1481 5063 ι
1516 5003 1689 5061 Νιιηι-

135 5077 235 5151 quid
259 5078 566 5136 descendisse
591 5080 662 5135 ad
702 5077 894 5151 inferos
931 5096 1148 5150 corpus,
1194 5080 1333 5148 quod
1366 5082 1421 5134 in
1453 5078 1687 5151 sepulcro

131 5147 283 5220 inca“,
315 5152 503 5206 ἀδίκων
524 5153 550 5207 2
569 5153 741 5207 Antea
759 5147 926 5207 'voces
958 5147 1048 5220 per
1069 5167 1123 5206 se
1144 5147 1250 5206 non
1276 5152 1448 5205 minus
1471 5147 1540 5204 ad
1564 5164 1685 5220 ver-

138 5216 238 5294 bunt
265 5234 529 5294 assumpr
575 5224 877 5294 pertinent,
926 5216 1085 5292 quam
1133 5220 1199 5277 ad
1250 5222 1534 5294 viviﬁcante.
1562 5219 1688 5275 Ideo

139 5287 255 5373 enim
281 5287 519 5373 Christus
548 5287 747 5373 vermis
783 5287 997 5358 dicitur,
1039 5294 1162 5373 quia
1208 5287 1534 5373 caro'ipsjus
1565 5305 1688 5358 pro-

143 5362 232 5426 pri:
248 5363 432 5421 virtute
450 5365 521 5420 de
537 5367 741 5434 virgine
765 5362 1188 5435 concepta,’ipso
1209 5378 1275 5419 ex
1299 5362 1488 5420 inferis
1512 5376 1689 5418 emer-

143 5437 505 5519 Sﬁ’llg'propria
533 5438 694 5519 etiam
723 5436 919 5519 virtute
944 5437 1210 5519 vivificata
1236 5447 1338 5519 est.

184 5501 440 5584 .(cj‘Editi,
469 5518 697 5584 excepto
724 5507 878 5576 Bad.,
909 5519 1029 5584 tunc
1051 5518 1247 5578 patrem
1265 5515 1465 5562 tantum
1477 5522 1542 5561 ea:
1561 5521 1686 5561 con-

143 5575 409 5632 ttitatione:
453 5589 565 5634 tum
604 5578 695 5634 Er.
729 5575 869 5634 nunc
905 5575 1067 5635 Deum
1095 5590 1143 5635 et
1175 5588 1372 5645 patrem
1401 5590 1600 5633 tantum
1628 5593 1694 5631 ea:

145 5647 478 5723 fqnstitutiqne,
510 5667 650 5705 nunc
674 5648 863 5715 Deum,
903 5653 1025 5723 quia
1068 5667 1131 5706 ea:
1159 5649 1265 5723 Deo
1294 5662 1440 5722 patre
1479 5651 1648 5703 omnia
1672 5665 1692 5704 :

148 5710 265 5791 Eilis.
289 5710 505 5778 sublatis
530 5722 801 5791 prioribus
839 5710 1017 5779 Verbis
1061 5710 1530 5778 retinuit'tantum
1558 5736 1693 5791 nunc

150 5780 283 5845 Dium
305 5791 419 5862 quia
447 5808 514 5850 eo:
532 5780 651 5851 'Deo
680 5798 823 5865 patre
849 5795 1019 5852 omnia
1049 5810 1068 5849 :
1102 5795 1222 5850 l‘ar.
1255 5810 1392 5849 nunc
1427 5788 1587 5849 Deum
1613 5807 1692 5847 se.

1796 4581 1947 4636 valde
1995 4581 2340 4651 perturbate,
2387 4590 2442 4635 et
2489 4578 2732 4636 confuse.
2769 4578 3102 4651 Ementlatur
3145 4592 3215 4631 ex
3259 4592 3391 4651 mss.

1795 4651 1919 4707 Vult
1962 4646 2125 4722 porro
2180 4652 2433 4714 Hilarius,
2467 4651 2737 4707 Chris:um
2784 4649 3034 4704 habuisse
3080 4658 3225 4709 tunc,
3270 4646 3389 4707 scil.

1792 4736 1916 4799 ante
1940 4740 2100 4796 quam
2122 4739 2251 4799 caro
2274 4724 2449 4799 fieret,
2478 4739 2542 4778 ex
2573 4724 2877 4799 nativitate.
2905 4735 3064 4793 quem
3099 4731 3240 4772 nunc
3263 4730 3395 4799 caro

1791 4793 1974 4851 factus
1985 4812 2050 4851 ex
2078 4794 2466 4850 constitutione
2493 4794 2670 4849 carnis
2690 4793 2848 4847 habet
2875 4807 3010 4846 nova
3040 4799 3093 4845 et
3114 4793 3390 4842 communi

1792 4868 2075 4924 nobiscum
2106 4867 2315 4922 ratione
2355 4867 2524 4921 Deum
2569 4874 2797 4935 patrem.
2828 4861 2992 4935 Pauio
3007 4860 3177 4935 aliter
3204 4859 3256 4912 in
3286 4873 3388 4914 ms.

1795 4938 1911 4993 Vat.
1946 4940 2060 4994 bas.
2095 4939 2173 4992 sic
2205 4938 2383 5006 legere
2413 4947 2516 5000 cst,
2548 4932 2735 4990 Iiabens
2763 4949 2828 4988 ea:
2860 4932 3124 5006 natioitate
3148 4940 3268 4983 tunc
3297 4946 3392 4998 pa-

1792 5018 1919 5064 trem
1955 5020 2184 5072 lantum,
2217 5001 2281 5063 ei
2306 5007 2667 5061 constitutione
2696 5021 2830 5058 nunc
2858 5001 3027 5058 Deum
3066 5010 3112 5056 et
3148 5009 3349 5073 patrem
3373 5014 3392 5073 ς

1794 5091 1992 5135 tantum
2040 5098 2104 5137 ea:
2146 5070 2506 5135 constitutione
2535 5092 2670 5130 nunc
2697 5073 2894 5138 Deum,
2939 5074 3082 5145 quia,
3133 5070 3264 5134 etc.,
3299 5070 3393 5125 ubi

1793 5162 2124 5222 postremum
2157 5150 2455 5222 membrum
2502 5146 2993 5222 nonuihibpngnat
3020 5160 3140 5222 cunt
3190 5157 3389 5222 praece-

1791 5213 1956 5279 dente
1982 5241 1994 5276 :
2025 5223 2163 5278 sicut
2186 5230 2235 5274 et
2261 5221 2491 5289 primum
2517 5233 2637 5271 cum
2661 5213 2840 5271 verbis
2866 5213 3014 5270 num.
3048 5214 3256 5289 l5.hnbi
3277 5213 3388 5284 jam

1790 5293 2097 5349 audivimus
2125 5285 2401 5359 unigenito
2434 5289 2543 5344 Deo
2582 5298 2704 5343 ante
2733 5302 2949 5343 carnem
2978 5302 3100 5344 esse
3141 5285 3311 5340 Deum
3338 5294 3392 5339 ct

1792 5375 2002 5439 patrem
2030 5362 2323 5420 nativitatis
2351 5376 2485 5417 suae.

1864 5460 1949 5535 (ά)
1993 5460 2073 5535 [_ta
2106 5471 2219 5535 _ms.
2264 5454 2335 5511 At
2362 5453 2516 5535 editi,
2544 5468 2633 5535 per
2662 5450 2716 5505 id
2742 5450 2794 5504 in
2826 5450 2991 5517 nobis,
3018 5463 3139 5504 mox
3171 5446 3390 5519 prtulixa

1794 5523 2056 5607 particula
2082 5530 2205 5586 dum
2225 5537 2352 5584 ante
2379 5523 2519 5580 Deus
2545 5523 2647 5577 'est.

1866 5629 1941 5702 (ε)
1965 5628 2089 5687 Vat.
2120 5625 2235 5681 bas.
2263 5632 2320 5680 et
2346 5621 2548 5692 aliquot
2575 5619 2664 5675 alii
2692 5633 2819 5671 mss.
2864 5631 2964 5687 qua
2986 5614 3135 5669 homo
3159 5622 3256 5670 est.

1866 5720 1933 5797 (Γ)
1964 5723 2022 5779 In
2049 5718 2297 5792 vulgatis,
2320 5732 2383 5775 ea:
2401 5730 2524 5789 quo.
2554 5712 2774 5773 Rectius
2796 5715 2850 5768 in
2874 5725 3005 5769 mss.
3031 5726 3096 5769 ex
3126 5726 3247 5784 qua.
3271 5708 3391 5768 scil.

1795 5804 2006 5854 natura.
