3936 6196
549 238 647 293 411

1751 233 1995 294 SANCTI
2039 232 2295 290 HILARII
2338 233 2644 294 EHSCOPI
2709 237 2714 243 ’
3731 243 3813 299 4η

547 355 618 412 ab
644 371 710 413 eo
735 357 951 428 generis
978 359 1119 413 Deus
1160 358 1250 413 sit.
1283 357 1388 414 Sed
1426 357 1551 428 quia
1590 357 1668 431 (a)
1713 371 1779 414 ex
1823 355 1983 412 Patre
2013 353 2155 410 Deus
2182 356 2236 418 Α
2259 385 2328 396 --
2349 354 2463 411 Νοιι
2504 355 2740 414 afferunt
2777 364 2958 414 autem
2989 364 3234 428 tempora
3271 356 3354 414 vel
3383 364 3576 415 aetates
3620 358 3814 432 Spiritus

553 459 712 507 natus
737 462 851 518 est,
882 462 937 508 et
965 466 1032 506 ex
1063 450 1462 518 dispenSatlone
1502 467 1694 509 servus
1723 461 1840 517 est;
1875 450 2069 506 habeat
2097 458 2154 506 et

553 543 638 618 (b)
669 553 872 615 patrem
893 585 908 610 ,
954 543 1082 600 dum
1113 558 1180 600 ex
1209 559 1276 600 eo
1318 545 1461 601 Deus
1503 554 1616 610 est;
1647 553 1702 600 et
1741 544 1910 600 Deum
1956 558 2151 609 suum,

553 637 680 693 dum
707 653 772 694 ex
807 637 1024 707 Virgine
1053 651 1182 694 caro
1207 646 1309 693 est.
1345 639 1503 707 Quod
1535 639 1686 697 brevi
1714 650 1874 710 atque
1903 638 2154 694 absoluto

551 728 844 800 Apostolus
869 743 1119 784 sermone
1145 731 1446 801 consignat,
1479 732 1704 789 dicens:
1737 731 2153 788 Commemorans

551 826 608 880 in
631 824 949 879 orationibus
976 825 1122 892 meis,
1142 838 1195 882 ut
1214 823 1357 881 Deus
1379 824 1585 881 Domini
1607 827 1768 882 nostri
1794 825 1922 880 Jesu
1943 824 2149 891 Christi,

554 928 704 987 pater
728 918 1012 985 claritatis,
1048 920 1131 972 det
1162 921 1302 975 vobis
1328 921 1562 992 spiritum
1587 920 1849 990 sapientite
1878 929 1925 974 et
1963 919 2154 973 reuela-

555 1009 710 1064 tionis
741 1007 960 1081 (Ep/tes.
993 1026 1043 1076 l,
1081 1010 1146 1064 16
1190 1024 1237 1066 et
1281 1012 1393 1082 17).
1427 1011 1526 1068 Ubi
1559 1013 1700 1067 enim
1732 1010 1888 1068 Jesus
1909 1009 2156 1066 Christus

558 1111 660 1171 est,
698 1103 770 1158 ibi
792 1104 934 1160 Deus
953 1105 1072 1173 ejus
1101 1113 1185 1160 est
1209 1123 1222 1156 :
1258 1105 1348 1160 ubi
1378 1121 1508 1160 vero
1529 1105 1748 1160 claritas
1775 1113 1880 1171 est,
1911 1104 1981 1159 ibi
2005 1113 2156 1173 pater

558 1201 664 1250 est.
711 1193 810 1261 Qui
854 1196 1031 1265 itaque
1074 1194 1292 1251 Christo
1330 1196 1625 1252 secundum
1666 1196 1832 1269 386
1858 1195 2154 1250 claritatem

561 1293 718 1356 pater
747 1297 850 1352 εει,
884 1287 1024 1341 idem
1058 1285 1274 1342 Christo
1313 1288 1606 1344 secundum
1637 1288 1817 1344 Jesutn
1867 1287 2006 1343 Deus
2049 1294 2151 1343 est.

558 1379 742 1435 Jcsum
763 1381 906 1435 enim
931 1381 1168 1451 Angelus
1183 1378 1455 1436 Christum
1474 1382 1780 1448 Dominum,
1809 1397 1966 1448 quem
1995 1380 2157 1437 Maria

558 1482 704 1527 esset
738 1473 981 1544 paritura
1005 1513 1018 1539 ,
1047 1475 1392 1544 cognominat
1424 1473 1639 1547 (Matth.
1674 1489 1713 1538 ι.
1744 1473 1858 1546 21).
1887 1473 2156 1529 Czcterum

556 1565 833 1622 Christum
860 1567 1146 1622 Dominum
1181 1566 1255 1641 (ε)
1295 1565 1554 1638 Spiritum
1586 1568 1867 1638 prophetia
1901 1566 2154 1637 loquitur.

557 1661 627 1717 Et
682 1661 954 1731 plerisque
1011 1660 1092 1732 (ά)
1149 1662 1443 1718 secundum
1499 1661 1817 1718 latinitatem
1875 1660 2158 1717 obscurius

2255 448 2644 516 diversitatem,
2671 459 2730 504 ut
2755 465 2860 506 non
2883 449 3000 520 ipse
3021 459 3184 522 atque
3210 449 3351 506 idem
3375 447 3629 507 Christus
3653 452 3703 508 in
3721 468 3816 508 ror-

2255 558 2388 615 pore
2416 543 2506 610 sit,
2535 545 2626 613 qui
2653 545 2852 600 mansit
2875 543 2945 617 (e)
2965 543 3168 614 Spiritu
3195 543 3249 599 in
3276 543 3578 615 prophetis.
3605 544 3816 617 Loquens

2255 635 2397 692 enim
2427 651 2521 706 per
2544 651 2608 692 os
2635 636 2805 691 sancti
2830 635 3146 706 patriarcha:
3170 636 3335 692 David
3360 652 3370 690 :
3399 635 3568 692 Duxit
3596 646 3661 700 te.
3685 635 3816 704 Deus,

2255 727 2398 785 Deus
2421 741 2537 786 tuus
2565 730 2677 786 oleo
2705 731 3059 787 multationis
3080 731 3158 804 (l)
3176 733 3363 803 prtem
3385 732 3719 804 participibus
3743 737 3820 789 tuis

2258 821 2434 894 (Psal.
2467 839 2610 888 xuv,
2641 824 2731 894 8),
2764 839 2871 880 non
2909 825 3204 880 secundum
3231 837 3632 881 sacramentum
3661 826 3818 891 aliud.

2255 929 2415 984 quam
2463 915 2759 970 secundum
2805 916 3262 986 dispensationem
3302 919 3568 988 assumpti
3610 920 3824 988 corporis

2255 1013 2340 1061 est
2368 1006 2595 1063 locutus.
2630 1007 2711 1080 (a)
2754 1007 2887 1064 Nam
2917 1009 3009 1081 qui
3053 1025 3194 1065 nune
3240 1009 3500 1066 fratribus
3550 1011 3823 1076 mandans,

2257 1109 2462 1169 patrem
2509 1114 2695 1155 eorunt
2742 1110 2948 1172 patrem
2993 1118 3150 1157 suum
3177 1111 3231 1158 et
3263 1103 3432 1159 Deum
3464 1119 3654 1159 eorum
3682 1105 3822 1161 Deum

2258 1207 2415 1249 suum
2443 1209 2587 1261 esse,
2631 1205 2757 1251 tunc
2799 1211 3013 1265 quoque
3045 1204 3264 1252 unctum
3295 1211 3357 1253 se
3385 1212 3414 1251 a
3463 1197 3577 1252 Deo
3617 1214 3710 1254 suo
3735 1215 3826 1268 pra:

2261 1286 2607 1356 participibus
2623 1288 2734 1342 suis
2751 1287 3099 1359 loquebatur:
3115 1297 3176 1344 ut
3193 1289 3320 1344 dum
3340 1290 3623 1361 unigenito
3643 1290 3828 1347 Christo

2258 1377 2372 1434 Deo
2405 1377 2582 1435 Verho
2627 1381 2895 1450 particeps
2921 1396 3026 1435 non
3058 1391 3177 1447 est,
3212 1383 3485 1452 particeps
3513 1389 3686 1438 tamen
3707 1386 3750 1438 ei
3773 1400 3828 1438 ex

2259 1485 2320 1526 ea
2350 1481 2665 1528 nosceretur
2693 1473 3180 1546 assumptionequa
3198 1488 3327 1530 caro
3353 1483 3462 1530 est.
3494 1473 3686 1530 Unctio
3708 1475 3828 1531 enim

2261 1564 2347 1619 illa
2380 1581 2484 1620 non
2513 1566 2682 1622 beata:
2711 1567 2787 1622 illi
2816 1577 2872 1624 et
2899 1569 3224 1639 incorrupta:
3245 1578 3302 1626 et
3323 1570 3376 1625 in
3402 1577 3598 1624 natura
3625 1569 3712 1624 Dei
3736 1585 3833 1624 ma.

2260 1660 2407 1713 neuti
2440 1658 2706 1713 nativitati
2734 1659 2989 1730 profecit,
3021 1661 3114 1716 sed
3155 1660 3401 1732 corporis
3443 1671 3769 1718 sacramento
3789 1675 3832 1718 et

559 1753 662 1809 hoc
690 1752 892 1807 dictum
926 1751 1139 1809 videtur
1164 1769 1177 1808 :
1208 1753 1330 1824 quia
1356 1753 1592 1809 latinitas
1616 1753 2025 1824 pronominibus
2050 1767 2152 1809 non

2261 1751 2672 1806 sanctiﬁcationi
2705 1751 2937 1808 hominis
2963 1755 3249 1824 assumpti,
3280 1754 3447 1811 Petro
3476 1755 3718 1824 apostolo
3743 1762 3834 1809 tes-

556 1846 748 1910 utitur,
772 1860 894 1915 quae
913 1845 1161 1916 graecitas
1183 1860 1281 1900 usu
1305 1845 1535 1902 honesto
1553 1855 1606 1901 et
1622 1845 1928 1901 necessario
1941 1860 2157 1915 semper

557 1947 800 2009 usurpat.
844 1939 920 1994 Ita
965 1937 1110 1994 enim
1154 1938 1406 1994 scribitur
1435 1956 1448 1992 :
1478 1940 1505 1995 ὁ
1534 1940 1642 2002 θεὸς
1669 1947 1760 1997 τοῦ
1802 1940 1986 2016 Κυρίου
2016 1941 2156 2011 ἡμῶν

559 2031 723 2092 Ἰησοῦ
749 2031 1030 2110 Χριστοῦ,ὁ
1051 2037 1223 2110 πατὴρ
1243 2048 1338 2095 τῆς
1359 2031 1825 2100 δόξης.ριιι›ηιοάυ
1851 2033 2155 2101 nobiscum,

559 2127 606 2182 si
631 2141 846 2196 semper
875 2125 1251 2196 pronominum
1278 2127 1610 2183 consuetudo
1633 2135 1796 2194 esset,
1828 2127 1897 2182 ita
1922 2142 2161 2197 pronun-

557 2220 782 2276 tiaretur
815 2238 827 2275 :
864 2219 962 2275 Ille
996 2217 1140 2275 Deus
1175 2220 1318 2274 illius
1359 2219 1566 2275 Domini
1592 2221 1754 2274 nostri
1792 2219 1919 2274 Jesu
1947 2219 2155 2287 Christi,

556 2315 648 2370 ille
674 2323 817 2384 pater
842 2314 987 2372 illius
1013 2315 1284 2369 claritatis.
1321 2314 1424 2370 Per
1452 2313 1506 2370 id
1533 2315 1698 2381 enim,
1725 2314 1865 2384 quod
1896 2315 1987 2370 ille
2017 2314 2159 2370 Deus

558 2405 701 2460 illius
739 2405 868 2461 .lcsu
908 2404 1106 2462 Christi
1133 2416 1248 2472 est,
1278 2418 1333 2463 et
1374 2407 1461 2462 ille
1507 2416 1658 2477 pater
1686 2407 1826 2462 illius
1853 2407 2150 2472 claritatis,

558 2497 799 2567 quaedam
827 2498 1121 2553 secundum
1149 2499 1506 2568 capacitatem
1535 2514 1728 2555 sensus
1755 2499 1925 2554 nostri
1953 2499 2156 2554 intelli-

555 2589 750 2659 gentiae
774 2587 1079 2658 proprietas
1099 2604 1353 2659 expressa
1376 2600 1458 2645 est
1482 2607 1496 2645 :
1521 2601 1578 2645 ut
1597 2588 1796 2647 Christi
1821 2591 1910 2646 ubi
1935 2590 2156 2647 claritas

555 2693 659 2749 est,
693 2680 764 2736 ibi
797 2682 939 2738 Deus
969 2691 1122 2754 pater
1149 2681 1267 2752 ejus
1296 2683 1401 2750 sit;
1433 2683 1524 2738 ubi
1555 2698 1682 2738 vero
1711 2681 1958 2740 Christus
1995 2682 2154 2740 Iesus

556 2783 660 2839 eSI,
689 2772 761 2828 ibi
795 2782 944 2844 pater
986 2773 1128 2829 Deus
1169 2789 1298 2828 suus
1327 2775 1422 2845 sit;
1458 2775 1664 2831 habens
1702 2775 1871 2830 Deum
1897 2789 2056 2833 suum
2095 2776 2152 2832 in

554 2865 957 2936 disttensatione
998 2883 1119 2925 cum
1150 2882 1342 2924 servus
1370 2876 1472 2933 est,
1505 2874 1562 2924 et
1591 2876 1797 2939 patrem
1830 2868 1882 2923 in
1907 2867 2153 2926 claritate

554 2972 677 3016 cum
713 2959 854 3014 Deus
880 2959 972 3014 sit.

2259 1851 2428 1909 tante,
2454 1856 2575 1898 cum
2602 1844 2720 1899 ait:
2746 1843 3100 1900 Convenernut
3125 1848 3256 1900 enim
3281 1847 3360 1916 (It)
3394 1848 3453 1901 in
3480 1849 3687 1902 veritate
3709 1847 3756 1900 in
3781 1848 3835 1900 ci-

2259 1935 2410 1990 vitate
2437 1936 2536 1990 ista
2564 1936 2834 1991 aduersum
2858 1948 3093 1992 sanctum
3121 1938 3282 2011 387
3311 1948 3460 1993 tuum
3490 1939 3653 2010 ﬁlium
3681 1937 3834 1994 Iesum

2258 2045 2407 2100 quem
2431 2029 2622 2084 unxisti
2648 2029 2782 2100 (Act.
2817 2045 2891 2099 tv,
2912 2030 3027 2102 27).
3055 2032 3121 2086 Ει
3147 2048 3390 2088 rursum:
3432 2033 3543 2090 Vos
3566 2034 3704 2088 scitis
3721 2034 3835 2104 quod

2258 2119 2450 2190 fectant
2479 2131 2551 2175 est
2577 2121 2784 2176 uerbum
2813 2137 2903 2194 per
2930 2123 3218 2178 universam
3250 2122 3532 2192 Judteam,
3553 2125 3789 2193 incipiens
3809 2142 3834 2177 a

2264 2212 2482 2269 Galiltea
2507 2224 2624 2284 post
2649 2215 2958 2287 baptismum
2994 2217 3133 2289 quod
3157 2218 3460 2289 pmdicasit
3487 2218 3731 2283 Joannes,
3756 2218 3834 2271 Jeo

2259 2325 2372 2364 sum
2397 2307 2478 2382 (2)
2502 2309 2838 2376 Nasarceum,
2859 2311 3114 2380 quomodo
3137 2313 3284 2367 unxit
3309 2311 3467 2366 illum
3494 2309 3638 2369 Deus
3661 2311 3831 2376 Spiritu

2258 2411 2436 2456 sancto
2464 2411 2510 2456 et
2531 2402 2713 2456 uirtute
2739 2401 2876 2474 (Act.
2909 2418 2969 2469 κ,
2997 2403 3065 2458 37
3091 2412 3136 2457 et
3163 2401 3280 2474 58).
3309 2402 3474 2459 Jesus
3493 2417 3624 2474 ergo
3649 2401 3834 2472 ungitur

2260 2493 2328 2549 ad
2356 2503 2756 2550 sacramentum
2784 2495 2963 2550 carnis
3001 2494 3066 2567 (ί)
3106 2505 3466 2566 regeneratus.
3515 2495 3584 2553 Et
3607 2494 3832 2566 quemad-

2259 2589 2476 2645 modum
2507 2588 2696 2660 spiritu
2736 2588 2831 2645 Dei
2859 2597 2914 2646 et
2939 2589 3136 2646 virtute
3172 2598 3370 2646 unctus
3409 2591 3520 2657 sit,
3552 2605 3658 2646 non
3682 2590 3829 2643 ambi-

2259 2697 2421 2752 guum
2459 2690 2579 2749 est,
2611 2691 2724 2738 tum
2769 2697 2891 2738 cum
2915 2682 3280 2739 adscendente
3301 2697 3367 2739 eo
3393 2684 3468 2740 de
3494 2682 3722 2741 Iordane
3743 2695 3829 2737 vos

2261 2776 2356 2832 Dei
2389 2777 2555 2847 patris
2579 2777 2760 2832 audita
2785 2787 2899 2832 est:
2933 2774 3102 2832 Filius
3132 2793 3272 2832 meus
3294 2791 3348 2832 es
3375 2785 3454 2844 tu,
3480 2793 3575 2848 ego
3599 2775 3740 2830 hodie
3761 2789 3826 2844 ge-

2261 2870 2351 2924 nui
2377 2879 2424 2925 te
2453 2868 2628 2942 (Psat.
2665 2886 2721 2936 tt,
2756 2866 2812 2942 6)
2838 2887 2851 2924 :
2882 2877 2937 2924 ut
2964 2884 3060 2940 per
3089 2868 3192 2926 hoc
3221 2869 3596 2926 testimonium
3621 2866 3829 2924 sanctiﬁ-

2259 2973 2394 3018 cata;
2422 2963 2474 3019 in
2502 2977 2568 3018 eo
2592 2962 2793 3032 carnis,
2820 2961 3003 3018 unctio
3025 2961 3283 3033 spiritalis
3307 2962 3530 3020 virtutis
3553 2960 3629 3036 (ᾗ
3652 2972 3828 3049 cogno-

628 3052 717 3108 18.
750 3049 829 3108 De
857 3052 1061 3108 Christo
1089 3060 1144 3106 ut
1170 3052 1375 3108 homine
1401 3052 1595 3112 dictum
1617 3060 1731 3109 est:
1762 3051 1928 3112 Unxit
1950 3061 2024 3122 te,
2049 3064 2146 3112 etc.
2178 3039 2224 3104 C
2255 3063 2519 3112 sceretur.

627 3190 708 3262 (1)
748 3188 870 3245 Prae
899 3189 1173 3262 participes
1219 3200 1355 3258 tuos,
1399 3202 1452 3246 et
1482 3193 1558 3247 sic
1587 3192 1843 3262 deinceps
1887 3193 2145 3262 particula

554 3278 664 3333 pra:
687 3261 808 3317 cum
837 3261 1122 3317 accusandi
1147 3275 1276 3319 casn
1297 3267 1641 3331 construitur,
1675 3261 1832 3337 paulo
1864 3261 2005 3336 post,
2029 3280 2149 3320 nam

631 3400 706 3466 (a)
735 3399 895 3457 Solus
915 3398 1082 3455 codex
1114 3399 1234 3456 Vat.
1260 3401 1374 3455 bas.
1407 3418 1468 3456 ex
1501 3399 1608 3456 Deo
1638 3399 1816 3457 Patre.

629 3471 703 3546 (b)
737 3473 880 3546 Lips.
921 3479 976 3526 ct
1015 3471 1137 3546 Par.
1173 3487 1435 3546 cum__ms.
1468 3472 1680 3528 Martin.
1728 3483 1925 3544 patrem
1963 3469 2151 3527 Deum.

554 3543 690 3599 Tum
721 3545 859 3598 idem
886 3558 986 3598 ms.
1018 3544 1264 3614 aliusque
1288 3544 1406 3599 Vat.
1433 3547 1544 3597 has.
1573 3546 1694 3598 dum
1715 3543 1780 3600 ea:
1800 3561 1859 3598 eo
1887 3554 1990 3598 toto
2023 3554 2156 3600 totus

556 3614 694 3671 Deus
721 3625 815 3670 est.
845 3616 903 3671 In
933 3616 1208 3670 nonnullis
1230 3615 1367 3681 aliis,
1399 3615 1524 3669 dum
1545 3633 1606 3670 ea:
1633 3615 1743 3670 Deo
1766 3616 1902 3672 Deus
1921 3626 2015 3672 est.

629 3687 700 3760 (ιζ)
749 3685 838 3740 Sic
888 3701 1018 3760 mss.
1061 3685 1309 3760 At_Bad.
1373 3687 1584 3760 spiritus
1623 3689 1926 3760 prOphetiw.
1988 3687 2153 3760 Porro

553 3754 824 3830 Christum
858 3757 1112 3826 spiritum,
1134 3755 1253 3830 hoc
1284 3754 1584 3823 est,'l)eum
1616 3754 1737 3814 esse
1766 3774 1832 3813 ex
1870 3758 2147 3830 prophetia

595 3827 838 3881 rohatum
870 3837 949 3880 est
983 3836 1094 3881 toto
1134 3827 1271 3881 libro
1313 3842 1384 3893 tv,
1417 3837 1475 3883 et
1519 3830 1831 3884 nominatim
1873 3827 1940 3885 es
1971 3827 2148 3886 verbis

607 3897 746 4024 :Illllid,
778 3899 973 4022 ("bilius
1000 3914 1102 3955 non
1138 3906 1341 3954 tantum
1372 3915 1597 3971 ungens,
1628 3902 1721 3957 sed
1747 3912 1802 3956 et
1831 3912 2024 3958 unctus
2053 3917 2149 3974 ap-

607 3984 622 4024 :
669 3982 787 4024 atur
871 3987 976 4024 eus.

593 3982 787 4024 ettatur
821 3982 976 4024 Deus.

554 3985 787 4040 pellatur
821 3985 976 4024 ueus.

632 4037 713 4114 (ά)
746 4041 877 4095 Bad.
916 4055 1037 4096 cum
1079 4041 1386 4112 antiquiore
1423 4042 1577 4100 Colb.
1610 4057 1675 4099 ac
1715 4042 1987 4100 nonnullis
2027 4042 2148 4098 aliis

555 4125 686 4166 mss.
717 4113 994 4167 secundum
1024 4115 1358 4168 natiuitatem.

629 4184 700 4258 te)
723 4184 876 4258 __Editi
899 4229 912 4252 ,
956 4187 1169 4258 spiritus
1197 4202 1216 4241 :
1246 4185 1638 4258 refragantibus
1678 4201 1812 4242 mss.
1846 4187 1948 4256 Qui
1980 4201 2146 4258 man-3

555 4257 686 4326 serit
713 4255 917 4323 Spiritu
938 4297 951 4316 ,
983 4255 1241 4312 continuo
1267 4255 1598 4324 declaratur,
1625 4273 1744 4314 cum
1775 4255 1955 4326 peros
1979 4257 2150 4314 David

556 4324 765 4396 loeutus
796 4341 917 4382 esse
943 4327 1272 4395 perhibetur.
1299 4330 1415 4396 Quo
1442 4338 1650 4395 spectat
1673 4324 1803 4384 illud
1834 4327 2154 4385 Tertulliani

554 4395 649 4450 lib.
680 4405 948 4471 tucontra
968 4396 1224 4454 Marcion.
1264 4395 1414 4453 n.76:
1452 4401 1562 4454 Nos
1583 4400 1788 4471 quidem
1836 4401 1960 4456 certi
1995 4399 2150 4471 Chri-

555 4475 688 4542 stum
709 4484 906 4542 semper
931 4469 985 4521 in
1017 4471 1279 4542 prophetis
1304 4471 1549 4539 locutum,
1584 4469 1835 4542 Spiritum
1857 4473 1971 4527 scil.
2005 4470 2156 4542 Crea-

2252 3209 2380 3259 quas
2409 3208 2561 3247 nunc.

2328 3263 2408 3337 (ἓ)
2442 3262 2756 3319 Nazarettm.

2259 3402 2432 3471 placet
2466 3416 2590 3457 cum
2625 3399 2812 3457 codice
2853 3397 2970 3456 Vat.
3001 3399 3116 3455 bas.
3149 3414 3212 3454 ac
3252 3399 3530 3455 nonnullis
3559 3396 3701 3460 aliis,
3729 3410 3828 3449 nam

2257 3475 2344 3541 qui
2369 3490 2522 3527 nunc.
2548 3474 2716 3528 Antea
2739 3471 2917 3528 verbis
2939 3471 3220 3525 secundum
3245 3479 3626 3525 sacramentum
3649 3479 3828 3537 tempus

2257 3545 2388 3600 illud
2413 3543 2745 3614 designatur,
2770 3544 2912 3614 quod
2934 3543 3134 3599 Christi
3163 3544 3598 3614 corporationem
3617 3552 3830 3614 pulices-

2256 3617 2351 3692 sit,
2383 3608 2608 3692 camq'ne
2639 3608 3008 3692 adunibravit,
3043 3608 3338 3692 quando}.
3368 3629 3425 3684 g.
3460 3608 3831 3692 Abraham'Dtto

2257 3688 2454 3740 minum
2497 3687 2765 3748 adoravit,
2823 3694 3198 3741 sacramentum
3238 3688 3433 3754 futura:
3487 3687 3828 3754 corporationis

2258 3773 2559 3828 agnoscens,
2594 3765 2650 3812 ut
2677 3758 2871 3812 dicitur
2902 3757 2992 3811 lib.
3029 3771 3101 3820 tv,
3135 3757 3312 3828 p.27.

2329 3829 2409 3901 (h)
2441 3828 2570 3884 Bad.
2604 3838 2658 3883 et
2687 3829 2778 3882 Er.
2812 3829 2925 3901 uiri.
2947 3828 3091 3897 Lips.
3115 3839 3169 3881 et
3201 3827 3319 3882 Par.
3343 3825 3696 3901 seretverins
3714 3831 3825 3876 mss.

2256 3899 2494 3974 potiores
2513 3939 2527 3964 ,
2557 3901 2609 3974 in
2631 3901 2877 3974 ueritate,
2906 3900 3062 3974 juxta
3091 3913 3324 3974 graecum
3354 3899 3704 3974 ἐπ’ᾀληθιίας.
3783 3962 3793 3974 ο

2328 3969 2395 4044 (ἱ)
2420 3971 2530 4026 Hoc
2559 3971 2770 4044 videtur
2797 3969 3204 4044 intelligendum
3235 3985 3301 4026 ex
3335 3969 3520 4044 verbis
3542 3984 3658 4038 cap.
3708 3980 3741 4019 tt
3783 3969 3824 4016 in

2255 4040 2441 4100 Matth.
2472 4057 2526 4096 n.
2557 4041 2612 4106 5,
2647 4043 2732 4098 ubi
2765 4043 2843 4097 ait
2871 4060 2884 4097 :
2919 4040 3041 4114 Ipse
3079 4040 3286 4109 quidem
3326 4041 3520 4114 lavacri
3565 4052 3709 4114 egens
3743 4050 3828 4114 non

2253 4124 2384 4170 erat.
2413 4114 2518 4169 Sed
2534 4116 2660 4184 quia
2677 4109 2997 4184 assumptum
3016 4114 3080 4166 ab
3100 4129 3159 4167 eo
3184 4113 3456 4167 creationis
3476 4119 3664 4166 nostra:
3683 4109 3828 4178 fuerat

2256 4198 2302 4242 et
2339 4203 2525 4256 corpus
2546 4195 2594 4239 et
2621 4201 2803 4258 nomen
2831 4201 2852 4240 :
2875 4185 3010 4258 ideo
3030 4199 3181 4258 omne
3203 4185 3259 4238 in
3285 4200 3342 4239 se
3369 4189 3736 4258 sacramentum
3754 4191 3826 4258 sa-

2258 4258 2379 4313 lutis
2402 4250 2586 4313 nostra:
2606 4255 2844 4326 explevit.
2861 4255 3012 4324 Quod
3034 4253 3232 4310 ibidem
3250 4257 3512 4324 repetitur
3531 4253 3610 4308 Itis
3631 4250 3789 4304 verbis
3810 4264 3821 4326 :_

2258 4331 2422 4398 Atque
2450 4330 2523 4383 ita
2556 4338 2602 4382 et
2634 4323 2902 4397 prophetici
2934 4327 3218 4381 testimonio
3252 4323 3454 4380 lauacro
3493 4341 3596 4380 non
3631 4328 3758 4392 eget,
3786 4323 3824 4368 et

2259 4402 2478 4469 exempli
2524 4401 2606 4454 sui
2660 4402 2962 4453 auctoritate
3010 4399 3246 4452 humana:
3295 4398 3479 4453 salutis
3534 4397 3822 4469 sacramenta

2257 4465 2606 4538 consummat,
2655 4470 2910 4527 hominem
2946 4479 2999 4526 et
3049 4469 3398 4540 assumptione
3438 4465 3750 4534 sanctiﬁcans
3784 4467 3822 4511 et

557 4537 703 4613 toris.
735 4537 1069 4613 Quamquam
1103 4540 1337 4613 l-lilarius
1367 4541 1459 4596 lib.
1494 4537 1544 4596 tt
1575 4537 1643 4596 de
1681 4542 1831 4597 Trin.
1875 4560 1930 4598 n.
1963 4543 1997 4599 ’5
2029 4541 2149 4613 Spi-
2178 4537 2232 4602 D
2258 4545 2484 4613 lavacro.

555 4609 786 4736 rilllltlllolll
806 4609 1080 4681 prepltetis
1101 4611 1333 4666 locutum
1352 4613 1561 4667 tertiam
1576 4613 1854 4670 Trinitatis
1868 4609 2152 4686 personam

558 4696 666 4736 lira!
711 4692 834 4736 tcat.

558 4685 834 4751 praedicat.

632 4751 704 4825 (ί)
735 4751 792 4828 In
832 4768 968 4828 mss.
1005 4767 1198 4824 magno
1227 4768 1531 4828 consensui,
1571 4772 1680 4828 prta
1705 4755 1985 4828 participes
2016 4765 2150 4828 tuos.

556 4820 730 4879 Sic'et
757 4823 1014 4898 deinceps
1044 4820 1355 4898 constanter
1385 4820 1643 4898 particttla
1681 4820 1788 4898 πίνω
1813 4820 2155 4898 conjungitur

557 4908 678 4968 cum
709 4895 1000 4968 accusandi,
1031 4911 1180 4952 casu.
1214 4894 1344 4952 item
1369 4894 1508 4968 quod
1533 4899 1642 4966 jam
1673 4894 2148 4968 observatinm'est,

561 4965 826 5041 Hilarium
854 4983 959 5022 non
990 4967 1182 5038 legisse
1222 4965 1400 5041 καιροί
1422 4968 1515 5041 sed
1537 4965 1768 5041 ruugueo,
1802 4967 2153 5028 conﬁttnatur

558 5052 621 5092 ex
652 5038 768 5111 hoc
812 5039 955 5104 loco,
999 5041 1086 5094 ubi
1134 5043 1183 5095 in
1209 5038 1591 5096 vetustioribus
1621 5038 1756 5096 mss.
1791 5057 1888 5111 pro
1921 5042 2148 5109 ungitur,

457 5166 460 5168 γ
557 5109 815 5196 scriptum
847 5121 1249 5196 estunguetur;
1280 5122 1659 5196 etungueatur,
1691 5109 2040 5196 ppo’ungjttur.
2074 5113 2149 5168 Ex

559 5183 858 5250 Augustino
890 5182 981 5236 lib.
1011 5181 1047 5238 ti
1093 5195 1278 5239 contra
1305 5181 1578 5238 Maxitnin.
1611 5200 1660 5241 c.
1687 5181 1775 5248 16,
1801 5201 1854 5238 n.
1883 5181 1940 5252 3,
1965 5183 2152 5242 obser-

556 5265 744 5328 yatnus
773 5254 966 5328 obiter,
995 5253 1274 5328 haereticos
1304 5255 1423 5310 ideo
1446 5256 1682 5328 noluisse
1705 5257 1845 5311 hunc
1871 5255 2152 5328 protthette

558 5320 734 5398 locum
780 5323 1197 5398 servili_Christi
1240 5325 1638 5398 fortnacaptari
1676 5320 2150 5398 ptisse,'qubrtiattt

556 5394 802 5469 scriptum
835 5406 932 5460 est,
968 5396 1132 5469 Unxit
1163 5407 1232 5464 te,
1264 5409 1392 5469 εις..
1428 5396 1576 5469 longe
1619 5394 1890 5469 antequam
1917 5394 2152 5454 Christus

555 5464 609 5516 in
636 5464 788 5519 carne
815 5469 1052 5540 uenisset.
1084 5468 1290 5537 Quibus
1321 5467 1412 5523 illo
1442 5464 1761 5540 respondet,
1792 5471 1846 5524 in
1879 5470 2150 5540 protthctia

559 5485 609 5516 tn
636 5485 788 5519 carne
815 5485 1052 5521 venisset.
1084 5485 1290 5537 uulnus
1321 5485 1412 5523 tuo
1442 5485 1528 5524 res
1571 5485 1761 5533 onuet,
1792 5485 1846 5524 tn
1879 5485 2150 5540 prophetia

559 5550 666 5613 esse
696 5539 1019 5613 pra'dictum,
1044 5549 1282 5611 tanquam
1325 5541 1480 5613 fuerit
1509 5485 1702 5608 {gelum
1724 5584 1738 5607 ,
1769 5541 1905 5611 quod
1935 5551 2040 5594 erat
2068 5544 2154 5613 fu-

563 5611 733 5687 turum
761 5624 779 5660 :
807 5617 859 5687 et
902 5609 1026 5676 hoc,
1069 5609 1193 5682 quia
1237 5613 1289 5666 in
1326 5609 1789 5680 ‘prtedestinatione
1819 5617 1934 5687 jam
1963 5609 2154 5684 factum

560 5686 691 5744 erat,
723 5679 859 5759 quod
883 5695 976 5736 suo
1006 5679 1228 5755 tempore
1250 5689 1484 5812 ﬂaturum
1505 5695 1630 5740 erat.

633 5746 709 5812 (9)
757 5748 897 5812 Edtti
935 5766 1056 5811 cum
1107 5755 1242 5812 Dluri
1286 5771 1345 5812 us
1389 5771 1521 5812 mss.
1553 5772 1630 5812 nat

633 5746 709 5818 (9)
736 5746 897 5815 Ἐαἰιί
935 5766 1056 5821 cum
1106 5746 1347 5826 pluribus
1389 5771 1521 5820 mss.
1553 5772 1769 5830 namque
1792 5770 1948 5814 nunc.
1990 5756 2158 5832 Magis

2330 4617 2404 4690 (j)
2431 4612 2487 4669 ld
2517 4620 2627 4690 est,
2651 4611 3111 4690 u_t_sat_tctilicatit_t_,
3143 4625 3303 4690 quam
3340 4609 3544 4666 homini
3575 4609 3820 4690 aSSumpto

2258 4681 2479 4757 praESLat
2499 4685 2758 4757 spiritalis
2779 4683 2961 4757 Virtus
2981 4700 3044 4740 ac
3066 4681 3298 4757 Verbum
3328 4695 3627 4757 assumens,
3649 4688 3823 4757 cogn};-

2255 4751 2611 4832 scercturfln
2647 4755 2893 4832 baptismi
2924 4766 3102 4832 autem
3134 4753 3408 4832 ablutiotte
3444 4751 3664 4832 habetur
3687 4751 3818 4832 testi:

2259 4830 2498 4884 monium
2557 4823 2904 4884 sanctiﬁcata
2958 4827 3177 4884 carnis:
3231 4825 3325 4882 sed
3380 4823 3628 4894 spiritalis
3686 4823 3818 4871 istius

2256 4900 2526 4955 unctionis
2558 4898 2793 4969 cognitio
2820 4914 2884 4954 ex
2912 4897 3085 4954 Patris
3125 4895 3293 4969 ipsius
3321 4895 3674 4969 declaratione
3699 4899 3818 4969 Ρνίξέ-

2257 4981 2447 5048 statur.
2481 4963 2698 5048 Sicutje,
2729 4980 2786 5048 ut
2812 4985 2930 5048 cap.
2956 4986 2992 5048 l_l
3019 4970 3071 5025 in
3099 4967 3282 5024 Matth.
3311 4985 3364 5024 tt.
3389 4963 3815 5048 βκάὶςίιυτηίςξξτς

2259 5044 2487 5098 monium
2509 5045 2571 5098 de
2597 5038 2818 5098 Domino
2843 5038 3059 5097 mittitur
3081 5049 3127 5098 et
3146 5038 3580 5108 contemplationis
3607 5045 3650 5088 ct
3669 5039 3813 5108 cocti:

2259 5097 2384 5168 dum
2429 5097 2600 5169 Filius
2627 5110 2726 5169 Dei
2763 5113 2943 5168 auditu
2972 5097 3358 5184 conspectuque:
3388 5114 3703 5184 monstratur,
3733 5097 3810 5184 ho-

2258 5187 2459 5242 minem
2499 5185 2617 5240 scil.
2665 5195 2719 5240 et
2756 5176 3126 5254 assumptione
3154 5176 3490 5254 sanctificare
3527 5188 3578 5233 et
3604 5176 3805 5254 lajflcf‘l;

2259 5241 2516 5330 Eantdem
2539 5272 2751 5330 quoque
2772 5241 3172 5330 Psalm'ttgraplti
3206 5252 3536 5330 prophetiam
3557 5247 3618 5330 ad
3636 5241 3806 5330 Christi

2258 5307 3107 5398 atp't'saa'...t.}stsaiugatas;
3125 5307 3172 5380 ιζ
3194 5307 3228 5379 ti
3244 5307 3646 5398 co'ntrastaiim.
3665 5307 3801 5398 calﬁt

2257 5391 2379 5454 ηδό
2411 5417 2424 5453 :
2461 5399 2500 5452 Α
2527 5397 2635 5453 Deo
2678 5391 3296 5469 Patre."tttquit,_uuctus
3334 5407 3406 5450 est
3436 5391 3616 5469 Filius,
3644 5391 3719 5469 qui
3745 5393 3803 5469 tif

2256 5453 2406 5527 homo
2437 5472 2602 5539 factus
2626 5453 2720 5533 est,
2753 5453 3244 5539 urtimanEret'Deus;
3270 5484 3370 5539 qua
3400 5453 3626 5539 unctione
3650 5453 3804 5539 ριετζιξε

2257 5521 2398 5606 aut;
2413 5521 2811 5615 amisistis
2829 5521 3048 5615 gesta;
3073 5521 3295 5615 ιξιῖέρξειι
3319 5521 3456 5608 quod
3476 5536 3534 5589 άε
3562 5521 3803 5615 tuatui:

2259 5595 2858 5685 ἠιιῂἐξιξλὲεῇἕὰιὶιὲηξ
2883 5595 3060 5685 plenus
3087 5595 3289 5685 Spiritu
3315 5595 3488 5685 sancto
3511 5595 3802 5685 τευςξςεκξ

2256 5701 2288 5740 a
2317 5669 2567 5814 rgum.
2603 5683 2810 5745 Videsis
2847 5669 3001 5746 tr'act.
3042 5669 3179 5759 psa'l.
3209 5699 3269 5754 ιι,
3299 5699 3357 5740 ιι.
3388 5677 3479 5750 29,
3519 5686 3572 5736 et
3594 5669 3679 5734 lib.
3705 5675 3802 5726 νιιιν

2259 5773 2317 5814 n.
2421 5795 2438 5814 ο
