3936 6196
80 239 170 293 “'5

1276 239 1362 294 DE
1403 238 1772 298 TRINITATE
1817 243 2018 302 LIBER
2060 247 2153 305 XI.

3229 257 3334 312 4H

141 353 215 408 l9.
241 350 318 406 De
347 349 506 406 Verbo
525 351 659 405 idem
680 351 871 407 dictum
891 353 1061 423 nequit
1082 321 1321 424 intelligi.
1345 353 1473 410 Cum
1494 355 1642 410 nulla
1667 359 1716 420 Α
1743 359 1816 415 ob
1854 376 2016 433 quam
2061 379 2090 419 a
2134 365 2246 421 Deo
2293 381 2395 424 suo
2437 381 2547 438 prae
2595 369 2946 441 participibus
3001 372 3242 441 ungitur;
3287 384 3343 430 et

79 450 197 503 illius
221 449 282 502 sit
307 461 482 500 causa.
512 442 639 499 Cum
670 455 853 500 unctus
875 446 941 500 sit
971 457 1156 500 natura
1184 443 1347 504 Deus.
1370 477 1442 488 —
1464 445 1638 504 Caete-

79 556 178 597 rum
202 554 314 594 cum
348 539 398 592 in
428 537 692 608 principio
711 536 850 607 apud
871 537 1040 593 Deum
1065 547 1184 594 erat
1208 539 1352 595 Deus
1377 539 1633 606 Verbum,

79 653 165 693 non
185 633 336 689 habet
350 633 512 688 ullam
541 640 634 686 aut
661 647 878 688 causam
908 640 1002 688 aut
1027 633 1424 690 enarrationem
1449 632 1520 707 (a)
1545 649 1639 688 na-

79 742 190 787 tura:
231 727 344 798 ejus
387 725 598 795 unctio,
649 742 767 798 quae
814 726 944 782 nihil
992 727 1136 784 aliud
1195 745 1354 799 quam
1396 744 1518 786 esse
1581 731 1634 785 in

79 821 311 894 principio
357 821 655 876 nuntiatur.
688 820 872 889 Neque
917 821 1106 877 habuit
1132 837 1263 878 sane
1291 822 1374 893 (i)
1403 822 1636 895 ungendi

77 931 124 972 se
160 929 244 982 per
267 912 516 983 spiritum
549 921 604 967 et
629 912 882 966 virtutem
917 911 1010 967 Dei
1041 914 1420 969 necessitatem
1456 914 1633 969 Deus:

77 1011 148 1080 qui
173 1007 256 1063 Dei
282 1015 334 1062 et
357 1005 590 1075 Spiritus
609 1015 753 1061 esset
779 1015 834 1060 et
858 1005 1063 1060 Virtus.
1089 1004 1318 1076 Ungitur
1341 1021 1472 1077 ergo
1494 1005 1636 1061 Deus

77 1117 99 1155 a
121 1100 218 1155 Deo
237 1113 330 1153 suo
354 1111 469 1168 prae
493 1097 836 1154 consortibus
864 1097 997 1153 suis.
1028 1096 1097 1152 Et
1127 1098 1171 1152 si
1205 1105 1330 1152 ante
1357 1098 1637 1166 dispensa-

77 1193 244 1249 tionem
269 1190 446 1246 carnis
481 1190 664 1261 plures
705 1204 774 1246 ex
805 1191 922 1260 iege
961 1198 1088 1244 sunt
1126 1188 1360 1255 Christi;
1389 1189 1636 1246 Christus

76 1299 208 1352 nunc,
237 1284 320 1355 qui
347 1297 458 1354 prie
487 1282 838 1353 participibus
859 1283 1099 1353 ungitur,
1127 1283 1395 1352 posterior
1422 1283 1476 1336 in
1500 1292 1635 1339 lem-

74 1395 180 1452 pore
196 1387 291 1443 est,
313 1378 440 1433 dum
465 1379 642 1434 unctis
668 1378 1016 1448 participibus
1039 1377 1360 1434 antefertur.
1391 1378 1635 1449 Denique

74 1473 145 1527 ille
180 1470 463 1543 prophetiae
500 1485 686 1526 sermo
713 1471 1075 1542 posteriorem
1102 1472 1409 1527 unctionem
1459 1471 1630 1539 hanc,

73 1581 168 1636 quae
193 1565 240 1618 in
267 1572 506 1633 tempore
531 1573 698 1633 esset,
732 1563 971 1619 ostendit
994 1563 1180 1619 dicens
1208 1583 1221 1619 :
1251 1562 1495 1620 Ditexisti
1513 1568 1635 1638 jus-

73 1659 233 1722 titiam,
261 1665 304 1709 et
329 1655 484 1710 odisti
509 1656 860 1722 iniquitatem;
891 1665 1160 1727 propterea
1186 1657 1333 1711 unxit
1355 1665 1432 1723 te,
1467 1654 1628 1724 Deus,

1741 462 2053 524 promet-ea,
2106 459 2228 528 quia
2274 459 2538 528 jttsliliam
2587 461 2840 517 dilexerit
2885 472 2937 517 et
2995 462 3338 535 luiqttitatetn

1740 549 1944 619 oderit,
1993 564 2220 623 ungatur
2251 574 2264 609 :
2296 570 2394 612 cur
2437 557 2716 628 propheta:
2761 572 2943 614 sermo
2973 574 3077 615 non
3108 562 3174 614 ad
3216 573 3338 618 eam

1739 639 1939 698 Christi
1969 653 2214 700 naturam
2244 648 2552 716 pertinebit,
2586 648 2639 703 in
2667 663 2770 719 qua
2813 649 2865 705 ei
2904 657 3033 705 sunt
3069 667 3135 706 ex
3161 655 3339 708 carnis

1739 733 2110 805 assumptione
2156 738 2486 808 participes?
2515 755 2637 796 cunt
2667 741 2964 811 praesertim
3003 742 3072 796 ita
3106 743 3335 814 se‘pro-

1739 827 1935 898 phetite
1973 829 2204 900 Spiritus
2255 833 2670 901 temperaverit,
2713 843 2770 887 ut
2819 833 2945 888 dum
2980 833 3120 888 Deus
3162 849 3193 890 a
3225 833 3336 890 Deo

1738 933 1840 974 suo
1872 922 2109 991 ungitur,
2138 923 2207 978 sit
2229 923 2277 978 ei
2307 932 2360 978 et
2387 925 2437 976 iu
2465 924 2867 994 dispensatione
2900 925 3169 982 unctionis
3190 929 3334 997 quod

1740 1012 1884 1068 Deus
1906 1028 2034 1069 suus
2053 1023 2156 1081 est,
2178 1023 2233 1069 et
2261 1016 2312 1070 in
2343 1026 2531 1070 natura
2559 1016 2700 1085 quod
2721 1016 2863 1071 Deus
2880 1026 2980 1073 est.
3011 1019 3152 1074 Deus
3173 1021 3337 1090 igitur

1741 1103 1962 1174 ungitur
1992 1121 2006 1158 :
2047 1105 2143 1161 sed
2172 1121 2360 1176 quaero
2401 1122 2468 1161 an
2499 1105 2549 1161 id
2569 1147 2583 1171 ,
2611 1107 2754 1176 quod
2799 1108 2851 1162 in
2885 1109 3148 1178 principio
3196 1111 3334 1166 Deus

1739 1207 1855 1252 erat
1885 1197 2156 1266 Verbum,
2189 1209 2410 1254 unctum
2441 1199 2559 1255 sit?
2589 1199 2702 1254 Non
2745 1200 2956 1270 utique;
2994 1217 3115 1256 naut
3157 1215 3336 1273 poste-

1738 1295 1848 1351 rior
1875 1296 1988 1352 Deo
2015 1298 2194 1352 unctio
2223 1306 2326 1354 est.
2373 1299 2438 1353 Et
2462 1313 2583 1354 cum
2625 1313 2731 1353 non
2761 1312 2822 1352 ea
2861 1297 3017 1354 Verbi
3046 1299 3296 1354 Italivitas
3315 1341 3332 1367 ,

1737 1391 1878 1461 quod
1902 1391 1954 1446 in
1979 1392 2242 1462 principio
2262 1391 2401 1463 apud
2434 1393 2598 1447 Deum
2618 1391 2761 1447 Deus
2783 1401 2921 1456 erat,
2946 1390 3027 1462 (ά)
3049 1401 3208 1447 uncta
3231 1395 3329 1460 sit;

1737 1483 1789 1538 id
1821 1484 1873 1538 in
1906 1484 2019 1539 Deo
2048 1499 2270 1541 necesse
2299 1494 2383 1540 est
2408 1494 2660 1555 ungatur,
2693 1483 2834 1554 quod
2869 1484 3136 1553 posterius
3171 1486 3243 1538 sit
3280 1487 3332 1540 in

1735 1573 2138 1644 diSpeusatione
2166 1591 2269 1646 qua
2301 1575 2440 1631 Deus
2470 1585 2571 1630 est.
2604 1575 2670 1630 Et
2709 1589 2832 1630 cum
2864 1575 3007 1630 Deus
3033 1592 3060 1628 a
3094 1576 3206 1632 Deo
3233 1591 3332 1630 suo

1736 1669 1982 1739 ungitur;-
2011 1669 2062 1724 id
2093 1669 2327 1740 ungitur,
2348 1669 2605 1740 quidquid
2623 1669 2693 1724 ab
2715 1684 2780 1725 eo
2806 1670 2857 1724 in
2879 1670 3136 1741 mysterio
3153 1671 3333 1728 carnis

72 1747 184 1801 Deus
207 1757 314 1804 tuus
338 1747 450 1802 oleo
471 1749 830 1803 exsultationis
857 1763 966 1818 prie
985 1749 1305 1803 consortibus
1325 1749 1424 1804 tuis
1448 1749 1624 1822 (Psai.
1657 1760 1704 1820 Β
1731 1761 1928 1818 servile
1952 1770 2262 1832 susceptum
2295 1771 2396 1817 est,

71 1858 183 1908 xuv,
225 1841 296 1914 8).
346 1840 703 1912 Consequens
747 1852 802 1899 et
837 1845 1107 1915 posterior
1133 1859 1296 1899 causa
1332 1860 1622 1916 numquam

69 1936 261 1991 refertur
275 1943 332 1990 ut
349 1937 500 2007 prior
524 1937 598 1991 sit
625 1953 638 1990 :
670 1939 792 2006 quia
824 1939 1086 1994 meruisse
1113 1939 1334 2010 aliquid,
1358 1941 1627 2010 posterius

71 2040 147 2096 cst,
173 2045 316 2101 quam
347 2045 470 2086 esse
513 2031 605 2100 qui
639 2032 808 2099 possit
838 2031 1058 2087 mereri.
1091 2030 1282 2087 Mercri
1322 2035 1465 2088 enim
1507 2035 1626 2104 cjus

71 2133 158 2189 est,
185 2123 265 2194 qui
307 2124 406 2179 sibi
438 2123 544 2193 ipsi
575 2124 752 2180 meriti
796 2123 1112 2192 acquirendi
1149 2133 1336 2182 auctor
1376 2127 1620 2183 exsistat.

73 2217 115 2274 Si
137 2218 275 2288 igitur
298 2218 564 2274 nativitati
591 2218 851 2290 unigeniti
879 2218 976 2275 Dei
1007 2219 1314 2275 unctionem
1346 2219 1627 2291 deputabi-

69 2331 178 2379 mus.
203 2331 316 2388 quae
336 2315 524 2372 unctio
549 2316 889 2378 oblmeritum
921 2315 1134 2371 dilectae
1159 2315 1381 2385 justitiae
1408 2323 1464 2371 et
1493 2331 1621 2386 pcr-
1665 2381 1668 2384 I

69 2425 153 2465 osa:
217 2411 509 2482 iniquitatis
560 2410 764 2466 indulta
819 2411 924 2476 sit;
981 2419 1267 2481 provectus
1308 2411 1487 2482 potius
1528 2425 1626 2480 per

71 2505 328 2558 unctionem
371 2504 685 2574 unigenitus
713 2503 878 2568 Deus,
911 2517 1073 2573 quam
1102 2503 1317 2574 genitus
1361 2501 1628 2572 intelligo-

72 2606 136 2650 tur
157 2614 168 2650 :
192 2596 396 2667 jamque
425 2611 522 2667 per
562 2598 894 2653 incrementa
923 2608 979 2653 et
1005 2595 1278 2663 proiectus
1308 2595 1452 2651 Deus
1491 2609 1625 2650 con-

69 2687 390 2754 summahitur,
423 2689 518 2758 qui
544 2703 649 2744 nou
682 2697 844 2746 natus
864 2687 1007 2744 Deus
1039 2688 1130 2755 sit,
1151 2688 1246 2744 sed
1274 2687 1328 2744 iu
1356 2688 1528 2744 Deum
1553 2687 1626 2742 sit

73 2787 221 2833 unctus
244 2794 303 2833 ex
327 2778 563 2842 merito;
594 2786 652 2835 et
665 2779 780 2849 jam
805 2794 900 2850 per
919 2793 1137 2835 causam
1161 2779 1265 2835 erit
1292 2779 1436 2834 Deus
1471 2778 1627 2834 Chri-

75 2879 179 2936 stus,
201 2879 247 2927 et
277 2886 378 2926 non
401 2871 584 2927 omnis
609 2886 774 2927 causa
803 2886 899 2942 per
922 2871 1092 2926 Deum
1120 2869 1514 2934 Christum..Et
1535 2871 1625 2928 ubi

71 2962 169 3017 illud
183 2963 403 3034 Apostoii
429 2965 569 3020 erit:
598 2963 784 3018 Omnia
807 2981 897 3034 per
909 2963 1076 3036 388
1094 2964 1336 3036 ipsunt,et
1357 2964 1407 3018 in
1424 2963 1558 3036 ipso,
1577 2971 1624 3019 et

75 3055 158 3125 ipse
187 3065 250 3111 est
275 3066 389 3111 ante
402 3074 602 3123 omnes,
620 3066 669 3113 et
694 3057 866 3112 omnia
881 3057 980 3125 ipsi
1001 3067 1234 3112 constant
1260 3054 1480 3126 (Coloss.
1499 3071 1540 3121 ι,
1561 3054 1625 3112 16

1799 1853 1890 1908 ‘20.
1927 1852 2188 1919 Quatenus
2236 1853 2377 1907 nobis
2416 1853 2480 1906 sit
2521 1869 2639 1907 cum
2678 1850 2883 1907 Christo
2921 1855 3229 1909 communio.
3261 1883 3332 1896 --

1727 1943 1899 2000 Nemo
1926 1946 2086 2015 igitur
2117 1959 2324 2015 magnae
2347 1944 2560 2015 pietatis
2591 1954 3014 2011 sacramentum,
3043 1945 3187 2015 quod
3219 1963 3332 2000 ma-

1727 2037 2038 2094 nifestatum
2083 2039 2134 2092 in
2172 2053 2334 2092 carne
2362 2045 2478 2102 est,
2515 2053 2678 2092 ensu
2707 2037 2872 2107 impio
2907 2036 3103 2103 violet,
3145 2053 3244 2094 nec
3271 2052 3332 2096 se

1728 2131 2009 2201 quisquam
2043 2129 2330 2200 Unigenito
2361 2144 2456 2198 per
2481 2130 2832 2185 substantiam
2862 2128 3157 2185 divinitatis
3179 2145 3330 2186 exae-

1723 2233 1876 2296 quet.
1917 2224 1998 2280 Sit
2025 2223 2182 2280 nobis
2221 2225 2311 2280 ille
2347 2233 2404 2280 et
2431 2223 2597 2279 frater
2633 2233 2690 2278 ct
2723 2223 2996 2294 particeps
3031 2223 3325 2280 secundum

1727 2315 1870 2387 quod
1903 2315 2136 2372 Verbum
2167 2329 2294 2371 caro
2321 2315 2519 2370 factum
2551 2315 2812 2370 habitavit
2838 2315 2888 2369 in
2917 2314 3105 2380 nobis,
3133 2328 3328 2370 secun-

1727 2411 1855 2465 dum
1880 2409 2024 2480 quod
2055 2408 2314 2465 Mediator
2340 2409 2439 2464 Dei
2467 2417 2629 2479 atque
2666 2407 2943 2463 hominum
2978 2409 3141 2463 homo
3169 2408 3327 2465 Jesus

1726 2503 1976 2559 Christus
1996 2511 2099 2560 est.
2127 2502 2211 2559 Sit
2233 2502 2388 2557 nobis
2409 2502 2705 2558 secundum
2733 2515 2922 2557 servos
2948 2508 3004 2556 et
3023 2501 3325 2558 communis

1726 2606 1881 2668 pater
1907 2606 1962 2653 et
1983 2597 2288 2652 communis
2319 2597 2460 2654 Deus
2489 2614 2502 2652 :
2535 2604 2593 2653 et
2623 2612 2732 2666 prae
2757 2596 3114 2666 participibus
3137 2606 3328 2652 unctus

1726 2691 1798 2747 sit
1827 2691 1879 2746 in
1926 2706 1992 2748 ea
2036 2701 2259 2755 natura,
2305 2704 2428 2745 cum
2477 2689 2758 2761 privilegio
2801 2690 2928 2745 licet
2971 2700 3194 2753 unctus,
3223 2703 3328 2759 qua

1729 2784 2018 2854 participes
2057 2791 2351 2852 unguntur.
2385 2783 2466 2839 Sit
2501 2782 2556 2837 in
2593 2781 2898 2837 Mediatoris
2947 2790 3322 2848 sacramento,

1725 2874 1892 2948 389
1923 2883 1980 2929 ut
2018 2874 2180 2929 homo
2223 2888 2416 2940 verus,
2447 2873 2516 2928 ita
2543 2882 2598 2928 et
2625 2873 2770 2928 Deus
2800 2887 2982 2938 verus,
3026 2872 3169 2928 Deus
3207 2872 3327 2942 ipse

1727 2982 1792 3023 ex
1843 2967 1994 3034 Deo,
2047 2981 2388 3022 communem
2443 2967 2723 3022 nobiscum
2769 2966 2976 3023 habens
3027 2974 3230 3037 patrem
3273 2976 3329 3022 et

1731 3060 1900 3116 Deum
1928 3060 1982 3115 in
2012 3074 2075 3116 ea
2107 3060 2490 3116 communione
2515 3075 2618 3130 qua
2646 3059 2811 3115 frater
2836 3069 2941 3116 est.

73 3159 106 3200 et
131 3149 243 3220 i7)?
270 3151 406 3206 Deus
433 3150 586 3207 enim
631 3151 894 3207 Dominus
921 3150 1079 3207 Jesus
1107 3149 1385 3217 Christus,
1419 3167 1524 3206 non
1556 3150 1626 3206 ob
1654 3155 1699 3218 C
1801 3154 1894 3209 21.
1938 3153 2223 3224 Subjectio,
2253 3155 2398 3227 regni
2427 3154 2652 3220 traditio,
2677 3164 2723 3209 et
2751 3155 2870 3224 finis
2898 3153 3227 3223 objiciuntur.
3255 3181 3328 3194 —

73 3243 227 3314 aliqua,
258 3262 425 3318 neque
475 3261 576 3317 per
603 3245 784 3316 aliqua
831 3245 973 3300 Deus
1012 3253 1126 3311 est;
1160 3243 1254 3299 sed
1295 3243 1437 3299 Deus
1470 3255 1627 3300 natus

72 3347 146 3390 est.
170 3339 224 3394 Et
246 3340 329 3408 qui
358 3355 420 3396 ex
449 3338 809 3410 generatione
843 3337 988 3394 Deus
1009 3345 1114 3403 est,
1146 3351 1252 3393 non
1286 3347 1406 3407 post
1435 3337 1628 3392 nativi-

75 3437 198 3484 tatem
221 3431 267 3486 in
297 3432 460 3488 Deum
492 3446 594 3502 per
621 3445 841 3486 causam
867 3430 1096 3500 profecit
1125 3447 1139 3483 :
1169 3429 1263 3485 sed
1289 3430 1343 3484 in
1370 3443 1456 3494 eo,
1481 3430 1625 3500 quod

72 3532 192 3576 natus
216 3535 317 3590 est,
349 3525 483 3581 nihil
525 3524 671 3580 aliud
701 3522 781 3596 (b)
823 3533 903 3579 est
930 3523 1228 3586 nascendo.
1273 3537 1433 3592 quam
1482 3521 1627 3578 Deus

73 3622 148 3669 Cal.
188 3614 305 3671 Cum
352 3634 480 3674 vero
533 3618 754 3688 ungitur
800 3632 867 3671 ex
898 3630 1097 3682 causa;
1131 3630 1234 3670 non
1265 3615 1331 3670 ad
1361 3616 1412 3671 id
1433 3657 1446 3678 ,
1480 3615 1625 3687 quod

73 3709 352 3767 incremento
371 3727 478 3767 non
508 3722 654 3782 eget,
691 3711 764 3782 (c)
791 3717 1003 3780 spectat
1023 3709 1294 3764 unctionis
1325 3709 1621 3780 profectus,

72 3798 141 3854 sed
156 3801 209 3856 ad
230 3802 296 3871 id,
318 3804 457 3876 quod
491 3820 587 3868 per
607 3803 1001 3858 incrementum
1024 3801 1348 3858 sacramenti
1377 3801 1624 3874 profectu

73 3895 185 3961 eguit
203 3897 477 3963 unctionis,
506 3889 560 3950 id
588 3904 691 3962 est,
718 3901 777 3950 ut
803 3909 899 3965 per
921 3893 1232 3951 unctionem
1255 3892 1623 3951 sanctiﬁcatus

75 3983 197 4042 homo
219 3997 390 4045 noster
417 3987 670 4045 Christus
697 3988 1008 4044 exsisteret.
1040 3985 1096 4042 Si
1125 3987 1289 4056 igitur
1317 4003 1460 4041 nunc
1488 4002 1624 4058 quo-

74 4092 150 4146 que
185 4095 271 4152 per
297 4081 617 4155 prophetam
647 4080 792 4137 servi
828 4079 1163 4151 dispensatio
1194 4078 1620 4146 demonstratur,

126 4217 191 4358 ξιξ
217 4218 504 4291 Unguem“.
534 4219 624 4276 Sic
649 4221 703 4276 et
729 4218 876 4276 alibi.
907 4233 1074 4302 ungep
1099 4233 1197 4289 pro
1225 4233 1385 4291 ungo.

144 4289 172 4344 Ξ
223 4290 397 4350 Codex
424 4292 630 4351 Veron.
673 4301 980 4358 retractare;
1011 4303 1089 4346 sic
1118 4289 1255 4346 infra
1287 4289 1385 4346 hab

1729 3247 1837 3305 Sed
1886 3248 2023 3304 forte
2070 3247 2332 3318 subjectio
2383 3248 2495 3313 illa,
2548 3247 2804 3319 regnique
2837 3247 3086 3314 traditio,
3132 3246 3328 3302 deinde

1731 3339 1854 3396 ﬁnis
1875 3380 1891 3407 ,
1924 3348 2017 3395 aut
2056 3351 2258 3396 naturae
2299 3341 2520 3397 abolitio
2549 3351 2634 3395 aut
2674 3341 2954 3410 potestatis
2980 3340 3209 3396 defectio
3238 3350 3330 3397 aut

1730 3433 2023 3490 divinitatis
2070 3433 2352 3490 inﬁrmitas
2395 3435 2463 3490 sit
2496 3434 2862 3506 intelligenda.
2907 3435 3152 3505 Plerique
3182 3436 3324 3490 enim

1734 3529 1804 3584 ita
1839 3527 1910 3600 (ε)
1940 3528 2162 3594 volunt,
2193 3539 2254 3584 ut
2297 3539 2389 3583 aut
2433 3527 2559 3584 dum
2605 3528 2865 3604 subjectis
2917 3528 3168 3583 omnibus
3215 3527 3327 3582 Dco

1731 3621 2044 3691 subjicitur,
2095 3638 2192 3692 per
2234 3622 2597 3678 conditionem
2642 3622 2990 3692 subjectionis
3041 3623 3178 3677 Deus
3220 3636 3326 3676 non

1731 3715 1831 3779 sit;
1859 3726 1951 3768 aut
1994 3717 2119 3769 dttm
2167 3731 2391 3785 regnum
2428 3715 2620 3778 tradit,
2657 3731 2761 3769 non
2807 3714 2878 3768 sit
2920 3715 2970 3768 in
3002 3725 3208 3784 regno;
3237 3723 3329 3769 aut

1729 3806 1855 3862 dum
1891 3807 2008 3862 fluis
2037 3817 2138 3872 est,
2171 3807 2329 3863 finem
2360 3807 2476 3878 ejus
2499 3808 2731 3864 deiectio
2763 3817 3146 3880 consequatur.

1801 3896 1888 3950 22.
1936 3898 2299 3969 Respondendi
2325 3899 2526 3956 modus.
2551 3930 2623 3940 -—
2646 3899 2956 3970 Congruum
3000 3899 3177 3969 itaque
3209 3907 3325 3967 est,

1730 4005 1945 4046 omnem
2003 3991 2072 4064 (f)
2116 4008 2278 4063 super
2327 3993 2410 4048 his
2458 3994 2738 4064 apostolici
2790 3994 3057 4049 sermonis
3108 4008 3326 4049 sensum

1732 4079 1810 4156 (2)
1840 4090 2170 4154 pertractare
2198 4100 2212 4138 :
2244 4092 2303 4140 ut
2326 4085 2656 4158 singulorum
2689 4099 3029 4159 quorumque
3059 4083 3325 4141 dictorum

223 4288 397 4350 (Iudex
424 4292 630 4351 Veron.
673 4301 950 4348 retractare
959 4288 998 4359 ς’
1011 4290 1089 4346 sic
1106 4288 1255 4346 infra
1287 4288 1452 4346 habes
1470 4332 1486 4361 ,
1532 4294 1906 4346 sacramentum
1928 4288 2180 4346 dictorum
2204 4291 2533 4362 presentium
2552 4297 2904 4349 retractemus.

133 4425 196 4497 (tt)
216 4423 272 4504 in
299 4441 399 4504 nis.
429 4429 674 4486 basim
703 4428 1099 4504 omittiturvox
1137 4437 1356 4504 natura.
1391 4427 1620 4504 Prorsus
1651 4429 1698 4492 Ι)
1725 4441 1840 4504 ran_.
1860 4427 1938 4504 ;sl_
1957 4423 2189 4504 Eusebio
2209 4430 2433 4504 credere
2457 4429 2537 4485 fas
2558 4439 2640 4504 est
2660 4439 2846 4504 contra
2871 4430 3119 4489 eumdem
3146 4433 3237 4490 lib.
3264 4451 3319 4504 ll,

76 4509 165 4572 cant
187 4500 293 4572 aliis
317 4501 468 4558 libris
494 4501 776 4558 retinenda
803 4511 908 4556 est.
942 4501 1069 4557 Hec
1095 4502 1389 4572 opponitur
1413 4501 1623 4572 dispen-

77 4569 245 4626 sationis
270 4574 548 4635 vocabulo.
577 4582 632 4628 et
667 4573 733 4628 ad
766 4572 1002 4627 Verbum
1031 4569 1201 4628 Deum
1230 4571 1481 4627 refertur.
1499 4569 1618 4628 ’δυο

78 4641 216 4704 perius
230 4661 279 4699 η.
296 4645 378 4709 li,
404 4644 622 4700 admisit
645 4644 878 4699 Hilarius
896 4658 1116 4700 causam
1134 4642 1295 4699 Verbi
1311 4644 1621 4713 gignentem

78 4717 425 4770 elcocternam
459 4733 473 4770 :
521 4717 610 4770 hic
666 4725 870 4770 tantum
911 4716 1119 4784 respuit
1158 4715 1623 4783 prmexsistentem

77 4793 121 4833 ac
145 4787 470 4856 meritoriam.
522 4786 625 4844 Ubi
654 4801 783 4842 vero
822 4787 1040 4856 subjicit
1077 4797 1165 4841 aut
1205 4787 1580 4841 enarrationem
1603 4825 1620 4854 ,

79 4855 251 4980 mgis“
277 4859 326 4912 in
352 4858 484 4915 illud
523 4859 730 4927 Esaiae,
772 4855 1161 4914 Generationem
1186 4858 1298 4929 ejus
1322 4859 1436 4927 quis
1464 4874 1620 4914 enar-

78 4936 174 4979 mu

129 5017 192 5089 (δ)
216 5019 442 5077 Verbum
487 5027 589 5088 est,
622 5022 676 5077 in
711 5021 940 5093 vulgatis
983 5022 1276 5085 omissum,
1319 5023 1623 5093 reatituitur

81 5099 125 5164 ex
148 5105 258 5146 mss.
288 5093 486 5150 Deinde
529 5103 682 5164 quam
731 5092 870 5148 Deus
897 5104 1002 5160 est,
1045 5094 1096 5148 id
1127 5103 1243 5158 est,
1275 5101 1432 5163 quam
1474 5092 1620 5163 quod

83 5155 187 5242 Deus
211 5175 353 5242 pater
375 5175 454 5220 est
473 5181 500 5242 _:
527 5155 631 5242 nisi
663 5165 716 5220 id
755 5181 916 5242 omne
961 5155 1034 5242 ita
1081 5155 1240 5242 aratis
1281 5155 1615 5242 intelligere;

81 5230 221 5356 ἐπ’
239 5235 347 5304 ipsa
378 5237 652 5292 nativitate
681 5251 779 5292 sua
804 5238 997 5310 accipit
1028 5246 1086 5292 ut
1114 5235 1257 5292 Deus
1285 5237 1376 5303 sit,
1406 5230 1617 5292 et'niliil

82 5314 203 5356 attttti.

132 5373 187 5443 (ci
221 5373 273 5430 lu
310 5379 539 5450 antiquis
564 5378 738 5444 libris.
765 5387 1042 5448 exspectat,
1071 5392 1222 5436 more
1261 5378 1502 5448 antiquo,
1521 5375 1618 5434 sed

83 5451 205 5498 sensu
227 5463 324 5503 non
351 5450 475 5505 alio.

84 5534 322 5668 “illus-ie.
349 5557 480 5604 mss.
515 5545 585 5600 At
611 5543 766 5612 editi,
797 5554 952 5604 uncta
973 5546 1040 5600 sit
1081 5545 1134 5600 in
1182 5543 1378 5611 Deum,
1423 5561 1621 5608 necesse

137 5695 304 5784 (ξῌῑε
325 5704 580 5784 subjectis
603 5703 848 5784 Apostoll
877 5709 1075 5784 verbis.
1107 5718 1162 5784 et
1185 5709 1336 5784 regni
1360 5718 1416 5772 et
1439 5711 1617 5767 carnis

87 5760 241 5838 Chiis-it
275 5760 442 5844 tinem'
458 5760 1075 5853 tuusmatrem;
1112 5760 1414 5852 Βίᾱῶἒῆυῖ
1432 5760 1616 5858 iis;

1724 4515 1772 4555 c.
1804 4499 1862 4565 4,
1888 4500 2007 4576 ejus
2040 4500 2200 4554 verba
2243 4502 2323 4558 sic
2351 4501 2601 4576 referenti
2632 4521 2644 4557 :
2681 4502 2831 4576 Quod
2870 4505 2914 4558 si
2942 4506 3084 4576 regni
3121 4499 3327 4561 initium

1725 4573 1919 4644 accepit
1947 4571 2096 4644 homo
2125 4583 2243 4627 ante
2268 4590 2428 4628 annos
2455 4573 2682 4629 nondum
2712 4571 2839 4638 400,
2865 4571 3161 4644 completos,
3191 4577 3324 4631 nihil

1724 4653 1799 4698 est
1825 4643 2034 4719 absurdi
2064 4645 2109 4698 si
2140 4645 2417 4719 postaius
2446 4646 2658 4716 afﬁrmet
2677 4690 2690 4711 ,
2713 4647 2869 4719 illum
2891 4643 3215 4719 quiaccepit
3245 4665 3326 4701 rc-

1724 4729 1882 4787 gnum
1911 4715 2061 4769 tinnis
2101 4713 2164 4770 ab
2207 4717 2325 4770 hinc
2368 4713 2822 4787 tam'paucissimis
2852 4715 3066 4787 elapsis,
3115 4713 3324 4773 r'nrsum

1724 4787 2047 4861 redditurum
2089 4804 2196 4842 esse
2234 4799 2447 4861 regnum
2479 4787 2608 4843 Deo.
2645 4788 2715 4861 Et
2739 4797 2858 4861 post
2892 4803 3054 4861 putica
3085 4805 3097 4840 :
3135 4787 3323 4843 Omnia

1725 4859 1858 4934 enim
1882 4873 1997 4934 cum
2021 4870 2131 4928 post
2150 4857 3118 4934 judicium‘subjicienda’sint_Christo,
3149 4877 3323 4934 quent-

1727 4929 2006 4983 admodum
2033 4928 2282 4985 assei'itur
2303 4931 2366 4984 ab
2394 4928 2658 5000 Apostoio,
2695 4941 2801 4984 tum
2823 4930 2912 4984 ille
2931 4928 3226 4998 subjiciatur
3253 4933 3316 4996 ei,

1761 5002 1812 5053 ui
1856 5002 1956 5068 ipsi
2002 5001 2173 5055 omnia
2216 5003 2506 5070 supposuit.
2541 5003 2792 5066 Quocirca
2837 5017 2951 5054 cum
2994 5001 3322 5056 didicerimus

1763 5088 2003 5125 umanam
2031 5089 2265 5142 carnem,
2298 5087 2449 5142 quam
2476 5088 2568 5136 pro
2596 5071 2739 5125 nobis
2768 5073 3040 5140 assumpsit
3080 5071 3318 5136 Verbum,

1723 5152 1841 5197 ante
1869 5155 2028 5196 annos
2061 5141 2170 5196 400
2199 5153 2332 5216 totos
2371 5159 2472 5196 non
2507 5143 3113 5216 assumptant_,ieamdem
3151 5145 3321 5216 ipsum

1723 5224 2031 5286 retenturum
2055 5214 2533 5286 cognoscimttsnon
2560 5215 2696 5286 ultra
2706 5213 2899 5286 jttriicii
2927 5224 3123 5286 tempus
3147 5213 3198 5268 in
3231 5217 3319 5286 fu-

1724 5293 1857 5338 turo.
1887 5284 2034 5338 idem
2064 5283 2194 5339 ibid.
2228 5284 2373 5338 addit
2399 5284 2674 5340 Marcellus
2705 5283 2719 5336 Ξ
2753 5283 3197 5351 Quemadmodum
3221 5283 3322 5339 ini—

1727 5357 1854 5409 tium
1881 5353 2054 5408 habuit
2094 5363 2238 5427 σάκε’-ο,
2273 5355 2344 5408 ita
2371 5356 2524 5427 ﬁnem
2569 5353 2855 5409 habitarunt
2886 5356 3088 5409 divinus
3119 5355 3320 5411 Paulus

1727 5428 2094 5494 pronuntiavit.
2139 5426 2389 5551 Deinceﬁs
2434 5427 2586 5494 ﬁnis,
2633 5443 2749 5480 cum
2796 5427 3060 5480 tradiderit
3105 5441 3322 5500 regnum

1727 5513 1875 5551 suum
1908 5499 2014 5551 Deo
2040 5509 2087 5551 et
2122 5497 2287 5551 Patri.
2371 5512 2472 5551 anc
2522 5507 2696 5551 tamen
2743 5499 3064 5551 sententiam
3107 5513 3170 5551 ex
3207 5502 3319 5551 ipsa

1726 5513 1875 5552 suum
1908 5499 2014 5552 Deo
2040 5509 2087 5552 et
2122 5497 2287 5552 Patri.
2324 5497 2472 5553 Hanc
2522 5507 2696 5552 tamen
2743 5499 3064 5568 sententiain
3107 5497 3178 5553 ex'
3207 5502 3319 5568 ipsa

1728 5569 1945 5624 Eusebii
1973 5569 2311 5629 confeSsione
2339 5569 2467 5625 ibid.
2503 5585 2608 5623 nott
2649 5570 2767 5624 sine
2806 5567 3144 5626 haesitatione
3172 5567 3322 5640 esse:

1728 5640 1880 5696 rebat
1911 5641 2211 5696 Marcellus.

1799 5714 1875 5840 (2
1897 5711 2033 5840 ἔζη.
2071 5714 2187 5776 bas.
2233 5710 2406 5777 codex
2443 5719 2566 5777 cum
2609 5710 2825 5778 Martin.
2854 5713 3166 5796 superioris,
3210 5727 3322 5796 noti

1799 5803 1817 5840 ι
1982 5821 1996 5839 .

1719 5799 1872 5858 super
1897 5799 1996 5842 ms.
