3936 6196
623 235 731 291 Hii

1840 233 2085 291 SANCTI
2126 232 2381 292 HILARII
2423 232 2728 291 El’ISCOPl

3777 245 3848 299 illi

625 349 838 408 ratione
857 349 1098 421 exposita
1113 347 1429 420 atqueedita
1455 389 1470 416 ,
1488 349 1811 406 sacramenti
1826 349 1988 405 totius
2001 364 2224 422 capaces
2252 353 2305 413 Α
2329 350 2430 422 lige
2456 365 2571 421 qua:
2609 350 2752 418 dico,
2793 349 2933 404 dabit
2961 349 3094 405 enim
3123 351 3214 404 tibi
3256 348 3394 406 Deus
3420 351 3474 406 in
3499 353 3712 411 omnibus
3744 359 3852 416 intit-
3906 347 3907 412 ξ

629 457 728 514 per
769 441 845 516 (a)
893 439 1254 497 universitatis
1295 440 1702 512 intelligentiam
1751 442 2104 514 prmbeamur.
2137 443 2226 498 Ait

625 537 806 608 itaque
831 553 846 591 :
879 535 1134 601 Quoniam
1173 536 1308 588 enim
1337 551 1428 607 per
1463 535 1719 591 hominem
1747 553 1913 604 mors,
1942 547 1990 591 et
2018 553 2106 608 per
2135 537 2227 592 ho-

625 636 813 689 minem
851 633 1154 688 resurrectio
1181 632 1265 704 (1)
1309 643 1648 688 ntortuorum.
1698 633 1964 700 Quomodo
2003 635 2138 688 enim
2173 635 2226 689 in

625 725 792 781 Adam
823 741 999 779 omnes
1023 725 1333 790 moriuntur,
1364 726 1437 780 sic
1461 736 1508 780 et
1535 727 1588 780 in
1613 723 1816 780 Christo
1845 742 2017 781 omnes
2050 726 2122 797 (b)
2155 726 2228 780 vi-

623 817 916 884 vi/icantur.
941 815 1304 887 Unusquisque
1319 828 1489 870 autent
1510 818 1594 886 (2)
1612 818 1665 870 in
1681 834 1774 872 suo
1793 817 1993 884 ordine,
2017 817 2087 889 (c)
2120 817 2225 888 pri-

621 907 781 961 mitiae
809 905 1065 972 Christus,
1097 908 1280 962 deinde
1322 909 1376 962 hi
1402 910 1488 980 qui
1517 919 1633 964 sunt
1655 907 1845 964 Christi
1870 949 1886 976 ,
1918 908 1998 982 (tl)
2043 912 2130 980 qui
2175 911 2228 964 itt

622 1001 846 1056 adventu
875 1003 985 1074 ejus
1015 1017 1034 1056 :
1063 1001 1246 1056 deinde
1273 1003 1414 1070 ﬁnis,
1446 991 1570 1056 cuni
1590 1002 1857 1057 tradiderit
1886 1019 2095 1074 regnum
2124 1002 2228 1058 Deo

627 1104 672 1150 et
700 1093 868 1161 Patri,
896 1111 1012 1148 cunt
1033 1097 1348 1150 evacuaverit
1368 1112 1566 1149 omnem
1589 1095 1946 1166 magistratum
1965 1105 2014 1149 et
2033 1111 2230 1149 onmem

629 1195 950 1258 potestatem.
986 1185 1196 1260 Oportet
1237 1188 1371 1241 enim
1415 1189 1558 1241 illum
1596 1203 1842 1258 regnare,
1877 1187 2036 1242 donec
2075 1197 2231 1258 ponat

627 1298 801 1336 omnes
844 1282 1076 1336 inimicos
1101 1281 1193 1336 sub
1219 1282 1429 1351 pedibus
1457 1281 1579 1336 suis.
1605 1279 1745 1336 Deus
1767 1283 1898 1336 enim
1925 1282 2095 1336 omnia
2116 1282 2235 1335 sub-

619 1377 750 1448 jecit
795 1375 887 1430 sub
934 1374 1144 1448 pedibus
1185 1378 1317 1448 ejus.
1357 1374 1646 1431 Novissima
1687 1375 1897 1429 inimica
1927 1374 1997 1447 (e)
2041 1375 2234 1430 devicta

636 1479 709 1525 est
749 1469 812 1523 ab
852 1485 910 1522 eo
939 1485 1097 1524 mors.
1127 1467 1253 1524 Cum
1283 1479 1453 1523 autent
1492 1469 1707 1534 dixerit,
1761 1466 1946 1522 Omnia
2000 1467 2231 1540 subjecta

635 1576 788 1629 sunt,
835 1563 1022 1632 absque
1068 1579 1126 1618 eo
1171 1563 1260 1633 qui
1290 1563 1368 1617 illi
1415 1561 1626 1635 subjecit
1656 1561 1847 1615 omnia.
1892 1560 1972 1632 (ὅ)
2003 1562 2073 1632 (f)
2106 1559 2233 1613 Cum

624 1667 793 1712 autem
821 1656 1047 1728 subjecta
1074 1656 1263 1724 fuerint
1288 1656 1331 1708 ei
1356 1654 1550 1723 omnia,
1581 1665 1702 1708 tunc
1722 1655 1829 1726 ipse
1856 1654 2114 1727 subjectus
2139 1655 2234 1708 erit

2329 443 2516 497 lectum
2547 441 2613 514 (ιι
2639 441 2775 497 Tim.
2806 458 2874 507 ιι,
2906 440 2986 513 7).
3017 443 3330 498 Admonitio
3361 445 3683 517 intelligendi
3707 466 3760 505 ex
3780 454 3852 507 dir.
3906 439 3907 454 ‘

2329 535 2565 590 ﬁcultate
2607 535 2974 606 intelligentia:
3013 545 3116 591 est.
3168 533 3539 606 lnlelligentite
3566 553 3686 594 vero
3716 557 3740 596 a
3774 543 3852 602 Deo
3905 573 3907 576 -

2329 631 2551 695 donum,
2583 629 2707 685 ﬁdei
2740 643 2932 684 munus
2958 638 3070 695 cst,
3108 644 3203 700 per
3229 645 3388 700 quam
3421 630 3694 687 inﬁrmitas
3719 651 3858 694 sensus

2330 724 2555 793 gratiam
2607 721 2951 778 revelatinnis
3006 732 3258 778 meretur.
3315 722 3370 777 Si
3436 737 3565 793 ergo
3609 723 3860 784 Timotheus

2331 815 2630 883 apostolico
2670 813 2980 870 testimonio
3025 812 3186 868 homo
3221 813 3311 868 Dei
3356 811 3416 886 (l
3448 813 3581 869 Tim.
3617 831 3692 881 vr,
3720 818 3807 885 Η),
3827 830 3864 874 et
3908 834 3909 840 ‘

2335 907 2603 978 legitimus
2650 906 2812 960 Paulo
2841 905 3136 961 secundum
3169 904 3326 960 ﬁdem
3361 905 3539 971 ﬁlius,
3585 917 3638 960 ut
3663 907 3866 981 intelligat

2332 1001 2674 1065 admonetur,
2707 999 2829 1069 quia
2858 998 2906 1054 ei
2941 997 3200 1052 Dominus
3232 998 3636 1068 intelligentiam
3664 1000 3710 1053 in
3731 1003 3864 1058 omni-

2335 1091 2434 1146 bus
2464 1091 2535 1145 sit
2583 1091 2838 1155 datttrus;
2873 1106 2970 1145 nos
3015 1105 3224 1160 quoque
3267 1090 3548 1146 admoneri
3577 1107 3665 1161 per
3688 1091 3870 1164 Aposto-

2335 1183 2444 1238 lum
2496 1183 2564 1239 ad
2615 1184 3020 1253 intelligentiam
3069 1185 3513 1251 meminerimus,
3553 1185 3763 1242 scientes
3799 1189 3874 1243 Do-

2335 1279 2540 1335 minum
2572 1279 2728 1332 nobis
2758 1277 3167 1349 intelligentiam
3196 1279 3438 1334 omnium
3467 1281 3810 1350 pratstiturum.

2407 1374 2500 1428 Ἡ.
2546 1372 2667 1428 Non
2713 1374 2901 1440 pudeat
2947 1390 3158 1444 pravum
3205 1392 3411 1430 sensum
3454 1377 3655 1430 ueritate
3691 1390 3876 1447 percepla

2337 1470 2620 1523 demutare.
2657 1497 2729 1509 —
2755 1467 2822 1523 Et
2848 1469 2891 1524 si
2937 1468 3075 1524 forte
3106 1467 3354 1523 humanae
3401 1469 3711 1524 conditionis
3737 1485 3878 1526 errore

2337 1571 2721 1634 prazsumptum
2747 1561 2949 1632 aliquid
2981 1575 3141 1617 sensu
3171 1561 3500 1628 tenebimus,
3533 1562 3798 1632 profectum
3817 1564 3879 1617 in.

2340 1654 2652 1725 telligent‘tie
2677 1669 2775 1724 per
2807 1654 3149 1709 revelationis
3178 1655 3406 1726 gmliam
3435 1671 3541 1710 non
3581 1670 3877 1710 recusemus:

624 1748 740 1814 illi,
767 1748 852 1816 qui
899 1747 1110 1820 subjecit
1141 1747 1187 1801 ci
1233 1748 1436 1814 omnia,
1468 1757 1522 1801 ut
1552 1747 1615 1802 sit
1647 1744 1786 1802 Deus
1828 1747 2002 1801 omnia
2025 1746 2081 1800 in
2105 1762 2215 1800 om-
2243 1753 2291 1814 B
2319 1749 2394 1805 Ne
2426 1747 2493 1822 (i)
2526 1748 2858 1804 intellexisse
2909 1747 3108 1818 aliquid
3137 1748 3304 1804 semel
3348 1763 3450 1802 suo
3487 1763 3644 1803 sensu
3667 1748 3723 1803 ad
3748 1748 3792 1802 id
3817 1765 3882 1803 ra-

625 1841 772 1896 nibus
801 1841 843 1910 (l
876 1840 998 1895 Cor.
1034 1857 1126 1906 xv,
1157 1841 1224 1895 21
1260 1851 1307 1895 et
1329 1841 1514 1913 seqq.).

697 1934 790 1989 23.
836 1933 1084 2002 Quaedam
1130 1950 1236 1988 esse
1267 1951 1380 2004 qua:
1409 1935 1560 1988 homo
1590 1935 1759 1989 statim
1799 1951 1902 1989 non
1942 1933 2131 2006 capiat.
2160 1962 2232 1973 —

627 2028 942 2086 leestium
972 2027 1048 2102 (g)
1079 2027 1543 2099 dispensationum
1572 2044 1766 2084 arcana
1803 2027 2094 2099 Apostolus
2123 2042 2229 2082 non

628 2123 698 2178 ab
726 2122 1070 2188 hominibus,
1101 2138 1277 2194 neque
1307 2137 1402 2194 per
1451 2124 1755 2189 hominem,
1787 2123 1880 2178 sed
1915 2138 2009 2192 per
2045 2121 2231 2177 Jesum

629 2216 902 2273 Christum
940 2217 1148 2273 electus
1192 2217 1432 2287 gentium
1480 2217 1762 2290 magister,
1808 2226 2006 2288 quanta
2054 2225 2232 2289 potest

632 2313 865 2371 ahSoluti
914 2314 1077 2388 390
1123 2313 1390 2369 sermonis
1432 2312 1826 2384 signiﬁcatione
1870 2313 2231 2369 demonstrat.

631 2408 701 2465 Et
740 2410 830 2482 qui
863 2409 1220 2465 inenarranda
1253 2424 1421 2479 usque
1451 2409 1516 2464 ad
1562 2409 1778 2466 tertium
1807 2411 2004 2466 ccelum
2050 2420 2236 2479 raptus

630 2505 867 2562 audisset
889 2547 902 2571 ,
936 2521 996 2560 ea
1042 2513 1246 2559 tantum
1267 2546 1282 2570 ,
1313 2519 1540 2575 quarunt
1583 2513 1773 2559 natura
1806 2502 2038 2559 humana
2067 2518 2235 2572 capax

629 2605 812 2663 esset,
857 2596 1042 2653 sensui
1094 2595 1343 2652 humanae
1384 2598 1752 2668 intelligentia:
1797 2596 2050 2652 revelavit
2086 2613 2098 2649 :
2133 2610 2238 2650 non

631 2689 888 2761 ignorans
918 2699 1096 2744 tamen
1125 2689 1372 2760 quaedam
1406 2704 1510 2743 non
1539 2689 1720 2743 statim
1757 2703 1913 2757 posse
1946 2697 2108 2757 atque
2135 2703 2233 2741 au-

631 2783 852 2839 diuntur
883 2784 1130 2854 intelligi,
1157 2784 1282 2854 quia
1311 2784 1594 2838 inﬁrmitas
1627 2794 1810 2836 nostra
1841 2782 1922 2852 (i)
1955 2780 2032 2853 (It)
2059 2781 2236 2837 serius

632 2875 687 2932 in
721 2892 902 2932 verum
935 2885 1100 2947 atque
1127 2875 1431 2931 absolutum
1476 2875 1671 2930 mentis
1697 2875 1958 2945 judicium
1989 2890 2085 2942 ea,
2117 2891 2236 2946 qua:

631 2971 685 3027 in
733 2986 894 3027 aures
941 2969 1480 3036 transfunderentur,
1531 2971 1831 3041 acciperet;
1881 2971 2122 3040 longiore
2169 2971 2235 3026 ad

634 3063 998 3120 cunctandum
1045 3078 1194 3118 mora
1233 3063 1414 3117 sensui
1445 3063 1621 3132 potius
1647 3080 1804 3135 quam
1843 3064 2044 3120 auditui
2085 3063 2238 3120 dere-

634 3157 782 3220 licta,
813 3169 935 3209 cum
979 3162 1033 3210 et
1061 3153 1276 3209 audisse
1307 3156 1455 3209 vocis
1484 3156 1587 3220 sit,
1620 3165 1674 3210 et
1719 3157 2048 3212 intellexisse
2077 3159 2241 3212 ratio-

635 3248 751 3313 nis,
789 3247 900 3302 Deo
947 3256 1124 3302 tamen
1175 3246 1544 3318 intelligentia:
1573 3249 1780 3319 cupidis
1827 3251 2234 3322 intelligentiam

635 3337 936 3394 revelantc.
970 3337 1212 3408 Namque
1255 3340 1321 3393 ad
1347 3339 1688 3394 'l‘immheum
1727 3356 1822 3410 per
1861 3342 1996 3396 aviae
2025 3359 2086 3397 ac
2125 3358 2237 3398 ma-

638 3431 735 3486 tris
760 3430 1050 3502 gloriosam
1095 3431 1252 3486 ﬁdem
1285 3432 1455 3487 sacris
1482 3431 1551 3486 ab
1587 3430 1808 3486 infantia
1850 3432 2042 3488 litteris
2079 3433 2234 3490 insti-

636 3532 806 3582 tutum
849 3526 1095 3583 scribens
1126 3524 1388 3596 plurima,
1423 3525 1526 3582 hoc
1555 3540 1768 3598 quoque
1794 3526 1998 3585 addidit
2029 3547 2042 3585 :
2075 3528 2237 3586 Intel-

734 3689 785 3756 l)
827 3686 946 3743 Non
973 3695 1149 3743 exstat
1177 3694 1517 3741 ntortuorum.

729 3757 786 3826 2)
828 3759 994 3813 Abest
1019 3760 1092 3812 in.

731 3827 788 3898 3)
827 3828 954 3884 Haec
983 3843 1198 3884 rursum
1221 3827 1417 3884 desunt
1441 3830 1494 3885 in
1525 3829 1710 3887 codice
1737 3841 1942 3888 nostro.

707 3901 788 3971 (ι)
827 3901 988 3971 Aliter
1013 3901 1067 3954 in
1090 3915 1284 3954 verum.

703 3970 784 4046 (5)
824 3970 1015 4044 Siqui.
1212 3984 1218 3991 ·

701 4110 782 4179 (a)
822 4109 878 4164 In
909 4107 1164 4180 vulgatis,
1192 4107 1437 4163 veritatis.
1470 4108 1688 4166 Rectius
1730 4110 1783 4166 in
1813 4125 1944 4166 mss.
1987 4113 2233 4168 universi-

633 4183 774 4248 tatis,
805 4185 905 4236 IIOC
931 4191 1014 4236 est
1040 4180 1203 4252 totius
1228 4181 1508 4252 apostolici
1529 4182 1819 4238 sermonis.

700 4252 904 4379 έωιιια
934 4251 1179 4322 plerique
1203 4267 1266 4308 ac
1291 4254 1526 4323 potiores
1553 4267 1683 4310 mss.
1715 4253 1860 4310 Editi
1891 4270 2042 4323 vero,
2072 4257 2238 4327 viviﬁ-

733 4341 797 4376 un
823 4339 906 4376 ur.

634 4332 906 4379 cabuntur.

713 4395 784 4464 (ε)
822 4394 949 4448 Mss.
979 4391 1192 4448 Martin.
1213 4403 1281 4465 et
1304 4393 1424 4450 Vat.
1449 4395 1565 4452 bas.
1590 4398 1798 4454 initium
1819 4396 2075 4465 Christus,
2106 4415 2235 4456 con-

637 4465 908 4540 sentiente
930 4464 1242 4540 exemplari
1263 4465 1448 4540 Germ.
1491 4469 1749 4538 epistolas
1780 4469 1927 4526 Pauli
1963 4464 2142 4540 graece
2181 4481 2236 4526 et

635 4537 804 4594 latine
867 4535 1246 4606 complectenti
1310 4537 1378 4593 ab
1429 4535 1583 4594 annis
1637 4541 1852 4598 circiter
1908 4535 2056 4599 mille
2109 4559 2232 4599 exa-

637 4618 778 4666 rato.

711 4680 790 4754 (ά)
831 4679 963 4734 Bad.
994 4680 1048 4733 in
1078 4679 1294 4734 aduentu
1316 4683 1453 4752 ejus,
1477 4681 1594 4754 sine
1617 4685 1705 4754 qui
1731 4699 1750 4754 .'
1779 4685 1864 4739 cui
1888 4686 2158 4742 consentit
2183 4697 2236 4742 ct

636 4753 904 4828 grzecutn,
937 4755 987 4808 ἐν
1011 4760 1074 4828 τῇ
1107 4755 1390 4828 παροιισςία.
1423 4755 1495 4808 At
1686 4753 1832 4828 Lips.
1867 4765 1920 4810 et
1957 4755 2102 4821 Par.,
2150 4760 2237 4826 qui

636 4813 690 4880 in
715 4813 985 4897 adventum
1007 4813 1118 4897 ejus
1142 4813 1486 4897 ci'ediderunt,
1510 4813 1652 4895 quod
1676 4835 1730 4897 et
1749 4813 1904 4881 habet
1937 4843 2036 4880 ms.
2069 4813 2230 4884 Cttrb.

636 4911 667 4950 a
712 4895 948 4950 secunda
980 4895 1142 4951 manu
1171 4911 1184 4949 :
1219 4895 1578 4952 renitentibus
1605 4896 1724 4952 aliis
1764 4897 2153 4967 sincerioribus
2182 4910 2236 4956 et

635 4982 834 5038 gris-co.

737 5038 786 5112 e)
826 5039 912 5112 Er.
944 5050 999 5096 et
1021 5039 1168 5110 Lips.
1201 5042 1485 5095 destruetur
1507 5057 1663 5096 mors.

735 5111 785 5180 Ῑ)
829 5111 1060 5168 Rursum
1112 5113 1198 5167 hic
1245 5127 1374 5168 mss.
1428 5127 1621 5182 magno
1664 5127 1932 5170 consensu
1976 5117 2229 5171 omittunt

638 5183 952 5256 cantantem
983 5183 1204 5256 subjecta
1236 5186 1425 5256 fuerint
1455 5186 1500 5239 ei
1530 5186 1719 5240 omnia.

711 5251 788 5327 (g)
827 5254 1016 5330 ln__ms.
1062 5251 1369 5330 Martiti._ac
1405 5257 1644 5330 pluribus
1688 5258 1842 5324 aliis,
1867 5260 2227 5330 mysteriorum

640 5325 850 5382 areana.
877 5327 996 5399 Mox
1021 5338 1139 5396 post
1159 5345 1248 5399 per
1271 5325 1451 5382 Iesum
1481 5325 1764 5397 Christunt,
1789 5325 1937 5386 addit
1963 5331 2080 5385 Vat.
2109 5332 2223 5386 bas.

642 5414 772 5464 ms.,
802 5409 850 5454 et
874 5398 1038 5452 Deum
1067 5398 1262 5469 patrem
1287 5415 1306 5452 :
1333 5416 1454 5468 qua:
1481 5400 1640 5454 verba
1666 5402 1716 5455 itt
1742 5404 1892 5457 nullo
1917 5403 2025 5456 alio
2046 5402 2234 5459 codice

640 5481 960 5545 occurrunt,
985 5471 1227 5540 quamvis
1266 5481 1479 5528 exstent
1508 5471 1659 5527 initio
1685 5475 1840 5544 epist.
1873 5473 1940 5530 ad
1979 5471 2098 5531 Gal.
2127 5489 2234 5545 quo

639 5539 730 5598 hic
749 5539 1053 5612 respicitur.

713 5614 794 5682 (It)
831 5613 995 5670 εστι».
1037 5616 1236 5686 aliique
1280 5619 1592 5684 posterioris
1617 5622 1720 5674 sevi
1752 5636 1882 5676 mss.
1925 5635 2047 5676 cum
2075 5619 2229 5686 Bad.,

645 5682 741 5750 Er.
773 5694 827 5758 et
866 5687 1016 5758 Lips.
1043 5682 1210 5743 aliter.
1243 5682 1365 5758 th.
1401 5689 1538 5758 bas”
1583 5689 1763 5757 Colb.,
1807 5691 2022 5753 Martin.
2057 5682 2234 5748 etalia

654 5745 856 5810 vetusta
887 5745 1208 5830 citeritplaria
1258 5746 1378 5815 cum
1425 5745 2237 5835 liam,ismpiiisivilicmigi,Vise;

2341 1843 2467 1908 leat,
2503 1852 2559 1896 ut
2582 1841 2775 1912 pudeat
2805 1842 3003 1896 rectius
3033 1840 3232 1912 aliquid
3253 1841 3586 1896 demutando
3608 1842 3800 1897 sentire.
3819 1841 3878 1895 Oli

2340 1935 2481 2005 quod
2540 1936 2830 2004 prudenter
2873 1934 3225 2005 consultaque
3281 1933 3664 1989 moderandum
3705 1935 3800 1989 haec
3836 1935 3882 1988 ad

2341 2027 2714 2098 l’hilippenses
2743 2043 2960 2099 quoque
2989 2027 3131 2082 idem
3163 2029 3356 2084 beatus
3382 2028 3670 2100 Apostolus
3702 2028 3881 2084 scribit:

2343 2121 2600 2192 Quotquot
2625 2139 2744 2192 ergo
2767 2123 2978 2193 perfecti
3003 2140 3199 2190 sumus,
3224 2125 3332 2178 htec
3353 2125 3662 2180 sentiamus:
3696 2135 3736 2179 et
3766 2126 3829 2197 (5)
3853 2125 3881 2176 ti

2338 2218 2460 2286 quid
2492 2218 2563 2291 (j)
2590 2220 2740 2274 aliter
2765 2221 2979 2284 sentitis,
3011 2222 3172 2294 391
3212 2221 3266 2274 id
3283 2238 3486 2292 quoque
3500 2220 3879 2276 Deusvobisrire-

2341 2311 2486 2366 labit.
2528 2314 2715 2368 Verum
2738 2315 2792 2368 in
2822 2332 2920 2385 quo
2943 2316 3293 2388 festinabimus
3312 2358 3328 2383 ,
3367 2318 3423 2371 in
3454 2317 3567 2387 ipso
3595 2315 3882 2386 ingrediantur

2343 2404 2563 2476 (Philip.
2595 2422 2677 2470 ιιι,
2710 2405 2776 2460 15
2802 2418 2848 2461 et
2872 2407 2982 2475 16).
3009 2406 3123 2462 Νοιι
3155 2407 3474 2478 prtejttdicat
3489 2423 3675 2464 sensus
3700 2407 3884 2462 anterior

2343 2498 2439 2554 Dei
2466 2499 2803 2554 revelationi.
2831 2499 2964 2555 Nam
2992 2500 3286 2572 Apostolus
3314 2501 3399 2573 (6)
3431 2501 3508 2574 (li)
3536 2504 3730 2558 monuit
3749 2503 3792 2556 in
3809 2515 3882 2571 quo

2343 2594 2586 2662 sapiant,
2625 2594 2714 2662 qui
2752 2594 2966 2663 sapiunt
3010 2595 3244 2663 perfecte
3279 2613 3292 2649 :
3322 2605 3380 2650 et
3421 2596 3506 2651 his
3535 2595 3622 2667 qui
3657 2595 3793 2650 aliter
3823 2609 3884 2647 sa-

2345 2686 2497 2758 piunt
2519 2685 2907 2742 revelationem
2943 2687 3057 2751 Dei,
3086 2698 3143 2742 ut
3173 2687 3222 2742 id
3253 2687 3399 2759 quod
3431 2687 3714 2759 perfectum
3738 2698 3805 2742 est
3826 2701 3884 2741 sa-

2303 2801 2310 2820 ι
2347 2783 2524 2852 piant,
2572 2792 2867 2854 exspectat.
2915 2784 2972 2840 Si
3004 2785 3092 2854 qui
3125 2799 3278 2855 ergo.
3303 2783 3623 2854 profundam
3671 2782 3790 2838 hanc
3822 2796 3884 2833 ar-

2344 2890 2494 2931 canae
2542 2878 2780 2932 scientiae
2827 2877 3290 2946 dispensationem
3338 2877 3500 2933 aliter
3540 2876 3882 2937 intellexerunt,

2345 2979 2399 3025 et
2427 2986 2521 3041 per
2542 2986 2642 3026 nos
2675 2982 2882 3027 rectum
2904 2972 3106 3043 aliquid
3133 2981 3186 3027 et
3217 2973 3500 3042 probabile
3527 2971 3785 3036 afferetur;
3811 2984 3883 3021 non

2347 3063 2544 3133 pudeat
2572 3079 2667 3119 eos
2715 3064 3011 3120 secundum
3055 3065 3373 3135 Apostoluut
3422 3081 3520 3136 per
3562 3062 3882 3121 revelationent

2349 3156 2444 3212 Dei
2487 3172 2678 3226 sapere
2721 3155 2960 3227 perfecte
2987 3177 2999 3210 :
3031 3157 3214 3228 Neque
3243 3158 3416 3229 magis
3444 3168 3625 3212 ament
3661 3156 3883 3211 veritatem

2344 3249 2585 3305 nescisse
2605 3247 2685 3322 (7)
2717 3250 2782 3322 (ι)
2821 3265 2980 3320 quam
3005 3250 3223 3304 oderint
3251 3251 3619 3320 permansisse
3645 3264 3740 3303 non
3765 3247 3882 3302 veris.

2345 3340 2454 3397 Eos
2475 3345 2643 3410 enim,
2671 3344 2758 3413 qui
2783 3343 2938 3398 aliter
2957 3343 3263 3414 sapiunt,et
3288 3344 3485 3415 quibus
3517 3343 3566 3398 id
3597 3343 3726 3398 Deus
3750 3341 3813 3412 (8)
3828 3354 3886 3394 re-

2345 3437 2540 3493 velavit
2575 3480 2588 3504 ,
2645 3448 2828 3494 monet
2858 3439 2914 3494 in
2945 3438 2996 3494 id
3029 3437 3307 3506 festinare,
3342 3439 3396 3494 in
3427 3455 3535 3510 quo
3560 3438 3768 3509 ingressi
3791 3434 3875 3490 fue-

2346 3533 2492 3590 rint:
2528 3542 2586 3589 ut
2615 3533 2805 3590 relicto
2832 3533 3020 3606 prima:
3059 3533 3377 3604 ignorantiae
3417 3548 3612 3602 sensu,
3643 3529 3885 3590 secundum

2410 3698 2490 3772 (6)
2529 3697 2707 3753 Novit.

2412 3770 2491 3837 (7)
2535 3772 2700 3835 Quam
2724 3785 2824 3824 non
2849 3770 3069 3824 oderint.

2413 3841 2498 3912 (8)
2522 3839 2796 3915 ‘Revelabit
2821 3858 2840 3896 .-
2874 3842 3098 3915 melius;
3131 3850 3194 3915 ut
3217 3843 3500 3912 superiora
3528 3841 3743 3915 apostoli
3761 3839 3884 3896 verba

2338 3911 2612 3985 respiciat,
2645 3914 2699 3967 id
2723 3929 2920 3984 quoque
2947 3911 3087 3968 Deus
3115 3914 3254 3969 vobis
3282 3911 3541 3970 reuelabit.

2341 4115 2507 4170 deius.
2537 4115 2699 4171 Nobis
2721 4115 2794 4171 ita
2819 4123 3028 4171 constat
3053 4115 3335 4191 legendum
3359 4131 3486 4173 esse
3511 4118 3690 4191 serius,
3718 4121 3768 4169 ut
3789 4126 3886 4191 p59;

2341 4201 2423 4258 ter
2465 4202 2668 4258 morem
2710 4197 2911 4243 textum
2955 4203 3025 4243 ex
3069 4181 3376 4258 conjectura
3426 4189 3775 4244 emendemus.
3811 4181 3884 4236 Cui

2337 4257 2481 4314 favet
2501 4274 2603 4314 ms.
2633 4257 2793 4314 Carn.
2825 4260 2874 4312 in
2899 4273 3006 4328 quo
3031 4259 3198 4324 seius;
3224 4261 3304 4314 sic
3330 4261 3474 4315 enim
3501 4260 3657 4315 serius
3685 4270 3881 4328 pronun-

2340 4331 2494 4392 tiant.
2529 4331 2617 4401 qui
2652 4331 2844 4401 lingua:
2881 4327 3006 4385 sunt
3032 4330 3408 4398 impeditioris.
3438 4331 3690 4386 Eamdem
3715 4327 3884 4401 (confir-

2339 4411 2451 4457 mat
2480 4400 2623 4472 qu’od
2652 4400 2813 4468 infra,
2847 4419 2898 4457 ιι.
2931 4402 3022 4468 30,
3050 4402 3275 4472 legimus
3297 4419 3469 4458 seram
3497 4400 3809 4473 obsequelam.

2441 4496 2476 4565 i)
2514 4493 2574 4549 Id
2599 4503 2703 4560 est,
2735 4511 2854 4564 quae
2879 4495 3322 4565 excogitavimus,
3355 4503 3412 4550 et
3434 4496 3782 4551 existimamus
3807 4502 3884 4565 nos

2412 4494 2476 4620 (i)
2514 4494 2574 4549 Id
2599 4503 2703 4560 est,
2735 4511 2854 4564 quae
2879 4495 3322 4565 excogitavimus,
3355 4503 3412 4550 et
3434 4496 3782 4551 existimamus
3807 4502 3881 4570 nos

2261 4563 2314 4622 D
2341 4565 2449 4620 inte
2476 4566 2671 4622 texisse
2691 4607 2705 4630 ,
2737 4583 2804 4622 ne
2835 4567 3028 4621 animis
3055 4567 3124 4620 ita
3159 4567 3403 4623 litereaut
3423 4609 3438 4634 ,
3480 4575 3536 4623 ut
3559 4573 3788 4621 excutere
3810 4559 3881 4614 illa

2340 4652 2439 4692 nos
2485 4638 2697 4708 pudeat.
2750 4638 3222 4710 Pessimttmgltanc
3270 4638 3531 4710 pudorem
3560 4634 3879 4710 Augustitlttii

2340 4703 2501 4782 epist:
2534 4724 2657 4782 xcnt
2681 4751 2694 4773 ,
2729 4725 2782 4764 ιι.
2817 4710 2908 4775 51,
2943 4703 3300 4782 inViucentio
3336 4709 3607 4780 Rogatista
3639 4703 3792 4782 arguit
3818 4703 3882 4782 Itis

2342 4781 2521 4854 verbis
2552 4799 2565 4834 :
2600 4780 2737 4854 Quid
2761 4783 2916 4854 igitur
2939 4781 3110 4834 adhuc
3140 4781 3353 4854 dubitas
3374 4777 3544 4835 tenere
3580 4777 3705 4854 quod
3727 4777 3878 4833 sentis.

2339 4852 2438 4906 nisi
2465 4853 2586 4922 quia
2604 4852 2665 4924 id
2690 4852 2829 4924 quod
2869 4869 3004 4908 nunc
3046 4854 3202 4907 sentis
3221 4894 3236 4917 ,
3275 4853 3355 4906 vel
3383 4852 3654 4924 aliquando
3673 4864 3766 4924 non
3793 4859 3882 4896 scn-

2338 4921 2498 4997 sisse,
2530 4923 2609 4978 uel
2642 4921 2785 4979 aliud
2823 4925 3112 4997 defendisse
3149 4921 3518 4997 confurtderis?
3546 4921 3611 4976 Et
3649 4921 3758 4973 dum
3789 4930 3882 4995 erit-

2337 4993 2496 5048 bescis
2531 4998 2782 5068 corrigere
2824 4993 3082 5060 errorem,
3128 4993 3523 5050 tton'erubescis
3552 5003 3816 5068 permanere
3838 4993 3878 5036 in

2336 5083 2507 5123 errore
2534 5083 2553 5121 :
2581 5067 2720 5139 quad
2740 5068 2913 5138 utique
2935 5068 3104 5141 potius
3133 5067 3522 5122 erubescendum
3547 5067 3654 5130 fuit.

2407 5159 2480 5231 (j)
2520 5161 2708 5218 Plures
2738 5163 2925 5231 probze
2969 5172 3109 5216 noue
3135 5177 3266 5217 mss.
3299 5163 3345 5216 si
3373 5162 3458 5232 qui
3484 5159 3665 5214 aliter:
3688 5153 3762 5210 cui
3785 5151 3873 5232 lec-

2337 5221 2473 5286 tio‘ni
2494 5235 2657 5300 prima
2686 5221 2844 5303 hujus
2866 5233 3076 5289 numeri
3097 5235 3286 5302 verba,
3313 5221 3579 5304 postrema
3601 5238 3758 5284 autem
3780 5221 3876 5276 vulo

2333 5313 2473 5374 gata;
2503 5304 2699 5360 favent.

2410 5376 2486 5447 (It)
2531 5376 2674 5432 Editi
2720 5387 2774 5434 et
2817 5377 3020 5446 aliquot
3069 5377 3288 5448 scripti.
3337 5376 3490 5432 norit.
3541 5373 3692 5445 Magis
3731 5367 3874 5439 placet

2337 5464 2457 5506 cum
2491 5450 2922 5519 castigatioribus
2951 5463 3083 5504 mss.
3109 5449 3323 5503 monuit.

2413 5545 2478 5619 (Ι)
2515 5540 2574 5596 Ῑιι
2600 5560 2730 5619 mss.
2758 5545 2880 5619 Vat.
2907 5546 3048 5608 bas..
3074 5547 3288 5602 Martin.
3313 5554 3367 5601 et
3389 5543 3616 5619 Bemig.,
3639 5550 3773 5619 quiin:
3791 5544 3869 5619 mni

2338 5600 2536 5688 oderint
2565 5631 2584 5669 :
2613 5600 2772 5672 male.
2805 5616 2942 5673 Tum
2971 5600 3334 5687 permansisse,
3353 5617 3402 5672 id
3431 5600 3667 5680 est."ttitn
3695 5608 3776 5688 diu
3797 5600 3870 5688 ad:

2340 5670 2584 5761 inrisisse.
2613 5670 3392 5761 naidas};posuisses;in;
3422 5670 3542 5742 ante
3567 5699 3661 5740 non
3685 5677 3795 5737 verit
3815 5670 3869 5726 ab

2339 5759 2565 5818 Erasmo
2592 5753 2864 5828 additam,"
2875 5753 3188 5819 sustulimus
3209 5775 3277 5816 cx
3306 5753 3412 5819 ﬁde
3435 5773 3558 5816 tussi
