3936 6196
46 309 138 363 H7

1258 308 1344 364 DE
1383 307 1752 367 TRINITATE
1794 310 2003 368 LIBER
2043 314 2137 368 XI.

3237 319 3346 376 “8

47 422 324 493 proposita:
372 420 735 478 festinationis
774 420 1098 492 ingressum,
1133 423 1207 494 (α)
1251 425 1634 482 revelatiouem
1664 431 1713 489 Α
1811 429 1902 485 28.
1937 427 2173 500 Eripitur
2212 431 2282 485 eis
2309 431 2460 499 ﬁnem
2501 448 2608 486 esse
2639 433 2984 489 abolitionem.
3037 431 3185 489 Finis
3223 432 3348 504 quid

48 514 288 586 perfecta:
365 514 738 586 intelligentiae
792 523 1216 585 consequantur.
1275 515 1640 586 lngrediamur

48 611 212 680 itaque
238 608 294 662 in
325 623 442 679 quo
476 608 866 663 fesﬁnavimus.
897 608 959 662 Et
987 607 1033 662 si
1077 607 1212 665 forte
1238 607 1639 666 festinationem

49 713 269 758 nostram
303 701 454 756 devii
486 703 693 757 itineris
731 716 882 757 error
909 709 1182 769 moratur;
1225 719 1320 772 per
1349 705 1642 760 revelatio-

50 811 156 852 nem
199 805 378 850 tamen
417 795 509 851 Dei
557 796 608 850 in
638 794 686 850 id
719 796 858 866 quod
901 794 1272 852 festiuavimus
1312 814 1526 854 rursum
1557 800 1641 853 iu-

51 890 236 963 gressi,
277 889 648 945 festinationis
678 898 875 944 nostra:
925 906 1030 944 non
1065 889 1404 946 demutemus
1436 891 1644 962 ingres—

53 998 176 1038 sum.
206 981 612 1037 Festinavimus
639 981 780 1037 enim
819 981 885 1036 ad
929 980 1204 1036 Christum
1238 983 1420 1038 Jesum
1460 985 1641 1039 Denti-

57 1091 163 1128 num
193 1074 384 1144 gloriae
416 1083 674 1144 etregem
707 1084 1032 1129 aeternorum
1069 1074 1390 1130 smculorum
1412 1115 1426 1141 ,
1459 1077 1510 1130 in
1538 1093 1643 1146 quo

55 1176 340 1222 restaurata
386 1175 515 1221 sunt
540 1166 717 1220 omnia
749 1167 800 1221 in
842 1167 994 1223 uelis
1022 1179 1076 1222 et
1109 1167 1160 1222 in
1191 1175 1365 1234 terra,
1400 1168 1485 1223 cui
1515 1184 1644 1224 con-

55 1267 182 1314 stant
207 1256 413 1318 omnia,
450 1257 504 1312 in
541 1273 646 1328 quo
674 1266 728 1313 et
753 1273 874 1312 cum
907 1274 1012 1328 quo
1032 1273 1254 1336 semper
1282 1259 1638 1315 manebimus.

58 1353 102 1406 lu
131 1351 207 1405 his
241 1367 370 1420 ergo
405 1351 633 1421 ingressi
662 1351 900 1421 sapimus
930 1351 1161 1421 perfecte
1190 1369 1202 1404 :
1237 1361 1291 1407 et
1319 1352 1362 1407 si
1389 1351 1514 1423 quid
1547 1352 1645 1407 ali-

59 1457 124 1502 ter
149 1448 385 1513 sapimus
407 1487 424 1511 ,
463 1446 602 1501 Deus
632 1446 789 1500 nobis
818 1445 866 1501 id
899 1447 1040 1516 quod
1071 1445 1305 1517 perfecte
1329 1446 1536 1516 sapitur
1559 1462 1645 1502 re-

60 1542 252 1599 velabit.
302 1542 493 1606 Itaque
535 1541 830 1598 secundum
874 1541 1228 1611 apostolicam
1268 1541 1427 1596 ﬁdem
1459 1555 1642 1596 sacra-

60 1647 271 1689 mentum
321 1632 596 1689 dictorum
647 1633 995 1703 praesentium
1042 1613 1428 1698 retractemus;
1479 1642 1532 1688 et
1579 1649 1645 1689 eo

62 1729 231 1794 modo,
264 1743 373 1798 quo
415 1729 667 1800 superius
695 1743 724 1781 a
751 1729 904 1783 nobis
933 1736 1158 1782 tractata
1193 1739 1314 1782 sunt
1349 1727 1552 1795 omnia,
1586 1738 1643 1783 ut

63 1837 251 1875 onmem
280 1822 468 1890 impia:
503 1819 796 1874 voluntatis
827 1835 1046 1874 sensum
1081 1819 1181 1874 sub
1225 1820 1384 1875 dictis
1421 1830 1642 1891 aposto-
1673 1826 1721 1886 B
1749 1821 1995 1878 hortatur

64 1913 167 1968 licis
197 1911 267 1984 (ὑ)
301 1920 640 1984 praeceptum
678 1927 742 1968 ex
773 1912 887 1981 ipsa
923 1909 1045 1966 ﬁdei
1077 1912 1387 1982 apostolica:
1411 1912 1638 1967 veritate

64 2008 343 2079 prodamus.

117 2099 198 2156 95.
239 2099 363 2154 Tria
407 2101 466 2154 in
497 2099 826 2171 qmcstionem
870 2107 1067 2154 vocata.
1102 2128 1174 2139 —
1197 2097 1320 2152 Tria
1363 2095 1522 2168 igitur
1553 2111 1640 2153 se-

65 2195 265 2249 cundum
302 2192 581 2249 dictorum
610 2193 855 2248 ordinem
886 2192 938 2247 in
966 2191 1320 2262 qumstioncm
1355 2197 1639 2256 vocantur,

65 2291 266 2361 primum
299 2288 450 2355 ﬁnis,
498 2289 692 2346 deinde
723 2287 963 2352 traditio,
1008 2286 1206 2343 deinde
1237 2284 1501 2355 subjectio
1533 2301 1545 2336 :
1580 2292 1638 2338 ut

66 2403 143 2457 per
172 2387 280 2441 hcce
305 2393 402 2440 aut
428 2385 647 2440 desinat
673 2381 920 2437 Christus
979 2381 1030 2436 in
1091 2381 1218 2447 fine,
1271 2389 1361 2434 aut
1415 2393 1641 2450 regnum

68 2478 296 2534 tradendo
323 2492 434 2532 non
473 2483 678 2542 teneat,
697 2482 787 2530 aut
814 2483 965 2530 extra
992 2473 1085 2529 Dei
1112 2482 1358 2529 naturam
1381 2472 1494 2527 Deo
1516 2471 1644 2526 sub-

65 2571 210 2642 jectus
230 2573 483 2628 exsistat.

122 2665 200 2721 26.
245 2665 583 2737 Objectorum
632 2663 790 2718 Pauli
847 2663 1112 2718 verborum
1165 2661 1434 2716 connexio.
1469 2659 1644 2714 —-Ac

73 2759 273 2828 primum
304 2757 646 2814 noscendum
676 2767 758 2813 est
779 2799 793 2822 ,
836 2772 942 2812 non
972 2756 1115 2811 hunc
1143 2755 1390 2810 ordinem
1421 2763 1643 2824 aposto-

71 2852 164 2909 lica:
186 2867 297 2908 esse
327 2852 620 2908 doctrinae.
651 2850 888 2906 Primum
917 2849 1060 2904 enim
1092 2848 1240 2919 regni
1275 2845 1491 2902 traditio
1523 2855 1601 2902 est
1624 2887 1641 2914 ,

73 2947 234 3001 deinde
274 2945 584 3017 subjectio,
628 2953 904 3013 postremo
946 2941 1086 2996 ﬁnis.
1130 2939 1236 2996 Sed
1267 2939 1493 3008 singulis
1520 2939 1642 3008 qni-

73 3036 246 3109 busque
284 3037 475 3092 causis
508 3035 723 3106 propria
755 3049 1090 3103 quarumque
1129 3047 1409 3088 causarum
1443 3044 1641 3102 genera

75 3131 276 3200 subjecta
303 3143 432 3187 sunt
469 3149 483 3184 :
513 3139 576 3186 ut
599 3121 727 3186 dum
754 3145 841 3184 res
883 3128 1108 3198 singula:
1137 3127 1189 3180 in
1224 3141 1309 3179 res
1334 3125 1468 3178 alias
1498 3123 1644 3178 desi-

1744 523 1831 578 sit.
1864 553 1932 563 —
1965 522 2111 577 Finis
2162 523 2342 594 itaque
2393 524 2524 594 legis
2575 523 2824 580 Christus
2871 535 3003 581 est:
3053 535 3108 580 ct
3161 541 3347 596 quer

1747 626 1923 670 utrum
1953 615 2176 670 abolitio
2205 615 2338 687 legis
2358 614 2609 672 Christus
2631 616 2720 684 sit,
2748 633 2888 674 anne
2919 617 3213 688 perfectio?
3239 615 3346 673 Sed

1746 708 1792 761 si
1822 707 1996 778 legem
2026 705 2271 763 Christus
2294 749 2308 774 ,
2351 709 2442 778 qui
2473 709 2594 765 ﬁnis
2622 710 2738 779 ejus
2768 720 2850 767 est
2870 752 2884 778 ,
2915 725 3022 764 non
3063 710 3344 775 dissolvit,

1745 799 1840 855 sed
1872 799 2167 869 adimplet,
2210 802 2507 857 secundum
2550 803 2692 874 quod
2727 804 2801 858 ait
2837 820 2849 857 :
2887 802 3008 858 Non
3038 807 3150 858 veni
3189 804 3348 876 legem

1745 891 1973 957 solvere,
2006 891 2096 946 sed
2133 892 2416 965 adimplere
2453 893 2668 966 (Matth.
2704 911 2754 960 ν,
2794 893 2915 966 l7);
2949 895 3074 951 ﬁnis
3119 910 3224 952 non
3246 889 3350 954 de-

1747 984 1906 1039 fectio
1930 994 2035 1054 est,
2078 985 2172 1041 sed
2205 997 2577 1041 consummata
2610 988 2890 1057 perfectio.
2920 987 3175 1044 Tendunt
3202 991 3344 1046 enim

1746 1077 1812 1132 ad
1844 1077 2004 1132 ﬁnem
2046 1078 2228 1133 omnia
2249 1120 2263 1146 ,
2299 1093 2404 1134 non
2436 1087 2494 1132 ut
2523 1094 2628 1134 non
2660 1080 2788 1144 sint,
2825 1080 2920 1136 sed
2953 1081 3027 1135 uti
3057 1080 3110 1136 in
3154 1097 3249 1151 eo,
3281 1081 3349 1138 ad

1747 1171 1889 1242 quod
1919 1172 2270 1239 tetenderint,
2305 1183 2580 1228 maneant.
2609 1173 2672 1229 Et
2698 1182 2924 1244 propter
2947 1173 3107 1230 ﬁnem
3137 1175 3347 1242 omnia;

1746 1271 2001 1318 crateram
2029 1261 2152 1318 ﬁnis
2181 1263 2247 1318 ad
2280 1263 2424 1319 aliud
2449 1264 2651 1336 aliquid
2684 1280 2788 1320 non
2815 1266 3068 1321 refertur.
3095 1266 3201 1322 Sed
3228 1282 3350 1322 cum

1749 1355 1870 1411 ﬁnis
1915 1354 1998 1429 (ά)
2042 1357 2222 1412 omnia
2271 1357 2374 1424 sit,
2409 1374 2631 1414 manens
2663 1359 2778 1429 ipse
2807 1360 2910 1416 sibi
2953 1370 3096 1415 totus
3141 1370 3241 1416 cst.
3285 1360 3355 1416 Et

1747 1451 1868 1521 quia
1899 1466 2004 1506 non
2034 1452 2304 1508 excedens
2329 1468 2395 1508 ex
2438 1469 2559 1509 sese
2601 1454 2698 1509 ulli
2740 1455 2830 1509 alii
2878 1456 3107 1527 tempori
3156 1466 3247 1512 aut
3271 1456 3350 1513 rei

1750 1543 1926 1612 potius
1955 1560 2110 1613 quam
2140 1546 2241 1600 sibi
2270 1546 2512 1616 prolicit;
2539 1547 2606 1603 ad
2633 1548 2792 1604 ﬁnem
2824 1550 2998 1612 ipsum
3027 1565 3243 1620 semper
3265 1551 3350 1606 in-

1750 1637 1917 1692 tentio
1938 1637 2054 1707 spei
2083 1638 2260 1692 omnis
2288 1641 2619 1695 extenditur.
2651 1641 2713 1696 Et
2747 1641 2949 1697 idcirco
2978 1643 3238 1698 Dominus
3267 1658 3355 1699 re—

1748 1727 1951 1799 ligiosm
1982 1730 2106 1785 ﬁdei
2139 1732 2448 1800 patientiam
2476 1732 2566 1786 ﬁni
2600 1749 2659 1790 se
2700 1747 3068 1792 reservantem
3090 1779 3104 1802 ,
3138 1738 3212 1792 ita
3258 1737 3352 1793 ad-

2035 1841 2047 1876 :
2098 1823 2287 1880 Beatus
2343 1827 2431 1896 qui
2481 1829 2816 1896 permanserit
2879 1847 3034 1902 usque
3088 1832 3142 1885 in
3194 1832 3350 1902 ﬁnem

1744 1915 1958 1986 (Matth.
1995 1932 2047 1982 x,
2073 1915 2192 1986 22),
2241 1932 2344 1973 non
2373 1920 2556 1990 utique
2584 1928 2643 1974 ut
2689 1922 2760 1977 sit
2791 1922 2947 1978 beata
2989 1923 3253 1992 defectio,
3301 1935 3357 1982 ct

1744 2023 1848 2063 non
1878 2024 1997 2064 esse
2022 2009 2090 2064 sit
2117 2010 2322 2065 fructus
2344 2053 2358 2077 ,
2391 2021 2444 2067 et
2475 2027 2683 2068 merces
2706 2013 2833 2070 fidei
2874 2015 2950 2088 (ε)
2981 2015 3063 2071 sui
3091 2017 3352 2087 cujusque

1744 2101 2104 2158 constituatur
2129 2103 2353 2159 abolitio
2382 2121 2395 2158 :
2428 2105 2521 2161 sed
2552 2106 2677 2178 quia
2709 2107 2832 2164 ﬁnis
2860 2109 3159 2179 propositae
3182 2110 3356 2166 beati-

1745 2197 1946 2251 tudinis
1973 2197 2292 2254 iuexcessus
2319 2198 2512 2255 modus
2550 2209 2663 2267 est,
2713 2191 2855 2257 beati
2886 2211 3013 2258 sunt
3042 2203 3132 2274 qui
3184 2218 3355 2275 usque

1744 2290 1812 2345 ad
1842 2291 2002 2346 ﬁnem
2032 2291 2473 2348 censummandae
2505 2295 2854 2349 beatitudinis
2890 2297 3208 2363 manserint,
3246 2312 3356 2353 non

1747 2384 1882 2438 ultra
1909 2398 1968 2439 se
1995 2382 2167 2439 ﬁdelis
2193 2386 2305 2452 spei
2337 2386 2740 2457 exspectatione
2771 2387 3040 2444 tendente.
3070 2389 3217 2444 Finis
3245 2390 3345 2445 ita-

1745 2494 1848 2550 que
1875 2488 1954 2533 est
1985 2479 2234 2534 manendi
2266 2480 2559 2536 immobilis
2585 2481 2650 2536 ad
2693 2497 2852 2551 quem
2887 2483 3125 2538 tenditur
3151 2492 3345 2540 status.

1747 2572 1987 2642 Denique
2015 2571 2307 2642 Apostolus
2330 2573 2622 2645 impietatis
2649 2574 2813 2630 ﬁnem
2839 2575 2904 2630 ad
2934 2575 3216 2632 desinendi
3241 2593 3354 2634 me-

1747 2677 1858 2724 tum
1899 2682 2274 2738 praemonens,
2327 2670 2401 2724 ait
2443 2689 2456 2723 :
2508 2668 2734 2737 Quorum
2785 2671 2902 2738 ﬁnis
2952 2679 3028 2725 est
3081 2671 3350 2738 interitus,

1747 2770 1922 2815 nostra
1949 2771 2114 2817 autem
2144 2762 2220 2833 (f)
2250 2763 2561 2833 exspectatio
2607 2765 2664 2817 in
2706 2763 2843 2817 cretis
2889 2772 2962 2818 est
2994 2763 3222 2835 (Philip.
3259 2780 3318 2820 tn
3338 2805 3353 2831 ,

1750 2855 1816 2911 i9
1844 2866 1890 2910 et
1917 2853 2036 2924 20).
2082 2855 2140 2912 Si
2181 2856 2360 2926 itaque
2398 2866 2453 2912 et
2494 2855 2669 2912 beatis
2703 2867 2757 2912 et
2789 2857 2969 2928 impiis
3003 2858 3126 2914 ﬁnis
3151 2869 3270 2925 est,
3302 2865 3358 2915 et

1749 2951 1869 3006 ﬁnis
1898 2951 2217 3023 intelligitur
2244 2967 2366 3007 esse
2395 2950 2664 3008 defectio:
2703 2952 3016 3024 religionem
3061 2961 3221 3023 atque
3253 2952 3354 3006 im-

1749 3047 2002 3116 pietatem
2039 3045 2157 3101 ﬁnis
2187 3055 2454 3116 exzequat,
2486 3045 2646 3119 393
2674 3047 2794 3117 quia
2822 3046 2896 3119 (θ)
2929 3055 3215 3117 utrumque
3262 3060 3358 3116 per

1749 3141 2097 3195 constitutum
2131 3138 2289 3194 ﬁnem
2336 3140 2405 3194 sit
2444 3141 2493 3193 in
2535 3155 2822 3194 commune
2857 3155 2960 3195 non
2990 3154 3129 3208 esse.
3168 3139 3230 3194 Et
3262 3137 3355 3194 ubi

76 3232 205 3290 nant,
232 3225 424 3280 habeat
470 3238 684 3292 semper
711 3221 1077 3290 subiacentem
1109 3218 1212 3274 sibi
1241 3232 1458 3272 causam
1483 3230 1644 3272 causa
1673 3216 1717 3280 C
1750 3232 2083 3301 exspectaui,
2109 3241 2293 3287 nnsjra
2327 3232 2378 3285 in
2413 3231 2564 3286 emus
2593 3241 2698 3298 esi,
2730 3231 2775 3286 si
2803 3246 2899 3302 per
2928 3231 3090 3287 ﬁnem
3121 3245 3242 3287 esse
3269 3245 3356 3286 se.

79 3317 372 3386 przcccdens.
402 3316 563 3372 Finis
589 3315 733 3371 enim
765 3313 901 3378 erit;
934 3312 1095 3384 392
1121 3310 1214 3366 sed
1241 3326 1362 3366 cum
1406 3308 1644 3364 tradide-

79 3411 130 3464 rit
168 3426 378 3482 regnum
415 3410 552 3466 Deo.
585 3408 787 3464 Tradct
834 3416 1011 3461 autem
1063 3420 1322 3476 regnum;
1375 3403 1468 3459 sed
1520 3417 1644 3457 cum

78 3503 381 3557 evacuaverit
419 3516 644 3556 omnem
683 3499 1057 3570 magistratum
1086 3506 1140 3554 et
1165 3512 1380 3552 omnem
1410 3505 1648 3566 potesta-

80 3600 184 3649 tem.
215 3595 505 3650 Evacuabit
534 3602 717 3648 autem
742 3607 958 3647 omnem
982 3590 1353 3661 magistratum
1383 3599 1438 3644 et
1466 3598 1646 3659 potes-

79 3697 240 3755 tatem,
273 3691 393 3760 quia
439 3696 660 3760 oportet
702 3703 823 3743 cum
857 3701 1109 3758 regnare.
1141 3684 1407 3754 chnahit
1435 3692 1641 3749 autem,

80 3781 224 3838 donec
249 3793 408 3854 ponat
432 3797 629 3838 omnes
658 3780 906 3836 inimicos
933 3779 1034 3834 sub
1063 3778 1286 3848 pedibus
1312 3776 1444 3832 suis.
1476 3775 1646 3831 Ponet

79 3890 185 3931 vero
217 3878 456 3933 inimicos
487 3876 592 3932 sub
633 3874 859 3945 pedibus
885 3873 1032 3940 suis;
1066 3874 1189 3942 quia
1223 3873 1364 3928 Deus
1389 3872 1439 3927 ei
1469 3870 1647 3940 subje-

81 3967 138 4022 cit
159 3970 324 4024 ontnia
349 3969 454 4025 sub
484 3968 714 4040 pedibus
744 3967 882 4038 ejus.
912 3966 1154 4036 Subjccit
1181 3974 1358 4021 antem
1383 3966 1524 4020 Deus
1549 3965 1643 4029 ita,

83 4069 128 4114 ut
160 4063 436 4119 novissima
467 4063 539 4117 ab
583 4077 652 4117 eo
693 4075 838 4116 mors
861 4058 1100 4116 'inimica
1131 4058 1393 4115 tineatur.
1444 4055 1647 4113 Dehinc

85 4154 304 4226 subjectis
332 4158 588 4214 omnibus
635 4157 716 4222 ei,
765 4164 962 4225 praeter
1009 4169 1132 4208 eum
1176 4153 1264 4224 qni
1317 4151 1549 4221 subjecit
1595 4151 1644 4206 ci

86 4249 261 4313 omnia;
295 4259 420 4306 tunc
451 4249 768 4319 subjicietur
809 4248 922 4317 ipse
966 4245 1271 4316 subjicicnti
1305 4243 1410 4299 sibi
1439 4243 1641 4297 omnia.

87 4337 406 4412 Subjectionis
448 4359 582 4400 vero
621 4357 782 4399 causa
827 4355 933 4396 non
975 4340 1079 4394 alia
1110 4346 1228 4402 est,
1271 4353 1430 4410 quam
1477 4349 1535 4393 ut
1577 4337 1648 4392 sit

87 4431 200 4489 Deus
222 4438 394 4493 omnia
427 4439 480 4492 in
510 4436 780 4493 omnibus.
810 4435 961 4491 Finis
992 4433 1173 4504 itaque
1195 4439 1298 4500 est,
1329 4445 1451 4488 esse
1474 4431 1643 4488 Deum

87 4529 298 4586 omniain
323 4532 599 4588 omnibus.

1749 3325 1980 3380 cundum
2042 3323 2236 3394 impios
2291 3324 2379 3395 (ad
2412 3325 2583 3380 instar
2628 3325 2956 3395 impiorum)
3013 3323 3358 3381 desinamus?

1748 3416 1900 3485 Quod
1929 3417 1974 3472 si
2000 3417 2201 3472 sanctis
2228 3417 2582 3487 exspectatio,
2621 3417 2800 3486 impiis
2825 3431 2954 3473 vero
2987 3418 3109 3472 ﬁnis
3136 3417 3352 3472 debitus

1748 3524 1868 3565 esse
1892 3509 2088 3565 dicitur
2112 3527 2124 3563 :
2158 3521 2332 3566 tamen
2360 3526 2426 3565 ne
2454 3511 2534 3565 sic
2560 3509 2775 3580 quidem
2805 3510 2924 3565 ﬁnis
2955 3511 3198 3566 creditur
3226 3525 3350 3568 esse

1748 3602 2012 3668 defectio;
2044 3605 2167 3674 quia
2191 3621 2309 3673 quze
2337 3620 2494 3676 pinna
2529 3605 2821 3675 impietatis
2846 3614 2948 3672 est,
2981 3605 3203 3660 omnino
3236 3621 3346 3662 non

1747 3710 1867 3751 esse
1889 3696 1954 3750 ad
1988 3711 2267 3767 ptenarnm
2301 3697 2574 3752 ultricium
2601 3712 2842 3761 sensum,
2878 3711 3038 3753 causa
3063 3697 3115 3752 in
3143 3697 3228 3752 his
3249 3712 3349 3769 per

1748 3787 2104 3843 defectionem
2139 3789 2220 3844 sui
2252 3804 2356 3844 non
2388 3797 2638 3845 exstante
2680 3789 2956 3860 patiendi?
2987 3788 3137 3845 Finis
3176 3791 3357 3862 itaque

1749 3890 1831 3937 est
1869 3881 2265 3938 indemutandm
2296 3883 2699 3939 constitutionis
2743 3898 2991 3938 mansura
3035 3883 3305 3965 perfectio
3338 3901 3353 3941 :

1747 3989 1866 4045 qua:
1897 3983 1949 4029 et
1988 3974 2308 4030 beatitudini
2355 3985 2661 4044 reservata,
2693 3985 2746 4031 et
2789 3975 3053 4046 impietati
3084 3985 3168 4032 est
3209 3991 3354 4048 pra:-

1749 4075 1953 4135 parata.

1819 4155 1910 4212 29.
1940 4155 2101 4228 Regni
2124 4157 2448 4212 traditionem
2469 4174 2572 4211 non
2590 4173 2696 4211 esse
2719 4159 2969 4229 regnandi
2993 4159 3350 4230 defectionem.

1746 4281 1821 4293 ——
1845 4251 1996 4307 Nunc
2027 4253 2191 4321 igitur
2219 4253 2343 4324 quia
2387 4252 2497 4322 jam
2528 4251 2723 4322 ambigi
2755 4268 2858 4306 non
2908 4261 3125 4323 potest,
3161 4254 3213 4308 in
3246 4253 3352 4310 ﬁne

1749 4360 1860 4400 non
1902 4343 2260 4402 defectionem
2287 4387 2302 4413 ,
2333 4345 2428 4400 sed
2473 4359 2578 4400 non
2609 4359 2955 4402 excessuram
3005 4346 3352 4404 constitutio—

1751 4453 1875 4493 nem
1903 4453 2024 4494 esse
2056 4438 2457 4510 intelligendam
2485 4481 2500 4507 ,
2531 4454 2855 4512 quamquam
2888 4441 3064 4498 adhuc
3102 4441 3352 4513 quaedam

1749 4530 1804 4586 in
1836 4532 1951 4602 ipsa
1977 4531 2112 4588 dicti
2149 4532 2490 4590 absolutione
2537 4534 2646 4589 sint
2698 4546 3008 4592 reservata:
3054 4545 3232 4594 tamen
3267 4537 3353 4595 his

138 4621 214 4677 27.
247 4625 379 4692 Quid
399 4625 672 4681 obtendant
693 4624 933 4681 hatretici.
955 4623 1114 4679 —Et
1132 4622 1480 4694 quaerendum
1505 4638 1645 4679 nunc
1671 4606 1724 4667 ἶ)
1754 4633 1961 4680 tantum
1986 4624 2052 4680 ad
2094 4625 2540 4696 signiﬁcationem
2587 4641 2778 4683 sensus
2820 4627 3204 4684 demonstratis
3228 4670 3242 4693 ,
3275 4629 3355 4685 vi-

87 4727 182 4772 ante
218 4720 386 4776 omnia
433 4731 550 4787 est,
603 4736 668 4774 an
718 4719 840 4774 ﬁnis
882 4718 1115 4775 defectio
1156 4718 1258 4784 sit,
1307 4733 1374 4772 an
1426 4717 1644 4773 traditio

88 4811 270 4866 amissio
293 4815 398 4877 sit,
437 4828 504 4867 an
547 4811 809 4882 subjectio
853 4810 1140 4866 inﬁrmitas
1184 4810 1272 4866 sit.
1318 4811 1448 4879 Quae
1479 4811 1524 4866 si
1556 4811 1643 4866 his

88 4901 165 4955 sibi
200 4906 477 4962 contrariis
515 4920 622 4960 non
648 4905 1004 4975 subjacebunt
1025 4947 1040 4973 ,
1074 4913 1234 4960 erunt
1275 4904 1326 4959 in
1357 4919 1417 4960 ea
1448 4904 1646 4960 intelli-

89 4997 249 5062 gentiae
275 4999 498 5056 veritate
529 4999 601 5071 (c)
637 5014 738 5070 qua
769 4999 908 5054 dicta
938 5005 1084 5054 sunt.

144 5184 207 5253 (α)
234 5187 388 5243 Solus
415 5185 585 5243 codex
607 5185 727 5242 Vat.
756 5187 872 5242 bas.
894 5226 907 5251 ,
937 5183 1261 5239 reuelationis
1291 5183 1535 5255 perfecta:
1559 5181 1641 5236 in-

93 5255 380 5326 ιειϋςεηιὶαηι
428 5259 560 5313 Τιπη
605 5259 862 5327 plerique,
894 5272 1278 5327 consequamur.

151 5325 213 5398 (ὁ)
251 5331 396 5399 Apud
441 5329 571 5384 ΒΜ.
604 5325 659 5384 et
699 5325 817 5397 liti,
862 5325 1146 5400 deceptum.
1193 5326 1348 5400 Αριξᾴ
1390 5325 1537 5400 Lips.
1589 5332 1645 5379 et

97 5393 211 5470 Pan,
237 5393 534 5470 priereptum
561 5417 579 5455 :
606 5416 710 5455 non
743 5393 812 5455 ita
843 5393 1001 5454 male".
1042 5400 1098 5454 lu
1132 5393 1260 5454 mss;
1295 5393 1561 5470 Vat.bas.
1589 5403 1646 5450 ct-

97 5463 293 5530 Martin..
338 5463 623 5545 praeceptis.
666 5471 1001 5545 Inrcmteris,
1030 5480 1342 5545 praceptum
1364 5511 1400 5545 ,_
1421 5469 1472 5522 id
1520 5474 1638 5532 est,

100 5541 504 5613 linteonce'ptum.
533 5541 666 5598 Cum
693 5544 774 5596 his
794 5541 982 5597 confer
1005 5541 1165 5598 verba
1191 5558 1337 5597 num.
1371 5543 1422 5595 7.

151 5610 211 5681 (ς)
247 5610 450 5669 Marti".
486 5629 586 5669 ms.
619 5629 732 5677 qua?
759 5614 895 5667 dicta
925 5623 1061 5667 sunt.

151 5683 218 5754 (tl)
257 5685 388 5740 Editi
407 5725 423 5750 ,
453 5687 676 5740 omnium
701 5685 786 5738 sit.
819 5685 1143 5740 Concinnius
1182 5698 1311 5740 mss.
1342 5685 1513 5739 omnia
1532 5685 1595 5741 sit
1621 5698 1641 5738 :

100 5755 212 5874 quod
247 5755 464 5813 iuCorb.
490 5770 832 5827 corrumpere
859 5771 1140 5828 perperam
1163 5756 1386 5813 tentavit
1405 5756 1638 5813 secunda

127 5837 272 5874 ianus-
291 5842 298 5849 '

127 5837 272 5884 ianus.
291 5842 298 5849 ’

1754 4717 1977 4774 deamus
2006 4733 2074 4773 an
2107 4718 2323 4774 traditio
2355 4720 2505 4791 regni
2531 4718 2760 4776 defectio
2786 4722 2856 4775 sit
2901 4720 3244 4792 intelligenda
3270 4736 3356 4778 re-

1750 4812 1988 4884 gnandi;
2018 4825 2077 4869 ut
2127 4814 2270 4884 quod
2303 4815 2465 4871 tradit
2510 4814 2682 4871 Filius
2730 4815 2910 4883 Patri,
2942 4815 3202 4870 tradendo
3243 4830 3353 4872 non

1754 4917 1953 4965 teneat.
1987 4908 2140 4975 Quod
2164 4910 2208 4965 si
2231 4910 2351 4980 quis
2380 4911 2559 4966 stulta:
2589 4910 2878 4982 impietatis
2908 4909 3091 4967 furore
3123 4921 3349 4968 conten-

1751 4999 1874 5064 det;
1910 5000 2141 5058 fateatur
2169 5015 2394 5059 necesse
2423 5010 2508 5058 est
2546 5001 2760 5058 Patrem
2789 5043 2804 5069 ,
2831 5017 2956 5059 cum
2989 5002 3210 5060 tradidit
3236 5018 3355 5060 om-

1823 5181 1897 5255 (e)
1936 5182 1993 5237 In
2020 5183 2270 5254 vulgatis.
2299 5200 2430 5240 sate.
2460 5183 2681 5240 Rectius
2705 5185 2759 5240 in
2786 5200 2915 5242 mss.
2951 5186 3054 5249 sui.
3086 5188 3208 5245 scil.
3239 5188 3357 5244 aba-

1748 5253 1908 5340 βιῶ)Δ
1930 5269 2063 5340 quia
2077 5253 2230 5312 beata
2275 5270 2398 5340 esse
2445 5256 2660 5340 nequit,
2693 5261 2816 5328 quia
2845 5258 3093 5340 defectio
3124 5277 3230 5316 non
3252 5269 3358 5340 _est

1750 5324 2096 5403 beatitudinis
2122 5342 2313 5396 capax.
2342 5327 2461 5383 Mox
2493 5324 2812 5398 iuexcessus,
2844 5329 2896 5385 id
2925 5340 3039 5401 est,
3067 5347 3172 5403 quo
3211 5333 3355 5391 ultra

1751 5397 1918 5452 tendit
1949 5409 2201 5469 nequeat.

1827 5490 1899 5564 (Γ)
1941 5491 2160 5562 Aliquot
2183 5507 2315 5550 mss.
2343 5492 2697 5562 recentiores,
2725 5501 3063 5555 conversatio.

1828 5612 1906 5684 (9)
1931 5609 2087 5680 AW“
2120 5610 2276 5679 θεά-ν
2306 5611 2535 5681 “mque:
2566 5611 2762 5682 Probe,
2793 5615 2838 5670 si
2868 5614 3113 5672 faverent
3137 5617 3344 5690 scripti.

1749 5682 1807 5738 In
1837 5683 2058 5738 reliquis
2088 5681 2218 5737 edit.
2269 5685 2540 5738 utrimque.
2591 5685 2660 5738 At
2689 5686 2742 5738 in
2794 5701 2923 5738 mss.
2971 5703 3166 5738 magno
3219 5706 3344 5738 mn.

1749 5697 1807 5739 tn
1837 5697 2058 5752 reliquis
2088 5697 2218 5737 ean.
2269 5697 2540 5751 utrimque.
2591 5697 2660 5738 Al.
2689 5701 2742 5740 In
2794 5701 2923 5742 mss.
2971 5703 3166 5760 magno
3219 5706 3353 5748 con-

1749 5769 1933 5836 sensu,
1963 5762 2264 5836 utrumque;
2297 5755 2438 5825 quod
2457 5752 2525 5836 de
2545 5754 2809 5826 religione
2835 5768 2890 5815 et
2918 5759 3194 5830 impietate
3214 5778 3353 5836 prte-

1750 5826 2010 5896 dicatnm,
2041 5826 2110 5883 ad
2139 5824 2243 5883 non
2269 5824 2378 5884 me
2405 5824 2674 5884 referatur
2699 5843 2924 5889 necesse
2946 5824 3052 5890 est.
