3936 6196
579 263 686 338 tia
1785 248 2029 327 saucrt
2065 263 2318 324 ﬂlLARlI
2343 264 2653 323 sptseort
3763 266 3840 323 no

582 395 666 448 nia
724 394 891 459 Filio,
916 389 1159 446 amisisse
1205 385 1465 442 tradendo
1492 426 1507 454 ,
1541 385 1584 439 si
1635 384 1917 439 tradidisse
1963 381 2173 436 traditis
2199 381 2251 442 Α
2349 382 2437 436 5|.
2473 379 2680 436 Christo
2709 381 2814 445 iam
2841 379 3072 451 subiecta
3119 388 3272 448 sunt,
3301 395 3425 453 quas
3452 378 3693 434 dicuntur
3716 383 3843 452 subji-

579 500 737 556 egere
768 481 1052 552 signiticet.
1082 479 1171 534 Ait
1192 480 1334 534 enim
1367 477 1656 541 Dominus,
1693 474 1880 528 Omnia
1921 473 2046 527 mihi
2070 483 2177 526 tra—
2276 475 2476 529 cicada.
2501 504 2575 515 ——
2598 474 2668 529 Et
2695 474 2772 546 (ι’)
2804 473 2948 544 quod
2977 474 3076 538 sit,
3122 475 3423 531 secundum
3470 472 3611 528 hanc
3639 475 3840 530 eamdem

581 579 688 631 dita
715 584 832 631 sunt
857 591 888 627 α
916 583 1060 643 Pam
1087 587 1200 626 meo
1230 571 1388 643 (ιασ-
1421 585 1451 624 Χ
1481 611 1496 636 9
1525 568 1655 640 ‘39);
1682 575 1738 622 ει
1764 581 2010 622 rursm":
2036 563 2176 618 Data
2277 569 2401 625 fidei
2430 580 2632 625 nostras
2655 584 2805 640 spem
2841 569 3245 639 intelligendum
3283 578 3389 624 est.
3423 567 3562 624 Nam
3604 583 3845 640 resurgen-

578 679 652 724 est
694 669 820 722 mihi.
847 667 1014 720 omnis
1055 675 1277 735 potestas
1320 665 1374 717 in
1421 664 1545 718 creto
1575 673 1622 716 et
1668 663 1722 715 in
1767 670 1903 717 terra
1957 656 2173 732 (Matth.
2279 672 2388 718 lem
2420 679 2447 716 a
2502 663 2730 718 mortuis
2761 663 3043 718 Dominum
3097 662 3275 718 Jesum
3307 661 3594 718 Christum
3636 662 3801 718 sedere
3826 681 3846 718 ε

578 777 769 827 xxvnt,
797 761 909 834 18).
933 760 989 816 Si
1013 761 1174 832 igitur
1215 759 1508 816 tradidisse
1561 757 1802 814 caruisse
1845 766 1960 820 est;
2021 755 2178 810 Pater
2277 754 2490 812 dextris
2523 755 2641 821 Dei,
2675 771 2782 811 non
2815 756 3110 826 ignorabile
3136 767 3217 812 est
3241 797 3257 822 ,
3286 756 3454 812 etiam
3498 755 3852 825 Apostolotes-

577 868 790 923 quoque
822 852 905 907 his
934 868 1054 923 qua:
1081 851 1230 907 dedit
1271 853 1462 906 caruit.
1499 851 1652 918 Quod
1683 851 1726 904 si
1768 849 1927 904 Pater
1957 846 2178 902 traden—
2282 859 2449 916 tanto,
2478 863 2599 903 cum
2632 849 2745 903 ait:
2774 848 3069 903 Secundum
3107 849 3463 920 operationem
3494 849 3728 916 potentia:
3763 850 3851 918 [or-

577 944 648 999 do
670 958 776 999 non
801 945 1009 1008 caruit;
1041 957 1108 999 ne
1156 941 1322 998 Filius
1352 942 1569 1014 quidem
1602 941 1823 1012 intelligi
1870 946 2049 1010 potest
2093 937 2180 992 his
2279 941 2512 994 titudt'nis
2543 944 2655 1013 ejus
2684 982 2698 1007 ,
2727 956 2880 1006 quam
2908 949 3148 1011 operatus
3191 949 3262 994 est
3289 941 3342 994 in
3374 938 3607 1003 Christo,
3632 958 3738 994 cum
3762 959 3855 996 cum

578 1050 739 1106 egere
768 1051 888 1106 quas
917 1034 1099 1090 tradit.
1143 1035 1288 1105 Ergo
1335 1034 1382 1090 si
1410 1033 1695 1089 tradidisse
1745 1030 1923 1086 omnia
1944 1073 1958 1098 ,
1990 1029 2072 1083 his
2101 1031 2182 1098 ip-
2280 1035 2516 1088 excitauit
2546 1051 2576 1087 a
2607 1035 2841 1101 mortuis,
2872 1045 2918 1089 et
2959 1033 3229 1090 collocavit
3271 1033 3338 1088 ad
3377 1033 3649 1089 dexteram
3672 1037 3857 1089 suamia

578 1129 656 1185 sis
678 1145 800 1200 quae
827 1129 1044 1184 tradidit
1081 1143 1187 1183 non
1219 1127 1431 1183 videtur
1469 1127 1718 1198 eguisse;
1757 1125 2022 1194 reliquum
2053 1130 2132 1177 est

2297 1129 2422 1183 rarlis
2452 1146 2605 1201 super
2631 1145 2832 1184 onmem
2867 1129 3213 1201 principatum
3237 1137 3283 1183 et
3315 1136 3622 1199 potestatem
3645 1140 3690 1182 et
3719 1128 3851 1182 uirtu-

581 1223 711 1278 utin
735 1223 995 1278 tradendo
1013 1222 1608 1292 dispensationiscausa
1641 1217 2179 1290 noscatur,(a)curet
2281 1229 2380 1274 tem
2425 1228 2474 1274 et
2516 1221 2932 1288 dominationem,
2960 1231 3177 1275 etomne
3198 1235 3382 1274 nomen
3421 1218 3566 1290 quod
3605 1220 3860 1273 nominatur

580 1315 741 1371 Pater
771 1315 1032 1370 tradendo
1060 1329 1166 1368 non
1195 1323 1392 1378 careat,
1414 1321 1467 1368 et
1480 1312 1647 1367 Filius
1676 1310 1854 1366 dando
1876 1325 1980 1365 non
1997 1317 2176 1381 egeat.
2281 1327 2383 1364 non
2411 1311 2574 1366 solum
2604 1313 2660 1365 in
2700 1313 2797 1366 hoc
2821 1313 3043 1376 stcculo,
3074 1311 3164 1365 sed
3191 1321 3237 1365 et
3278 1312 3332 1364 in
3361 1312 3546 1382 futuro
3571 1351 3586 1376 ,
3630 1321 3672 1364 et
3717 1314 3861 1366 omnia

651 1408 741 1462 50.
785 1407 1053 1480 Subjectio
1095 1406 1285 1461 Christi
1337 1423 1441 1459 non
1494 1405 1830 1459 humilitatem
1873 1412 2061 1469 sonat,
2091 1400 2180 1455 sed
2281 1404 2499 1478 subjecit
2536 1406 2628 1460 sub
2656 1406 2870 1476 pedibus
2895 1409 3005 1480 ejus
3035 1403 3253 1479 (Ephes.
3279 1421 3319 1472 ι,
3345 1404 3418 1460 19
3440 1414 3490 1458 et
3526 1405 3692 1476 seqq).
3739 1407 3857 1474 Apo-

581 1501 1030 1570 dispensationem.
1062 1528 1135 1540 —
1159 1499 1232 1553 De
1253 1497 1593 1567 subjectione
1623 1507 1802 1551 autem
1825 1537 1840 1562 ,
1871 1511 1940 1551 ne
1965 1493 2093 1564 quid
2126 1493 2179 1547 in
2282 1498 2507 1552 stolicus
2537 1514 2768 1578 pamque
2789 1515 2968 1554 sermo
2992 1499 3289 1554 secundum
3315 1498 3411 1552 Dei
3450 1505 3764 1568 potestatem
3784 1515 3859 1568 pro

580 1609 641 1649 ea
664 1593 1116 1649 contumeliosum
1140 1590 1277 1645 Filio
1295 1591 1614 1661 deputetur,
1641 1603 1767 1646 cum
1795 1589 1897 1642 alia
1924 1586 2177 1642 nonnulla
2283 1590 2440 1644 factis
2459 1591 2570 1659 jam
2603 1590 2780 1645 futura
2829 1591 3112 1662 signiﬁcat.
3151 1590 3283 1658 Quae
3311 1591 3462 1645 cnim
3491 1606 3589 1658 per
3632 1589 3861 1658 adimple‘

582 1687 706 1744 lidei
758 1696 956 1742 nostra:
995 1686 1363 1756 Opitnlentur,
1418 1685 1688 1755 praecipue
1717 1695 1900 1738 tamen
1943 1680 2048 1736 sibi
2092 1678 2180 1736 hic
2285 1683 2486 1737 tionem
2520 1694 2820 1753 temporum
2853 1694 2974 1738 sunt
3011 1683 3284 1754 gerenda,
3315 1699 3380 1740 ea
3409 1683 3530 1754 jam
3564 1683 3614 1739 in
3657 1668 3858 1750 Christo,

579 1781 696 1854 ipse
725 1783 874 1836 locus
895 1780 1089 1836 aderit.
1126 1780 1190 1835 Et
1219 1780 1448 1848 primum
1485 1791 1825 1832 communem
1849 1789 2067 1830 sensum
2102 1773 2183 1827 in-
2211 1762 2260 1824 Β
2289 1775 2339 1828 in
2370 1791 2479 1846 quo
2505 1778 2680 1830 omnis
2703 1785 2786 1832 est
2820 1776 2898 1849 (g)
2950 1776 3248 1848 plenitudo,
3277 1776 3624 1832 consistunt:
3655 1785 3707 1830 et
3743 1793 3861 1846 qua:-

583 1884 820 1945 terrogo,
865 1883 1046 1928 utrum
1075 1889 1217 1927 nunc
1247 1872 1640 1940 subjectionem
1669 1870 1740 1924 ita
1781 1867 2180 1938 intelligendam
2287 1882 2514 1936 cumque
2546 1866 2722 1922 futura
2747 1879 2932 1933 erunt,
2959 1869 3383 1938 dispensationis
3417 1870 3471 1923 in
3507 1869 3588 1922 his
3613 1869 3774 1938 potius
3793 1877 3858 1922 est

585 1975 853 2036 putemus,
888 1975 1159 2035 tamquam
1188 1966 1506 2020 servitutem
1527 1960 1828 2017 dominatui
1856 2003 1868 2026 ,
1901 1970 1993 2016 aut
2035 1961 2186 2014 inlir—
2287 1960 2456 2026 ordo,
2499 1977 2659 2030 quam
2692 1966 2920 2017 novitas.
2953 1963 3198 2033 Subjecit
3225 1964 3368 2019 enim
3406 1964 3594 2018 omnia
3627 1963 3758 2018 Deus
3785 1962 3864 2015 sub

583 2061 826 2115 mitatem
860 2060 1042 2114 virtuti
1069 2100 1084 2126 ,
1115 2068 1208 2114 aut
1239 2058 1430 2114 bouori
1463 2056 1936 2112 inhonoratiouem
1967 2068 2186 2110 contra-
2289 2052 2516 2122 pedibus
2541 2055 2692 2123 ejus,
2722 2053 2849 2108 licet
2872 2053 3050 2118 adhuc
3078 2053 3418 2124 subjicienda
3446 2054 3590 2109 sint:
3618 2064 3674 2108 ut
3700 2053 3746 2108 in
3774 2068 3856 2116 eo.

583 2153 678 2208 riis
703 2151 1050 2222 qualitatibus
1080 2149 1361 2205 snbdiums
1389 2192 1402 2215 ,
1434 2159 1491 2204 ut
1519 2148 1687 2203 Filius
1717 2146 2015 2203 secundum
2067 2146 2183 2200 hzec
2286 2145 2429 2215 quod
2459 2144 2702 2215 subjecta
2732 2155 2888 2212 sunt,
2915 2144 3112 2201 Christi
3161 2146 3575 2202 indemutabilis
3600 2148 3669 2202 sit
3711 2156 3859 2214 potes-

583 2245 694 2298 Deu
723 2245 859 2313 patri
911 2245 984 2297 sit
1029 2244 1346 2298 dissidentis
1377 2251 1581 2296 natura:
1611 2242 1923 2296 diversitate
1971 2239 2188 2309 snbjec-
2289 2247 2410 2303 tas;
2451 2239 2500 2292 in
2528 2253 2594 2293 eo
2621 2253 2783 2306 vero,
2817 2240 2961 2309 quod
3007 2239 3337 2310 subjicienda
3384 2251 3552 2308 sunt,
3600 2239 3856 2296 secundum

587 2345 690 2388 tus.
717 2335 870 2403 Quod
899 2335 946 2389 si
979 2337 1051 2388 ita
1080 2333 1497 2398 existimabitnr,
1526 2347 1764 2388 errorem
1800 2332 1944 2386 hunc
1969 2331 2183 2400 cpiuio—
2288 2332 2677 2400 plenitudinem
2711 2341 3013 2403 temporum
3037 2334 3450 2391 succedentium
3482 2335 3550 2390 ad
3577 2338 3726 2390 linem
3750 2345 3856 2388 teta-

583 2429 666 2482 nis
692 2428 938 2482 humanm
965 2429 1251 2498 apostolici
1292 2427 1561 2483 sermonis
1591 2426 1802 2482 cautela
1852 2425 2178 2494 prohibebit.
2289 2436 2399 2479 tum
2433 2425 2706 2495 prolectus
2732 2427 2823 2481 sit.

581 2521 848 2589 Subjectis
873 2521 1042 2575 enim.
1061 2521 1162 2576 sibi
1195 2519 1475 2582 omnibus,
1506 2529 1634 2574 tunc
1664 2519 1746 2589 (ὁ)
1787 2516 2180 2588 subjiciendum
2360 2519 2449 2574 52.
2485 2516 2768 2571 Evacuatio
2798 2519 2945 2589 quid.
2990 2517 3146 2574 Illius
3175 2538 3207 2575 a
3254 2521 3577 2591 subjectione
3602 2519 3855 2574 discrimen.

581 2612 887 2682 subjicienti
919 2613 1022 2667 sibi
1055 2614 1236 2668 omnia
1257 2614 1366 2668 ait:
1417 2622 1471 2667 et
1501 2627 1596 2682 per
1623 2612 1698 2678 id,
1729 2612 1872 2682 quod
1901 2619 2030 2666 tunc
2057 2611 2186 2666 sub-
2286 2641 2357 2653 -—-
2385 2615 2611 2667 Omnem
2644 2621 2823 2668 autem
2854 2615 3186 2669 contrariam
3237 2615 3501 2670 virtutem
3529 2612 3851 2670 evacnandam

576 2701 793 2771 jicietur
823 2743 839 2769 ,
895 2703 1358 2773 dispensationem
1419 2703 1746 2772 signiﬁcavit
1807 2703 1860 2757 in
1918 2712 2180 2771 tempore.
2287 2720 2409 2761 esse
2436 2721 2540 2759 non
2567 2704 2800 2760 obscura
2840 2705 3078 2775 cognitio
3099 2717 3203 2773 est,
3240 2715 3295 2762 et
3327 2706 3480 2762 hunc
3527 2707 3668 2761 aeris
3700 2703 3858 2774 princi-

580 2796 714 2854 Nam
743 2797 788 2853 si
818 2796 1212 2866 subjectionem
1236 2797 1382 2851 aliud
1413 2797 1734 2860 sentiemus,
1762 2793 1865 2849 etsi
1892 2802 2020 2849 tunc
2051 2796 2181 2849 suh-
2288 2812 2410 2866 pem
2441 2807 2494 2853 et
2519 2798 2780 2868 spiritalis
2809 2796 3064 2868 nequitize
3093 2806 3423 2867 potestatem
3469 2807 3676 2852 aeterno
3705 2790 3859 2848 interi-

575 2891 818 2962 jicietur,
849 2888 1014 2963 395
1036 2900 1186 2949 certe
1209 2890 1487 2959 subjectus
1527 2888 1691 2944 modo
1739 2903 1846 2943 non
1877 2897 1994 2944 est:
2019 2897 2077 2943 et
2101 2885 2183 2943 elo
2289 2890 2366 2944 tui
2401 2888 2479 2963 (h)
2504 2889 2845 2956 tradendum,
2881 2890 3178 2946 secundum
3229 2889 3401 2945 illud:
3435 2887 3743 2944 Disceditea
3777 2899 3855 2944 me,

581 2985 827 3040 lieiemns
854 2999 978 3038 eum
1003 2983 1356 3038 dissidentem
1384 2990 1441 3038 et
1484 2981 1809 3038 insolentem
1839 2990 1894 3036 et
1926 2980 2182 3050 impium,
2287 2981 2569 3047 maledicti,
2600 2984 2653 3034 in
2702 2983 2871 3053 ignem
2925 2992 3194 3049 attentam,
3241 2999 3392 3053 quem
3424 2980 3728 3056 praeparavit
3747 2987 3859 3048 pater

581 3091 740 3146 quem
773 3076 1069 3129 necessitas
1115 3075 1379 3144 temporis
1413 3083 1687 3142 tamquam
1736 3071 1909 3128 l‘raeto
1952 3081 2009 3128 et
2035 3085 2186 3127 com-
2221 3143 2254 3150 _
2287 3090 2426 3129 meus
2456 3075 2664 3130 diabolo
2706 3086 2754 3130 et
2779 3076 2943 3149 395
2972 3075 3170 3148 angelis
3217 3079 3330 3150 ejus
3360 3076 3585 3146 (Matth.
3633 3070 3854 3140 null).

584 3143 773 3236 presso
797 3167 1092 3238 tyrannicas
1141 3143 1434 3236 impietatis
1465 3175 1700 3231 tumore,
1733 3166 1787 3220 in
1821 3180 1996 3221 seram
2026 3163 2186 3221 obse-
2209 3143 2256 3210 (ἶ
2293 3169 2590 3225 Evacuatio
2617 3143 2933 3226 autem'n'on
2957 3143 3099 3226 idem
3127 3143 3407 3240 est,'quod
3443 3169 3726 3235 subiectio.
3752 3164 3856 3220 Nam

581 3259 794 3329 quelam
828 3259 898 3313 sit
925 3259 1224 3314 subditura.
1262 3261 1328 3314 Et
1371 3257 1462 3314 ubi
1491 3257 1621 3314 illud
1645 3257 1783 3314 erit:
1813 3256 1936 3312 Non
1959 3258 2070 3313 vesti
2098 3275 2189 3312 uo-
2291 3276 2557 3317 evacuare
2603 3262 2980 3318 adversantem
3030 3270 3386 3333 potestatem,
3442 3262 3550 3318 hoc
3578 3270 3660 3318 est
3681 3259 3761 3329 jus
3783 3268 3858 3325 p0-

584 3352 830 3408 luntatem
855 3366 1020 3406 meam
1051 3354 1217 3422 facere
1237 3391 1252 3414 ,
1308 3349 1396 3405 sed
1425 3350 1736 3405 uoluntatem
1771 3352 1887 3421 ejus
1917 3349 2006 3418 qui
2050 3349 2186 3403 misit
2291 3358 2500 3411 resimis
2526 3357 2744 3412 auferre
2775 3372 2841 3412 ne
2867 3367 3111 3423 maneat,
3141 3365 3194 3412 et
3226 3370 3320 3427 per
3347 3354 3640 3427 potestatis
3665 3361 3858 3408 evacua-

581 3463 664 3501 nte
683 3443 862 3518 (Joan.
892 3460 946 3500 vt
971 3485 986 3510 .
1015 3442 1139 3515 58);
1182 3452 1238 3499 et
1282 3457 1536 3498 rursum:
1582 3440 1863 3512 Propterea
1907 3439 2063 3496 Pater
2099 3441 2134 3494 ά

2305 3450 2496 3506 :ionem
2517 3492 2531 3516 ,
2556 3451 2707 3520 regni
2737 3459 2822 3506 est
2843 3449 3064 3504 abolere
3091 3449 3454 3505 dominatum.
3484 3449 3561 3504 De
3589 3463 3692 3516 quo
3713 3453 3762 3500 et
3781 3443 3859 3496 Do-

584 3539 696 3610 ligit
715 3553 811 3602 me,
831 3537 950 3608 quia
981 3537 1154 3590 omnia
1175 3550 1288 3606 quw
1309 3534 1502 3606 placita
1529 3543 1646 3589 sunt
1673 3535 1718 3588 ei
1737 3532 1810 3605 (ε)
1835 3534 1970 3604 facio
1998 3530 2138 3604 (lout

2305 3543 2470 3598 minus
2503 3552 2730 3598 testatus
2761 3552 2844 3598 est
2871 3541 3062 3598 dicens
3092 3583 3108 3608 ,
3152 3540 3388 3613 Regnum
3411 3557 3586 3596 meum
3611 3555 3707 3592 non
3726 3545 3790 3591 est
3813 3534 3859 3585 dt

583 3645 698 3697 vin,
724 3629 852 3700 29);
883 3629 978 3685 sed
1009 3637 1064 3684 et
1087 3627 1218 3684 illud
1241 3645 1255 3683 :
1279 3625 1458 3691 Pater,
1479 3625 1571 3696 ﬁat
1596 3625 1830 3682 uoluntas
1858 3625 2182 3693 (“(Matth.
2292 3635 2391 3688 hoc
2428 3636 2617 3690 mento
2662 3633 2842 3702 (Joan.
2875 3649 3041 3700 svnt,
3073 3633 3169 3704 '56)
3197 3650 3210 3686 :
3253 3632 3396 3688 hunc
3441 3630 3691 3690 eutndem
3733 3621 3854 3695 regni

585 3738 732 3788 xsvr,
755 3722 848 3788 40)
874 3737 891 3787 ;
918 3722 1003 3775 vel
1036 3721 1139 3775 hoc
1161 3718 1437 3789 Apostoli:
1471 3717 1774 3773 Humiliauit
1799 3735 1852 3773 se
1879 3722 2047 3790 factus
2067 3718 2188 3773 obe-
2295 3727 2454 3782 istius
2502 3735 2774 3797 potentem
2829 3725 3013 3782 mundi
3055 3726 3350 3797 principem
3380 3731 3510 3780 ante
3557 3723 3620 3796 (ἱ)
3650 3730 3858 3780 testatus,

586 3817 730 3876 diem
750 3831 907 3885 usque
927 3813 994 3868 ad
1015 3821 1227 3869 mortem
1253 3811 1481 3885 (Philip.
1530 3827 1568 3868 ll
1591 3856 1607 3879 ,
1636 3812 1735 3883 8)?
1763 3812 1831 3868 Et
1855 3813 1946 3882 qui
1998 3827 2058 3869 se
2082 3813 2184 3867 hu-
2293 3818 2448 3888 cujus
2476 3826 2717 3887 potestas
2743 3818 2958 3873 desinet
3008 3817 3159 3888 regni
3207 3817 3290 3873 sui
3337 3824 3596 3872 evacuata
3619 3810 3857 3868 dominatu

586 3910 780 3976 miliat,
813 3908 977 3964 habet
1003 3908 1108 3964 hoc
1138 3910 1190 3964 in
1222 3918 1414 3964 natura
1447 3922 1514 3964 ne
1543 3907 1760 3964 humilis
1799 3908 1899 3973 sit;
1927 3916 1981 3964 et
2005 3905 2097 3975 qui
2129 3905 2190 3960 lit
2293 3911 2473 3981 (Joan.
2506 3927 2616 3979 xvi,
2648 3912 2766 3984 21).
2819 3911 3106 3984 Subjectio
3134 3927 3300 3978 vero,
3331 3928 3455 3982 qua
3481 3923 3536 3968 et
3575 3902 3858 3965 obedienlife

587 4001 845 4056 obediens
866 4042 879 4066 ,
915 3999 1140 4070 suscipit
1180 4014 1248 4055 ex
1300 4000 1583 4054 voluntate
1635 3999 1776 4068 quod
1805 3998 1988 4053 obedit
2013 4039 2029 4065 ,
2059 3997 2188 4056 dum
2291 4015 2346 4061 et
2375 4005 2501 4060 lidei
2525 4015 2628 4074 est,
2657 4005 2849 4062 eadem
2879 4005 2965 4060 vel
2993 4006 3370 4062 concessionis
3393 4005 3479 4062 vel
3508 3994 3855 4062 demutationis

585 4111 682 4166 per
712 4096 784 4159 id,
817 4094 960 4163 quod
998 4110 1060 4150 se
1102 4094 1370 4158 humiliat,
1417 4092 1478 4148 ﬁt
1526 4091 1813 4148 obediens.
1865 4092 2188 4163 Unigenitus
2292 4097 2690 4154 demonstratio
2718 4107 2822 4154 est.

586 4190 765 4259 itaque
789 4189 931 4244 Deus
957 4187 1248 4243 humiliaus
1277 4203 1359 4254 se,
1386 4197 1442 4243 et
1465 4185 1729 4242 obediens
1753 4185 1897 4242 Patri
1923 4201 2092 4256 usque
2118 4185 2184 4240 ad
2363 4191 2456 4246 35.
2495 4190 2758 4257 Quatenus
2782 4190 2920 4256 quod
2950 4187 3188 4244 Christus
3215 4188 3313 4244 sibi
3338 4188 3556 4263 subjecit
3575 4227 3590 4254 ,
3617 4176 3853 4258 subjsw'il

587 4289 816 4336 mortem
842 4279 1050 4345 crucis,
1079 4278 1160 4349 (ά)
1189 4295 1296 4350 quo
1315 4293 1516 4349 genere
1538 4320 1553 4344 ,
1583 4294 1705 4334 cum
1732 4279 1974 4347 subjecta
2002 4278 2051 4332 ei
2073 4293 2188 4334 om-
2293 4283 2340 4337 ei
2371 4281 2551 4337 Pater.
2586 4311 2654 4324 -—
2701 4281 2994 4337 Evacuatis
3025 4281 3206 4350 itaque
3242 4279 3672 4351 magistratibus,
3717 4266 3856 4336 subji-

588 4375 674 4428 nia
703 4371 848 4435 sint,
882 4380 1009 4426 tunc
1043 4369 1410 4438 subjiciendus
1454 4369 1570 4441 ipse
1622 4370 1766 4426 Patri
1808 4369 2189 4439 intelligetur?
2276 4374 2507 4431 cientur
2533 4373 2738 4428 inimici
2769 4373 2907 4444 ejus.
2935 4371 3011 4428 ita
3037 4381 3220 4428 autem
3249 4373 3628 4444 subjicientur,
3676 4375 3726 4420 ut
3759 4364 3853 4430 ipse

587 4463 690 4521 nisi
717 4464 858 4534 quod
887 4461 1150 4532 subjectio
1197 4462 1313 4518 haec
1350 4478 1456 4518 non
1506 4477 1658 4518 novas
1696 4463 2044 4530 obedientjaz,
2091 4461 2190 4516 sed
2214 4527 2258 4534 Α
2293 4467 2396 4520 sibi
2424 4465 2694 4533 subjiciat.
2724 4465 2801 4520 Ita
2825 4480 2958 4519 vero
2981 4464 3262 4533 subjiciet,
3283 4473 3341 4518 ut
3365 4467 3415 4521 ei
3443 4459 3684 4533 sintsjieist
3711 4457 3848 4510 Deus-

589 4559 664 4631 (e)
683 4527 1026 4628 dispensandi
1048 4555 1375 4611 sacramenti
1400 4565 1511 4620 est;
1543 4555 1668 4625 quia
1696 4565 1750 4612 et
1770 4527 2185 4625 obsequelajam
2212 4527 2270 4592 Ῑ)
2295 4561 2450 4615 Anne
2481 4527 2748 4630 ignoravit.
2777 4527 3225 4628 Apostolus'dicti
3250 4527 3564 4630 evangelici
3579 4553 3842 4625 ,virtutem,

585 4660 830 4718 maneat,
861 4660 917 4710 et
945 4651 996 4704 iu
1028 4655 1275 4719 tempore
1317 4647 1389 4704 sit
1431 4645 1661 4703 ineunda
1706 4647 2010 4716 subjectio?
2035 4646 2184 4706 Nihil
2293 4667 2416 4709 cum
2442 4651 2552 4708 ait:
2589 4650 2757 4707 Nemo
2787 4651 2918 4705 venit
2947 4650 3018 4705 ad
3046 4667 3160 4715 nte,
3193 4651 3296 4705 nisi
3327 4658 3474 4720 pater
3499 4663 3636 4704 meus
3657 4639 3848 4699 addam

586 4745 768 4814 itaque
791 4758 933 4799 nunc
953 4740 1098 4797 aliud
1115 4740 1468 4810 subiectionis
1488 4737 1832 4810 signiﬁcatio,
1857 4753 2015 4810 quam
2039 4753 2187 4812 mys—
2292 4744 2444 4799 illum
2469 4741 2550 4816 (l)
2569 4741 2644 4818 (j)
2675 4743 2742 4798 ad
2765 4759 2843 4798 me
2867 4740 3050 4814 (locis.
3080 4757 3154 4808 vi,
3185 4743 3322 4811 45);
3353 4757 3478 4798 cum
3509 4749 3678 4797 tamen
3703 4730 3846 4796 scrip.

589 4839 713 4896 terti
737 4835 1131 4896 demonstratio
1159 4843 1264 4894 est.
2294 4846 2409 4892 tum
2439 4837 2508 4892 sit
2538 4854 2552 4890 :
2591 4833 2761 4892 Nemo
2782 4835 2923 4891 vadit
2963 4835 3031 4890 ad
3060 4832 3272 4890 Patrem
3299 4876 3315 4903 ,
3343 4834 3446 4890 nisi
3471 4849 3560 4907 per
3584 4845 3658 4885 nte
3690 4823 3842 4899 (Joan-

658 4953 741 5026 (1)
771 4953 968 5018 Verba,
995 4951 1064 5007 ad
1089 4967 1189 5019 me,
1210 4949 1409 5008 desunt
1433 4950 1486 5005 in
1513 4947 1701 5006 codice
1727 4947 1930 5004 Veron.

662 5068 738 5140 (a)
771 5068 918 5138 Lips.
951 5078 1004 5122 et
1043 5067 1167 5122 Par.
1200 5077 1254 5121 et
1299 5065 1504 5140 aliquot
1535 5076 1666 5118 mss.
1699 5103 1714 5140 ,_
1739 5078 1878 5140 cum.
1913 5062 1982 5140 At
2005 5061 2138 5116 Bad.
2165 5104 2180 5128 ,
2290 5060 2418 5130 quid
2447 5061 2532 5116 sit.
2561 5060 2680 5140 Vat.
2709 5060 2825 5118 bas.
2867 5075 2972 5116 ms.
3000 5102 3016 5129 ,
3051 5061 3187 5130 quod
3207 5061 3280 5116 ita
3309 5061 3392 5118 sit.
3441 5059 3585 5126 Alii,
3613 5049 3734 5125 quod
3755 5046 3842 5110 sit.

587 5132 683 5196 Er.
711 5132 766 5195 et
797 5132 926 5195 mss.
957 5141 1138 5209 plures
1167 5152 1230 5193 ac
1256 5132 1523 5207 potiores,
1553 5151 1668 5202 cur,
1703 5133 1755 5189 id
1790 5141 1895 5202 est,
1928 5135 2000 5190 ob
2018 5149 2179 5206 quam
2293 5132 2790 5209 putamysterium.

586 5185 1668 5281 ῐίξρὲῑιέξίῐεῐιιῖέῐζιῖεεῖιῑιῗ
1705 5185 1755 5189 ’“
1935 5185 1992 5190 "
2293 5185 2320 5281 _‘
2366 5185 3204 5281 (αλείίρέοίᾶξίδᾳτυφιεηὲεεάο
3248 5205 3528 5281 «timeas
3565 5185 3841 5281 vetustati:

663 5267 741 5355 (ὸ)
776 5283 846 5338 lta
871 5297 1002 5339 ωδε.
1057 5284 1126 5337 At
1141 5281 1270 5336 editi
1295 5319 1310 5346 ,
1355 5278 1744 5349 subjiciendus;
1781 5285 1837 5334 et
1881 5291 2009 5332 mox
2038 5278 2138 5332 erit
2163 5315 2180 5344 ,
2291 5267 2726 5355 bus'aliisiibris.
2759 5267 2960 5330 Deinde
2985 5276 3148 5355 editi,
3171 5288 3397 5355 excepto
3422 5278 3563 5340 Pan,
3585 5267 3839 5325 constituti:

590 5344 686 5426 pro
717 5344 820 5426 ait.
1234 5425 1241 5426 ί
1297 5344 1304 5346 ⁷
1444 5344 1458 5349 ⁷
1725 5344 1731 5346 ⁷
2289 5361 2408 5426 qua;
2430 5344 2752 5426 cunmfmura
2769 5357 2943 5426 erant,
2971 5344 3393 5426 dispensationis,
3419 5358 3524 5426 ese.

664 5425 741 5494 (ο)
775 5427 985 5480 Martin.
1016 5439 1121 5479 ms.
1142 5425 1277 5494 facio
1299 5439 1520 5494 semper.
1562 5493 1568 5494 ί
1671 5493 1676 5494 ί
1709 5492 1716 5494 Α
1854 5490 1866 5494 _
1887 5489 1921 5494 __
2304 5415 2307 5416 ⁷
2361 5415 3002 5494 (ωκΕίΙὶιὶηη-αιςεηάαιηε
3031 5415 3584 5494 sb_sque_auctoritate
3604 5420 3788 5494 ῑιιξσοιῌὲ

775 5476 992 5552 Ῐῖιηὶιῖέὲᾏ
1016 5476 1154 5550 bas:
1176 5476 1380 5549 Viataet
1413 5476 1633 5548 Merlin.
1669 5492 1754 5546 bic
1801 5489 2014 5567 additur
2043 5504 2182 5567 _ver-
2302 5560 2313 5567 _
2364 5476 2587 5567 ('i)'_Pn.ta
2621 5476 2722 5542 his
2751 5489 2912 5567 «ΙοειῃΣ
2937 5476 3189 5555 "1.11.:
3223 5488 3474 5567 Princeps
3515 5476 3837 5567 mundlffjgf

591 5554 738 5622 ιηιίπὲ
774 5571 849 5636 ﬁt.
907 5567 1044 5622 Tum
1099 5576 1221 5636 post
1260 5581 1360 5638 ttuo
1408 5579 1588 5636 genere
1614 5605 1629 5630 ,
1690 5562 1880 5634 supple
1907 5603 1922 5630 ,
1972 5560 2178 5633 ωθίιο·
2283 5554 2686 5630 ,ίαηινίυίίίεαίαδ
2715 5571 2808 5615 εει·
2864 5561 2982 5615 Μθκ
3010 5576 3078 5616 θ’(
3120 5554 3426 5638 Μέίθτίδυέ
3471 5554 3831 5638 msskﬁpgfu:

919 5615 1044 5622 ΠΨ
1099 5615 1219 5636 τη-
1262 5615 1351 5638 Tu
1408 5615 1578 5636 an“
1615 5615 1629 5630 1
1691 5615 1871 5634 “UH
1909 5615 1922 5630 ’
1979 5615 1989 5616 7
2065 5615 2084 5633 ’
2283 5615 2730 5702 inus'esacuata,
2765 5648 2861 5702 pro
2886 5615 3147 5687 ,παίαοῖ
3284 5615 3551 5702 purgante
3591 5615 3765 5680 diaboli
3788 5615 3827 5663 in

665 5709 738 5774 (ε)
765 5706 894 5762 Bad.
926 5717 983 5763 et
1011 5709 1129 5770 En,
1158 5707 1473 5775 dispensatio
1516 5706 1842 5762 sacramenti.
2107 5773 2117 5775 μ
2295 5715 2460 5775 regna
2487 5701 2672 5775 mundi
2697 5701 2816 5758 vide
2835 5711 2991 5758 tract.
3025 5703 3168 5758 Psal.
3200 5718 3262 5768 ιι,
3294 5701 3353 5758 n.
3383 5702 3473 5759 49..

667 5763 744 5851 (Ι)
768 5778 914 5850 Lips.
960 5789 1015 5834 et
1046 5763 1169 5834 Par.
1229 5763 1349 5847 post
1376 5777 1468 5833 Er.
1499 5818 1513 5844 ,
1541 5776 1666 5849 quid
1716 5775 1854 5831 illud
1891 5776 1978 5831 sit.
2013 5773 2144 5832 Bad.
2170 5815 2185 5842 ,
2360 5763 2452 5844 '(j)
2487 5771 2662 5830 Verba
2687 5775 2754 5828 ad
2780 5791 2860 5830 me
2877 5775 3123 5833 addimus
3144 5788 3214 5832 ex
3243 5763 3375 5832 mss.
3397 5787 3518 5831 cum
3540 5763 3712 5841 quibus
3725 5763 3826 5812 Ill”
