3936 6196
106 311 184 367 ιιι
1269 303 1357 362 os
1387 281 1762 362 TRINITATE
1791 303 1998 363 LIBER
2038 307 2132 365 χι.

3236 321 3343 378 42%

104 444 194 492 xiv,
218 423 370 495 6)?ut
394 436 529 481 nunc
550 422 668 494 ipse
697 423 796 480 sibi
823 422 1070 480 inimicos
1107 421 1344 493 subiicit,
1372 432 1426 480 et
1452 431 1631 479 tamen
1663 421 1709 482 Α
1745 421 2082 496 Evangelium
2133 424 2338 495 quidem
2389 426 2584 482 inimici
2640 439 2850 500 prapter
2879 449 2966 489 vos
2998 475 3014 503 ,
3059 437 3340 490 secundum

103 521 215 574 licus
235 519 275 570 ei
296 514 537 584 subjecit;
561 529 724 570 omne
749 529 845 584 per
875 514 978 570 hoc
1005 528 1139 585 opus
1163 514 1281 585 ejus
1305 555 1319 578 ,
1353 514 1444 570 Dei
1489 513 1541 569 in
1564 529 1630 570 eo

98 627 193 668 esse
214 623 332 680 Opus
352 607 797 664 testans.Etcum
819 621 925 662 non
956 608 1059 662 nisi
1091 623 1191 678 per
1233 622 1357 662 eum
1391 606 1628 662 eundum

99 704 149 759 ad
169 703 349 757 Patrem
378 702 473 767 sit;
496 701 563 757 ad
591 715 714 756 eum
747 712 923 756 tamen
948 743 962 765 ,
987 701 1088 756 nisi
1123 699 1283 756 Pater
1308 699 1628 767 adduxerit,

99 812 183 852 non
207 795 416 851 venitur.
445 792 574 849 Nam
597 792 724 849 dum
749 792 891 848 illius
916 794 1010 849 Dei
1035 793 1366 864 intelligitur,
1393 802 1631 863 paterna:

99 891 137 942 in
168 902 222 943 eo
248 895 435 941 natura:
460 886 654 941 veritas
705 885 949 941 discitur.
998 888 1172 956 Atque
1213 885 1283 940 ita
1315 895 1370 940 et
1413 886 1630 956 cognito

97 980 282 1052 (a)l"ilio
294 979 424 1036 Deus
437 988 588 1049 pater
607 977 853 1043 advocat,
880 978 1158 1034 etcredito
1171 976 1310 1032 Filio
1333 978 1490 1034 Pater
1511 991 1628 1032 sns-

96 1070 362 1144 cipit:quia
410 1070 729 1142 signiﬁcatio
774 1079 830 1126 et
885 1071 1122 1142 cognitio
1164 1069 1338 1125 Patris
1385 1070 1440 1124 in
1493 1068 1629 1124 Filio

95 1167 148 1236 (ι)
173 1166 233 1221 sit
255 1180 339 1234 per
371 1163 810 1236 signiﬁcationem
855 1165 906 1220 in
937 1179 997 1220 se
1024 1164 1113 1219 Dei
1134 1163 1323 1235 patris,
1348 1163 1629 1234 religiosos

95 1273 171 1314 nos
192 1258 236 1313 in
262 1273 372 1313 eum
406 1267 622 1327 paterna
650 1257 914 1328 religione
935 1256 1014 1328 (l)
1042 1255 1116 1330 (c)
1146 1257 1483 1326 perferentis.
1511 1256 1625 1312 Ad-

92 1350 207 1406 ducit
228 1363 342 1418 ergo
366 1349 434 1404 ita
462 1347 638 1413 Pater,
667 1349 749 1419 (ά)
778 1348 905 1404 dum
927 1349 1071 1420 quod
1097 1349 1393 1420 principale
1421 1359 1504 1405 est
1534 1365 1628 1420 pa-

92 1451 156 1495 ter
171 1441 396 1496 creditur.
426 1438 507 1496 Ad
539 1441 752 1497 Patrem
788 1453 969 1498 autem
1013 1457 1174 1498 nemo
1211 1441 1358 1498 vadit
1401 1444 1502 1498 nisi
1533 1458 1628 1514 per

93 1534 277 1590 Filium:
303 1535 416 1606 quia
444 1545 690 1590 cessante
722 1536 777 1589 in
809 1536 964 1591 nobis
996 1535 1100 1591 ﬁde
1129 1535 1273 1603 Filii,
1309 1535 1624 1605 ignorabilis

92 1627 214 1682 Pater
229 1636 334 1692 est,
365 1625 445 1698 (Ξ)
473 1643 579 1682 non
607 1626 831 1683 adituris
860 1623 926 1683 ad
955 1636 1235 1698 paternam
1263 1628 1573 1698 religionem
1607 1669 1622 1695 ,

1740 518 2034 573 electionem
2065 528 2234 573 autem
2265 519 2440 575 dilecti
2463 533 2675 592 propter
2705 535 2878 593 patres
2901 526 3080 598 (Rom.
3113 544 3189 595 XI,
3217 529 3334 600 28).

1739 609 1850 665 Hos
1889 624 2019 680 ergo
2063 611 2309 667 inimicos
2349 617 2527 671 crucis
2576 613 2774 673 Christi
2823 621 3193 676 meminimus:
3242 623 3337 679 sed

1737 701 1860 772 quia
1893 701 2056 757 diecti
2087 713 2304 773 propter
2331 715 2512 774 patres
2549 715 2718 774 sunt,
2750 711 2952 766 scimus
2993 726 3087 768 eos
3126 713 3340 784 subjec-

1739 792 1867 848 tioni
1900 807 2204 851 reservatos
2228 840 2243 862 ,
2295 799 2591 854 secundum
2645 802 2786 872 quod
2819 803 3017 859 dictum
3046 813 3168 860 est:
3215 806 3339 862 Non

1734 887 1870 940 enim
1901 887 2016 941 volo
2044 904 2133 942 vos
2170 890 2422 960 ignorare,
2454 894 2659 961 fratres,
2691 906 3067 950 sacramentum
3112 897 3208 951 hoc
3236 940 3250 965 ,
3282 907 3337 953 ut

1735 995 1837 1034 non
1883 979 1998 1033 sitis
2035 983 2175 1034 vobis
2217 983 2509 1053 sapientes:
2547 986 2790 1054 quoniam
2844 1004 2905 1043 ex
2953 1001 3099 1059 parte
3138 991 3336 1046 obtusio

1733 1075 1872 1143 facta
1886 1081 1958 1126 est
1980 1073 2035 1127 in
2060 1071 2249 1141 Israel,
2282 1074 2456 1146 quoad
2484 1093 2642 1148 usque
2670 1078 2937 1146 plenitudo
2968 1084 3228 1137 nationum
3257 1085 3336 1138 in-

1735 1173 1862 1231 tret;
1885 1175 1931 1219 et
1956 1164 2030 1219 sic
2056 1167 2220 1221 omnis
2242 1163 2411 1222 Israel
2433 1169 2513 1239 (f)
2547 1169 2844 1226 liberabitur
2864 1215 2877 1239 ,
2919 1157 3047 1228 sicut
3090 1177 3337 1248 scriptum

1731 1257 1996 1330 est(Esai.
2028 1273 2137 1328 ιη’,
2169 1261 2240 1318 20
2264 1270 2310 1315 et
2345 1261 2533 1336 seqq.),
2569 1263 2636 1319 Et
2665 1267 2824 1321 ueniet
2849 1284 2881 1321 a
2910 1268 3059 1334 Sion,
3098 1272 3184 1339 qui
3212 1269 3336 1326 libe-

1729 1365 1826 1421 ret,
1847 1353 1929 1426 (4)
1944 1365 1989 1410 et
2008 1366 2200 1410 auertat
2217 1357 2498 1427 lmpietates
2512 1359 2575 1414 ab
2599 1357 2778 1427 Iacob,
2801 1373 2848 1416 et
2869 1363 2963 1417 hoc
2984 1363 3089 1418 illis
3103 1380 3134 1417 a
3147 1381 3224 1418 me
3239 1374 3338 1420 tes-

1729 1457 2004 1504 tamentum
2029 1459 2122 1516 est,
2151 1468 2267 1505 cum
2298 1452 2554 1507 abstulero
2577 1454 2873 1526 iniquitates
2896 1457 3328 1530 eorum(Ibid.25

1729 1548 1775 1593 et
1801 1538 1964 1611 seqq).
1992 1539 2200 1596 inimici
2248 1557 2378 1612 ergo
2407 1544 2762 1614 subjicientur
2800 1548 2900 1603 sub
2935 1549 3156 1618 pedibus
3189 1550 3329 1619 ejus.

1799 1631 1890 1687 55.
1923 1631 2302 1705 Subjiciuntur,
2327 1645 2580 1703 quatenus
2609 1637 2789 1708 gloritc
2803 1639 2992 1694 Christi
3018 1644 3329 1712 conformes.

89 1719 164 1773 nisi
189 1719 316 1788 prius
338 1717 454 1774 Filii
483 1720 832 1774 veneratione
875 1728 1148 1790 suscepta.
1176 1718 1354 1791 Atque
1383 1718 1459 1775 ita
1485 1718 1624 1776 Filio
1725 1750 1799 1762 —
1823 1721 1930 1778 Sed
1961 1723 2359 1794 subjectionem
2392 1725 2538 1780 illam
2571 1729 2700 1797 quid
2733 1741 3096 1802 consequatur
3116 1774 3129 1795 ,
3170 1731 3300 1788 intel

86 1810 384 1890 cognito‘ad
414 1811 536 1868 vita
558 1827 656 1867 nos
707 1813 1064 1868 teternitatem
1117 1813 1273 1869 Pater
1303 1813 1520 1870 adducit
1567 1823 1626 1870 et
1655 1818 1704 1880 Β
1731 1813 2002 1884 ligendum
2034 1826 2139 1882 est,
2178 1831 2378 1888 nempe
2408 1817 2560 1884 illud,
2595 1819 2672 1891 (g)
2718 1819 3011 1877 Nouissime
3037 1823 3233 1878 devicta
3261 1833 3334 1880 est

91 1895 302 1974 suscipit":
332 1914 384 1960 et
413 1913 702 1976 utrumque
726 1922 820 1976 per
841 1905 1037 1962 Filium
1068 1917 1174 1973 est,
1208 1908 1336 1964 dum
1362 1909 1628 1979 praedica-

85 1997 200 2052 tione
243 2013 328 2067 per
356 2014 477 2053 eum
505 1999 704 2066 Patris,
734 2009 790 2056 et
846 1999 1095 2070 perducit
1141 2003 1208 2057 ad
1261 2018 1382 2058 eum
1440 2002 1625 2071 Pater,

86 2097 124 2142 et
166 2086 221 2142 ad
267 2088 470 2144 Patrem
509 2089 624 2160 ipse
671 2089 910 2146 deducit.
959 2091 1040 2146 Ad
1087 2091 1470 2149 absolutiorem
1528 2096 1630 2150 ita-

84 2201 161 2254 quc
207 2185 320 2241 dicti
372 2188 658 2258 praisentis
703 2188 1113 2260 intelligentiam
1183 2191 1628 2246 commemoratio

83 2279 349 2333 sacramenti
380 2279 539 2337 istius
577 2279 675 2336 fuit
722 2277 1053 2350 necessaria,
1085 2291 1142 2337 ut
1170 2297 1267 2353 per
1294 2280 1490 2338 Filium
1533 2297 1623 2337 es-

82 2381 173 2434 set,
209 2372 336 2442 quod
363 2372 528 2430 Pater
554 2388 653 2429 nos
689 2384 743 2430 et
784 2375 1004 2433 adducit
1049 2387 1104 2433 et
1147 2377 1406 2448 suscipit:
1436 2386 1492 2432 et
1529 2392 1628 2447 per

85 2462 159 2517 hoc
194 2464 634 2536 intelligeremus,
663 2466 828 2540 393
869 2476 1140 2538 quatenus
1173 2470 1315 2540 quod
1355 2471 1471 2540 ipse
1523 2470 1625 2525 sibi

83 2555 282 2624 subjecit,
318 2559 452 2614 Deus
479 2560 532 2615 ei
581 2560 830 2630 subjecit.
867 2561 958 2615 Dei
1002 2562 1212 2617 scilicet
1238 2561 1290 2616 in
1337 2576 1404 2618 eo
1434 2573 1624 2618 natura

82 2661 152 2714 per
173 2649 481 2706 nativitatem
508 2663 787 2716 manente,
814 2661 870 2708 et
892 2668 952 2708 ea
972 2668 1095 2723 qua:
1125 2653 1243 2724 ipse
1264 2654 1374 2725 agit
1399 2662 1620 2726 agente:

81 2741 173 2793 dum
211 2742 274 2795 ita
302 2743 405 2813 agit
431 2784 445 2808 ,
477 2752 542 2798 ut
565 2759 626 2800 ea
659 2745 800 2800 Deus
836 2755 1000 2816 agat;
1033 2753 1090 2801 et
1137 2757 1314 2802 tamen
1355 2746 1471 2816 ipse
1520 2761 1582 2801 ea
1608 2785 1624 2812 ,

80 2847 168 2893 cits:
207 2833 332 2888 Deus
357 2835 563 2906 egerit,
603 2847 755 2909 agat:
805 2836 876 2892 ita
918 2847 1100 2894 tamen
1126 2879 1142 2906 ,
1177 2837 1255 2909 (5)
1285 2837 1360 2910 (ε)
1395 2846 1451 2894 ιιι
1479 2839 1531 2892 in
1560 2853 1627 2894 eo

79 2923 184 2991 quod
218 2925 321 2994 ipse
347 2929 476 2998 agit,
509 2927 656 2984 ﬁlius
712 2929 805 2985 Dei
836 2944 998 3000 agere
1040 2929 1409 3001 intelligatur;
1465 2931 1520 2984 in
1559 2946 1625 2986 eo

80 3031 175 3071 vero
191 3021 317 3090 quod
350 3022 489 3078 Deus
517 3024 650 3094 agit,
682 3034 921 3094 paternae
949 3024 1002 3079 in
1030 3039 1096 3080 eo
1125 3032 1333 3081 natura:
1354 3024 1486 3081 utin
1513 3024 1627 3081 ﬁlio

79 3117 324 3178 proprietas
348 3118 616 3172 sentiatur
639 3118 926 3174 exsistere.

127 3207 200 3260 5t.
227 3209 323 3277 Qui
347 3212 548 3267 inimici
570 3211 774 3267 Christo
802 3213 904 3267 sint
935 3212 1263 3284 subjiciendi.
1298 3245 1369 3256 --
1389 3214 1624 3269 Evacua-

77 3299 125 3351 tis
147 3301 302 3373 itaque
328 3305 734 3374 magistratibus
761 3312 818 3361 et
843 3306 1227 3376 potestatibus,
1262 3306 1622 3377 subjicientur

76 3389 110 3443 ei
130 3393 210 3447 sub
237 3393 450 3463 pedibus
472 3396 685 3452 inimici
704 3397 841 3467 ejus.
871 3396 937 3452 Et
959 3413 1095 3469 quos
1126 3397 1372 3454 inimicos
1395 3397 1622 3468 intelligi

74 3494 293 3555 optineat,
320 3488 460 3546 idem
489 3490 786 3561 Apostolus
813 3489 1020 3556 docuit,
1061 3489 1250 3547 dicens
1277 3509 1292 3548 :
1320 3491 1626 3548 Secundum

126 3617 189 3708 lli
208 3619 476 3708 infecte.
537 3696 551 3708 .

124 3690 188 3763 (⁷2)
214 3690 327 3749 Non
350 3696 578 3751 adituris
603 3706 868 3767 paternam
895 3699 1217 3771 religionem.

73 3831 214 3950 pagis.
230 3833 414 3904 placuit
465 3847 524 3892 ut
553 3855 690 3893 nunc
717 3839 827 3910 ipse
849 3880 868 3909 ,
899 3854 1059 3910 quam
1085 3854 1210 3896 cum
1254 3839 1516 3912 vulgatis,
1553 3838 1620 3894 Et

85 3919 174 3956 ιιιιιο
197 3922 314 3956 mre.

123 3921 174 3956 nc
197 3922 314 3974 ipse.

127 3995 188 4070 (ιι)
216 3999 265 4054 1η
291 4001 474 4060 codice
498 4002 630 4059 Vat.
663 4003 806 4074 bas.,
839 4004 949 4075 ﬁlio
978 4004 1084 4061 Deo
1118 4004 1295 4061 Pater.

123 4094 181 4162 (b)
207 4095 426 4153 Verbum
458 4102 526 4153 sit
555 4099 624 4155 ab
663 4099 893 4155 Erasmo
918 4112 1107 4156 contra
1158 4116 1288 4156 mss.
1323 4099 1483 4155 fidem
1525 4113 1620 4155 ex-

73 4174 282 4232 punctum
311 4169 811 4226 restituimus.1‘um
839 4173 890 4225 in
916 4173 1208 4227 vetustiore
1233 4187 1334 4226 ms.
1352 4186 1413 4226 ac
1431 4171 1617 4226 Germ.

73 4251 136 4302 Ρσ
169 4239 594 4314 signiﬁcationem,
613 4244 743 4314 ejus.
767 4243 923 4311 Quod
964 4245 1201 4314 positum
1228 4243 1396 4297 videri
1441 4251 1619 4309 potest

75 4258 136 4302 Ρη
169 4258 586 4365 ειέιιρσαιιοηεηι
613 4259 743 4314 ejus.
767 4258 923 4311 quon
964 4258 1201 4314 positum
1228 4258 1396 4297 vtoert
1441 4258 1615 4309 p0th

75 4321 183 4394 more
235 4327 529 4394 pecorum,
553 4313 824 4394 similibus
853 4315 983 4370 locis
1014 4316 1170 4386 vulgo
1199 4314 1494 4369 dicentium
1523 4321 1615 4370 τοῦ

73 4385 108 4428 ἐν
124 4385 281 4454 ἐαυτῷ,
306 4399 401 4453 pro
422 4386 514 4455 qui
546 4385 598 4438 in
629 4401 683 4439 se
708 4394 800 4440 est.

125 4469 182 4546 (c)
204 4472 269 4526 Ita
295 4489 423 4530 mss.
476 4475 692 4545 Remig.
722 4484 778 4531 et
801 4473 1011 4531 Theod.
1067 4475 1372 4532 faventibus
1420 4475 1573 4532 Colb.
1600 4519 1617 4546 ,

69 4537 272 4618 (lci-inae
314 4547 591 4618 plerisque
615 4537 758 4616 aliis,
786 4548 838 4604 in
867 4547 1065 4618 quibus
1107 4547 1448 4617 perferentes:
1483 4537 1617 4603 facii

71 4608 334 4689 lisenitnei
357 4608 624 4689 frequens
651 4608 808 4674 estin
831 4608 1118 4674 veteribus
1141 4608 1294 4674 libris
1321 4620 1414 4674 iin
1445 4636 1473 4674 e
1500 4635 1618 4674 mu-

1732 1905 1795 1959 ab
1829 1921 1887 1961 eo
1913 1921 2052 1960 mors
2083 1904 2128 1979 (Ι
2152 1905 2274 1962 Cor.
2321 1923 2411 1974 xv,
2444 1906 2562 1981 26).
2620 1910 2865 1966 Deviciio
2911 1921 3090 1968 autem
3140 1914 3332 1970 mortis

1730 1999 1865 2056 nihil
1893 2001 2038 2056 aliud
2069 2017 2232 2070 quam
2257 2005 2584 2058 resurrectio
2614 2020 2680 2060 ex
2705 2009 2931 2063 mortuis
2960 2017 3071 2062 est:
3097 2022 3219 2062 cum
3248 2009 3332 2062 ina

1733 2095 1924 2148 teritus
1962 2097 2312 2164 corruptione
2349 2107 2600 2153 cessante
2624 2139 2639 2165 ,
2671 2099 2807 2154 visre
2846 2101 2959 2170 jam
2989 2101 3334 2172 caelestiaque

1734 2194 1942 2240 naturae
1968 2187 2332 2242 constituatur
2361 2190 2659 2258 aeternitas,
2694 2192 2990 2246 secundum
3020 2193 3164 2263 quod
3204 2193 3333 2248 dlc-

1732 2284 1844 2331 tum
1872 2285 1993 2332 est:
2026 2275 2239 2348 Oportet
2276 2278 2412 2332 enim
2442 2281 2791 2352 corruptivum
2835 2283 2975 2336 istud
3017 2283 3233 2337 induere
3253 2284 3336 2338 in-

1727 2371 2128 2439 corruptionem,
2154 2380 2203 2424 et
2229 2371 2447 2424 mortale
2472 2372 2610 2426 istud
2630 2374 2840 2429 induere
2870 2375 3332 2431 immortalitatem.

1729 2459 1859 2514 Cum
1905 2471 2077 2514 autem
2134 2462 2350 2516 mortale
2392 2463 2532 2516 istud
2575 2464 2802 2520 induerit
2853 2466 3333 2536 immortalitatem,

1729 2563 1852 2608 tunc
1875 2553 1962 2624 fiet
1989 2553 2200 2607 verbum
2218 2554 2357 2623 quod
2387 2555 2636 2626 scriptum
2661 2565 2734 2610 est
2760 2572 2773 2610 :
2805 2556 3059 2628 Absorpta
3091 2569 3168 2614 est
3193 2575 3334 2615 mors

1729 2646 1814 2720 (h)
1841 2649 1896 2701 in
1919 2648 2258 2704 contentione.
2294 2645 2395 2702 Ubi
2420 2658 2492 2702 est
2519 2665 2656 2703 mors
2697 2651 2906 2704 aculeus
2936 2651 3090 2706 tuus?
3117 2651 3219 2708 Ubi
3261 2662 3336 2710 est

1728 2755 1868 2794 mors
1893 2740 2148 2794 contentio
2171 2739 2306 2793 tua?
2328 2738 2493 2809 (Ibid.
2530 2737 2643 2812 55).
2686 2740 2744 2795 In
2779 2741 3116 2812 subjectione
3154 2745 3334 2815 itaque

1729 2835 2073 2891 inimicorum
2099 2849 2247 2889 mors
2275 2834 2547 2889 vincitur:
2576 2841 2634 2890 et
2653 2845 2830 2891 morte
2856 2838 3020 2901 victa,
3053 2838 3335 2893 immorta-

1729 2927 1897 2982 litatis
1921 2926 2028 2981 vita
2069 2925 2332 2982 succedit.
2356 2927 2487 2991 Quae
2512 2933 2690 2982 autem
2722 2927 3069 2998 subiectionis
3095 2931 3333 3001 perlecta

1730 3021 1822 3077 illa
1847 3030 1968 3091 post
1993 3018 2116 3074 ﬁdei
2134 3019 2532 3090 subjectionem
2557 3020 2860 3092 proprietas
2883 3023 2975 3087 sit,
3001 3022 3146 3078 idem
3189 3027 3335 3091 Apo-

1730 3115 1904 3171 stolus
1925 3120 2158 3168 testatus
2185 3118 2292 3178 est,
2319 3127 2444 3167 cum
2467 3115 2561 3177 ait,
2600 3113 2700 3180 Qui
2727 3115 3114 3187 transfigurabit
3147 3131 3334 3186 corpus

1732 3208 2038 3264 humilitatis
2055 3215 2242 3262 nostra
2257 3203 2320 3277 (i)
2335 3208 2596 3278 conforme
2608 3207 2768 3279 397
2785 3206 2992 3278 corpori
3008 3207 3189 3279 gloria:
3200 3224 3334 3276 sua;

1733 3300 2015 3356 secundum
2038 3299 2278 3369 efficaciae
2304 3314 2412 3352 sum
2439 3315 2615 3366 Opera,
2639 3316 2741 3370 qua
2768 3300 2929 3370 possit
2959 3299 3211 3372 subjicere
3239 3301 3336 3356 sibi

1733 3395 1906 3450 omnia
1933 3392 2194 3464 (Philipp.
2244 3405 2325 3460 ιιι,
2351 3391 2469 3462 21).
2514 3391 2793 3461 Subjectio
2839 3393 3020 3462 itaque
3061 3392 3224 3448 etiam
3270 3408 3336 3450 ea

1731 3498 1855 3556 est,
1886 3501 2009 3558 quae
2054 3495 2232 3542 estex
2276 3491 2468 3540 natura
2512 3485 2567 3540 in
2615 3492 2860 3540 naturam
2893 3485 2976 3560 (j)
3016 3486 3332 3543 concessio:

1808 3624 1887 3694 (5)
1924 3624 2186 3680 Particulo
2229 3632 2284 3678 ιιι
2315 3623 2488 3679 abest.

1808 3627 1865 3694 (5
1924 3624 2186 3680 Particulo
2229 3632 2284 3678 ιιι
2315 3624 2488 3679 abest.

1798 3624 1887 3768 (lii
1913 3695 1976 3750 Et
2003 3705 2191 3750 avertet
2210 3737 2222 3760 ,
2247 3696 2392 3766 juxta
2415 3709 2650 3766 graecum
2679 3694 3020 3776 ἀποστρέψει.

1803 3838 1884 3908 (f)
1921 3835 1975 3890 ln
1998 3851 2102 3908 ms.
2151 3834 2366 3908 Martin.
2406 3835 2720 3892 saturabitur:
2745 3844 2802 3894 et
2841 3851 2989 3902 mox,
3013 3844 3221 3905 peccata
3250 3853 3337 3893 eo-

1731 3907 1867 3973 rum,
1903 3922 2008 3960 non
2030 3907 2326 3974 iniquitates
2355 3921 2552 3960 eorum.

1805 3977 1884 4051 (g)
1917 3977 1975 4032 in
2023 3977 2279 4051 excusis,
2336 3978 2650 4051 novissima.
2677 3976 2864 4032 Exstat
2910 3977 3123 4047 quidem
3167 3995 3329 4050 supra

1729 4066 1786 4103 ιι.
1816 4048 1909 4111 21,
1941 4049 2214 4103 novissima
2243 4049 2473 4102 inimica.
2503 4048 2574 4104 At
2602 4049 2686 4104 hic
2715 4065 2910 4120 magno
2935 4065 3205 4105 consensu
3234 4048 3330 4106 lia-

1730 4121 1863 4180 bent
1895 4134 2023 4178 mss.
2059 4120 2352 4176 nouissime.

1807 4191 1885 4264 (h)
1918 4191 2020 4246 Pro
2047 4205 2223 4263 graeco
2253 4194 2325 4252 εἰς
2350 4199 2514 4264 viator,
2529 4192 2585 4244 in
2625 4191 2910 4260 victoriam,
2940 4189 3067 4264 legit
3087 4189 3324 4264 Hilarius

1734 4260 1828 4318 aut
1856 4260 2121 4331 interpres
2167 4279 2326 4330 quem
2363 4261 2628 4328 coquitur,
2653 4264 2724 4322 εἰς
2752 4269 2926 4322 νεῖκος.
2961 4260 3074 4316 Imo
3114 4263 3164 4317 in
3192 4263 3326 4333 psal.

1731 4350 1842 4399 ιιι,
1886 4351 1941 4388 n.
1979 4334 2063 4399 14,
2093 4334 2376 4390 lectionem
2404 4343 2688 4403 utramque
2711 4335 2878 4388 simul
2906 4333 3164 4400 admittit,
3197 4344 3252 4391 et
3276 4336 3330 4391 in

1730 4421 1897 4464 unum
1926 4404 2224 4474 componit.

1805 4474 1868 4548 (i)
1919 4470 2071 4548 Unus
2108 4490 2209 4530 ms.
2231 4473 2404 4530 Vatic.
2433 4517 2449 4548 ρ
2483 4473 2620 4530 alter
2646 4470 2800 4548 Colb.
2835 4485 2889 4532 et
2937 4476 3168 4533 Sorbon.
3209 4494 3335 4533 con-

1758 4517 1921 4621 oriries
1951 4547 2189 4621 faciens;
2215 4517 2488 4621 quomodo
2515 4561 2672 4615 supra
2706 4546 2801 4602 lib.
2824 4562 2882 4602 rx
2908 4591 2922 4616 ,
2957 4564 3013 4603 ιι.
3047 4549 3102 4617 8,
3133 4551 3183 4604 in
3209 4550 3332 4621 qui-

1770 4617 1957 4690 usdam
1992 4631 2120 4690 mss.
2153 4617 2254 4690 legi
2281 4620 2622 4690 observatum
2651 4625 2756 4690 est.

69 4685 198 4764 latio:
222 4686 398 4764 sicque
423 4685 764 4764 senstisest,
814 4689 974 4764 fidem
1003 4702 1057 4746 et
1082 4691 1284 4764 cultum
1327 4691 1500 4747 Patris
1550 4689 1617 4747 ad
1644 4698 1700 4760 D
1797 4688 1871 4764 (j)
1907 4685 2256 4764 Corbeiensis
2293 4689 2465 4764 codex
2485 4688 2554 4745 ab
2594 4688 3000 4764 antiquamanu
3029 4687 3095 4744 ad
3136 4690 3334 4760 margi-

71 4751 259 4830 ﬁtietnet
283 4751 486 4814 cultum
533 4760 654 4816 Filii
698 4751 798 4816 nos
823 4762 1063 4830 perferre
1086 4802 1100 4826 ,
1135 4761 1295 4816 Patre
1340 4777 1440 4817 nos
1471 4763 1524 4817 in
1555 4779 1616 4818 se
1644 4751 1692 4760 ’⁷
1725 4751 1990 4830 nern'pra:
2033 4775 2094 4816 se
2122 4759 2228 4817 fert
2247 4803 2261 4829 ,
2294 4758 2498 4816 Caute:
2529 4759 2623 4815 sed
2653 4751 2920 4816 cautelam
2960 4775 3112 4816 suam
3145 4751 3328 4817 seru'm

69 4824 301 4904 religiosos
336 4832 652 4901 perferente
682 4833 735 4887 in
787 4824 1006 4904 Filium.
1051 4824 1108 4888 Si
1155 4834 1276 4901 quis
1330 4837 1614 4904 perferente

69 4895 182 4974 ntalit
201 4895 351 4974 quani
377 4905 687 4974 perferentis
716 4943 731 4970 ,
760 4919 864 4960 non
904 4903 1132 4958 multum
1169 4895 1610 4974 repugnabimus.

69 4960 176 5023 Loro
211 4960 510 5046 perfer-antis
534 5013 552 5041 ,
597 4960 795 5030 babént
838 4976 948 5031 duo
990 4989 1122 5029 mss.
1155 4960 1425 5046 perfectos.
1462 4976 1612 5031 Unus

67 5048 204 5094 autem
235 5043 398 5118 Vatie.
429 5061 558 5100 cum
589 5046 744 5100 Vind.
791 5057 846 5102 et
887 5046 1059 5118 Silva,
1080 5043 1352 5118 paternam
1397 5047 1610 5118 religio-

1724 4831 1887 4888 babet
1917 4833 2033 4902 ipse
2070 4832 2254 4902 locus,
2285 4831 2411 4887 dum
2443 4833 2621 4902 statim
2660 4832 2944 4902 subjicitur
2966 4873 2979 4896 ,
3011 4830 3205 4898 Deﬁnit
3232 4850 3331 4888 au-

1722 4914 1856 4965 tem,
1885 4901 1990 4959 non
2018 4915 2073 4958 ut
2103 4920 2204 4958 non
2230 4901 2297 4958 sit
2317 4946 2332 4966 ,
2361 4913 2468 4958 etc.
2500 4901 2686 4972 Neque
2716 4901 3037 4958 crediderim
3062 4902 3323 4959 Hilarium

1721 4976 1792 5030 ab
1822 4975 2120 5046 Augustino
2151 4977 2324 5046 notari
2350 4975 2525 5046 Serm.
2556 4973 2924 5046 conLArian.
2951 4988 3078 5046 cap.
3101 4975 3202 5045 57,
3230 4975 3320 5031 ubi

1721 5048 1793 5100 ait
1821 5063 1833 5099 :
1868 5044 2111 5114 Quamvis
2140 5062 2241 5100 non
2272 5045 2546 5114 defuerint.
2577 5045 2666 5113 qui
2706 5045 2851 5098 illam
2884 5055 3000 5098 tunc
3033 5044 3159 5100 Filii
3187 5044 3322 5100 sub-

71 5115 468 5192 Reatperferensec
489 5120 763 5192 perfectos.
814 5125 884 5192 At
907 5117 1046 5192 apud
1076 5116 1208 5192 Ded.
1239 5119 1293 5172 in
1345 5115 1612 5192 paternam
1709 5118 1988 5192 jectioncm
2033 5118 2195 5192 ipsius
2247 5117 2706 5192 humameformar
2731 5117 2785 5169 in
2830 5117 3054 5192 divinam
3090 5118 3330 5173 substan-

70 5183 314 5258 rtligionem
342 5183 648 5258 perferente.
685 5190 742 5244 in
781 5183 1004 5258 reliquis
1030 5188 1213 5256 editis,
1255 5183 1468 5259 paterna
1492 5191 1615 5244 reli-

70 5265 179 5330 sttvye
206 5259 469 5330 perfectae
499 5261 728 5314 adducit.
783 5260 1003 5314 Adducit
1051 5275 1208 5330 ergo:
1251 5260 1344 5315 ubi
1389 5262 1616 5317 verbum

72 5321 236 5380 adducit
264 5321 533 5400 repetitur
564 5332 766 5401 absque
792 5332 897 5388 ulla
928 5321 1268 5386 auctoritate.

121 5413 183 5496 (tl)
207 5417 362 5496 Editi,
392 5423 519 5496 dum
545 5423 828 5496 principale
851 5422 1025 5478 Pater.
1057 5422 1459 5496 Rectiusmsgs”
1493 5424 1616 5478 dum

71 5488 170 5564 9",“
184 5491 462 5564 ρΐξησίραιε
490 5488 602 5562 est,
630 5488 737 5550 etc.
766 5494 859 5551 Sic
891 5510 1053 5564 supra
1093 5513 1146 5550 ιι.
1175 5495 1231 5563 2,
1261 5495 1328 5550 de
1369 5494 1542 5552 Filia:
1574 5497 1619 5550 si

70 5560 184 5642 {lim
207 5560 278 5642 id,
301 5565 450 5642 quod
485 5560 778 5642 principale
803 5575 874 5622 est
894 5608 912 5632 ,
937 5560 1116 5642 natum
1151 5560 1374 5642 negabit.
1401 5566 1620 5627 Utrobi-

71 5638 144 5691 ίιιιε
165 5633 437 5706 principale
461 5633 534 5690 ad
570 5633 946 5708 proprietatem
976 5633 1232 5694 refertur:

119 5719 356 5800 (e)_A-bcst
410 5729 678 5800 particula
707 5740 763 5786 at
786 5745 819 5790 a
847 5732 1017 5791 tribus
1059 5747 1193 5792 mss.
1237 5729 1567 5795 Colbet'tinis
1599 5773 1614 5799 ι

72 5803 150 5845 uno
171 5795 428 5872 Sorbon.;
450 5799 642 5862 Germ.
665 5809 727 5862 et
749 5803 966 5863 Martia.

1724 5190 1846 5242 tiam
1889 5185 2335 5241 commutationem
2383 5185 2770 5259 intelligendam
2791 5258 2794 5259 ν
2815 5189 3144 5259 putaverint;
3193 5201 3326 5243 tam-

1721 5275 1874 5328 quam
1898 5260 1992 5312 hoc
2017 5259 2196 5325 cuique
2221 5259 2296 5310 rei
2320 5256 2644 5328 subjiciatur,
2659 5256 2880 5328 quodin
2903 5273 3015 5312 eam
3042 5256 3256 5314 vertitur
3277 5267 3326 5314 et

1723 5327 2156 5399 mutatur.Hanc
2193 5336 2370 5384 autem
2411 5327 2722 5398 Opinionem
2770 5330 3125 5399 ipsorumntet
3168 5329 3327 5385 Aria-

1724 5415 1924 5455 norum
1973 5398 2138 5454 Iuisse
2202 5415 2268 5454 ex
2318 5399 2507 5455 eodem
2556 5398 2857 5469 Augustino
2906 5401 3000 5456 lib.
3049 5417 3082 5458 ιι
3138 5411 3329 5456 contra

1724 5471 1997 5525 Maximin.
2031 5486 2077 5525 c.
2126 5471 2194 5524 16
2236 5471 2346 5540 jam
2397 5471 2752 5525 indicavimus
2797 5487 2945 5524 num.
2985 5473 3071 5527 14.
3120 5473 3321 5528 Eadem

1727 5542 2052 5598 Sabellianis
2081 5557 2143 5595 ac
2168 5541 2496 5596 Marcionitis
2539 5541 2786 5595 attribuit
2812 5541 3134 5599 Ambrosius
3167 5545 3260 5598 lib.
3291 5560 3326 5598 v

1724 5614 1793 5667 de
1825 5612 1954 5668 Fide
1994 5627 2044 5684 c.
2079 5614 2173 5681 15,
2209 5629 2262 5666 ιι.
2309 5612 2415 5668 162
2447 5630 2460 5667 :
2495 5611 2813 5680 Sabelliani,
2845 5615 3052 5684 inquit,
3098 5625 3145 5671 et
3175 5615 3326 5671 Mar-

1725 5685 1927 5738 cionin
1950 5683 2152 5748 dicunt,
2185 5684 2324 5753 quod
2362 5685 2472 5755 haec
2513 5688 2693 5755 futura
2713 5684 2787 5755 sit
2833 5683 3023 5740 Christi
3050 5688 3120 5741 ad
3161 5685 3330 5742 Deum

1727 5766 1926 5824 patrem
1962 5752 2245 5826 subiectio,
2271 5765 2328 5810 ιιι
2353 5757 2408 5810 in
2449 5752 2664 5811 Patrem
2699 5752 2870 5810 Filius
2899 5758 3229 5826 refundatur.
3257 5759 3329 5813 At

1728 5841 1862 5882 vero
1887 5825 2092 5884 liiiario
2117 5827 2205 5883 ltic
2234 5841 2336 5885 vos
2365 5836 2588 5901 natura,
2622 5841 2730 5884 non
2761 5825 3051 5902 corporum
3080 5833 3318 5903 ipsorum
