3936 6196
598 279 704 338 425

1813 277 2058 336 SANCTI
2101 275 2354 332 HILAHH
2389 274 2695 331 El’lSCOPl
3770 276 3846 329 l‘il

603 396 729 451 dum
761 411 789 450 a
821 411 878 451 se
927 395 1222 468 secundum
1253 392 1398 465 quod
1439 399 1523 448 est
1551 393 1804 450 desinens
1828 434 1842 458 ,
1886 394 1934 449 ei
1970 393 2186 464 subjici-
2222 396 2269 458 Α
2298 391 2384 462 qui
2415 391 2561 444 habet
2590 405 2743 444 aures
2773 387 2852 461 (1)
2887 387 2970 460 (d)
2999 388 3276 455 audiendi,
3317 389 3496 443 audiat
3532 385 3728 461 (Matth.
3754 407 3846 456 xui,

608 497 724 555 tur,
757 489 913 558 cujus
949 487 1197 543 concedit
1223 488 1276 541 in
1325 487 1576 542 formam.
1625 488 1830 541 Desinit
1855 499 2063 553 autem,
2097 501 2201 541 non

607 588 667 635 ut
695 597 796 633 non
829 580 929 645 sit,
961 578 1055 635 sed
1093 588 1151 634 ut
1191 578 1434 649 proﬁciat
1461 597 1475 633 :
1507 579 1671 652 [itque
1717 595 1782 635 ex
1830 579 2204 635 detnutatioue

608 671 884 740 subditus,
924 671 975 726 in
1008 671 1242 743 speciem
1269 672 1505 744 suscepti
1533 671 1753 728 alterius
1783 673 1998 744 generis
2027 682 2202 728 trans-

607 763 804 819 eundo.

676 855 765 910 56.
812 854 936 910 Filii
975 855 1256 930 subjectio,
1301 857 1481 929 gloria:
1509 865 1734 926 paterna:
1779 857 2112 912 consortium.
2136 886 2206 896 —

605 950 844 1022 Denique
882 959 940 1004 ut
969 950 1288 1005 sacramenti
1341 951 1498 1020 hujus
1537 962 1680 1006 esset
1730 952 1866 1007 ratio
1919 950 2162 1006 absoluta
2186 989 2200 1015 ,

605 1052 728 1114 post
749 1041 1040 1099 novissime
1068 1042 1334 1099 devictam
1361 1055 1626 1111 mortem,
1668 1052 1778 1098 tum
1803 1043 1911 1099 ait:
1942 1044 2070 1098 Cum
2109 1060 2206 1096 au-

604 1144 704 1190 tem
726 1134 911 1190 dixerit
933 1177 947 1200 ,
983 1133 1170 1190 Omnia
1199 1135 1426 1208 subjecta
1447 1145 1592 1202 sunt,
1621 1134 1806 1204 absque
1832 1153 1888 1190 eo
1918 1137 2005 1206 qui
2034 1135 2210 1203 subje-

611 1229 678 1282 cit
709 1230 753 1284 ei
783 1231 950 1284 omnia
972 1271 987 1296 ,
1021 1239 1140 1282 tunc
1166 1229 1274 1299 ipse
1311 1229 1568 1303 subjectus
1601 1229 1694 1282 erit
1735 1230 1849 1295 illi,
1882 1229 1970 1300 qui
2007 1229 2054 1282 ei
2091 1226 2209 1283 sub-

605 1323 734 1394 jecit
773 1322 975 1384 omnia,
1001 1337 1053 1374 ut
1081 1322 1146 1375 sit
1175 1321 1310 1375 Deus
1332 1322 1506 1376 omnia
1525 1322 1576 1374 in
1601 1320 1834 1375 omnibus
1856 1318 1930 1392 (Ι.
1957 1319 2075 1375 Cor.
2103 1335 2175 1374 xv
2195 1361 2208 1387 ,

609 1414 680 1470 26
697 1426 741 1468 et
763 1413 950 1484 seqq.).
973 1413 1186 1468 Primus
1209 1414 1370 1484 igitur
1389 1414 1710 1468 sacramenti
1733 1412 1932 1484 gradus
1950 1421 2033 1467 est
2047 1452 2063 1478 ,
2087 1411 2214 1467 sub-

604 1507 746 1579 jecta
777 1524 897 1564 esse
936 1509 984 1563 ei
1027 1508 1236 1573 omnia;
1264 1517 1318 1564 et
1356 1516 1481 1563 tunc
1521 1509 1694 1578 ipsum
1741 1508 2045 1578 subjectum
2099 1507 2210 1563 tieri

611 1601 920 1671 subjicienti
948 1602 1048 1658 sibi
1078 1602 1258 1657 omnia
1287 1619 1299 1654 :
1335 1613 1392 1656 ut
1416 1601 1870 1673 quemadmodum
1901 1617 1998 1656 nos
2027 1601 2212 1672 gloriae

609 1696 884 1768 regnantis
911 1697 1156 1765 corporis
1187 1695 1269 1750 ειιί
1306 1695 1619 1760 subdimur,
1647 1694 1838 1750 eodem
1871 1709 2086 1748 rursum
2118 1707 2212 1748 sa-

2307 486 2378 542 40
2412 497 2460 542 et
2491 486 2678 559 seqq).
2709 484 2978 554 Numquid
3006 500 3110 539 non
3139 484 3391 540 onmibus
3420 484 3682 538 naturales
3697 498 3848 553 corpo-

2308 581 2556 652 ralcsque
2587 595 2747 636 aures
2771 580 2838 635 ad
2869 578 3132 634 dictorum
3166 577 3496 634 audientiam
3515 588 3718 647 patent,
3738 591 3783 631 ut
3804 579 3851 634 ad

2307 673 2630 729 audiendum
2663 673 2932 728 dominica
2963 671 3331 728 admonitione
3355 671 3430 743 (e)
3464 669 3622 726 fuerit
3651 685 3852 726 necessu.

2311 766 2488 821 rium?
2512 764 2620 822 Sed
2650 765 2972 820 sacramenti
3001 763 3281 820 scientiam
3311 761 3573 817 Dominus
3599 762 3854 826 insinuans,

2311 859 2641 915 auditionem
2687 860 2948 914 doctrina:
3000 858 3172 915 lidelis
3215 856 3412 929 exegit.
3461 856 3520 911 lu
3567 871 3858 912 consumma-

2311 953 2455 1007 tione
2498 952 2677 1022 itaque
2717 951 2900 1006 szeculi
2929 951 2996 1007 de
3027 966 3192 1020 regno
3221 951 3336 1022 ejus
3366 948 3622 1005 scandala
3651 949 3861 1006 auferun-

2313 1051 2417 1097 tur.
2461 1043 2731 1098 Habemus
2761 1059 2888 1114 ergo
2922 1055 3234 1114 regnantem
3281 1041 3570 1097 Donriuum
3613 1044 3859 1099 secundum

2311 1135 2555 1206 corporis
2583 1134 2910 1202 claritatem,
2943 1151 3049 1206 quo
3079 1150 3249 1206 usque
3279 1134 3538 1190 scandala
3571 1133 3862 1190 auferantur.

2314 1226 2589 1282 Habemus
2618 1243 2834 1282 rursum
2866 1225 3174 1282 conformes
3203 1242 3300 1280 nos
3332 1225 3521 1297 gloria!
3551 1226 3774 1294 corporis
3801 1226 3864 1280 sui

2315 1320 2368 1375 in
2394 1336 2558 1390 regno
2581 1319 2755 1376 Patris
2773 1361 2788 1387 ,
2817 1330 3085 1390 tamquam
3112 1321 3160 1374 in
3187 1320 3317 1375 solis
3339 1319 3586 1375 claritate
3609 1319 3866 1391 fulgentes:

2315 1413 2394 1486 (Ῑ)
2417 1413 2470 1468 in
2493 1430 2596 1485 qua
2627 1414 2864 1470 habitum
2891 1416 3036 1485 regni
3059 1413 3142 1470 sui
3168 1414 3441 1484 Apostolis
3467 1412 3521 1468 in
3543 1422 3713 1469 monte
3733 1423 3870 1467 trans-

2317 1507 2577 1564 formatus
2608 1509 2861 1564 ostendit.

2387 1599 2475 1656 59.
2507 1598 2736 1654 Gloriam
2767 1601 3091 1667 impertiens,
3125 1600 3282 1654 tradit
3311 1616 3405 1654 nos
3441 1616 3651 1672 regnum
3673 1597 3768 1654 Deo
3785 1599 3870 1653 sine

2316 1693 2457 1763 regni
2479 1693 2560 1746 sui
2591 1695 2792 1747 danmo.
2816 1692 3051 1763 Regnum
3082 1692 3349 1757 traditum,
3379 1709 3496 1747 nos.
3526 1691 3740 1746 Tradens
3758 1691 3874 1745 Chri-

611 1800 890 1846 cramento
927 1787 1002 1860 (a)
1040 1789 1155 1858 ipse
1191 1803 1424 1859 regnans
1465 1787 1520 1842 in
1551 1787 1723 1858 gloria
1767 1788 2014 1856 corporis
2043 1785 2213 1856 subji-
2244 1799 2294 1860 Β
2319 1795 2446 1854 slus,
2471 1787 2632 1842 ethoc
2652 1797 2901 1857 quatenus
2922 1785 3394 1842 homin—Tradet
3412 1801 3546 1858 ergo
3568 1802 3770 1870 reggum
3792 1787 3874 1840 Deo

611 1883 775 1938 cienti
809 1882 910 1937 sibi
941 1881 1191 1936 universa
1219 1882 1500 1937 subdatur.
1545 1880 1837 1937 Subdimur
1866 1890 2046 1934 autem
2091 1879 2214 1950 glo-

613 1977 708 2032 riae
736 1977 983 2048 corporis
1026 1975 1148 2042 sui,
1177 1984 1236 2031 ut
1274 1977 1327 2031 in
1358 1992 1423 2032 ea
1474 1977 1644 2032 simus
1687 1975 1764 2048 (b)
1791 1976 2070 2042 claritate,
2114 1989 2217 2046 qua

610 2077 802 2140 regnat
831 2070 882 2124 in
913 2084 1178 2140 corpore:
1210 2070 1334 2140 quia
1365 2070 1583 2142 corpori
1615 2071 1732 2140 ejus
1769 2070 2076 2125 conformes
2107 2070 2212 2125 eri-

613 2176 756 2218 mus.
1185 2185 1188 2188 '

687 2253 774 2309 57.
821 2253 1063 2326 Corporis
1098 2252 1288 2310 Christi
1328 2255 1516 2327 gloria.
1559 2285 1628 2295 —
1660 2253 1729 2309 Et
1752 2253 1968 2323 quidem
1995 2253 2216 2325 gloriam

619 2347 894 2419 regnantis
931 2363 1075 2404 nunc
1100 2350 1342 2419 corporis
1383 2351 1464 2404 sui
1513 2349 1832 2421 Evangelica
1873 2365 1977 2404 non
2019 2359 2216 2405 tacent.

615 2440 691 2496 Ita
763 2442 906 2497 enim
955 2441 1245 2509 scribitur,
1293 2442 1520 2497 Domino
1572 2441 1784 2498 dicente
1835 2442 2046 2496 :Amen
2105 2441 2222 2494 dico

618 2533 788 2599 vobis,
819 2535 1060 2601 quoniam
1103 2544 1221 2588 sunt
1269 2535 1428 2604 aliqui
1475 2534 1539 2588 de
1590 2531 1912 2588 adstantibus
1946 2534 2088 2598 istis,
2135 2533 2223 2603 qui

618 2642 720 2680 non
758 2626 1032 2697 gustabunt
1089 2636 1336 2694 mortent,
1379 2626 1538 2680 donec
1574 2627 1778 2680 videant
1809 2627 1976 2696 ﬁlium
2003 2625 2222 2680 hominis

615 2719 891 2774 uenientem
913 2721 968 2773 in
1010 2735 1164 2789 regno
1189 2734 1282 2772 suo
1312 2718 1331 2790 (
1360 2717 1548 2772 Matth.
1601 2733 1688 2772 xvr
1711 2760 1726 2784 ,
1757 2717 1828 2772 28
1852 2718 1891 2789 ).
1940 2717 2008 2771 Et
2031 2721 2223 2787 factum

621 2820 695 2864 est
725 2819 836 2880 post
867 2809 978 2864 dies
1007 2826 1097 2865 sex
1115 2849 1131 2876 ,
1164 2810 1445 2879 assumpsit
1469 2807 1624 2864 Jesus
1651 2808 1871 2865 Petrum
1897 2820 1945 2864 et
1971 2807 2223 2863 Iacobum

627 2911 676 2957 et
704 2900 961 2958 Joannem
990 2907 1202 2973 fratrem
1242 2903 1383 2972 ejus,
1411 2913 1457 2956 et
1482 2902 1620 2956 ducit
1649 2903 1767 2957 illos
1795 2903 1849 2956 in
1879 2913 2098 2956 montem
2137 2919 2224 2958 ea:-

617 2999 805 3053 celsum
843 3014 1102 3062 seorsum,
1143 3007 1191 3052 et
1217 2997 1614 3068 transfiguratus
1644 3007 1716 3052 est
1753 2996 1908 3052 Jesus
1950 3007 2068 3051 ante
2095 3013 2180 3052 eos
2205 3040 2219 3062 ,

621 3097 668 3142 et
697 3089 1014 3160 resplenduit
1041 3089 1202 3160 facies
1223 3092 1336 3162 ejus
1359 3098 1410 3141 ut
1442 3089 1520 3144 sol
1541 3131 1556 3158 ,
1585 3090 1886 3144 uestimenta
1915 3101 2086 3144 autem
2113 3090 2224 3162 ejus

2324 1883 2462 1952 patri
2489 1901 2502 1937 :
2529 1896 2634 1935 non
2661 1883 2762 1944 ita,
2793 1890 3060 1951 tamquam
3091 1879 3308 1936 tradens
3332 1887 3609 1950 potestate
3630 1875 3874 1940 concedat,

2321 1976 2415 2031 sed
2445 1975 2585 2046 quod
2615 1991 2715 2030 nos
2745 1963 3053 2030 con-formes
3079 1975 3261 2045 gloria:
3291 1974 3541 2044 corporis
3577 1973 3654 2028 sui
3683 1972 3791 2026 lacti
3816 1987 3879 2026 re-

2320 2085 2481 2140 gnum
2509 2069 2600 2124 Dei
2645 2067 2866 2124 erimus.
2897 2068 3014 2122 Non
3057 2067 3201 2122 enim
3243 2067 3316 2121 ait
3350 2084 3364 2120 :
3408 2066 3613 2121 Tradet
3651 2080 3786 2120 suum
3817 2078 3874 2118 re-

2324 2177 2532 2233 gnum;
2578 2161 2671 2216 sed
2701 2159 2890 2214 Tradet
2932 2177 3142 2232 regnum
3178 2158 3220 2232 (ι
3250 2158 3370 2214 Cor.
3404 2175 3509 2226 xv,
3543 2159 3668 2226 24),
3701 2157 3877 2212 effectos

2327 2273 2427 2312 nos
2453 2271 2547 2323 per
2575 2255 3019 2326 gloriﬁcationem
3051 2253 3293 2325 corporis
3325 2253 3414 2307 sui
3444 2267 3664 2323 regnum
3687 2251 3780 2305 Deo
3801 2260 3880 2302 tra-

2323 2348 2552 2404 diturus.
2577 2347 2684 2403 Nos
2713 2348 2892 2416 itaque
2918 2345 3096 2402 tradet
3126 2347 3175 2401 in
3199 2361 3464 2417 regnum,
3505 2343 3777 2400 secundum
3802 2342 3875 2394 hoc

2325 2441 2377 2497 in
2403 2439 2959 2512 Evangeliisdictnm:
3000 2438 3190 2505 Venite,
3223 2439 3474 2494 benedicti
3497 2438 3656 2509 patris
3677 2436 3879 2502 msi,pot-

2324 2536 2482 2591 sidete
2511 2544 2857 2607 prteparatum
2883 2533 3019 2590 vobis
3058 2549 3271 2604 regnum
3291 2550 3323 2585 α
3351 2533 3710 2587 constitutione
3739 2528 3878 2581 mundi

2327 2628 2538 2700 (Matth.
2565 2643 2668 2682 xxv
2687 2670 2700 2693 ,
2725 2626 2840 2697 54).
2866 2624 3171 2697 Fulgebunt
3191 2639 3319 2693 ergo
3337 2623 3475 2694 ju5ti
3501 2632 3559 2678 ut
3583 2623 3658 2678 sol
3689 2621 3734 2675 in
3754 2631 3880 2690 regno

2338 2723 2504 2792 patris
2526 2737 2734 2776 eorum.
2769 2720 2967 2776 Tradet
3005 2719 3148 2774 enim
3179 2718 3350 2773 Filius
3388 2718 3506 2772 Deo
3538 2715 3876 2787 regnum'cos,

2327 2821 2462 2886 quas
2484 2814 2695 2869 vocavit
2714 2814 2766 2868 in
2786 2829 3032 2885 regnum,
3052 2813 3244 2884 quibus
3267 2820 3321 2867 et
3343 2811 3727 2866 beatitudinem
3746 2821 3881 2862 sacra-

2331 2905 2495 2960 menti
2523 2906 2678 2977 hujus
2697 2905 2987 2976 sp0pondit
3009 2905 3229 2960 dicens:
3253 2903 3333 2975 (ὶ)
3358 2903 3512 2958 Beati
3539 2903 3718 2957 mundo
3735 2899 3878 2960 corde.

2327 2999 2570 3067 quoniam
2602 2999 2703 3069 ipsi
2733 2997 2898 3051 Deum
2935 2997 3171 3051 videbunt
3215 2995 3437 3068 (Matth.
3475 3012 3505 3048 ν
3530 3038 3541 3058 ,
3573 2996 3648 3065 8).
3683 2993 3880 3062 lli-gnans

2332 3089 2517 3160 itaque
2545 3101 2754 3146 avertet
2780 3088 3027 3145 scandala
3051 3133 3064 3156 ,
3099 3099 3154 3144 et
3186 3097 3308 3143 tunc
3327 3087 3464 3157 justi
3490 3087 3542 3142 in
3570 3101 3724 3156 regno
3752 3081 3880 3138 Patris

617 3184 757 3251 facta
783 3190 898 3235 sunt
923 3182 1057 3234 sicut
1087 3182 1177 3236 nia:
1216 3180 1428 3252 (.liatth.
1459 3198 1570 3237 xvn
1594 3225 1608 3249 ,
1641 3185 1664 3238 l
1697 3193 1744 3237 et
1771 3182 1863 3253 2).
1905 3183 2085 3239 Gloria
2117 3183 2219 3238 ita-
2248 3189 2293 3253 C
2329 3192 2599 3256 tamquam
2626 3183 2709 3239 sol
2739 3182 3040 3252 fulgebunt.
3072 3181 3270 3237 Tradet
3299 3189 3489 3235 autem
3531 3181 3638 3234 Deo
3673 3175 3792 3247 patri
3821 3188 3882 3226 τε·

617 3287 724 3342 que
753 3274 1021 3328 venientis
1063 3273 1115 3328 in
1154 3290 1379 3344 regnum
1411 3275 1658 3344 corporis
1693 3272 1970 3344 Apostolis
1996 3275 2221 3330 demon-

618 3373 786 3421 strata
814 3375 899 3422 est
923 3365 1085 3420 :Nam
1109 3367 1160 3421 in
1193 3367 1376 3422 habitu
1395 3367 1654 3421 Dominus
1679 3367 1927 3438 gloriosa:
1959 3365 2227 3438 (c)trans-

618 3460 960 3518 tormatiouis
1023 3475 1135 3516 suae
1205 3460 1487 3525 constitit,
1540 3461 1815 3530 regnantis
1861 3461 2104 3530 corporis
2142 3462 2224 3516 sui

619 3551 864 3608 claritate
895 3553 1180 3623 patefacta.

694 3643 784 3700 58.
827 3643 1156 3700 Consortium
1185 3645 1330 3700 illius
1353 3644 1496 3700 nobis
1529 3645 1859 3716 promissum.
1883 3674 1954 3685 -—-
1976 3644 2042 3700 Et
2066 3642 2227 3715 hujus

619 3739 836 3810 quidem
867 3742 1051 3811 glorize
1094 3757 1208 3797 suae
1243 3742 1576 3797 consortium
1608 3741 1879 3812 Apostolis
1919 3740 2183 3811 pollicens
2204 3782 2218 3808 ,

619 3831 732 3886 ait:
768 3832 858 3886 Sic
900 3832 995 3886 erit
1032 3833 1085 3887 in
1133 3834 1571 3888 consummatione
1620 3835 1815 3890 seaculi.
1870 3834 2035 3890 Mittet
2082 3835 2223 3904 ﬁlius

621 3924 840 3980 hominis
866 3927 1074 4000 angelos
1101 3927 1267 4001 398
1293 3945 1412 3983 suos
1435 3972 1450 3996 ,
1483 3939 1530 3984 et
1570 3929 1809 4001 colligent
1836 3930 1898 3986 de
1922 3947 2077 4001 regno
2107 3933 2219 4003 ejus

622 4019 796 4073 omnia
837 4021 1082 4075 scandala
1127 4032 1173 4078 et
1227 4023 1314 4094 qui
1360 4023 1559 4094 faciunt
1593 4023 1942 4094 iniquitatem,
1973 4033 2018 4078 et
2062 4025 2224 4079 mittet

619 4128 704 4167 eos
733 4113 786 4167 in
816 4115 1068 4168 caminum
1093 4114 1262 4186 ignis;
1292 4115 1363 4170 ibi
1392 4117 1486 4171 erit
1511 4117 1664 4186 ﬂetus
1685 4127 1731 4171 et
1761 4117 1951 4171 stridor
1971 4117 2219 4172 dentiant.

625 4203 768 4262 Tunc
787 4207 918 4277 justi
945 4208 1212 4278 fulgebunt
1239 4210 1372 4264 sicut
1400 4210 1477 4265 sol
1514 4210 1569 4265 in
1613 4226 1770 4283 regno
1800 4211 1964 4281 patris
2007 4227 2179 4265 eorum
2205 4226 2225 4264 :

698 4320 779 4391 (ᾖ)
819 4319 934 4391 ῌοη
965 4328 1114 4375 extat
1141 4322 1386 4377 audiendi
1415 4323 1467 4378 in
1497 4332 1687 4381 nostro
1716 4323 1926 4380 codice.

2331 3294 2533 3350 gnum:
2567 3288 2622 3333 et
2649 3288 2774 3332 tunc
2803 3293 2937 3346 quos
2978 3291 3202 3346 regnum
3251 3275 3359 3328 Deo
3407 3271 3727 3336 tradiderit,
3755 3268 3883 3323 Deum

2335 3373 2612 3427 videbunt.
2644 3370 2721 3443 (g)
2752 3371 2817 3425 Et
2852 3368 2992 3440 quod
3034 3385 3290 3440 regmun,
3332 3368 3451 3437 ipse
3491 3374 3715 3422 testatus
3739 3369 3808 3417 est
3829 3358 3885 3412 di-

2334 3479 2463 3521 cens
2509 3465 2576 3520 ad
2625 3463 2916 3535 Apostolus
2948 3479 2961 3516 :
2996 3461 3062 3516 In
3103 3463 3244 3517 vobis
3280 3463 3414 3516 enim
3467 3471 3543 3516 est
3586 3473 3780 3532 regnum
3815 3450 3885 3505 Dei

2331 3557 2464 3630 (Luc
2501 3575 2642 3624 xvn,
2676 3556 2792 3630 ‘21).
2847 3557 3098 3626 Regnans
3140 3556 3318 3626 itaque
3367 3568 3600 3625 regnum
3645 3549 3815 3607 tradet.
3842 3544 3886 3599 Et

2333 3653 2378 3708 si
2409 3655 2528 3724 quis
2550 3660 2758 3723 quzerat
2792 3650 2912 3722 quis
2936 3651 3035 3706 iste
3055 3651 3125 3705 sit
3174 3648 3390 3704 tradens
3421 3663 3684 3720 regnum,
3709 3641 3884 3701 audiet:

2330 3746 2564 3802 Christus
2590 3746 2866 3801 resurrexit
2896 3764 2926 3798 a
2954 3747 3166 3800 mortuis
3186 3787 3199 3808 ,
3224 3743 3388 3816 399
3412 3744 3662 3811 primitiae
3680 3738 3888 3795 dormien-

2330 3841 2456 3893 tium
2474 3855 2490 3904 ;
2508 3839 2751 3911 quoniam
2784 3855 2874 3908 per
2901 3839 3157 3892 hominem
3184 3854 3340 3901 mors,
3369 3848 3414 3892 et
3453 3853 3547 3908 per
3573 3835 3807 3890 hominem
3831 3843 3889 3882 re-

2329 3934 2574 3988 surrectio
2604 3942 2916 3987 mortuorum
2959 3933 3012 4000 (l
3045 3931 3164 3986 Cor.
3211 3947 3299 3996 xv,
3333 3931 3659 4004 91).Omnis
3679 3931 3803 3984 enim
3826 3924 3888 3978 hic

2332 4041 2476 4082 nunc
2505 4029 2784 4097 prtescntis
2808 4026 3117 4096 quaestionis
3143 4040 3323 4081 sermo
3343 4025 3410 4080 de
3442 4033 3777 4081 sacramento
3799 4032 3890 4074 cor-

2335 4120 2482 4192 poris
2510 4129 2592 4176 est
2609 4161 2623 4185 ,
2647 4101 2768 4191 quia
2793 4118 3037 4175 Christus
3067 4119 3317 4188 primititc
3339 4135 3405 4182 ex
3437 4117 3667 4174 mortuis
3686 4124 3776 4172 est.
3801 4112 3890 4178 Quo

2335 4224 2514 4270 autem
2537 4211 2786 4270 Christus
2801 4213 3058 4287 mysterio
3081 4227 3148 4268 ex
3174 4214 3404 4268 mortuis
3430 4210 3751 4275 resurrexit,
3772 4205 3889 4274 Apo-

697 4389 778 4461 (ε)
816 4389 964 4446 Beati
990 4393 1170 4446 mundi
1197 4395 1350 4448 corde
1389 4410 1511 4450 cum
1549 4411 1758 4468 grmco,
1791 4399 2030 4474 μακάριοι
2059 4395 2106 4451 oi
2129 4397 2217 4453 καθ

2331 4397 2337 4449 ἱ
2362 4402 2425 4471 τῇ
2455 4391 2659 4472 καρδίᾳ.

626 4504 920 4586 essentiam
954 4505 1242 4586 signiticai,
1267 4508 1360 4564 sed
1382 4509 1695 4586 qualitatem
1721 4512 1897 4582 :quod
1923 4522 2110 4582 aperte
2131 4512 2227 4586 de-
2254 4525 2308 4586 ι)
2335 4512 2518 4586 paucis
2543 4508 2830 4586 hicaperit
2861 4506 3096 4564 Hilarius
3124 4518 3231 4586 :_ut
3268 4510 3718 4586 quemadmodum
3754 4505 3892 4586 subji.

623 4579 858 4653 claratur
880 4585 1058 4653 tract.
1109 4580 1247 4653 psal.
1291 4595 1358 4653 tt,
1404 4579 1467 4634 'n.
1501 4582 1566 4635 41
1602 4600 1613 4634 :
1650 4579 1928 4653 Confracta
1961 4579 2225 4653 reparabit

624 4648 931 4726 (corpora),
961 4665 1064 4702 non
1087 4665 1150 4703 ea:
1178 4650 1280 4726 alia
1300 4652 1504 4726 aliqua,
1535 4653 1624 4706 sed
1654 4670 1717 4706 ea:
1749 4648 1900 4707 ueteri
1931 4648 2080 4726 atque
2116 4656 2227 4723 ipsa

625 4722 839 4796 originis
881 4734 990 4775 sua:
1027 4723 1238 4776 materie
1281 4724 1500 4796 speciem
1547 4725 1837 4796 complaciti
1888 4722 2006 4778 sibi
2031 4722 2227 4780 decOris

624 4792 921 4866 impertiens
947 4808 964 4847 :
986 4802 1043 4846 ut
1071 4794 1479 4866 corruptibilium
1507 4792 1778 4866 corporum
1803 4799 1854 4848 in
1885 4797 2230 4865 incorruptio-

627 4863 715 4936 nis
739 4864 957 4936 gloriam
984 4863 1316 4936 resurrectio,
1349 4883 1450 4919 non
1475 4863 1684 4920 interitu
1709 4877 1950 4920 naturam
1973 4863 2224 4936 perimat,

628 4935 719 4991 sed
747 4935 1005 5004 qualitatis
1047 4935 1336 4992 conditione
1368 4938 1608 4992 demutet.
1642 4936 1763 4991 Non
1791 4939 1922 4992 enim
1944 4935 2089 4992 aliud
2117 4957 2229 4994 cor-

670 5023 727 5060 us
753 5008 980 5077 quamvis
1004 5009 1059 5062 in
1085 5007 1228 5062 aliud
1262 5018 1518 5080 resurget,
1565 5017 1672 5065 etc.
1706 5009 1822 5064 Non
1871 5011 2047 5066 minus
2079 5013 2230 5066 lucu-

652 5087 808 5133 cutus
839 5093 925 5150 est
955 5081 1102 5134 locus
1134 5087 1288 5134 tract.
1335 5082 1472 5150 psal.
1517 5097 1613 5146 LV,
1649 5098 1702 5134 ιι.
1730 5081 1815 5136 12.
1845 5080 1968 5136 Ideo
2000 5093 2182 5138 autem
2212 5124 2226 5148 ,

627 5158 788 5276 puto,
811 5148 956 5204 dixit
981 5159 1198 5207 sanctus
1225 5148 1423 5208 Doctor
1461 5160 1702 5208 naturam
1725 5155 1957 5219 mutari,
1985 5169 2104 5207 cum
2135 5169 2227 5208 so-

652 5236 737 5274 am
768 5222 1084 5276 qualitatum
1113 5228 1404 5276 novitatem
1433 5223 1754 5276 intellitteret
1775 5267 1791 5276 .
1817 5225 1959 5276 quod
1979 5225 2227 5276 aloriosm

652 5236 737 5296 am
768 5222 1084 5296 qualitatum
1113 5228 1404 5280 novitatem
1433 5223 1791 5295 intelligeret,
1817 5225 1959 5295 quod
1979 5225 2230 5296 gloriosa:

629 5291 786 5366 dotes
831 5308 940 5347 non
974 5294 1426 5366 _sint_naturalcs.
1453 5291 1743 5362 corporum
1786 5291 2103 5366 qualita'tes,
2135 5297 2229 5351 sed

629 5365 810 5446 potius
832 5364 1077 5446 quredum
1098 5364 1294 5446 divinae
1313 5366 1637 5446 conditionis
1661 5364 2047 5446 prierogativae.
2070 5366 2230 5446 _Und_e

629 5435 684 5490 in
723 5435 972 5490 omnibus
1001 5435 1082 5490 his
1109 5436 1242 5492 locis
1268 5447 1465 5493 naturae
1493 5435 1711 5494 nomine
1740 5435 2034 5495 naturalem
2070 5441 2230 5495 intel-

631 5505 747 5576 ligit
774 5507 1159 5576 conditionem.

705 5575 781 5648 (a)
827 5575 941 5631 Vat.
984 5579 1098 5634 bas.
1153 5594 1282 5647 ms.,
1334 5597 1473 5638 unus
1522 5581 1701 5648 Colb.,
1744 5582 1882 5638 alter
1905 5581 2137 5638 Sorbon.
2175 5589 2230 5637 et

635 5645 845 5723 magna.
869 5649 979 5723 ipse
1013 5650 1110 5723 sibi
1138 5645 1380 5723 regnans.

707 5716 776 5786 (b)
807 5717 864 5771 in
879 5716 1143 5801 ivulgatis,
1169 5716 1401 5801 corpori;
1421 5725 1672 5801 claritate.
1694 5725 1810 5783 Vox
1835 5727 2062 5801 corporis
2077 5726 2232 5801 abest

637 5803 667 5846 a
707 5801 838 5843 mss.
875 5787 1013 5856 Quid
1051 5787 1136 5848 de'
1159 5787 1273 5851 toto
1315 5795 1666 5866 subjectionis
1702 5787 1961 5870 mysterio
2000 5799 2228 5869 sentiat,

2331 4580 2503 4638 eimur
2533 4581 2750 4637 Christo
2771 4622 2785 4647 ,
2815 4588 3080 4650 quatenus
3111 4580 3226 4651 ejus
3265 4580 3455 4652 gloriae
3491 4583 3810 4642 conformes;
3836 4584 3890 4631 ita

2330 4653 2580 4711 Christus
2610 4654 2718 4707 Duo
2736 4653 3024 4715 subdatur,
3053 4662 3318 4722 quatenus
3342 4655 3638 4710 secundum
3661 4653 3889 4707 hominem

2331 4726 2530 4780 divina:
2558 4725 2820 4780 claritatis
2845 4738 3067 4778 consors
3097 4724 3348 4779 eflicitur.
3385 4727 3511 4782 Haec
3540 4728 3746 4788 confer,
3771 4722 3810 4777 si
3829 4722 3892 4774 lu-

2336 4797 2459 4864 bet,
2493 4813 2615 4852 cum
2650 4807 2804 4851 tract.
2837 4797 2973 4864 psal.
3003 4811 3144 4849 vatt
3172 4837 3186 4860 ,
3218 4813 3270 4851 ιι.
3306 4797 3396 4854 57.

2409 4863 2736 4942 (ε)γΜειι·ιίιι.
2771 4863 2981 4942 ειῪειι.
3015 4869 3129 4922 bas.
3163 4884 3292 4922 mss.
3334 4866 3809 4942 transﬁgurationis.
3833 4863 3889 4915 At

2335 4939 2400 4994 ad
2431 4941 2633 4994 calcem
2667 4939 2870 4994 numeri
2902 4939 3119 5008 subseq.
3151 4953 3272 4993 cmn
3296 4939 3510 4998 caeteris
3525 4939 3862 4996 consentiunt.

2404 5012 2482 5080 (ά)
2527 5010 2759 5066 Verbum
2784 5011 3028 5064 audiendi
3054 5010 3392 5066 desideratur
3420 5015 3472 5068 in
3494 5013 3734 5067 omnibus
3753 5017 3890 5078 prope

2333 5097 2492 5156 ms_s._,
2523 5097 2845 5156 quamquam
2869 5093 3044 5156 exstat
3069 5083 3120 5136 iu
3143 5083 3438 5156 vetustiore
3466 5084 3619 5156 Golb.
3671 5152 3698 5156 ξ-

2409 5153 2480 5225 (e)
2522 5148 2675 5226 Apud
2700 5148 2792 5208 Er.
2818 5164 2873 5208 et
2893 5152 3040 5222 Lips.
3066 5153 3220 5226 fuerit
3247 5171 3374 5226 opus
3393 5171 3412 5210 :
3439 5152 3775 5226 renitentibus
3792 5148 3889 5202 aliis

2336 5223 2519 5306 unus,
2549 5225 2605 5279 in
2632 5227 2825 5296 quibus
2847 5239 2968 5279 cum
3001 5223 3188 5280 eadem
3215 5223 3474 5298 vi’legere
3498 5238 3582 5284 est
3601 5269 3614 5293 ,
3642 5223 3784 5293 fuerit
3820 5232 3889 5270 ne—

2335 5312 2631 5350 εεεδανηιηι.

2410 5367 2481 5439 (Ῑ)
2524 5366 2642 5422 Vat.
2674 5367 2786 5440 bas.
2824 5382 2936 5440 ms.
2960 5366 3265 5440 aciitartin.
3287 5367 3347 5440 in
3369 5385 3467 5440 quo
3487 5367 3729 5440 habituse
3748 5358 3883 5440 regni:

2336 5436 2535 5510 Vocem
2584 5439 2724 5510 regni
2768 5439 2966 5494 omittit
3003 5437 3184 5510 Colb.;
3227 5436 3612 5510 niliimmutes.
3643 5436 3888 5510 [luciscit

2337 5509 2466 5563 illud
2497 5525 2615 5578 cap.
2638 5505 2759 5565 'xvn
2805 5511 2856 5564 in
2901 5509 3082 5563 Matth.
3117 5525 3170 5562 n.
3195 5511 3268 5564 2:
3310 5509 3437 5566 Post
3475 5513 3582 5566 dies
3609 5525 3712 5573 sex,
3740 5505 3888 5574 gloria?

2337 5581 2605 5655 dominicae
2626 5582 2826 5636 habitus
2848 5582 3194 5636 ostenditur...
3215 5583 3360 5655 regni
3381 5584 3590 5640 caelestis
3610 5583 3758 5635 honor
3777 5586 3885 5645 pm“

2417 5663 2616 5708 uratur.

2339 5652 2616 5798 Martii:
2651 5740 2781 5782 mss.
2809 5725 3057 5782 addimus
3101 5725 3414 5798 particulam
3443 5735 3509 5783 et.
3559 5720 3749 5782 Deinde
3785 5719 3883 5788 post

2337 5798 2472 5869 quod
2500 5813 2713 5870 regnum
2732 5837 2747 5868 ,
2774 5801 2995 5857 tacitum
3021 5809 3105 5857 est
3129 5799 3355 5857 verbum
3384 5799 3564 5855 tradet.
