3936 6196
124 266 218 323 ω

1285 265 1372 322 DE
1405 263 1777 323 TRINlTA'iE
1817 265 2024 325 LIBER
2064 268 2156 325 Xl.

3275 282 3381 339 626

123 381 245 438 stole
277 377 475 434 dicente
518 388 806 431 noscamus
847 392 860 430 :
910 373 1169 431 Memento
1214 377 1293 451 (ι)
1343 380 1601 435 Christum
1648 398 1679 434 η
1708 385 1754 444 Α
1784 383 1923 451 quod
1951 381 2115 454 5.00
2154 396 2259 437 non
2288 392 2396 450 est,
2433 398 2537 441 non
2568 386 2772 444 habens
2804 388 2856 444 in
2891 388 3196 450 defectione
3221 395 3294 450 ita
3322 411 3383 452 se

123 473 308 528 mortuis
342 472 677 527 resurrexisse
695 512 708 536 ,
738 472 799 524 de
821 472 1011 525 semine
1032 468 1202 525 Dnrid
1224 472 1291 545 (ll
1317 472 1451 527 Tim.
1477 491 1512 528 ιι
1533 517 1547 540 ,
1577 472 1632 546 8)
1660 492 1672 526 :

125 576 321 623 mortem
358 565 531 636 itaque
562 574 619 618 et
660 564 1110 619 resurrectionem
1141 580 1209 619 ex
1242 581 1306 621 ea
1346 576 1550 621 tantum
1581 567 1681 622 do-

124 674 233 716 cens
255 655 648 726 dispensatione
676 670 826 720 esse,
855 671 955 725 qua
980 670 1109 710 caro
1140 663 1242 710 est.

177 751 257 808 40.
294 748 634 823 Subjectionis
659 746 850 803 Christi
889 765 1081 812 causa,
1121 761 1175 804 ut
1222 751 1286 804 sit
1326 749 1468 806 Deus
1507 751 1679 806 omnia

121 844 165 900 in
184 841 414 898 omnibus.
442 842 541 907 Qui
569 841 627 895 id
654 841 764 910 ﬁat.
797 869 860 881 --
888 841 1099 913 Regnat
1136 851 1317 898 autem
1350 845 1401 898 iu
1444 844 1548 899 hoc
1586 861 1681 899 eo-

119 940 221 995 dem
243 936 467 1009 glorioso
493 935 605 1005 jam
635 949 734 991 suo
760 949 1027 1005 corpore,
1057 934 1233 991 donec
1258 935 1531 991 evacuatis
1562 950 1678 989 ma-

121 1031 429 1103 gistratibus,
457 1037 514 1084 et
543 1038 716 1084 morte
745 1026 957 1084 devicta
992 1027 1243 1099 subjiciat
1270 1028 1373 1083 sibi
1407 1028 1674 1084 inimicos.

120 1126 176 1181 Et
198 1123 391 1195 quidem
437 1120 504 1177 ab
531 1120 797 1190 Apostolo
837 1130 1083 1177 servatus
1117 1119 1204 1177 hic
1242 1119 1434 1177 modus
1460 1131 1578 1188 est,
1621 1130 1681 1177 ut

118 1217 481 1290 magistratibus
501 1225 555 1272 et
576 1214 933 1286 potestatibus
954 1216 1237 1271 evacuatio
1252 1257 1268 1283 ,
1292 1216 1526 1271 inimicis
1550 1230 1680 1269 vero

116 1312 343 1380 subjectio
381 1311 752 1381 deputaretur.
784 1310 993 1377 Quibus
1035 1309 1329 1379 subjectis,
1361 1309 1681 1376 subjicictur

115 1402 386 1473 subjicieuti
425 1402 530 1457 sibi
561 1402 776 1468 omnia,
813 1402 895 1475 (2)
930 1402 1189 1457 Dominus
1230 1402 1310 1474 (a)
1344 1403 1587 1470 scilicet,
1626 1411 1682 1458 ut

115 1497 167 1552 sit
189 1495 311 1549 Deus
331 1496 501 1550 omnia
524 1495 579 1550 in
600 1493 831 1549 omnibus
861 1493 907 1565 (Ι
929 1491 1050 1549 Cor.
1077 1510 1183 1562 xv,
1210 1493 1308 1566 ‘28)
1326 1536 1340 1558 ,
1370 1494 1444 1568 (ὁ)
1472 1507 1679 1551 natura:

112 1588 337 1659 assumpti
374 1586 622 1659 corporis
661 1591 833 1643 nostri
878 1597 1068 1643 natura
1102 1594 1343 1657 paternae
1383 1587 1682 1645 divinitatis

114 1678 311 1736 invecta.
344 1679 445 1735 Per
475 1678 529 1733 id
572 1679 716 1735 enim
764 1679 870 1734 erit
910 1679 1094 1733 omnia
1123 1678 1178 1734 in
1208 1679 1458 1735 omnibus
1498 1680 1677 1746 Deus,

1780 489 1995 539 carere,
2034 494 2099 530 ne
2131 492 2235 531 non
2268 478 2354 532 sit.

1850 565 1941 621 41.
1984 566 2248 624 Prtedtcta
2298 586 2362 624 ex
2419 569 2715 643 Evangeliis
2767 576 3154 645 conﬁrmantur.
3199 609 3272 619 -~
3312 580 3383 634 Et

1779 676 2104 732 quamquam
2143 662 2209 717 ad
2240 663 2610 735 iutclligentim
2638 666 2798 737 hujus
2833 669 3140 738 religiosam
3171 673 3380 726 securi-

1783 763 1943 811 tatem
1973 755 2207 811 sufﬁciat
2238 759 2393 812 nobis
2413 760 2704 828 apostolica
2735 762 3062 827 auct0ritas,
3093 763 3383 834 subjicien-

1779 847 1906 903 dum
1935 863 2058 905 esse
2082 847 2153 921 (ε)
2194 848 2245 903 in
2273 858 2521 920 tempore
2559 858 2615 906 et
2659 865 2756 921 per
2782 852 3238 923 dispensationem
3272 856 3380 910 Do-

1782 941 1986 996 minum
2025 942 2211 998 Jesum
2250 940 2524 997 Christum
2554 944 2821 1013 primitias
2856 947 3275 1015 dormientitnn,
3322 957 3383 1004 ut

1779 1037 1853 1090 sit
1880 1035 2023 1090 Deus
2052 1036 2233 1090 omnia
2260 1036 2313 1090 in
2344 1034 2594 1091 omnibus
2619 1053 2632 1089 :
2667 1051 2762 1107 per
2781 1038 2922 1107 quod
2956 1055 3065 1093 non
3087 1038 3383 1098 divinitatis

1780 1127 2064 1183 inﬁrmitas
2112 1136 2240 1195 est,
2292 1128 2388 1184 sed
2445 1130 2833 1198 assumptiouis
2888 1131 3200 1201 profectus,
3253 1135 3379 1189 dum

1782 1220 1944 1276 homo
1973 1229 2029 1277 et
2058 1221 2200 1277 Deus
2221 1263 2237 1289 ,
2282 1220 2395 1292 jam
2427 1221 2567 1278 Deus
2613 1221 2683 1294 (f)
2721 1232 2889 1278 totum
2940 1232 3028 1280 est
3060 1243 3071 1279 :
3105 1233 3282 1282 tamen
3314 1244 3383 1285 nc

1782 1312 1954 1380 forte,
1984 1314 2106 1385 quia
2130 1323 2185 1368 et
2213 1313 2565 1369 elariticatum
2596 1315 2648 1369 in
2679 1329 2911 1385 corpore
2946 1316 3071 1371 dum
3113 1318 3165 1371 in
3202 1333 3269 1373 eo
3299 1336 3385 1375 re-

1779 1418 1906 1477 gnat
1930 1448 1945 1474 ,
1977 1416 2032 1462 et
2058 1414 2245 1477 postea
2279 1406 2672 1476 subjiciendum
2703 1415 2765 1462 ut
2794 1409 2935 1464 Deus
2969 1412 3150 1465 omnia
3181 1411 3235 1466 in
3267 1428 3386 1466 on:-

1781 1497 1939 1554 nibus
1972 1498 2044 1554 sit
2089 1496 2392 1565 credimus,
2428 1513 2537 1553 non
2579 1499 2742 1553 etiam
2785 1514 2852 1554 ex
2893 1499 3203 1572 Evangeliis
3246 1519 3386 1574 pra:-

1780 1591 2083 1661 sumpsisse
2125 1591 2539 1656 existimemur;
2588 1591 2711 1647 ﬁdei
2761 1600 2962 1648 nostrae
3013 1595 3383 1653 tessimonium

1781 1697 1890 1737 non
1938 1684 2113 1737 solum
2143 1683 2601 1754 apostolicorum,
2646 1683 2742 1739 sed
2780 1685 2944 1739 etiam
2990 1685 3382 1743 dominicorum

114 1773 211 1843 quia
245 1770 535 1850 secundum
583 1770 1043 1842 dispensationem
1090 1786 1157 1827 ex
1207 1771 1320 1827 Deo
1355 1781 1412 1827 et
1458 1772 1679 1828 homine
1708 1774 1757 1833 B
1782 1778 2051 1833 dictorum
2082 1777 2419 1847 professione
2459 1787 2543 1833 est
2586 1776 3005 1846 adstrucndum;
3039 1790 3095 1834 ut
3133 1781 3276 1850 quod
3309 1782 3388 1837 lo-

115 1838 357 1941 liomi.n
386 1866 592 1936 Deique
637 1838 900 1920 hlediator
920 1904 934 1928 ,
967 1863 1173 1919 habens
1199 1864 1252 1918 in
1281 1878 1340 1919 se
1370 1879 1435 1919 ex
1463 1864 1682 1936 dispen-

110 1960 285 2015 satione
324 1960 464 2030 quod
511 1960 688 2014 carnis
726 1969 840 2022 est,
880 1958 1179 2028 adepturus
1215 1958 1268 2013 in
1314 1959 1566 2016 omnibus
1614 1976 1681 2016 ex

111 2051 412 2123 subjectione
441 2049 518 2123 (c)
544 2049 689 2121 quod
738 2051 831 2106 Dei
874 2059 988 2116 est,
1018 2065 1085 2105 ne
1115 2065 1180 2105 ex
1210 2060 1362 2119 parte
1391 2051 1534 2106 Deus
1576 2051 1680 2116 sit,

110 2144 187 2201 sed
212 2146 342 2201 Deus
383 2154 552 2200 lotus.
587 2143 702 2199 Non
747 2145 853 2199 alia
900 2144 1078 2214 itaque
1122 2144 1480 2213 subjectionis
1517 2158 1680 2200 causa

111 2247 207 2306 est,
247 2255 400 2311 quam
432 2246 497 2295 ut
532 2240 712 2295 omnia
751 2238 805 2293 in
840 2239 1090 2294 omnibus
1118 2239 1261 2293 Deus
1302 2237 1405 2306 sit,
1440 2237 1581 2292 mdia
1612 2253 1679 2294 ex

109 2339 237 2402 parte
260 2335 463 2388 terreni
498 2332 551 2387 in
582 2347 650 2387 eo
686 2332 931 2402 corporis
953 2331 1230 2387 residente
1259 2338 1470 2399 natura,
1502 2330 1582 2404 (d)
1626 2338 1684 2386 ut

110 2432 213 2480 ante
252 2426 304 2481 in
339 2442 402 2483 se
440 2426 579 2482 duos
620 2427 933 2493 continens,
971 2440 1115 2481 nunc
1152 2426 1296 2481 Deus
1328 2434 1535 2480 tantum
1572 2426 1679 2493 sit;

110 2533 196 2574 non
232 2519 439 2590 abjccto
486 2534 741 2592 corpore,
774 2522 869 2575 sed
909 2534 974 2575 ex
1007 2518 1343 2589 subjectione
1382 2519 1678 2585 translato;

112 2626 257 2684 neque
286 2629 377 2684 per
403 2612 772 2670 defectionem
800 2611 1036 2678 abolito,
1068 2610 1164 2666 sed
1194 2626 1260 2667 es
1291 2611 1680 2667 elariﬁcatione

109 2715 318 2774 mutato;
354 2705 651 2777 acquirens
676 2705 779 2762 sibi
816 2705 928 2761 Deo
960 2703 1139 2775 petius
1168 2703 1442 2762 hominem
1463 2746 1480 2774 ,
1518 2722 1676 2776 quam

110 2797 252 2855 Deum
279 2816 373 2871 per
397 2798 679 2855 hominem
710 2798 987 2854 amittens.
1020 2796 1307 2868 Subjectus
1335 2814 1465 2854 vero
1492 2798 1565 2855 ob
1593 2797 1676 2864 id,

109 2906 199 2946 non
229 2902 280 2947 ut
322 2891 568 2957 non_sit,
600 2891 694 2947 sed
728 2899 787 2946 ut
820 2890 1001 2945 omnia
1030 2889 1084 2944 in
1115 2889 1367 2946 omnibus
1396 2889 1540 2945 Deus
1578 2889 1676 2955 sit;

109 2982 287 3041 habens
328 2985 381 3041 in
422 2994 770 3041 sacramento
806 2982 1157 3055 subjectionis
1200 2998 1323 3041 esse
1370 2999 1434 3040 ac
1462 2998 1683 3042 manere

164 3124 234 3197 (ι)
267 3125 535 3197 Christum
561 3123 744 3180 Iesum
771 3137 893 3181 cum
924 3137 1121 3196 grmco.

164 3197 238 3270 (2)
273 3196 385 3253 Deo
408 3198 638 3254 scilicet.

162 3337 232 3412 (a)
268 3339 490 3412 Aliquot
512 3353 653 3412 mss.
672 3335 1053 3412 cumﬂvulgatis
1073 3377 1087 3403 ,
1116 3330 1230 3412 Deo
1250 3331 1464 3412 scilicet.
1489 3329 1689 3391 Verius

108 3406 404 3468 sinceriore's
423 3412 540 3468 duo
565 3410 745 3478 Colb.,
773 3406 986 3478 Gerni.,
1010 3407 1246 3478 Remig.,
1277 3406 1511 3463 Sorbon.
1533 3447 1548 3473 ,
1577 3418 1684 3461 etc.

108 3480 335 3538 Dominus
366 3485 588 3539 scilicet.

163 3554 618 3626 (b)Remigianus
666 3553 876 3626 codex,
928 3561 1115 3626 natura
1156 3549 1410 3626 assunspti
1456 3550 1687 3626 corporis

109 3620 247 3679 nostri
270 3620 474 3682 natura:
490 3667 505 3690 ,
534 3636 642 3681 etc.
665 3626 709 3681 E
731 3624 950 3694 regione
978 3623 1137 3693 hujus
1158 3622 1264 3675 loci
1294 3620 1347 3675 in
1371 3620 1685 3694 Corbeiensi

107 3697 269 3753 codice
293 3713 513 3753 rursum
546 3690 837 3766 adscripsit
863 3690 1080 3762 antiqua
1109 3708 1299 3748 manus
1315 3732 1338 3766 g,
1370 3690 1531 3766 Caute
1551 3694 1678 3766 lege.

108 3766 205 3822 lloc
228 3778 429 3824 tantum
473 3763 809 3829 cavendum,
851 3782 919 3820 ne
949 3776 1147 3819 natura:
1177 3763 1494 3817 vocabulum
1526 3763 1685 3817 aliter

107 3838 450 3911 intelligatur,
483 3856 647 3911 quam
668 3838 949 3911 intellexit
980 3848 1165 3891 noster
1184 3835 1426 3911 doctor,
1460 3838 1549 3902 qui
1589 3848 1686 3911 na-

107 3904 465 3968 turam'Patris
489 3904 702 3966 vocavit
733 3909 1005 3963 naturales
1030 3905 1287 3978 quasdam
1320 3917 1559 3978 paternae
1599 3904 1683 3957 dio

109 3982 326 4038 vinitatis
376 3983 571 4050 dotes,
628 3976 1125 4050 incorruptionem,
1184 3976 1679 4041 immortalitatem,

107 4060 198 4108 etc.

164 4120 230 4196 (c)
264 4123 387 4182 Vat.
422 4125 544 4181 bas.
575 4122 912 4196 codex_eum
959 4119 1173 4196 Martio.
1216 4118 1351 4190 quod
1389 4115 1527 4196 Deus
1572 4125 1684 4196 est:

109 4188 262 4251 minus
288 4197 633 4267 displiceret,
669 4194 774 4251 nisi
821 4204 948 4267 ante
976 4188 1296 4267 haberemus
1338 4189 1476 4267 quod
1514 4188 1685 4267 carnis

108 4276 182 4319 est.
212 4259 409 4323 Eadem
444 4266 760 4322 Mediatoris
789 4265 929 4320 ratio
954 4264 1134 4319 verbis
1155 4264 1274 4318 aliis
1302 4259 1601 4331 explicatur
1628 4260 1684 4314 in

109 4333 229 4392 Psal.
256 4355 404 4394 uvis
423 4382 439 4407 ,
472 4355 529 4394 n.
558 4338 651 4394 57.

166 4407 237 4480 (tt)
274 4402 455 4475 Editi’,
486 4418 543 4462 ut
572 4409 710 4480 intra
750 4405 968 4480 aeduos
990 4422 1010 4461 :
1039 4413 1226 4480 contra
1260 4402 1418 4480 ﬁdem
1467 4415 1598 4456 mss.
1628 4409 1683 4456 et

107 4477 404 4537 sententiam
430 4479 618 4536 Hilarii
639 4519 653 4539 .
676 4478 994 4533 vocabulum
1019 4478 1148 4531 duos
1171 4491 1277 4530 non
1299 4477 1364 4529 ad
1390 4487 1679 4545 personas,
1718 4492 1727 4501 ν

106 4551 183 4620 sed
204 4553 264 4606 ad
287 4562 534 4615 naturas,
558 4557 652 4604 aut
674 4552 850 4620 potius
871 4551 936 4603 ad
959 4559 1267 4620 naturarum
1279 4548 1575 4620 qualitates
1592 4555 1684 4599 re-

104 4619 324 4678 ferentis.
360 4623 481 4678 lloc
520 4618 795 4677 enim'sibi
827 4620 934 4675 vult
955 4660 969 4684 ,
999 4620 1138 4689 quod
1166 4618 1411 4673 Christus
1454 4623 1685 4689 antore-

105 4696 435 4765 surreetiOIiis
466 4692 725 4765 gloriam,
766 4692 894 4746 inse
935 4687 1096 4765 duos,
1131 4687 1685 4765 hominemvidelicet

106 4773 147 4816 et
167 4763 328 4819 Deum
347 4808 363 4831 ,
388 4757 677 4820 mortalem
700 4772 754 4818 et
776 4762 1168 4823 immortalem,
1192 4775 1366 4830 eoque
1389 4759 1538 4823 duos,
1561 4757 1684 4827 quia

102 4838 350 4891 contraria
373 4836 692 4891 conditione
712 4833 1040 4889 dissidentes
1060 4874 1073 4894 ,
1103 4832 1155 4884 in
1179 4844 1284 4884 una
1309 4845 1536 4898 persona
1562 4844 1687 4882 con-

104 4905 247 4962 tinens
287 4908 442 4978 (Vat.
481 4907 594 4961 bas.
625 4915 681 4960 et
709 4904 921 4978 Martio.
954 4919 1085 4978 mss.
1117 4899 1486 4978 constituens);
1515 4915 1649 4978 nunc
1669 4940 1683 4965 ,

101 4989 207 5031 cum
244 4971 460 5033 fruatur
484 4974 895 5032 resurrectiOnis
935 4973 1103 5045 gloria
1124 5014 1139 5036 ,
1173 4972 1323 5045 Deus
1342 4982 1541 5026 tantum
1570 4971 1685 5045 sit;

103 5050 208 5115 quia
236 5064 332 5119 per
359 5048 599 5119 iudultas
633 5048 830 5102 divina:
868 5041 1072 5119 natura:
1098 5045 1282 5119 deses,
1314 5041 1694 5119 immortalitas

103 5111 196 5173 tem
217 5111 629 5187 {auternitatem
650 5160 664 5183 ,
695 5126 801 5172 etc.
827 5158 843 5182 ,
873 5116 1106 5171 humana
1137 5114 1368 5187 quodam
1398 5113 1561 5167 modo
1585 5111 1685 5181 ab-g

100 5185 265 5259 sorpta
289 5201 416 5247 est:
453 5190 679 5260 adeoque
716 5189 861 5244 nulla
903 5185 1395 5260 ea:parte_terre_n_i,
1422 5193 1687 5252 quatenus

104 5255 283 5331 terreni
308 5270 368 5317 et
388 5255 756 5331 corruptibilis
770 5301 786 5326 ,
806 5260 861 5313 in
881 5275 940 5313 eo
961 5255 1189 5328 corporis
1208 5255 1457 5310 residente
1477 5263 1684 5308 natura.

103 5326 168 5384 Ne
192 5347 318 5388 vero
348 5336 459 5387 hoc
489 5326 706 5402 pravum
737 5332 790 5385 in
832 5326 1059 5384 sensum
1090 5332 1503 5398 detorqueatur;
1532 5336 1690 5381 caute

103 5402 333 5475 subjicit,
365 5419 477 5475 non
496 5403 696 5475 objecta
724 5416 964 5475 corpore,
998 5408 1105 5454 etc.

163 5463 229 5545 (ἓ)
265 5463 460 5530 codex
495 5463 609 5527 γεεί.
638 5474 754 5528 bas.
877 5463 1102 5545 tempore
1140 5466 1538 5545 dispensationis
1550 5463 1679 5545 “Do:

103 5535 317 5612 minim,
347 5556 465 5600 etc.
485 5585 499 5609 ,
527 5559 594 5599 ex
622 5559 728 5614 quo
752 5535 990 5598 efﬁcitur
1012 5557 1204 5596 sensus
1221 5535 1258 5595 'a
1292 5549 1469 5594 incute
1501 5535 1687 5591 Ililarii

107 5614 318 5687 alienus.
343 5615 473 5670 Non
493 5613 860 5687 euiniChristi
888 5614 1280 5687 subjectiunem
1305 5614 1689 5687 interpretatur

107 5683 162 5739 de
188 5697 437 5756 tempore
466 5700 572 5759 quo
596 5685 742 5759 degit
763 5684 1277 5759 in_carne_mortali,
1306 5683 1447 5752 quod
1467 5683 1689 5759 proprie

104 5764 177 5811 est
198 5752 415 5830 tempus
445 5752 860 5823 dispensationis
885 5772 898 5808 :
928 5755 1021 5811 sed
1043 5755 1201 5811 docet
1227 5756 1374 5809 illum
1400 5752 1689 5821 subjicien—

659 5847 1064 5930 ΡηιιοικΧ.

1785 1879 1986 1941 quente
2019 1870 2182 1926 Paulo
2210 1868 2458 1926 Christus
2508 1870 2868 1936 locutusest,
2913 1871 2964 1925 id
2995 1879 3122 1927 ante
3159 1873 3381 1929 Paulum

1785 1962 2035 2019 Christus
2067 1963 2182 2033 ipse
2211 1964 2282 2017 sit
2304 1963 2416 2032 jam
2448 1962 2676 2017 loeutus.

1855 2057 1946 2113 42.
1988 2056 2068 2112 De
2097 2057 2191 2125 ﬁlii
2220 2057 2440 2111 hominis
2464 2057 2653 2128 gloria.
2679 2086 2749 2097 -—
2774 2056 3245 2127 Dispensationem
3287 2060 3386 2115 ila-

1784 2162 1890 2219 que
1923 2148 2112 2219 gloria:
2156 2147 2315 2217 huius
2357 2148 2633 2218 Apostolis
2664 2147 2776 2205 suis
2807 2148 3055 2205 absoluta
3100 2152 3383 2207 verborum

1785 2239 2181 2311 significatione
2207 2239 2591 2296 demonstrans
2615 2240 2690 2294 ait
2721 2256 2734 2294 :
2772 2239 2926 2295 Nunc
2955 2242 3276 2312 glori/iectus
3313 2254 3387 2298 est

1786 2335 1926 2405 ﬁlius
1952 2333 2171 2387 hominis
2193 2373 2207 2396 ,
2240 2341 2287 2386 et
2315 2329 2456 2386 Deus
2500 2332 2816 2402 gloriﬁcatus
2845 2344 2917 2385 est
2948 2334 3002 2387 in
3046 2352 3124 2389 eo.
3156 2335 3216 2391 Si
3250 2334 3389 2390 Deus

1785 2427 2108 2499 glorificatus
2151 2432 2226 2479 est
2252 2425 2308 2477 in
2333 2438 2423 2489 eo,
2459 2433 2509 2478 et
2542 2423 2681 2478 Deus
2710 2425 3017 2493 gloriﬁcauit
3044 2442 3157 2480 eum
3205 2428 3258 2480 in
3299 2445 3387 2492 se,

1783 2530 1829 2574 et
1851 2516 1993 2573 Deus
2014 2516 2248 2588 protinus
2277 2515 2355 2589 (3)
2379 2515 2683 2587 glori/ienuit
2710 2515 2788 2586 (g)
2813 2533 2926 2570 cum
2952 2516 3132 2588 (Joan.
3163 2535 3287 2586 xui,
3320 2523 3381 2576 5i

1786 2624 1832 2669 et
1852 2611 1967 2685 52).
1995 2611 2267 2668 llabemus
2288 2611 2523 2681 primum
2546 2609 2772 2680 gloriam
2798 2609 2886 2664 ﬁlii
2915 2611 3171 2678 hominis,
3194 2614 3391 2671 deinde

1785 2703 1843 2761 in
1873 2705 1987 2761 lilio
2016 2704 2251 2759 hominis
2276 2702 2373 2758 Dei
2405 2702 2631 2773 gloriam
2651 2743 2665 2768 ,
2696 2702 2776 2770 (Ιι)
2820 2702 2873 2757 in
2918 2717 2983 2757 eo
3009 2705 3150 2775 quod
3183 2706 3386 2761 dictum

1787 2810 1870 2857 est
1899 2817 1914 2855 :
1947 2798 2103 2854 Nunc
2152 2798 2520 2868 honoriﬁcam:
2568 2806 2641 2851 est
2683 2796 2824 2866 ﬁlius
2860 2797 3115 2862 hominis,
3153 2806 3203 2852 et
3249 2797 3393 2855 Deus

1788 2894 2157 2962 lionoriﬁcatus
2185 2901 2257 2946 est
2284 2893 2338 2945 in
2366 2906 2447 2946 eo.
2480 2889 2593 2944 Hoc
2628 2890 2773 2944 enim
2815 2889 3046 2959 primum
3088 2901 3294 2962 spectat
3322 2894 3387 2947 ad

1788 2986 2035 3058 corporis
2064 2984 2293 3056 gloriam
2314 3025 2327 3048 ,
2368 2983 2431 3053 (i)
2471 2997 2592 3053 qua:
2620 2997 2687 3038 ex
2730 2992 2935 3037 natura:
2963 2981 3163 3039 divina:
3198 2998 3399 3041 conso-

1713 3134 1759 3199 ο
1862 3121 1941 3196 ('5)
1981 3119 2326 3192 Cloriﬁcabit.

1800 3331 1929 3391 dum
1958 3333 2010 3389 in
2054 3340 2312 3406 tenipore,
2353 3345 2418 3387 ac
2453 3324 2683 3403 proinde
2725 3337 2991 3406 quatenus
3041 3332 3265 3403 tempori
3298 3331 3395 3388 ob.

1798 3409 1992 3462 noxius
2018 3417 2097 3461 est
2118 3449 2132 3473 ,
2157 3402 2272 3459 'non
2302 3402 2566 3473 quatenus
2591 3410 2862 3476 a-tcrnus;
2891 3402 3131 3476 adeoque
3160 3422 3252 3476 per
3281 3405 3391 3459 dis-

1797 3480 2171 3548 pensationem,
2201 3484 2496 3548 elrnon‘ex
2519 3473 2770 3548 _naturali
2799 3474 3138 3548 necessitate.
3161 3473 3259 3529 Ἐκ
3287 3491 3392 3545 quo
3462 3508 3473 3519 ς

1795 3543 1982 3617 sumit,
2020 3547 2315 3602 divinitatis
2340 3543 2701 3617 infirmitatem
2730 3560 2793 3599 ev
2814 3559 2886 3617 (ea
2908 3544 3246 3617 subjectione
3272 3543 3393 3613 pcr-

1793 3615 1977 3691 peram
2003 3617 2382 3691 concludi._l_ta_
2420 3615 2535 3670 fere
2575 3615 2895 3691 Ambrosius
2932 3616 3037 3691 lib._
3060 3632 3093 3691 _v
3126 3618 3193 3670 de
3224 3617 3392 3691 Fide,

1792 3686 1841 3748 ε.
1880 3692 1974 3756 15,
2002 3708 2058 3746 ιι.
2098 3688 2202 3746 164
2228 3708 2242 3744 :
2280 3687 2525 3742 Videmus
2551 3688 2671 3757 quia
2702 3686 2928 3740 nondum
2957 3687 3273 3757 subjectum,
3304 3689 3393 3742 sed

1784 3762 2160 3832 subjiciendum
2182 3776 2292 3832 esse
2316 3758 2596 3832 Scriptura
2632 3769 3036 3832 commemorat..
3051 3799 3064 3812 .
3100 3758 3266 3812 Nulla
3290 3760 3391 3830 igi-

1785 3828 2088 3889 tur'seruilis
2114 3835 2168 3886 in
2198 3831 2389 3886 Christi
2420 3830 2687 3883 divinitate
2710 3828 2980 3901 subjectio.

1861 3930 1929 3999 (Γ)
1970 3925 2114 3981 Idem
2148 3939 2251 3979 ms.
2284 3921 2427 3978 Deus
2475 3930 2610 3976 totus
2650 3921 2858 3999 est._De_
2890 3921 3392 3999 discriminc‘voca-

1786 3992 2041 4055 bulorum
2071 4006 2208 4052 totus
2245 4009 2308 4050 ac
2357 4003 2517 4048 totum
2548 4007 2652 4047 non
2684 3992 2813 4046 nihil
2839 3992 2950 4062 jam
2991 4002 3146 4047 antra
3185 3996 3386 4048 dictum

1789 4080 1892 4125 est.
1936 4069 2089 4137 Quod
2155 4080 2287 4121 vero
2346 4066 2415 4120 ibi
2450 4064 2836 4137 observatum
2865 4074 2991 4129 est,
3044 4064 3278 4137 Hilarius
3326 4068 3390 4120 iis

1791 4132 2164 4196 iudiil‘érenter
2192 4138 2297 4204 uti,
2330 4134 2681 4189 confirmatur
2709 4148 2773 4187 ex
2823 4132 2926 4187 hoc
2968 4137 3085 4201 ipso
3134 4136 3302 4199 libro,
3340 4138 3391 4189 in

1791 4228 1900 4283 quo
1927 4228 2071 4283 nunc
2102 4209 2327 4281 legimus
2357 4205 2494 4260 Deus
2531 4214 2693 4257 totum
2718 4214 2788 4258 est
2811 4242 2827 4270 ,
2861 4213 2918 4259 et
2962 4206 3245 4275 superiore
3293 4223 3393 4260 nu-

1790 4282 1965 4346 mero,
1998 4282 2138 4338 Deus
2164 4290 2317 4335 totus.

1859 4374 1935 4446 (g)
1948 4372 2110 4446 Bad.,
2132 4372 2248 4446 E‘r.,
2267 4369 2476 4438 Lips.ct
2493 4366 2767 4446 recentior
2780 4367 3044 4446 msIColb.
3062 4368 3149 4425 hic
3166 4379 3217 4424 ct
3231 4369 3390 4446 infra,

1787 4437 2098 4518 gloii'ﬁcabit
2116 4484 2131 4510 ,
2161 4437 2373 4518 favente
2400 4453 2578 4509 graeco
2604 4440 2767 4493 verbo
2793 4437 3031 4518 δοξὰςςμ
3062 4452 3114 4495 at
3144 4437 3390 4518 proxime

1787 4510 1946 4577 ante,
1975 4513 2221 4585 quamvis
2266 4510 2430 4585 etiam
2469 4526 2644 4585 grrece
2672 4519 2886 4585 exstet
2905 4510 3105 4579 δοξάσει
3125 4510 3162 4577 ,“
3192 4515 3394 4585 habent

1710 4580 1761 4642 D
1788 4596 1966 4643 tamen
1992 4580 2343 4656 'gloriﬁcauit;
2366 4582 2643 4656 quomodo
2672 4580 2759 4635 hic
2803 4580 3031 4656 ll:tli(‘_ltlt'
3075 4583 3213 4656 apud
3260 4583 3386 4637 Par.

1788 4669 1842 4714 et
1874 4662 1925 4712 in
1952 4651 2168 4742 caeteris
2198 4669 2332 4712 mss.
2364 4651 2532 4709 iiumo
2577 4652 2671 4708 lib.
2706 4666 2793 4717 sx,
2826 4667 2880 4706 η.
2908 4651 2986 4707 40
3013 4654 3064 4707 iu
3094 4651 3310 4724 Scriptis
3334 4664 3392 4709 et

1788 4744 2023 4785 CXCDSIS.

1861 4820 1944 4895 (h)
1981 4819 2041 4895 in
2072 4818 2336 4890 vulgatis,
2367 4818 2520 4895 in_eo
2543 4816 2674 4895 enim
2700 4815 2838 4886 quod
2862 4813 3056 4869 dictant
3084 4823 3159 4870 est
3184 4833 3196 4869 :
3227 4814 3390 4872 lectio

1788 4888 2101 4964 perturbata
2128 4888 2194 4945 ac
2227 4888 2694 4964 sensudestituta.

1863 4964 1926 5037 (i)
1967 4963 2245 5037 Mallcmus
2270 4960 2408 5037 quod
2427 4998 2443 5037 ,_
2478 4969 2534 5037 ut
2561 4958 2643 5037 ad
2674 4956 3214 5037 corpusﬂrelerrctur
3239 4974 3392 5037 :__nec

1789 5027 2013 5091 omnino
2043 5035 2220 5103 placet
2247 5027 2387 5099 quod
2413 5029 2609 5084 deinde
2634 5030 2685 5103 i_n
2715 5044 2845 5103 mss.
2873 5027 2996 5103 Vat.
3027 5027 3146 5103 bas.
3171 5038 3227 5103 et
3251 5030 3394 5103 Μητ-

1788 5108 1889 5161 ιίη.
1918 5121 1981 5160 ea:
2010 5098 2199 5157 natura
2234 5103 2419 5155 divinre
2454 5099 2870 5154 consociationis.
2904 5098 3130 5154 Subtilis
3172 5101 3257 5155 hic
3286 5100 3384 5156 ba-

1789 5176 1947 5233 betur
1976 5175 2259 5229 allaturum
2304 5171 2529 5226 Joannis
2559 5169 2843 5223 verborum
2886 5170 3190 5238 εκρο›ἰιίο;
3224 5181 3279 5225 ut
3320 5172 3387 5229 iis

1791 5246 2129 5318 significetur
2175 5242 2462 5318 l°__minus
2503 5240 2657 5310 plena
2686 5238 2784 5294 ﬁlii
2828 5240 3061 5318 hominis
3100 5242 3268 5318 gloria
3317 5257 3387 5298 ex

1791 5311 2193 5374 consociatione
2222 5312 2418 5382 divina;
2441 5321 2673 5376 naturae,
2695 5326 2816 5378 qua:
2838 5311 3033 5365 divinis
3054 5311 3305 5382 operibus
3327 5327 3390 5368 se

1792 5385 2160 5460 prodiditnug"
2187 5383 2357 5454 gloria
2395 5381 2498 5460 pel
2522 5382 2955 5460 .patris,___quam
2998 5384 3068 5460 ei.
3098 5381 3389 5460 conciliant

1792 5450 1983 5515 eadem
2012 5455 2132 5511 Filii
2162 5450 2328 5525 opera
2349 5494 2363 5519 ,
2395 5452 2457 5525 5ft
2489 5450 2698 5521 plenior
2721 5450 2824 5525 _ﬁlii
2854 5452 3099 5525 hominis
3128 5455 3297 5525 gloria
3337 5455 3392 5509 ei

1789 5546 1888 5601 per
1915 5524 2367 5601 resurrectionem
2392 5522 2463 5577 ob
2484 5532 2695 5592 partum
2720 5522 2832 5579 Deo
2854 5522 3116 5601 honorem
3134 5522 3348 5601 indulta
3370 5567 3386 5591 ,

1792 5596 2070 5673 perquam
2113 5598 2577 5673 huntana__natura
2619 5607 2687 5646 eo
2713 5609 2832 5673 quo
2873 5596 2983 5663 jam
3031 5597 3389 5673 explicuimus

1793 5664 1954 5727 iuodo
1982 5678 2218 5722 transeat
2255 5665 2308 5719 in
2336 5664 2611 5726 divinam;
2641 5666 2726 5717 cui
2755 5665 2970 5720 demum
3003 5664 3126 5721 cum
3172 5670 3388 5723 confor-

1794 5757 1910 5799 mcs
1938 5740 2171 5804 erimus,
2206 5736 2344 5793 Deus
2372 5734 2472 5791 erit
2507 5733 2688 5789 omnia
2718 5733 2770 5789 iu
2803 5737 3074 5811 omnibus.

2792 5827 2871 5890 M-
