3936 6196
533 245 641 305 431

1758 237 2006 298 SANCTI
2031 234 2290 296 HILARII
2325 233 2632 297 EPISCOPI

3701 241 3791 300 δεῖ

540 364 734 429 omnia,
765 362 867 434 ipsi
920 361 1087 436 gloria
1129 359 1184 414 in
1214 358 1404 414 srecula
1456 356 1762 412 sweulorum
1794 355 1994 427 (Rom.,
2020 371 2133 420 xxi,
2164 356 2220 416 Α
2243 354 2336 410 sed
2362 369 2421 411 se
2451 355 2624 425 ipsum
2656 349 2995 418 exinaniens,
3018 359 3073 408 et
3097 350 3235 408 intra
3272 363 3333 408 se
3369 351 3560 419 latens,
3594 360 3645 410 et
3674 355 3785 411 intra

545 459 616 515 '55
640 465 691 512 et
719 454 835 528 36).
860 455 1025 519 Deus,
1055 452 1144 523 qui
1171 466 1387 523 semper
1433 459 1539 516 est,
1594 465 1700 505 non
1756 449 2030 520 subjectus
2058 455 2145 503 est

540 547 727 611 modo,
744 561 917 616 neque
943 545 1009 600 ab
1034 545 1304 600 anteriore
1324 543 1405 599 sui
1436 542 1616 613 aliquo
1643 550 1793 596 motu
1825 540 2022 596 mentis
2050 548 2143 595 aut

541 639 919 711 intelligentia:
967 636 1316 709 praevenitur.
1348 636 1417 692 Et
1463 634 1666 691 idcirco
1698 632 2067 704 investigabile
2087 640 2143 688 et

541 731 1014 804 imperscrutabile
1042 731 1158 802 ipse
1182 738 1327 786 totus
1354 727 1679 801 profundum
1726 737 1827 783 est.
1852 726 2023 782 Totus
2047 741 2143 781 au-

539 834 651 881 tem
680 825 774 893 ita,
791 833 850 879 ut
871 839 977 880 non
994 839 1090 895 per
1118 823 1221 880 hoc
1246 823 1496 879 deﬁnitus
1519 822 1599 895 (l)
1627 821 1679 877 in
1700 819 1776 892 (a)
1803 820 2021 876 modum
2046 820 2138 887 sit,

540 918 640 975 sed
667 917 973 974 intellectus
997 917 1067 972 sit
1085 918 1137 971 in
1163 917 1450 973 immenso:
1475 915 1597 987 quia
1620 929 1652 969 a
1666 913 1881 970 nemine
1898 912 2040 983 quod
2060 920 2144 969 est

540 1009 797 1080 sumpsit,
825 1024 928 1066 nec
953 1009 1103 1081 prior
1130 1009 1181 1066 ei
1221 1008 1372 1065 dedit
1416 1007 1632 1079 aliquis,
1656 1018 1716 1065 ut
1771 1006 1997 1064 retribui
2023 1004 2143 1061 ofﬁ-

540 1100 684 1157 cium
713 1098 864 1155 danti
890 1108 1159 1172 oporteat.
1177 1099 1258 1155 Ex
1279 1100 1399 1171 ipso
1428 1100 1572 1157 enim
1597 1109 1653 1156 et
1683 1115 1777 1172 per
1806 1100 1981 1171 ipsum
2005 1106 2062 1155 et
2085 1099 2141 1154 in

534 1193 658 1265 ipso
690 1193 874 1249 omnia
912 1203 1056 1250 sunt.
1083 1193 1200 1250 Non
1226 1202 1351 1266 eget
1370 1209 1437 1251 ex
1458 1208 1518 1251 se
1539 1204 1594 1250 et
1619 1209 1719 1267 per
1747 1209 1807 1250 se
1832 1202 1888 1251 et
1917 1193 2057 1249 intra
2081 1207 2143 1250 se

539 1287 927 1353 manentibus;
957 1301 1058 1343 nec
1084 1288 1175 1358 qui
1216 1288 1390 1359 origo,
1424 1301 1525 1344 nec
1562 1289 1651 1359 qui
1703 1286 1880 1357 opifex
1904 1297 2009 1355 est,
2040 1299 2143 1342 nec

544 1382 637 1453 qui
666 1381 953 1438 continens
975 1389 1094 1449 est,
1119 1380 1202 1454 (2)
1232 1391 1287 1437 et
1313 1382 1541 1438 internis
1569 1378 1644 1453 (b)
1670 1389 1950 1448 externus,
1978 1378 2140 1453 MS

541 1481 599 1531 et
626 1473 832 1531 eﬁ'ectis
868 1473 1118 1531 conditor
1148 1492 1164 1528 :
1188 1483 1244 1531 et
1260 1489 1483 1533 suorum
1516 1476 1632 1545 ipse
1659 1490 1825 1547 egens
1845 1488 2141 1546 numquam

538 1574 641 1624 est.
669 1567 814 1624 Nihil
838 1578 964 1625 ante
991 1577 1093 1635 est,
1122 1567 1259 1624 nihil
1288 1568 1526 1638 aliunde,
1554 1566 1632 1641 (5)
1661 1569 1792 1624 nihil
1817 1577 1967 1624 extra
1989 1566 2065 1639 (c)
2080 1582 2142 1624 se

534 1666 638 1715 est.
671 1659 790 1728 Quo
835 1659 999 1730 igitur
1046 1668 1199 1716 caret
1244 1659 1599 1731 plenitudinis
1645 1660 1912 1731 profectu,
1943 1670 2001 1714 ut
2043 1675 2143 1731 per

2242 463 2394 505 suam
2423 450 2539 519 ipse
2570 448 2912 503 vacuefactas
2954 455 3273 517 potestatem
3309 463 3322 499 :
3347 445 3467 501 dum
3495 462 3550 501 se
3572 449 3785 517 usquead

2244 542 2470 597 formam
2500 548 2766 612 temperat
2792 540 3007 596 habitus
3041 539 3281 606 humani,
3314 554 3379 593 nc
3416 548 3672 610 potentem
3704 541 3786 595 im-

2242 650 2593 706 mensamque
2620 644 2865 689 naturam
2908 642 3197 703 assumpta:
3233 631 3541 686 humilitatis
3562 646 3672 697 _nou
3708 631 3791 686 fer-

2243 737 2327 784 ret
2355 729 2678 795 inﬁrmitas;
2727 726 2822 784 sed
2869 728 2922 782 in
2963 735 3169 782 tantum
3221 739 3283 782 se
3328 723 3492 780 virtus
3539 724 3790 780 incircum-

2242 821 2444 891 scripta
2492 821 2888 887 moderaretur,
2942 819 2998 876 in
3064 828 3322 891 quantum
3391 825 3654 888 oporteret
3697 832 3795 873 eam

2244 928 2417 985 usque
2445 914 2511 970 ad
2543 914 2857 985 patientiam
2881 913 3110 969 connexi
3157 910 3261 967 sibi
3312 910 3553 981 corporis
3587 908 3792 966 obedire.

2231 1006 2398 1078 ~Quod
2424 1017 2605 1064 autem
2646 1022 2706 1064 se
2747 1007 2924 1076 ipsum
2970 1007 3108 1062 intra
3145 1021 3206 1062 se
3242 1003 3615 1061 vacuefaciens
3654 1003 3797 1059 conti-

2245 1100 2379 1173 nuit,
2409 1099 2793 1157 detrimentum
2821 1116 2930 1156 non
2962 1098 3139 1155 attulit
3187 1097 3473 1169 potestati;
3523 1112 3637 1153 cum
3680 1097 3796 1153 intra

2244 1193 2382 1251 hanc
2399 1195 2757 1252 exinanientis
2779 1209 2839 1251 se
2855 1194 3237 1260 humilitatem,
3256 1193 3456 1249 virtute
3477 1202 3642 1248 tamen
3661 1190 3797 1264 5.06
3900 1218 3901 1277 ι

2243 1287 2420 1343 omnis
2445 1287 2734 1344 exinanitae
2758 1288 2897 1343 intra
2925 1302 2986 1344 se
3011 1300 3142 1343 usus
3166 1286 3237 1342 sit
3263 1285 3563 1358 potestatis.

2314 1379 2407 1438 49.
2449 1380 2602 1450 Quod
2633 1379 2813 1451 itaque
2834 1381 2975 1437 Deus
3015 1379 3120 1436 erit
3148 1380 3330 1436 omnia
3360 1380 3415 1434 in
3447 1376 3702 1443 omnibus,
3727 1389 3802 1431 as-

2243 1473 2568 1546 sumptionis
2620 1482 2822 1530 nostra:
2868 1473 3141 1546 profectus
3180 1481 3284 1530 est.
3327 1471 3434 1540 Qui
3485 1471 3652 1539 enim,
3701 1484 3804 1525 cum

2245 1578 2393 1626 esset
2422 1568 2475 1624 in
2497 1567 2669 1624 forma
2704 1569 2820 1636 Dei,
2849 1576 3096 1640 repertus
3122 1575 3207 1624 est
3232 1566 3287 1623 in
3315 1566 3487 1622 forma
3512 1564 3665 1631 servi,
3697 1579 3804 1619 rur~
3900 1572 3901 1631 ι

2249 1677 2369 1718 sum
2391 1660 2730 1718 conﬁtendus
2759 1668 2844 1717 est
2868 1661 2921 1716 in
2944 1660 3113 1733 gloria
3137 1661 3230 1717 Dei
3261 1658 3429 1732 patris
3459 1676 3471 1711 :
3500 1666 3673 1713 utnon
3712 1670 3803 1711 am-

537 1760 755 1824 tempus
779 1752 956 1809 adhuc
981 1753 1128 1809 Deus
1153 1754 1336 1809 omnia
1366 1755 1420 1809 in
1450 1754 1704 1810 omnibus
1730 1754 1834 1810 sit?
1864 1753 1959 1810 Vel
1992 1754 2136 1810 unde
2165 1742 2213 1803 Β
2241 1755 2400 1827 bigue
2441 1756 2495 1811 in
2530 1755 2646 1826 ejus
2683 1754 2852 1810 forma
2900 1769 3127 1812 manens
3174 1754 3540 1829 intelligatur,
3589 1759 3639 1815 in
3676 1758 3806 1828 cujus

535 1853 735 1913 sumet,
758 1854 910 1901 extra
935 1860 1097 1917 quem
1118 1844 1254 1900 nihil
1275 1846 1401 1902 est?
1429 1845 1559 1901 nihil
1586 1856 1764 1903 autem
1795 1846 1892 1914 ita,
1910 1854 1967 1901 ut
1992 1860 2139 1902 sem-

535 1951 635 2007 per
655 1936 774 2008 ipse
820 1938 910 1993 sit.
945 1937 1014 1993 Et
1039 1940 1134 2010 qui
1183 1938 1300 2010 ipse
1347 1954 1564 2010 semper
1582 1949 1687 2006 est,
1720 1949 1774 1996 et
1795 1948 1943 1995 extra
1976 1954 2137 2010 quem

537 2030 674 2086 nihil
731 2039 836 2101 est,
866 2045 974 2103 quo
1012 2032 1350 2088 incremento
1399 2033 1700 2103 explendas
1749 2042 1853 2099 est,
1897 2034 1981 2089 vel
2029 2050 2135 2105 quo

536 2130 829 2195 augmento
879 2123 1238 2180 demutandus
1268 2133 1373 2193 est,
1403 2124 1592 2181 dicens
1618 2122 1767 2197 :Ego
1796 2142 1930 2192 sum,
1961 2133 2007 2180 et
2034 2142 2136 2181 non

536 2216 774 2273 demutor
795 2214 1040 2286 (Mutua,
1067 2232 1149 2285 tu,
1177 2217 1273 2288 6):
1306 2232 1429 2273 cum
1452 2232 1561 2274 non
1588 2216 1927 2288 relinquatur
1956 2218 2036 2274 vel
2066 2217 2135 2273 ad

535 2311 962 2367 demntationem
992 2312 1167 2380 locus,
1197 2310 1283 2369 vel
1307 2311 1374 2368 ad
1406 2310 1703 2383 profectum
1744 2325 1927 2379 causa,
1958 2311 2040 2366 vel
2065 2310 2135 2367 ad

535 2405 890 2461 aeternitatem
931 2405 1208 2473 anterius,
1260 2405 1347 2462 vel
1393 2405 1462 2461 ad
1511 2406 1682 2461 Deum
1742 2404 1886 2461 aliud
1935 2412 2134 2477 praeter

534 2513 696 2572 quam
726 2498 868 2556 Deus
898 2497 981 2572 (ά)
1002 2499 1118 2570 ipse
1154 2499 1280 2555 est?
1307 2497 1424 2554 Non
1457 2514 1588 2571 ergo
1617 2514 1715 2571 per
1743 2499 2132 2569 subiectionem

531 2591 659 2649 Filii
687 2594 832 2649 Deus
870 2593 975 2648 erit
1028 2592 1211 2648 omnia
1238 2592 1293 2648 in
1347 2592 1603 2648 omnibus
1632 2610 1644 2646 :
1678 2606 1853 2663 neque
1883 2606 1978 2663 per
2004 2606 2132 2647 cau-

532 2702 650 2743 sam
703 2685 1193 2750 consummabitur,
1226 2700 1292 2741 ex
1319 2700 1424 2757 quo
1468 2696 1523 2741 et
1572 2700 1670 2757 per
1697 2700 1857 2763 quem
1888 2692 1944 2739 et
1991 2684 2130 2740 intra

529 2793 691 2851 quem
743 2778 920 2834 omnis
956 2792 1117 2833 causa
1162 2777 1442 2833 consistat.
1501 2778 1683 2834 Manet
1729 2778 1911 2848 itaque
1962 2786 2021 2832 ut
2047 2786 2133 2834 est

526 2887 744 2943 semper
772 2871 937 2935 Deus,
968 2886 1069 2927 nec
1139 2870 1384 2943 profectu
1415 2879 1539 2942 eget
1570 2870 1642 2942 (ε)
1691 2869 1783 2941 qui
1808 2869 1877 2925 ad
1902 2869 1957 2924 id
1983 2868 2130 2941 quod

530 2973 634 3032 est,
666 2978 734 3019 ex
758 2978 820 3019 se
847 2976 912 3017 ac
939 2962 1042 3017 sibi
1068 2975 1285 3033 semper
1304 2968 1410 3017 est.

599 3054 695 3112 48.
735 3053 907 3108 Filius
932 3052 1333 3109 indemutabilis.
1365 3053 1681 3110 Eainaniens
1709 3071 1763 3110 se
1797 3071 1901 3111 non
1937 3062 2012 3111 est
2041 3054 2133 3110 de-

2240 1849 2344 1903 erit
2371 1847 2541 1919 gloria
2586 1846 2945 1903 conﬁtendus.
3004 1847 3347 1918 Dispensatio
3411 1847 3590 1921 itaque
3624 1856 3804 1905 tantum

2240 1946 2344 2006 est,
2377 1954 2485 1994 non
2512 1938 2814 1995 demutatio
2863 1955 2876 1993 :
2909 1940 2963 1994 in
2989 1953 3057 1995 eo
3108 1941 3251 1995 enim
3301 1949 3407 2007 est,
3462 1942 3513 1997 in
3553 1958 3651 2014 quo
3690 1951 3804 1998 erat.

2239 2029 2347 2087 Sed
2367 2046 2490 2087 cum
2512 2031 2748 2088 medium
2777 2041 2863 2087 est
2888 2032 3032 2102 quod
3055 2047 3176 2089 esse
3197 2033 3382 2104 coepit,
3429 2034 3482 2088 id
3529 2046 3628 2097 est,
3672 2034 3807 2090 homo

2240 2138 2432 2196 natus;
2465 2138 2633 2183 totum
2658 2128 2707 2184 ei
2724 2136 2951 2193 natum,
2978 2141 3100 2199 qua:
3124 2136 3281 2183 antea
3307 2128 3453 2183 Deus
3484 2145 3588 2184 non
3610 2129 3808 2195 fuit,ac-

2237 2222 2499 2292 quiritur,
2544 2237 2669 2277 cum
2692 2221 2831 2279 Deus
2861 2235 2984 2278 esse
3010 2223 3188 2276 omnia
3217 2221 3270 2275 in
3300 2222 3555 2278 omnibus
3602 2222 3669 2295 (f)
3709 2228 3810 2293 post

2237 2322 2634 2370 sacramentum
2659 2312 3083 2384 dispensationis
3120 2312 3448 2370 ostenditur.
3504 2313 3683 2371 Nostra
3713 2313 3809 2371 huc

2236 2407 2417 2479 itaque
2463 2407 2611 2464 lucra
2663 2416 2825 2474 sunt,
2885 2418 2940 2463 et
2982 2410 3152 2463 nostri
3206 2409 3529 2479 profectus,
3589 2425 3679 2465 nos
3722 2408 3811 2464 sei-

2236 2500 2363 2556 licet
2401 2499 2710 2557 conformes
2744 2499 2820 2573 (g)
2876 2499 3147 2556 efﬁciendi
3191 2500 3379 2572 gloriae
3424 2502 3662 2574 corporis
3711 2501 3806 2557 Dei.

2233 2588 2499 2648 Caeterum
2522 2591 2828 2663 unigenitus
2850 2592 3015 2661 Deus,
3065 2593 3190 2649 licet
3237 2602 3293 2648 et
3331 2592 3502 2650 homo
3544 2603 3692 2650 natus
3731 2593 3805 2658 sit,

2234 2700 2340 2741 non
2373 2694 2549 2741 tamen
2575 2684 2717 2740 aliud
2748 2701 2908 2751 quam
2933 2685 3077 2741 Deus
3114 2687 3293 2741 omnia
3337 2686 3392 2742 in
3435 2686 3677 2744 omnibus
3717 2692 3804 2742 est.

2233 2775 2507 2847 Subjectio
2546 2777 2690 2833 enim
2734 2776 2826 2832 illa
2866 2777 3134 2848 corporis,
3178 2792 3275 2848 per
3323 2793 3491 2848 quam
3520 2777 3668 2850 quod
3707 2792 3806 2833 car-

2235 2869 2457 2942 nale(lt)
2483 2870 2533 2926 ei
2581 2881 2685 2937 est,
2742 2871 2793 2926 in
2826 2878 3071 2925 naturam
3120 2870 3344 2941 spiritus
3371 2870 3682 2937 devoratur,
3709 2882 3810 2926 esse

2234 2966 2403 3021 Deum
2445 2966 2624 3021 omnia
2656 2966 2709 3020 in
2739 2965 2989 3021 omnibus
3017 2980 3164 3030 eum,
3205 2964 3297 3037 qui
3329 2975 3533 3036 praeter
3569 2966 3726 3022 Deum
3765 2971 3809 3019 et

2235 3056 2399 3113 homo
2423 3067 2527 3124 est,
2569 3057 2861 3113 constituet
2895 3074 2907 3110 :
2938 3066 3124 3114 noster
3145 3064 3326 3114 autem
3357 3057 3459 3113 ille
3490 3056 3650 3113 homo
3679 3054 3738 3127 (i)
3766 3055 3809 3110 in

529 3156 780 3204 mutatus.
808 3145 1099 3203 Deumesse
1120 3148 1294 3203 omnia
1344 3148 1397 3203 in
1427 3150 1661 3204 omnibus
1705 3151 1966 3220 profectus
2005 3168 2129 3206 nos-
2157 3137 2202 3200 C
2236 3149 2288 3204 id
2339 3150 2570 3220 proficit.
2620 3149 2890 3206 Cteterum
2934 3166 3033 3207 nos
3081 3151 3138 3206 in
3192 3150 3435 3206 hominis
3491 3150 3660 3207 nostri
3704 3163 3811 3205 con-

532 3249 609 3295 ter
635 3247 727 3294 est.
752 3267 823 3280 —
841 3236 947 3294 Sed
976 3254 1046 3294 ne
1070 3238 1126 3293 in
1149 3240 1481 3311 unigenitum
1503 3240 1721 3312 quidem
1747 3243 1914 3298 Deum
1946 3241 2135 3299 demu-

534 3332 714 3390 tandm
741 3341 947 3388 natura:
968 3331 1115 3389 cadit
1143 3335 1460 3390 necessitas.
1494 3335 1636 3390 Deus
1665 3334 1809 3391 enim
1852 3344 1957 3403 est,
1989 3335 2133 3407 quod

527 3427 708 3500 plence
746 3440 810 3483 ac
861 3425 1117 3499 perfecta:
1160 3426 1465 3483 divinitatis
1511 3435 1596 3483 est
1633 3442 1853 3483 nomen.
1899 3426 2032 3483 Nam
2073 3437 2133 3484 ut

533 3520 786 3593 superius
823 3519 1128 3585 docuimus,
1166 3528 1223 3576 et
1262 3519 1508 3590 repetitae
1555 3520 1740 3590 gloria:
1783 3519 2126 3591 signiﬁcatio,

535 3620 593 3669 et
659 3611 1012 3678 subiectionis
1072 3626 1234 3668 causa
1290 3621 1391 3679 est,
1437 3621 1494 3666 ut
1538 3612 1608 3667 sit
1655 3612 1796 3667 Deus
1856 3611 2036 3668 omnia
2074 3614 2130 3669 in

531 3702 819 3769 omnibus;
860 3720 984 3761 esse
1032 3713 1213 3761 autem
1265 3704 1434 3760 Deum
1485 3705 1666 3760 omnia
1717 3688 1775 3763 in
1832 3706 2082 3762 omnibus
2111 3748 2128 3775 ,

528 3806 927 3853 sacramentum
991 3806 1096 3863 est,
1140 3811 1246 3852 non
1281 3799 1597 3854 necessitas.
1661 3799 1718 3855 In
1769 3800 1940 3856 forma
1984 3801 2128 3857 enim

529 3888 631 3945 Dei
659 3901 886 3946 manens
910 3887 1137 3945 formam
1160 3888 1302 3946 servi
1323 3891 1635 3962 assumpsit,
1656 3905 1764 3948 non
1794 3892 2127 3963 demutatus,

606 4048 776 4125 (1)112
800 4050 973 4107 modo.

609 4123 694 4195 (2')
726 4124 886 4181 Deest
908 4132 992 4195 et;
1024 4137 1155 4181 mox
1185 4131 1236 4180 et
1265 4123 1432 4193 effecti
1457 4123 1711 4197 cognitor.

600 4266 678 4340 (a)
702 4267 777 4340 ιω
817 4265 1231 4340 ηὶεελΑιΑεόίῑμί,
1262 4266 1315 4321 in
1365 4268 1537 4322 modo.

601 4336 679 4408 (b)
712 4339 767 4391 In
792 4351 893 4391 ms.
922 4337 1133 4392 Martin.
1181 4338 1395 4392 internis
1450 4340 1693 4407 exterior,
1722 4338 1776 4393 in
1804 4336 1997 4406 effectis
2027 4353 2117 4393 ca-

568 4407 700 4465 nitor
746 4424 765 4463 :
789 4410 950 4464 male.
984 4407 1062 4463 Ita
1117 4409 1419 4478 intelligere
1446 4421 1531 4465 est
1559 4411 1750 4477 elfectis
1778 4412 2034 4475 conditor,
2060 4418 2122 4465 ut

466 4488 471 4491 ’
528 4480 674 4537 Deus
703 4480 768 4534 iis
795 4496 903 4535 non
931 4487 1084 4549 egeat
1108 4494 1228 4550 quae
1254 4480 1513 4547 condidit,
1539 4484 1629 4539 vel
1650 4484 1811 4538 etiam
1845 4491 1903 4538 ut
1930 4481 2118 4538 eli‘ecta

528 4553 699 4609 Deum
726 4550 960 4607 habeant
979 4551 1338 4607 conditorem.

599 4622 668 4698 (c)
712 4622 968 4679 Voculam
1013 4638 1087 4691 se,
1137 4622 1190 4676 in
1248 4622 1478 4694 vulgatis
1536 4625 1813 4691 omissam,
1870 4625 2123 4696 supplent

526 4710 683 4839 msal)
717 4766 772 4822 In
801 4765 1024 4837 antiquo
1046 4781 1149 4820 ms.
1176 4762 1331 4820 Colb.
1362 4765 1474 4837 ipse
1498 4766 1584 4821 sit.

601 4858 676 4931 (ε)
716 4857 1065 4932 Excusi__quia
1085 4857 1160 4912 id.
1189 4856 1679 4932 conc-iuniusmss,
1702 4857 1790 4928 qui
1810 4857 1878 4912 ad
1902 4858 1956 4912 id
1977 4875 1996 4914 :
2018 4872 2126 4932 quo

530 4928 678 4986 Deus
703 4944 860 4985 suum
883 4928 985 4986 sibi
1015 4943 1138 4985 esse
1169 4928 1486 4999 principium
1517 4929 1841 4985 declaretur.

600 5025 670 5096 (f)
710 5024 871 5096 Solus
897 5023 1075 5080 codex
1104 5023 1319 5078 Martio.
1351 5039 1443 5096 per
1471 5033 1848 5096 sacramentum
1871 5039 1890 5078 :
1945 5024 2123 5081 minus

527 5094 675 5151 vere.
703 5095 919 5165 Triplex
958 5097 1101 5149 enim
1146 5095 1231 5149 hic
1261 5095 1637 5150 consideratur
1674 5094 1874 5150 Christi
1929 5104 2120 5159 status,

526 5178 654 5237 puta
678 5166 730 5221 in
753 5167 924 5221 forma
950 5168 1067 5230 Dei,
1090 5166 1143 5221 in
1169 5169 1337 5222 forma
1359 5169 1523 5233 servi,
1547 5166 1673 5222 etin
1699 5168 1868 5238 gloria
1897 5167 1992 5223 Dei
2018 5167 2121 5222 Pa-

526 5241 625 5293 tris
673 5255 687 5291 :
741 5248 912 5293 status
949 5247 1129 5293 autem
1186 5238 1397 5294 medius
1459 5247 1680 5294 vocatur
1724 5248 2119 5294 sacramentum

522 5309 965 5391 dispensationis,
995 5324 1155 5380 quam
1177 5310 1392 5380 excepit
1415 5318 1651 5380 paterna:
1682 5310 1871 5381 gloria:
1895 5324 2123 5391 consor-

525 5384 681 5435 tium.
1922 5384 1930 5393 '

527 5451 694 5591 emta)
749 5451 840 5509 Sic
887 5465 1084 5523 magno
1137 5466 1407 5509 consensu
1457 5468 1591 5509 mss.
1643 5451 1716 5507 At
1754 5452 1807 5508 in
1853 5451 2121 5523 vulgatis,

639 5541 678 5577 l.

557 5684 569 5696 ο
599 5613 700 5696 (ll).
718 5614 1069 5696 Restituimus
1093 5630 1323 5696 ex‘mss.
1356 5618 1422 5686 ei,
1466 5618 1824 5696 quod_deerat
1864 5617 1919 5673 in
1956 5632 2122 5696 excu-

526 5688 781 5763 sis-Haec
804 5688 1048 5763 nituntur
1073 5689 1253 5763 verbis
1278 5688 1543 5763 Apostoli,
1589 5691 1779 5763 Surget
1801 5706 1987 5763 corpus
2014 5692 2123 5763 spi-

2237 3242 2467 3299 formem
2497 3243 2726 3315 gloriam
2755 3242 3125 3313 proficiemus,
3173 3252 3229 3299 et
3255 3243 3311 3299 in
3360 3244 3688 3315 agnitionem
3731 3240 3811 3299 Dei

2236 3336 2502 3400 renovati,
2545 3334 2613 3389 ad
2656 3333 2933 3390 Creatoris
2966 3335 3255 3406 imaginem
3283 3335 3718 3404 reformabimur,
3742 3347 3813 3389 se.

2235 3430 2468 3483 cundum
2490 3426 2735 3499 Apostoli
2750 3426 2952 3483 dictum
2989 3444 3004 3481 :
3030 3426 3192 3483 Επειιί
3205 3438 3423 3483 veterem
3451 3429 3702 3485 hominem
3718 3440 3814 3484 cum

2234 3522 2430 3577 actibus
2451 3522 2582 3586 suis,
2615 3531 2661 3575 et
2690 3520 2857 3576 induti
2878 3538 3066 3577 novum
3092 3539 3228 3591 eum,
3257 3524 3344 3594 qui
3363 3524 3643 3581 innovatur
3671 3523 3740 3598 (4)
3772 3523 3815 3577 iu

2238 3618 2548 3690 agnitionem
2568 3615 2668 3672 Dei
2686 3617 2968 3672 secundum
2996 3617 3271 3691 imaginem
3292 3621 3404 3691 ejus
3424 3620 3517 3691 qui
3545 3618 3728 3674 creavit
3754 3616 3815 3690 (j)

2238 3725 2355 3764 eum
2386 3707 2608 3781 (Coloss.
2636 3724 2716 3774 nt,
2742 3708 2777 3765 9
2809 3719 2856 3764 et
2879 3708 2993 3783 10).
3018 3708 3443 3766 Consummatur
3480 3713 3657 3783 itaque
3676 3709 3817 3765 homo

2239 3802 2415 3872 imago
2443 3801 2557 3857 Dei.
2582 3800 2824 3873 Namque
2850 3801 3146 3859 conformis
3174 3802 3397 3861 effectus
3429 3804 3621 3876 gloria:
3645 3816 3818 3874 corpo-
3900 3800 3901 3823 ῖ

2239 3894 2315 3950 ris
2347 3893 2464 3963 Dei,
2508 3895 2564 3950 in
2595 3894 2885 3968 imaginem
2935 3897 3212 3953 Creatoris
3255 3898 3495 3968 excedit,
3546 3898 3818 3957 secundum

2314 4053 2396 4123 (3)
2436 4053 2588 4110 Nihil
2609 4063 2755 4110 extra
2775 4064 2869 4122 est,
2900 4057 3018 4112 sine
3042 4073 3115 4114 se.

2310 4125 2395 4199 (4)
2432 4125 2500 4181 In
2527 4128 2805 4200 agnitione.
2835 4127 2957 4184 Mox
2985 4129 3252 4186 omittitur
3273 4145 3391 4186 eum
3418 4139 3548 4203 post
3572 4131 3790 4190 creauitJ

2226 4282 2281 4321 n.
2315 4267 2387 4322 ιιι
2424 4266 2576 4342 Quod
2608 4275 2799 4334 autem,
2854 4267 3047 4339 inquit,
3092 4269 3327 4342 spiritale
3378 4269 3519 4328 dixit
3561 4286 3741 4341 corpus
3773 4270 3822 4324 in

2228 4341 2600 4413 resurrectione
2649 4341 2905 4413 futurum,
2948 4357 3059 4413 (non
3087 4341 3362 4413 propterea
3408 4345 3695 4413 putandum
3734 4352 3818 4408 est,

2228 4409 2368 4485 quod
2393 4426 2495 4463 non
2516 4409 2731 4485 corpus,
2757 4410 2849 4485 sed
2876 4409 3097 4485 spiritus
3115 4409 3215 4468 erit
3234 4430 3254 4468 :
3275 4415 3366 4469 sed
3387 4409 3625 4485 spiritale
3648 4428 3820 4483 corpus

2231 4482 2369 4557 omni
2406 4480 2558 4557 modo
2590 4480 2798 4557 spiritui
2825 4484 3087 4557 subditum
3122 4484 3247 4539 dicit
3273 4486 3385 4557 sine
3409 4480 3593 4557 aliqua
3621 4480 3822 4557 corrup-

2231 4553 2367 4607 tione
2393 4553 2472 4608 vel
2521 4562 2703 4629 morte.
2753 4552 3385 4629 Huic__interpretationi,
3433 4552 3524 4629 uti,
3556 4558 3664 4629 jam
3692 4554 3819 4610 vidi-

2233 4639 2372 4701 mus,
2395 4625 2665 4701 consentit
2692 4625 3152 4701 nosterililarins,
3171 4628 3286 4701 nisi
3315 4628 3461 4698 quod
3498 4625 3817 4701 Augustinus

2152 4699 2209 4762 Ῑ)
2233 4695 2471 4769 spiritale
2496 4709 2702 4769 corpus
2745 4695 3007 4769 intelligat
3051 4695 3816 4769 subditnm'spiritui'nostro,

2234 4767 2323 4842 ille
2342 4765 2740 4842 _divino._U_ude
2759 4767 2817 4842 in
2850 4765 2991 4842 fisa].
3025 4783 3105 4842 rx,
3139 4785 3192 4822 u.
3217 4765 3556 4842 strait—quod
3585 4786 3675 4842 per
3703 4768 3818 4842 sub-

2223 4837 2815 4910 jectionemobedientite
2842 4838 3025 4910 (Deo),
3080 4840 3134 4894 in
3190 4837 3694 4897 diuinam—naturam
3728 4841 3818 4893 Im-

2230 4909 2397 4963 ntame
2441 4909 2805 4982 assumptionis
2846 4909 3175 4982 absorbeatur
3223 4912 3517 4982 inﬁrmitas.
3567 4913 3816 4967 Remanet

2231 4992 2410 5034 autem
2438 4982 2578 5050 quod
2612 4980 2795 5036 ubedit
2827 4997 2841 5034 :
2872 4980 2966 5035 sed
2996 4996 3102 5036 non
3136 4980 3382 5038 remanet
3412 4985 3673 5039 naturalis
3690 4998 3813 5038 eon-

2230 5050 3038 5125 ditiocarnis,sivcutdicitur,
3068 5068 3124 5106 n.
3174 5051 3291 5109 40:
3338 5058 3532 5110 terreni
3574 5054 3811 5125 corporis,

2229 5124 2312 5177 cui
2337 5136 2401 5177 ex
2431 5138 2491 5178 se
2518 5123 2791 5192 corruptio
2821 5123 2999 5178 debita
3028 5134 3110 5179 est
3138 5141 3151 5178 :
3188 5134 3247 5178 ut
3287 5126 3339 5180 in
3387 5123 3684 5182 naturalem
3724 5123 3812 5178 Dei

2230 5194 2596 5250 conditionem
2638 5204 2895 5263 transeat,
2946 5195 3307 5268 corruptionis
3357 5212 3582 5267 prorsus
3629 5209 3812 5267 exper-

2231 5270 2360 5319 tem.

2305 5335 2370 5408 (ἰ)
2405 5335 2686 5404 Vat.,bas.
2718 5351 2824 5393 ms.
2846 5336 2900 5392 in
2932 5336 3062 5392 Deo.
3093 5336 3243 5395 Unus
3270 5337 3420 5396 Colb.
3445 5347 3503 5395 et
3530 5340 3666 5396 alter
3692 5336 3809 5396 Sor-

2232 5406 2362 5481 hon.
2394 5410 2447 5461 in
2472 5409 2792 5481 eoprofecit.
2830 5409 2926 5465 llic
2950 5417 3134 5464 notatu
3162 5410 3380 5481 dignum
3408 5420 3511 5473 est.
3535 5412 3624 5481 qui
3649 5420 3810 5481 noster

2232 5477 2390 5552 homo
2402 5494 2436 5552 _a
2469 5479 2626 5552 nobis
2650 5477 3010 5552 distinguatur
3042 5490 3142 5552 :ut
3168 5477 3409 5537 nostrum
3436 5477 3703 5538 hominem
3725 5480 3802 5534 di-

2230 5559 2321 5625 cat
2343 5549 2584 5625 liilarius
2615 5549 2860 5625 naturam
2890 5566 2920 5606 a
2951 5549 3168 5607 Christo
3194 5564 3543 5625 assumptam.

2301 5618 2472 5693 (j)_ln
2494 5623 2883 5693 vetustioribus
2913 5637 3045 5693 mss.
3074 5638 3181 5678 non
3211 5618 3394 5680 exstat'
3428 5640 3544 5678 eum
3583 5642 3597 5679 :
3639 5637 3670 5678 e
3696 5621 3803 5693 qui-

2223 5689 2336 5747 bus
2357 5689 2567 5746 Martio.
2601 5704 2756 5750 antea
2785 5693 2968 5763 habet,
2999 5692 3192 5751 Exuite
3231 5706 3443 5752 ueterem
3487 5689 3798 5752 hominem...

522 5755 674 5809 ritale
699 5771 719 5810 :
748 5768 867 5825 qua:
888 5759 1165 5827 explicans
1186 5755 1517 5830 Augustinus
1530 5755 1727 5819 contra
1747 5755 1928 5817 Adini.
1953 5776 2006 5817 c.
2026 5755 2116 5831 12,
2220 5772 2271 5817 et
2299 5763 2515 5819 induite.
