3936 6196
163 310 278 367 455

1364 309 1453 367 DE
1481 307 1862 369 TRINITATE
1904 309 2113 368 LIBER
2150 310 2266 368 ΧΠ.

3364 323 3474 382 454

163 429 488 499 dispositam
519 426 674 499 primi
706 427 940 485 hominis
986 427 1378 500 ﬁgurationem.
1409 428 1479 484 Et
1499 435 1619 499 post
1645 441 1773 498 pec-
1796 427 1853 489 Α
1949 427 2126 482 denter
2150 428 2468 486 demonstrat
2492 429 2789 501 Sapientia,
2819 448 2937 487 cum
2969 450 3073 489 non
3099 435 3251 491 modo
3275 452 3331 493 se
3352 447 3474 495 ante

161 533 349 580 catum
374 531 721 595 veteremque
752 523 1047 591 hominem,
1079 523 1133 578 in
1178 522 1503 595 agnitionem
1537 523 1632 580 Dei
1664 537 1765 579 no-

162 630 266 673 vus
293 615 461 670 homo
486 613 680 683 factus,
725 614 1129 671 constitutionis
1164 629 1277 671 sua:
1307 614 1514 672 obtinet
1556 615 1762 687 perlec-

164 706 393 773 tionem,
425 722 727 779 agnoscens
754 707 918 764 Deum
940 717 1198 776 suum,.et
1221 723 1316 778 per
1336 708 1389 763 id
1415 708 1591 781 imago
1611 708 1763 779 ejus:

163 812 216 861 et
245 817 345 874 per
372 803 688 875 religionem
717 803 1004 875 proﬁciens
1032 803 1098 858 ad
1139 803 1520 874 :cternitatem,
1576 811 1631 861 et
1669 818 1766 876 per

162 902 525 963 aeternitatem
552 901 827 960 Creatoris
850 902 933 959 sui
965 903 1139 973 imago
1168 916 1474 958 mansurus.

407 1057 769 1133 507.503
809 1056 1017 1115 LIBER
1056 1053 1518 1114 DUODECIMUS.

160 1173 421 1228 Adversus
446 1174 695 1229 solemnia
738 1173 1099 1230 haereticorum
1132 1170 1310 1240 effata,
1353 1170 1468 1227 Non
1491 1170 1590 1227 fuit
1613 1179 1766 1227 ante-

230 1282 395 1337 quam
429 1273 765 1333 nasceretur,
809 1274 884 1331 et,
933 1265 1008 1321 De
1053 1279 1160 1319 non
1205 1263 1542 1319 exstantibus
1591 1261 1765 1319 factus

229 1367 336 1426 est,
376 1366 625 1415 cateruam
662 1357 989 1425 divinumque
1011 1356 1198 1412 Christi
1223 1355 1537 1412 nativitatem
1573 1364 1760 1411 tuetur.

229 1451 301 1506 Et
324 1451 432 1506 illis
456 1451 665 1522 quidem
708 1452 992 1507 volentibus
1025 1460 1314 1506 creaturam
1340 1467 1455 1505 eum
1486 1466 1613 1517 esse,
1641 1451 1765 1520 quia

229 1543 373 1599 dese
413 1544 699 1615 Sapientia:
748 1545 953 1599 nomine
993 1543 1200 1610 dixerit,
1250 1543 1511 1599 Dominus
1560 1543 1765 1599 creavit

228 1652 337 1702 me,
369 1637 563 1693 resistit
593 1636 866 1711 Hilarius;
892 1638 946 1694 1°
968 1638 1091 1709 quia
1128 1638 1315 1694 colitur
1355 1636 1608 1706 Christus,
1645 1654 1762 1692 cum

229 1732 415 1787 vetitus
444 1734 510 1787 sit
539 1732 705 1787 cultus
726 1740 1014 1800 creaturte;
1042 1731 1107 1787 2°
1149 1733 1275 1803 quia
1318 1741 1501 1787 cuncta
1528 1747 1618 1802 per
1645 1747 1761 1786 eum

227 1824 441 1879 condita
466 1836 608 1893 sunt,
656 1836 702 1880 et
749 1826 1018 1896 praprium
1047 1825 1093 1882 ei
1132 1823 1388 1881 Creatoris
1414 1834 1503 1896 ,est
1549 1842 1763 1892 nomen;
1793 1827 1842 1888 B

232 1916 289 1974 5°
316 1920 440 1989 quia
473 1922 525 1973 in
552 1935 669 1974 eum
700 1936 800 1974 non
829 1921 967 1975 cadit
996 1930 1049 1975 ut
1099 1929 1287 1991 speret,
1355 1928 1409 1974 ut
1448 1919 1654 1984 serviat,
1704 1927 1761 1974 ut

229 2030 330 2069 non
355 2024 545 2087 sponte
587 2014 844 2086 subjectus
893 2017 976 2082 sit,
1021 2025 1075 2071 ut
1116 2014 1408 2070 liberandus
1438 2014 1551 2069 sit:
1580 2013 1760 2085 quibus

231 2107 458 2163 obnoxia
479 2118 573 2176 est,
603 2110 884 2165 secundum
909 2110 1237 2182 Apostolum,
1270 2114 1436 2168 omnis
1484 2122 1759 2179 creatura;

227 2202 292 2258 4ο
315 2204 445 2271 quia
473 2219 588 2258 cum
618 2206 789 2276 forma
826 2204 924 2260 Dei
952 2206 1019 2261 sit
1058 2214 1242 2260 natura
1270 2205 1390 2275 Dei,
1433 2207 1477 2262 si
1526 2206 1761 2262 Christus

226 2296 278 2351 in
301 2297 479 2367 forma
499 2297 600 2353 Dei
626 2316 838 2357 rnanens
868 2310 1106 2357 creatura
1133 2311 1229 2368 est,
1263 2303 1358 2357 erit
1385 2319 1583 2375 quoque
1604 2301 1761 2358 Pater

225 2400 508 2458 creatura;
538 2394 603 2449 5°
626 2395 747 2466 quia
778 2394 927 2451 Patri
972 2405 1021 2451 et
1050 2378 1191 2451 Filio
1219 2397 1435 2470 aequalis
1478 2396 1644 2453 honor
1688 2406 1761 2452 est

229 2482 582 2556 deferendas;
627 2485 690 2542 δι’
736 2490 860 2559 quia
896 2486 1054 2543 Pater
1103 2488 1236 2544 uteri
1283 2489 1488 2544 nomine
1536 2488 1685 2544 illum
1734 2505 1762 2545 e
1828 2554 1833 2560 ,

228 2580 448 2650 propria
472 2581 763 2637 substantia
790 2598 900 2638 sese
926 2584 1160 2657 genuisse
1182 2585 1439 2657 significat
1464 2599 1483 2639 :
1507 2593 1762 2657 postremo

228 2672 350 2741 quia
382 2689 641 2742 nusquam
661 2690 775 2728 eum
800 2672 960 2730 Pater
987 2676 1087 2730 nisi
1118 2677 1386 2749 pr0prium
1432 2674 1632 2731 Filium
1666 2692 1764 2745 ap-

228 2765 413 2837 pellat,
437 2783 533 2821 nec
560 2767 650 2822 ille
679 2765 841 2822 Deum
870 2768 970 2823 nisi
996 2770 1264 2841 praprium
1310 2768 1537 2825 Patrem.
1573 2766 1764 2824 Contra

228 2860 319 2914 alii
348 2858 482 2916 Filii
501 2862 864 2936 signiﬁcantur
901 2863 1046 2934 facti,
1096 2880 1196 2918 non
1235 2864 1375 2930 nati;
1415 2881 1506 2919 nec
1545 2879 1763 2934 usquam

230 2955 565 3027 proprietatis
592 2956 797 3011 nomine
841 2956 1118 3013 donantur.
1172 2955 1272 3012 Ubi
1316 2958 1452 3012 enim
1480 2958 1552 3013 ait
1596 2956 1759 3024 Deus,

229 3045 401 3106 Filios
427 3050 622 3122 genui,
652 3068 756 3107 non
779 3051 927 3107 addit
952 3066 1121 3108 meos.
1146 3052 1241 3107 Ita
1263 3068 1377 3108 vero
1404 3052 1545 3119 dicit,
1594 3052 1762 3109 Filius

228 3157 385 3198 meus
414 3143 805 3215 primogenitus
835 3144 1021 3211 Israel,
1064 3153 1119 3199 ut
1147 3159 1302 3201 meus
1350 3145 1406 3201 in
1451 3144 1763 3218 primogeni-

230 3245 360 3300 tum,
397 3253 498 3292 non
525 3238 581 3292 in
602 3236 803 3294 Filium
824 3239 996 3295 cadat.

165 3325 360 3384 Deinde
390 3331 725 3385 teternitatem
751 3332 959 3404 attingit
983 3332 1263 3388 nativitatis
1289 3331 1502 3401 Christi,
1534 3351 1569 3389 a
1611 3340 1763 3389 caete-

229 3438 409 3476 rarum
430 3438 606 3479 rerum
643 3424 841 3497 origine
881 3441 939 3480 eo
987 3423 1290 3495 differentis,
1336 3428 1475 3499 quod
1517 3429 1622 3485 illa:
1673 3447 1763 3504 per

231 3529 442 3570 causam
470 3531 587 3586 qua:
615 3533 678 3572 ea:
705 3516 867 3572 nihilo
907 3519 990 3585 sit,
1046 3527 1096 3574 et
1138 3529 1251 3590 post
1279 3528 1477 3592 tempus
1514 3538 1615 3593 quo
1659 3540 1762 3578 non

230 3606 447 3678 fuerint,
470 3610 638 3680 fiant;
682 3610 794 3680 ipse
817 3626 934 3667 vero
960 3629 1074 3667 cum
1100 3629 1164 3668 ea:
1183 3630 1241 3669 eo
1270 3617 1335 3669 sit
1366 3616 1453 3687 qui
1478 3626 1573 3684 est,
1604 3633 1763 3687 neque

231 3716 331 3755 non
357 3701 666 3771 aliquando,
693 3719 855 3776 neque
893 3721 957 3761 ea:
998 3720 1157 3761 causa
1194 3706 1356 3763 nihilo
1395 3724 1636 3781 umquam
1672 3709 1763 3765 ob-

233 3795 390 3849 noxia
408 3796 587 3865 fuerit.

173 3882 574 3958 Objectantibus,
608 3889 671 3945 Si
696 3900 844 3947 natus
896 3902 988 3957 est,
1032 3894 1308 3966 aliquando
1342 3913 1444 3951 non
1495 3897 1629 3968 fuit;
1660 3914 1761 3953 non

231 3981 363 4034 enim
388 3981 489 4051 fuit
532 3993 806 4055 antequam
832 3996 1122 4042 nasceretur
1149 4004 1168 4043 :
1198 3988 1510 4059 Respondet,
1561 3990 1761 4046 Filium

235 4074 295 4128 ab
318 4083 513 4131 (eterna
536 4075 699 4133 Patre
725 4087 922 4145 natum,
948 4080 1159 4150 perinde
1184 4091 1431 4136 teternum
1454 4101 1578 4139 esse.

172 4163 243 4219 Ad
262 4167 314 4221 id
339 4171 482 4241 quod
507 4181 781 4239 reponunt,
817 4171 982 4227 Omne
1002 4174 1139 4243 quod
1170 4185 1346 4229 natmn
1371 4187 1462 4243 est,
1492 4193 1592 4242 non
1619 4178 1717 4250 fuit
1740 4194 1759 4245 ;

234 4261 349 4331 quia
376 4262 427 4315 in
458 4263 513 4317 id
534 4274 710 4320 natum
737 4274 807 4319 est
838 4274 893 4319 ut
915 4274 1039 4321 esset
1071 4282 1090 4320 :
1127 4265 1223 4321 hoc
1258 4266 1321 4322 de
1347 4266 1499 4323 rebus
1524 4268 1762 4326 humanis

240 4361 487 4427 concedit,
522 4369 674 4434 negat
700 4360 766 4415 de
791 4360 997 4427 divinis,
1023 4360 1077 4414 in
1120 4360 1303 4430 quibus
1349 4370 1407 4416 ut
1445 4378 1646 4433 semper
1686 4375 1761 4420 est

238 4454 416 4523 Pater,
444 4455 519 4510 ita
547 4465 592 4510 et
618 4470 816 4526 semper
843 4463 918 4510 est
953 4451 1119 4509 Filius
1156 4469 1175 4508 :
1209 4457 1355 4528 cujus
1381 4456 1620 4512 nativitas
1645 4473 1760 4513 cum

237 4558 350 4605 ante
372 4560 603 4621 tempora
643 4556 836 4605 wterna
873 4546 959 4613 sit,
1004 4562 1095 4602 nec
1122 4546 1341 4618 tempori
1370 4547 1614 4621 subjacet,
1666 4565 1759 4606 nec

238 4652 404 4698 nostro
430 4644 626 4697 sensui.

175 4730 369 4790 Instant
396 4752 415 4792 :
441 4736 504 4792 Si
533 4751 634 4790 non
661 4735 941 4809 percipitur
960 4751 1062 4790 non
1083 4735 1244 4806 fuisse
1268 4744 1542 4805 antequam
1586 4744 1755 4802 natus,

238 4827 526 4883 sentiendus
555 4838 629 4883 est
668 4838 819 4885 natus
839 4844 949 4883 esse
975 4829 1209 4900 quierat.
1254 4828 1455 4897 Quibus
1492 4831 1758 4903 responsio

237 4935 330 4989 est,
386 4925 615 4997 eumqui
667 4933 820 4980 natus
866 4924 1200 4993 praedicatur,
1257 4939 1361 4978 non
1388 4925 1586 4997 percipi
1615 4926 1761 4996 prius

240 5017 395 5088 fuisse
417 5034 437 5083 ;
461 5019 594 5074 sicut
616 5033 709 5073 nec
729 5016 948 5089 intelligi
983 5015 1268 5088 aliquando
1303 5032 1407 5072 non
1450 5017 1631 5088 fuisse,
1676 5018 1763 5089 qui

243 5126 435 5182 semper
463 5120 617 5167 natus
637 5110 874 5167 sentitur.

181 5197 353 5275 Neque
375 5205 623 5278 efficacius
651 5203 822 5259 Deum
846 5220 950 5259 non
979 5219 1177 5275 semper
1204 5213 1402 5277 patrem
1440 5204 1600 5276 fuisse
1640 5221 1764 5261 con-

242 5296 470 5367 fingunt;
508 5297 555 5351 si
592 5297 798 5368 quidem
838 5312 904 5352 ex
943 5295 1260 5362 Salomonis,
1302 5295 1474 5351 David
1514 5307 1560 5351 et
1602 5295 1762 5352 Pauli

242 5390 400 5445 verbis
417 5407 517 5447 non
543 5390 781 5463 ambigua
805 5398 879 5447 est
899 5388 1029 5445 Filii
1048 5391 1326 5447 atternitas.
1360 5389 1510 5446 Hanc
1544 5392 1619 5446 ita
1661 5392 1764 5447 evi-

248 5506 322 5580 (a)
351 5509 685 5565 Veterrimus
723 5508 891 5579 codex
936 5506 1105 5562 Vatic.
1131 5505 1246 5562 bas.
1290 5520 1502 5580 necnon
1538 5505 1768 5580 Tellen,

185 5574 408 5650 Remig"
430 5580 725 5650 Theod.ac
750 5574 975 5635 Cisterc.
1000 5580 1101 5634 hoc
1125 5592 1233 5647 prae
1254 5591 1312 5633 se
1339 5576 1771 5650 feruiitinilium:

1941 521 2130 576 alecula
2155 521 2446 593 fundatam,
2479 522 2568 578 sed
2588 532 2637 579 et
2662 533 2869 581 aeterna:
2899 542 3073 583 rerum
3100 530 3473 600 prceparationi

1940 613 2187 685 adfuisse,
2219 624 2267 671 et
2285 616 2494 686 perinde
2514 619 2715 674 aeternis
2737 627 3043 675 cowternam
3060 638 3173 677 esse
3199 623 3467 681 declarat:

1940 716 1997 761 ut
2043 705 2304 763 Christum
2346 717 2465 764 ante
2508 698 2734 765 Mariam
2778 714 3035 769 exstitisse
3078 713 3296 772 Judceus
3348 716 3470 773 hinc

1941 800 2170 854 convinci
2209 801 2364 873 facile
2396 803 2573 873 possit.

1868 890 2097 948 Moveret
2124 895 2255 963 forte
2281 894 2419 965 quod
2444 904 2669 949 creatam
2698 912 2752 952 se
2781 897 2939 966 dicat,
2971 898 3070 953 nisi
3108 915 3162 955 se
3187 899 3393 958 doceret
3415 911 3468 958 et

1939 988 2181 1056 genitam.
2209 984 2389 1059 Neque
2416 1004 2534 1044 vero
2558 989 2780 1062 idipsum
2808 992 3008 1049 duobus
3050 994 3213 1050 verbis
3260 997 3465 1068 signifi-

1939 1094 2082 1134 casse
2109 1080 2453 1135 existirnanda
2479 1091 2575 1150 est,
2603 1098 2719 1153 qute
2760 1095 2984 1139 creatam
3024 1102 3078 1141 se
3117 1103 3210 1157 per
3233 1103 3464 1160 causam,

1943 1184 2063 1231 ante
2089 1192 2301 1231 cantant
2329 1185 2497 1232 autem
2518 1179 2745 1250 genitam
2775 1180 3064 1250 proﬁtetur.

1867 1264 1957 1323 Ita
1978 1269 2133 1322 etiam
2175 1268 2297 1321 dum
2328 1267 2539 1325 Patrem
2568 1270 2746 1325 mundi
2775 1272 3133 1343 fabricatorem
3159 1288 3270 1328 esse
3297 1276 3464 1343 docet,

1939 1360 2152 1431 impium
2178 1362 2327 1416 illum
2372 1378 2576 1418 sensum
2622 1373 2814 1432 enecat,
2847 1381 2949 1435 quo
2994 1366 3161 1436 ipsam
3205 1368 3262 1421 in
3311 1383 3471 1437 opera

1942 1464 2168 1510 creatam
2196 1458 2268 1510 ita
2297 1457 2716 1528 interpretantur,
2750 1466 2806 1513 ut
2831 1459 3006 1513 seculi
3033 1460 3283 1531 efﬁciendi
3310 1476 3467 1516 causa

1939 1546 2173 1603 Christus
2206 1550 2427 1619 priurum
2455 1549 2662 1618 e/fectus
2699 1551 2766 1604 sit
2812 1568 2831 1607 :
2878 1566 2993 1606 cum
3032 1568 3134 1606 non
3161 1552 3466 1621 nativitatis,

1938 1641 2028 1697 sed
2053 1643 2451 1714 dispensationis
2476 1660 2584 1699 sua:
2601 1654 2832 1715 respectu
2859 1645 3096 1701 Christus
3117 1646 3286 1702 dictus
3314 1648 3382 1701 sit
3408 1647 3466 1701 in

1938 1749 2093 1803 opera
2119 1743 2354 1801 creatus;
2375 1752 2527 1804 quam
2552 1735 2758 1805 quidem
2783 1736 3219 1806 dispensationem
3261 1737 3325 1791 ab
3362 1737 3465 1792 ini-

1942 1830 2011 1884 tio
2032 1830 2209 1884 seaculi
2230 1828 2429 1897 obierit,
2462 1830 2586 1883 dum
2607 1846 2696 1900 per
2723 1839 3041 1902 assumptam
3073 1832 3230 1886 parite
3247 1830 3467 1887 creatio-

1940 1923 2020 1976 nis
2048 1922 2266 1991 speciem
2289 1920 2437 1987 Adte,
2471 1920 2620 1989 Cain,
2662 1920 2808 1989 Abel,
2834 1920 2972 1991 Noe,
3022 1923 3184 1995 Agar,
3224 1923 3466 1989 Abrahae,

1941 2012 2136 2084 Moysi,
2160 2011 2322 2067 Jacob
2344 2012 2562 2086 aliisque
2581 2012 2826 2068 Patribus
2842 2029 2894 2069 se
2914 2015 3308 2085 conspicabilem
3330 2030 3468 2086 prte-

1937 2107 2065 2162 buit.
2101 2105 2201 2161 Hic
2228 2107 2519 2179 attingitur,
2544 2123 2707 2179 neque
2731 2108 2964 2179 reﬁcitur
2997 2117 3053 2162 ut
3079 2109 3261 2181 impia,
3292 2108 3384 2164 sed
3406 2117 3466 2164 ut

1936 2200 2161 2265 indocta,
2193 2200 2536 2269 quorumdam
2561 2201 2933 2274 interpretatio,
2955 2202 3042 2273 qui
3062 2211 3306 2257 (sternam
3331 2216 3465 2274 quo-

1934 2309 2031 2364 que
2048 2292 2362 2347 nativitatem
2382 2293 2449 2347 ibi
2470 2303 2698 2350 creatum
2717 2309 2779 2349 ea
2795 2295 2904 2365 fere
2919 2296 3116 2351 ratione
3136 2295 3239 2350 dici
3254 2304 3468 2369 putant,

1934 2409 2033 2465 qua
2058 2390 2317 2449 Christum
2340 2408 2405 2447 ea:
2449 2392 2620 2448 Maria
2641 2408 2755 2448 vere
2799 2400 2995 2460 natum,
3049 2398 3244 2465 factum
3295 2402 3465 2449 tamen

1938 2486 2141 2544 Paulus
2170 2486 2510 2559 praedicarit:
2552 2496 2608 2542 ut
2648 2488 2893 2543 nimirum
2915 2488 3094 2543 'omnis
3142 2487 3197 2542 in
3243 2503 3465 2559 genera-

1863 2594 1885 2650 ξ
1936 2581 2073 2637 tione
2096 2579 2239 2635 illius
2264 2580 2517 2652 passionis
2543 2580 2715 2653 opinio
2764 2590 3079 2636 amoveatur.
3105 2578 3336 2634 Tandem
3365 2576 3467 2633 Hi-

1938 2674 2099 2729 larius
2125 2675 2443 2747 confessione
2463 2673 2587 2744 fidei
2607 2689 2715 2729 sua:
2737 2673 2801 2730 de
2817 2671 2999 2741 Patre,
3028 2670 3171 2728 Filio
3187 2682 3236 2728 et
3256 2670 3461 2744 Spiritu

1937 2768 2130 2825 Sancto
2152 2769 2339 2824 librum
2364 2768 2497 2823 hunc
2518 2784 2579 2822 ac
2601 2777 2761 2823 totum
2791 2784 2920 2839 apus
2945 2767 3181 2822 absolvit.

1938 2863 1991 2917 1.
2016 2861 2179 2936 m
2202 2861 2330 2935 Ipsa
2357 2861 2714 2917 lueretieorum
2744 2861 2939 2935 objecta
2968 2860 3161 2916 ducunt
3183 2857 3252 2914 ad
3271 2858 3462 2914 verita-

1867 2958 2093 3026 tennj—
2149 2956 2221 3030 (a)
2267 2956 2561 3014 Tendimus
2610 2955 2848 3023 tandem,
2883 2955 2996 3027 jam
3037 2960 3224 3010 sancto
3254 2951 3462 3021 Spiritu

1867 3058 2245 3121 prosequente,
2276 3050 2345 3106 ad
2390 3058 2561 3106 tutum
2599 3064 2803 3106 secura:
2831 3047 2958 3104 ﬁdei
3002 3045 3462 3119 tranquillumque

1867 3151 2101 3212 portum.
2134 3144 2310 3214 Atque
2348 3144 2422 3199 ita
2467 3153 2525 3197 ut
2559 3142 2727 3199 multo
2765 3142 2904 3197 mari
2945 3149 3212 3211 ventoque
3245 3136 3462 3209 iactatis

1789 3224 1835 3289 C
1868 3234 2113 3291 accidere
2141 3236 2440 3307 smpissime
2465 3236 2622 3304 solet,
2650 3244 2712 3292 ut
2730 3250 2854 3291 cum
2879 3249 2976 3291 eos
3012 3232 3154 3289 circa
3180 3244 3305 3288 oras
3329 3244 3459 3303 por-

1870 3336 2019 3384 tuum
2049 3329 2292 3402 impediti
2322 3337 2377 3387 et
2398 3346 2591 3403 graves
2608 3329 2802 3386 ﬂuctus
2819 3343 3224 3399 nonnumquam
3243 3341 3462 3383 moren-

1866 3429 1971 3490 tur,
2013 3423 2081 3479 ad
2127 3424 2371 3480 ultimum
2410 3424 2462 3480 in
2493 3431 2676 3480 notam
2721 3423 2824 3479 sibi
2863 3422 3135 3493 fidamque
3172 3420 3461 3477 stationem

1864 3517 1980 3589 ipse
2011 3518 2100 3574 ille
2143 3518 2374 3590 ingentis
2404 3517 2765 3590 terribilisque
2801 3516 2960 3572 undas
2998 3524 3163 3571 aestus
3193 3513 3455 3585 impellat.

1864 3609 2018 3680 Quod
2048 3612 2224 3680 nobis,
2249 3620 2307 3668 ut
2334 3626 2517 3684 spero,
2549 3610 2870 3668 duodecimo
2892 3609 2995 3665 hoc
3023 3608 3310 3665 adversum
3350 3605 3464 3662 hae-

1864 3707 2086 3763 reticam
2127 3715 2501 3780 tempestatem
2551 3704 2846 3762 nitentibus
2874 3704 3013 3760 libro
3050 3703 3368 3773 continget:
3401 3708 3463 3757 ut

1863 3815 1986 3856 cum
2018 3800 2070 3855 in
2099 3814 2165 3856 eo
2189 3800 2521 3873 gravissima:
2549 3799 2841 3870 impietatis
2868 3796 3053 3853 tluctui
3072 3795 3459 3853 communitam

1863 3894 2086 3967 puppim
2117 3898 2327 3961 damus,
2355 3895 2469 3967 ipse
2497 3894 2589 3950 ille
2620 3908 2717 3950 nos
2735 3894 2930 3949 ﬂuctus
2954 3892 3022 3948 ad
3045 3899 3242 3963 optatae
3262 3888 3462 3962 quietis

1862 3988 2041 4043 sinum
2073 3986 2325 4044 devehat.
2357 3986 2619 4043 Omnibus
2639 3987 2783 4043 enim
2815 3987 3021 4041 incerto
3048 3983 3310 4041 doctrina:
3330 3997 3463 4039 ven-

1864 4090 1919 4139 to
1946 4081 2310 4149 circumactis,
2369 4079 2495 4137 liinc
2541 4087 2737 4144 metus,
2779 4078 2906 4134 hinc
2964 4078 3290 4149 perieulum,
3333 4076 3463 4134 hinc

1864 4176 2028 4233 etiam
2050 4190 2196 4247 saepe
2222 4174 2555 4244 naufragium
2583 4181 2687 4238 est,
2709 4171 2833 4242 quia
2858 4168 3173 4242 unigenitus
3193 4170 3335 4224 Dens
3357 4169 3461 4227 sub

1864 4270 2177 4342 prepbetica
2215 4266 2535 4323 auctoritate
2569 4272 2816 4322 creatura
2859 4274 2983 4320 esse
3029 4260 3366 4318 defenditur:
3398 4269 3461 4319 ut

1864 4364 1919 4420 in
1949 4378 2016 4420 eo
2056 4377 2166 4419 non
2195 4361 2266 4417 sit
2287 4359 2561 4427 nativitas,
2592 4357 2690 4415 sed
2717 4358 2944 4425 creatio,
2972 4357 3097 4429 quia
3126 4372 3196 4415 ex
3224 4354 3459 4428 persona

1861 4457 2151 4529 Sapientia:
2176 4454 2381 4510 dictum
2407 4461 2512 4523 est,
2537 4452 2786 4509 Dominus
2815 4452 3003 4509 creavit
3024 4468 3101 4508 me
3122 4451 3329 4507 initium
3348 4451 3464 4507 via-

1861 4564 1977 4606 rum
2018 4563 2233 4604 suarum
2273 4546 2458 4621 (Prov.
2501 4548 2619 4615 vin,
2652 4545 2773 4618 ξε).
2799 4543 2875 4619 (b)
2906 4544 3004 4602 llic
3032 4544 3229 4602 hiemis
3271 4559 3462 4600 eorum

1785 4624 1841 4687 D
1865 4645 2135 4701 maximus
2156 4641 2352 4699 ﬂuctus
2372 4650 2476 4711 est,
2496 4641 2614 4698 haec
2630 4642 2857 4698 tortuosi
2878 4639 3108 4696 turbinis
3127 4639 3462 4711 gravisunda

1862 4745 1979 4796 est:
2006 4754 2125 4810 qua:
2151 4744 2381 4808 excepta
2415 4752 2447 4792 a
2470 4735 2647 4802 nobis,
2677 4744 2730 4791 et
2755 4748 2947 4791 securo
2976 4731 3187 4804 navigio
3214 4731 3462 4801 infracta,

1861 4848 2035 4905 usque
2061 4832 2128 4889 ad
2149 4834 2324 4903 ipsum
2342 4844 2444 4889 nos
2463 4830 2790 4889 tutissimum
2822 4837 3038 4900 portum
3066 4826 3235 4898 optati
3260 4824 3460 4885 littoris

1865 4927 2232 4998 prosequitur.

1937 5020 1993 5075 2.
2027 5016 2178 5076 Certa
2216 5019 2282 5075 de
2310 5015 2455 5075 Filio
2482 5017 2605 5087 ﬁdei
2642 5012 2933 5072 veritas.'—
2963 5013 3083 5071 Non
3108 5014 3331 5072 incertis
3367 5029 3465 5073 au-

1868 5120 1975 5170 tem
2004 5126 2181 5183 neque
2206 5111 2418 5177 otiosis,
2448 5119 2732 5166 nautarum
2754 5107 2939 5177 modo,
2971 5108 3197 5165 nitimur
3227 5109 3459 5181 spebus:

1865 5221 2003 5279 quos
2029 5205 2301 5262 interdum
2332 5204 2476 5260 votis
2507 5204 2680 5276 magis
2711 5216 2870 5275 quam
2899 5202 3095 5261 ﬁducia
3122 5207 3461 5277 navigantes,

1864 5300 1985 5372 vagi
2023 5299 2408 5371 instabilesque
2440 5297 2590 5354 venti
2616 5306 2709 5354 aut
2733 5297 3007 5366 deserunt,
3042 5306 3136 5355 aut
3161 5298 3458 5371 depellunt.

1864 5391 2133 5452 Caeterum
2169 5391 2326 5448 nobis
2365 5390 2521 5448 adest
2559 5388 2636 5463 (ε)
2665 5390 3043 5462 inseparabilis
3073 5390 3197 5447 ﬁdei
3230 5390 3466 5462 Spiritus

1946 5504 2018 5581 (c)
2047 5504 2213 5574 Editi,
2248 5503 2651 5581 insuperabilis;
2690 5502 3048 5581 renitentibus
3080 5518 3465 5581 _magno_c_on-

1876 5574 2042 5636 sensu
2084 5592 2217 5634 mss.
2248 5576 2347 5632 Hic
2372 5574 2620 5647 quaedam
2651 5583 2736 5631 est
2754 5574 3050 5647 antithesis
3079 5576 3220 5631 inter
3240 5576 3466 5643 spiritus

186 5648 312 5722 Lege
333 5646 489 5713 frater
510 5654 566 5707 in
587 5649 792 5706 Christo
823 5660 868 5705 et
894 5666 1099 5705 sensum
1125 5646 1631 5705 accommoda.Tum
1649 5664 1772 5707 cum
1875 5660 2159 5722 ventorum
2190 5650 2280 5722 qui
2299 5657 2517 5722 “nautas
2547 5661 2694 5717 saepe
2734 5646 3009 5715 deserunt,
3039 5656 3095 5703 et
3124 5647 3384 5722 Spiritum
3406 5651 3469 5703 ti-

192 5722 308 5778 uliis
338 5724 554 5792 habent,
589 5722 887 5788 Tendimus,
905 5731 1011 5779 etc.

1882 5722 1967 5778 dei
1998 5721 2148 5794 quia
2190 5719 2440 5794 ﬁdelibus
2484 5734 2778 5794 numquam
2826 5728 3129 5794 separatur.
3156 5720 3290 5794 Item
3341 5735 3468 5794 vera

261 5793 335 5867 (ὑ)
363 5789 698 5855 ιίάωιϊωδε.
735 5808 950 5855 necnon
989 5792 1205 5853 Martia.
1253 5791 1343 5851 hic
1381 5793 1696 5864 subtexunt,-
1723 5794 1778 5851 in
1883 5789 2644 5867 ﬁdes'opponiturpravitati
2668 5789 3068 5867 lia'rclicorum,
3100 5792 3191 5863 qui
3237 5791 3473 5867 prophe-

198 5879 340 5932 opere
367 5883 472 5923 suo.

1889 5866 2054 5924 ticum
2081 5858 2137 5924 et
2158 5858 2524 5937 evangelicum
2555 5863 2819 5938 Spiritum
2844 5861 3085 5923 dividere
3108 5858 3483 5923 mox'comm.
