3936 6196
113 293 220 351 457

1296 288 1387 346 DE
1435 285 1812 347 TBINITA'I‘E
1838 288 2049 349 LIBER
2081 289 2197 349 XII.

3310 304 3419 363 458

120 413 295 486 ptione
312 417 542 466 natura.
567 406 695 464 Haec
710 406 854 463 enim
876 406 1056 463 omnia
1077 414 1341 463 creaturae
1357 405 1577 478 propria
1593 390 1718 464 esse
1742 411 1798 475 Α
1822 407 1969 463 enim
1998 406 2205 464 eaedem
2225 408 2592 466 venerationis
2616 407 2859 479 ejusdem
2884 416 3051 468 sunt:
3081 411 3154 485 (ε)
3181 413 3305 485 quia
3328 427 3422 472 aut

120 501 412 575 Apostolus
441 502 601 557 docet
628 518 642 554 :
671 513 702 554 a
731 498 928 571 quibus
946 512 1043 570 per
1064 498 1412 570 longinquam
1432 506 1718 569 exspecta-

122 600 315 652 tionem
338 590 647 659 liberanda,
678 595 975 648 secundum
1014 592 1306 648 humanam
1334 592 1564 664 gloriam
1599 591 1714 648 cla-

122 696 310 744 rescet.
341 687 414 741 Et
441 703 477 742 o
502 684 900 756 imprudentem
922 684 992 742 de
1013 684 1127 740 Deo
1151 694 1315 756 atque
1344 684 1562 755 impiam
1589 698 1717 754 pro-

124 782 431 847 fessionem,
492 778 579 833 his
650 793 772 834 eum
829 793 926 847 per
1007 787 1275 834 creaturae
1328 777 1715 833 contumeliam

125 873 358 931 ludibriis
411 872 698 945 deputare,
731 880 790 926 ut
826 879 1030 942 speret,
1061 880 1122 927 ut
1168 872 1391 941 serviat,
1415 880 1475 928 ut
1498 882 1717 927 coactus

126 970 204 1034 sit,
236 966 309 1039 (a)
347 977 409 1023 ut
451 965 702 1035 cognitus
731 964 824 1031 sit,
854 971 918 1019 ut
943 963 1253 1021 liberandus
1300 966 1373 1020 sit
1401 966 1453 1019 in
1496 974 1707 1032 nostra,

126 1077 224 1117 non
250 1061 302 1115 in
345 1073 470 1127 sua,
502 1073 625 1115 cum
680 1058 751 1114 de
798 1058 913 1114 suis
941 1072 1042 1114 nos
1082 1057 1150 1113 ad
1201 1058 1405 1129 aliquid
1446 1057 1715 1129 proveha-

125 1171 255 1211 mur.

187 1248 237 1303 6.
270 1247 334 1303 Si
362 1255 606 1301 creatura
648 1254 745 1314 est,
784 1253 1022 1299 creatura
1052 1245 1246 1314 pariter
1273 1251 1348 1299 est
1374 1242 1574 1298 Pater:
1596 1244 1719 1313 quia

127 1338 259 1395 Filio
287 1348 473 1394 natura
501 1349 577 1394 est
616 1336 814 1394 Patris.
845 1336 1151 1393 Exinanitio
1204 1336 1353 1391 Verbi
1378 1346 1456 1391 est
1484 1335 1714 1391 abolitio.

126 1434 310 1491 -—Scd
350 1435 605 1506 impietas
644 1443 832 1490 nostra
857 1449 980 1489 cum
1007 1433 1212 1505 ingenti
1268 1432 1509 1503 perﬁdia:
1542 1434 1717 1489 incre—

131 1536 299 1582 mento
325 1542 423 1596 per
455 1528 596 1582 hanc
622 1526 827 1583 illicita:
854 1528 1004 1582 vocis
1031 1525 1309 1581 audaciam
1339 1524 1579 1595 procedit
1604 1545 1617 1580 :
1659 1533 1719 1580 ut

1820 514 2067 555 summus
2111 499 2287 556 honor
2328 500 2547 573 indigne
2603 500 2950 559 inferioribus
2986 502 3281 575 deleretur,
3329 518 3423 565 aut

1821 604 1946 647 cum
1966 594 2295 649 contumelia
2316 594 2659 665 superiorum
2685 593 2940 650 inferiora
2963 595 3047 651 his
3066 601 3421 669 aequabuntur

1820 683 1876 738 in
1905 685 2133 739 honore.
2160 684 2330 741 Filius
2357 696 2536 741 autem
2566 684 2631 759 (Ι)
2660 686 2707 741 si
2736 696 2794 741 ut
2819 689 3025 744 creatio
3054 691 3233 760 potius
3259 707 3419 760 quam

1819 776 2073 831 nativitas
2098 776 2189 845 sit,
2221 791 2319 848 per
2365 780 2769 834 venerationem
2801 778 2882 853 (g)
2910 784 3283 852 exaequabitur
3318 784 3421 839 Pa-

1820 869 1891 923 tri
1923 885 1940 936 ;
1970 869 2115 925 nulla
2153 871 2311 926 nobis
2356 870 2545 943 religio
2573 872 2792 927 honoris
2831 873 2898 928 ad
2931 873 3145 930 Patrem
3171 884 3276 945 est,
3299 890 3419 933 cum

1822 969 1969 1017 tanta
2013 962 2176 1018 nobis
2209 964 2326 1033 ejus
2355 964 2635 1019 veneratio
2663 965 2910 1034 imposita
2962 967 3052 1034 sit,
3087 977 3286 1039 quanta
3333 979 3418 1026 est

1819 1061 2116 1110 creaturae:
2166 1052 2263 1109 sed
2309 1054 2433 1125 quia
2482 1054 2596 1110 Deo
2648 1054 2791 1126 patri
2814 1055 2872 1111 in
2901 1070 2988 1124 eo,
3042 1059 3184 1129 quod
3240 1074 3307 1116 ex
3356 1076 3422 1117 eo

1821 1144 1964 1200 Deus
1990 1154 2075 1201 est
2103 1152 2282 1214 natus,
2309 1146 2534 1218 aequalis
2558 1154 2641 1201 est
2664 1163 2680 1213 ;
2709 1160 2794 1202 est
2813 1151 2975 1204 etiam
2996 1152 3219 1222 aequalis
3241 1151 3297 1208 in
3323 1152 3422 1210 ho-

1820 1251 1974 1292 nore.
2002 1236 2170 1293 Filius
2199 1237 2341 1293 enim
2366 1247 2469 1306 est,
2505 1254 2613 1293 non
2638 1247 2909 1295 creatura.

1891 1328 1945 1384 8.
1977 1326 2121 1383 Deus
2162 1326 2395 1400 partibus
2428 1344 2610 1384 carens
2638 1346 2702 1384 ea:
2747 1340 2890 1386 utero
2936 1331 3126 1387 dicitur
3167 1335 3420 1405 genuisse,

1818 1423 1938 1494 quia
1965 1438 2029 1477 ea:
2046 1439 2119 1478 se.
2156 1422 2352 1477 Filium
2370 1423 2435 1476 de
2461 1422 2622 1478 nihilo
2647 1423 2931 1480 volentibus
2951 1441 3055 1480 non
3082 1431 3301 1500 suppetit
3322 1430 3422 1486 loci

1820 1514 1945 1569 dicti
1965 1531 2161 1570 sensus.
2178 1544 2250 1555 --
2269 1515 2337 1570 Ει
2358 1514 2474 1570 haec
2492 1515 2562 1571 de
2578 1516 2671 1570 illo
2694 1518 2947 1587 praeclara
2970 1533 3077 1574 vox
3097 1518 3272 1576 Patris
3293 1529 3379 1578 est
3399 1563 3416 1590 ,

126 1622 234 1692 quia
263 1619 432 1674 Filius
453 1629 708 1675 creatura
738 1620 828 1686 sit,
861 1619 1023 1675 Pater
1056 1633 1272 1690 quoque
1302 1633 1408 1674 non
1449 1617 1664 1673 dill‘erat
1685 1631 1716 1673 a
1821 1605 1908 1662 Επ
1942 1617 2084 1661 utero
2122 1615 2240 1669 ante
2277 1606 2549 1677 luciferum
2599 1609 2752 1679 genui
2783 1617 2849 1663 te.
2895 1608 3011 1664 Non
3043 1611 3422 1681 praejudicatur

126 1722 370 1767 creatura.
403 1708 663 1767 Christus
705 1711 850 1767 enim
895 1710 950 1765 in
994 1710 1165 1765 forma
1191 1710 1290 1765 Dei
1326 1723 1572 1775 manens,
1602 1708 1717 1764 for-

1830 1705 1999 1753 autem
2030 1698 2165 1766 Deo,
2215 1706 2274 1755 ut
2301 1712 2448 1768 saepe
2472 1698 2585 1769 jam
2634 1698 2892 1768 diximus,
2923 1714 3021 1770 per
3054 1701 3420 1759 inﬁrmitatem

128 1819 252 1877 mam
280 1803 422 1859 servi
449 1804 703 1874 accepit:
734 1811 791 1857 et
819 1803 910 1873 qui
940 1801 997 1858 in
1027 1801 1201 1858 forma
1230 1801 1325 1857 Dei
1353 1809 1456 1867 est,
1485 1802 1531 1857 si
1561 1815 1712 1857 crea-
1748 1806 1797 1869 B
1824 1801 2024 1846 ηοδιτίθ
2065 1790 2471 1861 ἱηιθιιίεειιιίειις
2508 1799 2567 1846 ιιι
2606 1806 2706 1861 Per
2736 1792 2813 1860 id.
2845 1792 2987 1863 (ιιιοά
3036 1810 3099 1849 ex
3140 1803 3283 1851 ιιιενο
3322 1811 3415 1867 ge-

130 1908 229 1954 ιιιη
256 1906 338 1954 εει
365 1939 381 1964 ,
415 1896 562 1953 Deus
600 1913 709 1952 non
738 1896 913 1952 aberit
938 1912 969 1952 ει
995 1904 1265 1963 creatura,
1297 1896 1423 1966 quia
1454 1896 1505 1949 in
1540 1895 1713 1951 forma
1818 1885 2004 1941 nuisse
2044 1899 2105 1940 se
2142 1884 2281 1941 dixit
2319 1883 2495 1957 (Psal.
2542 1899 2653 1951 CIX,
2682 1884 2763 1956 5),
2792 1900 2860 1941 ex
2902 1887 3145 1957 partibus
3189 1888 3423 1947 internis

134 1992 216 2048 Dei
252 1992 319 2047 sit
345 2001 623 2048 creatura.
660 1991 796 2046 Esse
832 1999 1010 2046 autem
1044 1991 1097 2045 in
1135 1990 1305 2045 forma
1336 1989 1449 2058 Dei,
1477 2004 1583 2045 non
1610 1989 1716 2044 alia
1818 1977 2171 2049 enemiqu
2197 1992 2293 2049 ρετ
2315 1977 2558 2034 ιι)εωῦΐὸ
2584 1979 2929 2047 οοθυιιῑίῦυε,
2975 1988 3248 2052 tanquam
3297 1998 3423 2039 cor-

129 2081 464 2153 intelligentia
508 2090 614 2150 est,
661 2097 824 2152 quam
857 2081 908 2136 in
936 2080 1033 2136 Dei
1072 2095 1294 2136 manere
1340 2090 1571 2135 natura:
1619 2094 1718 2150 per

129 2176 257 2249 quod
302 2184 358 2232 ει
403 2177 555 2232 Deus
603 2184 853 2232 creatura
896 2172 1059 2247 412
1097 2183 1203 2240 εει,
1252 2174 1378 2245 quia
1425 2175 1479 2228 in
1526 2183 1719 2229 natura
1768 2228 1775 2233 .

129 2273 232 2341 ejus
265 2271 336 2326 sit
363 2280 646 2326 creatura.
678 2269 778 2339 Qui
806 2278 986 2325 autem
1014 2269 1067 2323 in
1109 2268 1281 2324 forma
1315 2269 1407 2324 Dei
1435 2276 1572 2333 erat,
1606 2268 1718 2326 Deo

132 2377 183 2419 se
202 2362 456 2434 aequalem
488 2376 616 2418 esse
640 2376 749 2417 non
779 2359 955 2432 rapuit
981 2376 996 2424 ;
1025 2360 1145 2430 quia
1175 2373 1241 2415 ex
1266 2359 1359 2415 Dei
1390 2359 1716 2429 mqualitate,

133 2456 176 2510 id
190 2464 284 2524 est,
309 2470 373 2511 es
406 2458 587 2512 forma
611 2454 731 2525 ejus
765 2454 819 2509 in
854 2452 996 2509 servi
1025 2450 1253 2507 formam
1307 2450 1593 2508 decederet
1620 2450 1717 2523 (V.

133 2549 211 2603 lib.
239 2564 309 2616 ιι,
332 2566 388 2603 n.
421 2546 542 2620 M).
579 2546 851 2603 Decedere
879 2554 1059 2601 autem
1088 2560 1157 2601 es
1193 2544 1303 2600 Deo
1335 2543 1391 2599 in
1420 2544 1715 2611 hominem,

131 2642 220 2697 nisi
263 2655 321 2697 se
368 2655 437 2697 ex
485 2639 587 2696 Dei
640 2640 812 2695 forma
859 2638 1002 2693 Deus
1041 2651 1331 2704 evacuans,
1367 2651 1474 2691 non
1523 2635 1715 2706 potuit.

134 2734 391 2789 Evacuans
434 2743 624 2789 autem
654 2747 714 2787 se
754 2746 864 2786 non
909 2729 1141 2786 abolitus
1169 2739 1273 2795 est,
1324 2730 1402 2803 (b)
1429 2744 1497 2784 ne
1525 2737 1709 2795 esset;

133 2840 238 2881 cum
267 2834 408 2882 esset
432 2825 587 2880 aliud
613 2838 773 2893 quam
802 2822 1012 2880 fuisset.
1044 2821 1228 2892 Neque
1256 2821 1399 2876 enim
1425 2819 1623 2877 defecit
1650 2835 1720 2877 ex

135 2932 257 2986 sese,
284 2920 369 2990 qui
399 2934 464 2975 se
513 2919 794 2974 evacuavit
817 2917 871 2972 in
925 2932 1077 2973 sese:
1108 2931 1230 2973 cum
1279 2915 1494 2971 virtutis
1519 2914 1592 2989 (ε)
1621 2930 1719 2986 ρο·

137 3020 281 3067 testas
306 3012 470 3067 etiam
529 3010 584 3066 in
612 3008 910 3067 evacuaudi
951 3024 1012 3066 se
1056 3018 1325 3080 potestate
1362 3018 1715 3079 permaneat;

137 3104 249 3158 etin
277 3102 511 3159 fortnam
542 3103 689 3159 servi
736 3102 1020 3169 transisse,
1069 3116 1179 3156 non
1222 3102 1296 3156 sit
1338 3111 1587 3156 naturam
1621 3100 1718 3157 Dei

1823 2072 2096 2142 poraliutn
2118 2086 2402 2127 causarum
2424 2070 2727 2142 originibus
2751 2074 3049 2130 consistat:
3102 2088 3226 2130 cum
3268 2085 3422 2132 extra

1820 2168 2151 2222 naturalium
2181 2165 2570 2222 necessitatum
2617 2178 2836 2223 causam
2864 2166 3007 2225 liber
3045 2179 3210 2241 atque
3260 2173 3424 2228 abso-

1824 2262 1988 2328 lutus,
2018 2270 2228 2317 natum
2257 2262 2421 2317 totius
2451 2261 2708 2318 dominus
2754 2278 3002 2333 manens,
3032 2268 3422 2338 proprietatem

1823 2352 2119 2409 nativitatis
2147 2350 2420 2423 Unigeniti
2441 2354 2524 2409 sui
2550 2368 2618 2409 ex
2646 2354 3052 2413 indemutahilis
3080 2367 3292 2415 natura:
3311 2373 3424 2416 sua:

1822 2446 2016 2500 virtute
2029 2443 2400 2514 signiﬁcet.Ex
2415 2444 2604 2515 spiritu
2621 2445 3156 2519 enim413spiritus
3171 2464 3420 2519 nascens,

1830 2538 1958 2595 licet
1986 2538 2053 2595 de
2083 2537 2413 2608 proprietate
2438 2538 2682 2609 spiritus,
2713 2554 2811 2610 per
2839 2555 3001 2611 quam
3028 2548 3085 2596 et
3114 2543 3229 2614 ipse
3258 2545 3423 2615 spiri-

1822 2642 1908 2690 tus
1925 2642 2031 2699 est,
2063 2642 2346 2689 nascatur:
2369 2646 2478 2688 non
2495 2639 2674 2688 tamen
2701 2632 2805 2687 alia
2818 2634 2867 2688 ei
2892 2643 3089 2703 praeter
3110 2651 3271 2707 quam
3300 2652 3425 2708 per-

1821 2727 2083 2783 fectarum
2112 2724 2193 2798 (It)
2230 2734 2394 2797 atque
2448 2725 2913 2782 indemutabilium
2956 2743 3244 2785 causarum
3274 2729 3346 2785 ad
3370 2730 3425 2786 id

1823 2818 1965 2891 quod
2000 2820 2239 2875 nascitur
2276 2833 2437 2875 causa
2485 2828 2588 2875 est.
2619 2819 2687 2875 Et
2712 2835 2776 2876 ex
2808 2834 2971 2877 causa
3016 2821 3143 2878 licet
3185 2823 3422 2894 perlecta

1823 2919 1987 2981 atque
2014 2911 2382 2967 indemutabili
2427 2925 2675 2979 nascens,
2708 2925 2934 2968 necesse
2971 2920 3057 2969 est
3082 2928 3149 2969 ex
3173 2928 3335 2970 causa
3365 2916 3422 2972 in

1823 3018 2004 3060 causae
2030 3005 2199 3075 ipsius
2243 3006 2573 3076 preprietate
2602 3017 2871 3062 nascatur.
2906 3006 3213 3077 Proprietas
3238 3017 3421 3065 autem

1831 3095 2188 3151 humanarum
2221 3095 2286 3169 (i)
2315 3099 2701 3155 necessitatum
2730 3098 2869 3153 intra
2898 3112 3089 3155 causas
3122 3099 3261 3156 uteri
3290 3115 3423 3157 con-

137 3195 430 3265 perdidisse,
466 3210 595 3251 cum
641 3194 869 3250 formam
917 3193 1012 3249 Dei
1058 3207 1349 3249 evacuasse
1392 3192 1527 3248 nihil
1572 3191 1717 3248 aliud
1746 3204 1791 3269 ρ
1826 3189 2045 3247 tinetur.
2071 3189 2177 3245 Sed
2207 3190 2318 3246 Deo
2340 3205 2448 3246 non
2495 3206 2562 3247 ex
2618 3191 2860 3262 partibus
2907 3190 2975 3264 (i)
3023 3193 3284 3264 perfecto,
3325 3195 3424 3251 sed

137 3303 275 3359 quam
302 3290 473 3345 virtus
505 3288 704 3345 divinas
729 3288 800 3343 sit
826 3287 1132 3358 potestatis.

197 3386 244 3441 7.
273 3384 410 3442 Filio
460 3386 676 3441 debetur
711 3385 878 3440 honor
904 3382 1117 3455 aqualis
1146 3380 1315 3437 Patri.
1339 3411 1413 3423 —
1441 3379 1595 3437 Adeo
1622 3394 1717 3435 au-

142 3487 231 3533 tem
258 3480 509 3538 informa
536 3479 632 3535 Dei
662 3493 804 3543 esse,
848 3478 983 3532 nihil
1028 3475 1171 3531 aliud
1200 3484 1287 3531 est
1327 3489 1490 3546 quam
1530 3489 1715 3544 aequa-

142 3571 228 3628 lem
257 3574 363 3631 Deo
405 3589 571 3631 esse:
622 3582 683 3628 ut
724 3571 1006 3643 aequalitas
1055 3568 1277 3625 honoris
1308 3567 1539 3625 Domino
1587 3567 1716 3624 Jesu

138 3664 355 3736 Christo,
374 3669 466 3739 qui
498 3667 554 3721 in
584 3666 756 3721 forma
778 3664 872 3719 Dei
899 3674 1004 3731 est,
1029 3662 1310 3731 debeatur,
1338 3662 1455 3733 ipso
1476 3660 1713 3718 dicente:

146 3753 202 3809 Ut
223 3774 382 3815 omnes
416 3758 764 3830 honoriﬁcent
798 3755 1018 3824 Filium,
1066 3756 1197 3810 sicut
1225 3753 1571 3825 honoriﬁcam
1612 3752 1716 3808 Pa-

146 3862 270 3909 trem.
300 3854 395 3923 Qui
416 3870 530 3910 non
551 3852 866 3923 Itonoriﬁcat
906 3849 1127 3914 Filium,
1156 3865 1260 3904 non
1284 3847 1586 3918 honori/ient
1608 3846 1717 3902 Pa-

145 3954 253 4001 trem
275 3949 357 4019 qui
381 3947 524 4003 misit
564 3946 716 4001 illum
747 3946 927 4018 (Joan.
959 3962 1016 4009 v,
1042 3944 1162 4014 23).
1204 3943 1506 4013 Numquam
1537 3941 1718 3998 diver-

147 4037 259 4095 sitas
281 4055 482 4111 rerum,
534 4040 640 4096 nisi
670 4048 724 4096 et
753 4038 833 4111 (ιι)
873 4039 928 4094 in
974 4040 1179 4095 honore
1217 4037 1436 4094 diverso
1463 4045 1567 4109 est.
1610 4036 1716 4093 Res

204 4221 274 4293 (a)
298 4222 501 4290 Verba,
532 4231 588 4277 ut
614 4222 848 4294 cognitus
873 4223 959 4288 sit,
988 4236 1109 4294 qum
1124 4236 1321 4294 magno
1344 4235 1613 4277 consensu
1631 4219 1718 4276 ha-

154 4291 261 4347 bent
286 4310 410 4350 mss.
440 4296 556 4349 sola
590 4291 756 4349 Mirati
780 4293 946 4348 editio
973 4291 1584 4361 retinuit.’Quamquam
1629 4300 1715 4347 at-

150 4365 400 4422 tendentes
428 4367 564 4421 illud
606 4366 777 4426 Pauli,
810 4363 937 4436 Ipsa
956 4374 1192 4436 creatura
1218 4363 1519 4436 liberabitur
1548 4381 1580 4417 a
1607 4379 1712 4417 ser-

154 4436 285 4490 vitute
303 4437 671 4508 corruptionis,
712 4435 921 4490 necnon
953 4435 1054 4490 hoc
1088 4436 1297 4501 Hilarii,
1331 4435 1520 4489 Seruus
1546 4445 1716 4489 autem

150 4521 241 4559 cum
262 4510 338 4574 sit,
368 4520 575 4563 maneat
624 4509 773 4561 etiam
799 4508 854 4560 in
884 4508 1206 4576 corruptione
1233 4517 1453 4571 naturaz,
1490 4520 1584 4573 pro
1624 4522 1713 4560 co-

150 4578 295 4659 gnitus
319 4578 711 4636 restituendum
743 4594 865 4635 esse
892 4589 1163 4649 corruptus
1193 4577 1353 4634 dubio
1382 4577 1579 4649 :procul
1612 4576 1712 4631 du-

151 4662 315 4705 minus.

210 4719 272 4789 (b)
309 4722 467 4787 Editi,
496 4730 551 4776 ut
573 4737 675 4775 non
703 4730 855 4775 esset.
895 4719 1115 4790 Aliquot
1143 4733 1278 4775 mss.
1325 4735 1389 4773 ne
1417 4734 1519 4773 non
1568 4728 1716 4774 esset.

152 4789 212 4862 At
236 4795 542 4849 vetustiores
573 4810 637 4847 ne
655 4802 802 4846 esset.
836 4791 1100 4847 Particula
1131 4808 1211 4856 ne,
1245 4804 1343 4862 pro
1362 4801 1417 4845 ut
1443 4806 1546 4845 non
1568 4790 1716 4846 Hila-

152 4860 221 4916 rio
239 4865 382 4921 valde
409 4862 692 4919 familiaris
724 4871 825 4917 est.

213 4936 275 5005 (c)
302 4935 354 4990 ln
394 4936 523 4991 edit.
569 4935 689 4990 Μὶν.
718 4942 777 4988 ιιι
805 4932 858 4988 in
910 4948 1041 4988 mss.
1096 4933 1217 4989 Vat.
1266 4932 1387 5005 bas.
1414 4942 1465 4986 et
1506 4931 1720 4990 Martio.

153 5000 228 5058 hie
242 5000 477 5076 adjicitur
498 5022 626 5061 suat.
653 5006 979 5061 Potestatem
1009 5005 1151 5059 illam
1174 5005 1248 5060 ita
1279 5005 1331 5058 in
1357 5002 1572 5059 Christo
1598 5020 1721 5071 per-

155 5079 409 5154 mansisse,
438 5089 495 5135 ut
531 5094 595 5136 ea
631 5078 793 5133 etiam
838 5078 1109 5154 interdum
1142 5085 1402 5143 uteretur,
1455 5076 1722 5145 superiori

154 5142 271 5202 libro
294 5142 566 5217 probatum
596 5158 683 5205 est
711 5163 857 5202 nun).
882 5149 973 5205 48.

157 5301 185 5339 n
213 5217 465 5345 (gglidem
493 5236 623 5277 tnss.
665 5220 719 5273 in
758 5220 939 5275 honori
971 5219 1260 5277 diversitate
1288 5227 1381 5271 est.
1413 5217 1479 5273 γ.
1517 5216 1608 5273 lib.
1639 5234 1715 5285 ιιι,

1741 4638 1795 4700 Ι)

1823 3284 2194 3342 indemutabili
2235 3301 2335 3357 per
2376 3287 2625 3357 spiritum
2649 3328 2668 3357 ,
2713 3288 2838 3359 quia
2880 3288 3024 3345 Deus
3070 3289 3292 3360 spiritus
3336 3302 3423 3349 est

1823 3380 2005 3456 (Joan.
2028 3383 2230 3454 “,24),
2253 3398 2361 3440 non
2374 3393 2458 3440 est
2483 3384 2817 3440 internarum
2848 3397 3133 3441 causarum
3162 3387 3422 3444 naturalis

1822 3474 2139 3533 necessitas.
2203 3476 2311 3534 Sed
2353 3480 2479 3549 quia
2506 3478 2662 3535 nobis
2709 3481 2931 3551 spiritus
2951 3483 3020 3540 de
3049 3484 3241 3555 spiritu
3284 3486 3426 3542 nati-

1824 3568 2043 3624 vitatem
2100 3569 2448 3639 praedicabat,
2501 3585 2719 3629 sensum
2748 3582 2994 3630 nostrum
3021 3573 3101 3649 (It)
3128 3591 3413 3636 causarum

1822 3671 2133 3719 nostrarum
2160 3662 2395 3721 instituit
2424 3665 2711 3738 exemplo;
2744 3681 2853 3724 non
2872 3669 2927 3724 in
2953 3672 3262 3743 exemplum
3285 3673 3425 3731 nati-

1819 3757 2024 3823 vitatis,
2057 3756 2152 3813 sed
2176 3757 2245 3813 ad
2273 3757 2684 3830 intelligentiam
2712 3762 3112 3832 generationis;
3139 3773 3199 3819 ut
3227 3779 3417 3822 exem-

1820 3850 1968 3921 plum
1996 3850 2129 3906 illud
2151 3866 2259 3906 non
2278 3851 2347 3906 ad
2376 3853 2754 3908 necessitatem
2783 3855 3047 3924 proﬁciat,
3072 3855 3169 3914 sed
3195 3856 3263 3913 ad
3292 3872 3419 3914 sen-

1821 3956 1965 3997 sum.
1991 3942 2048 3998 Si
2069 3942 2233 4014 igitur
2273 3942 2483 3998 creatio
2512 3950 2599 4000 est
2644 3944 2949 4015 unigenitus
2980 3947 3125 4004 Deus
3159 3966 3172 4002 :
3206 3958 3261 4005 et
3290 3950 3420 4021 quid

1822 4035 1924 4091 sibi
1955 4034 2069 4091 vult
2112 4035 2438 4107 signiﬁcatio
2480 4035 2880 4107 intelligentiae,
2909 4053 3030 4108 qua:
3058 4054 3157 4111 per
3184 4054 3417 4097 consue-

1822 4220 1945 4276 Vat.
1971 4220 2110 4289 bas.,
2134 4219 2324 4283 Corb.,
2355 4218 2594 4290 Remig.,
2617 4219 2833 4278 Martin.
2861 4231 2968 4278 etc.
3001 4224 3349 4283 restituentes
3376 4230 3421 4284 si

1821 4301 1877 4346 ut
1898 4293 2123 4367 creatio,
2141 4290 2458 4360 particulam
2487 4293 2708 4367 itaante
2732 4302 2784 4347 ut
2806 4293 3023 4367 tacitam
3044 4296 3418 4367 intelligimus,

1821 4374 1980 4446 puta,
2019 4364 2195 4446 sihita
2229 4378 2319 4433 per
2346 4363 2720 4419 venerationem
2760 4366 3106 4435 eawquabitur
3150 4363 3322 4436 Patri,
3367 4363 3419 4426 ut

1822 4443 2012 4490 creatio
2036 4443 2124 4502 sit,
2148 4443 2251 4490 etc.

1892 4529 1969 4606 (gl
2000 4528 2059 4583 In
2114 4528 2364 4606 vulgatis,
2391 4544 2496 4606 qua
2539 4529 2887 4606 eaequabitur.
2938 4528 3058 4587 Non
3095 4541 3272 4589 exstat
3317 4551 3419 4606 qua

1821 4600 1926 4655 nisi
1956 4600 2008 4654 in
2040 4615 2146 4654 uno
2177 4614 2281 4654 ms.
2308 4600 2463 4656 Colb.
2496 4600 2651 4656 valde
2680 4614 2952 4671 suspecto.

1861 4690 1976 4776 "(’1)
2022 4690 2125 4776 liis
2143 4691 2357 4775 Lipsius
2384 4692 2675 4776 substituit,
2707 4693 2943 4775 perfectae
2966 4703 3115 4776 atque
3130 4694 3420 4776 indemnta-

1822 4762 1963 4825 bilis,
1989 4764 2283 4837 substantia:
2304 4779 2323 4818 :
2376 4765 2518 4833 quod
2547 4762 2811 4837 Erasmus
2830 4765 2887 4837 iu_
2913 4762 3153 4836 margine
3176 4766 3419 4837 adscrip-

1822 4844 1989 4903 serat,
2030 4834 2239 4901 Hilarii,
2269 4844 2502 4905 utputo,
2549 4851 2768 4890 sensum
2798 4834 3063 4904 indicans,
3094 4852 3199 4891 non
3228 4834 3415 4894 verba.

1908 4925 1970 5001 (i)
2022 4927 2170 4998 Lips.
2219 4935 2275 5001 ct
2318 4927 2442 5001 Par.
2475 4944 2555 5001 ex
2578 4928 2784 5001 Erasini
2812 4928 3421 5001 margineihumanarttm

1825 4998 2174 5055 nativitatum:
2223 4999 2591 5054 obnitcntibus
2613 4998 2862 5052 omnibus
2894 5014 3023 5054 mss.
3054 5000 3421 5058 Necessitates

1827 5072 1914 5125 hic
1941 5080 2223 5131 vocantur,
2284 5086 2402 5138 qua:
2450 5068 2517 5123 ad
2564 5069 2795 5138 aliquem
2831 5069 3081 5125 cll'cctum
3112 5074 3422 5130 necessario

1825 5141 2123 5213 secundum
2179 5150 2383 5213 natura:
2436 5140 2580 5208 leges
2631 5139 2997 5213 requiruntur.
3063 5140 3249 5212 Itaque
3300 5152 3424 5213 post

1824 5212 1990 5266 verba
2012 5253 2027 5276 ,
2054 5209 2385 5283 iPrOprictas
2432 5220 2623 5283 autem,
2646 5209 2994 5267 humanarum
3039 5209 3419 5283 necessitatum,

1823 5298 1931 5358 non
1963 5282 2103 5337 male
2126 5284 2304 5336 animo
2326 5281 2660 5351 suppieveris
2683 5322 2698 5346 ,
2750 5284 2950 5340 ratione
2977 5283 3151 5341 habita
3174 5284 3245 5341 ad
3265 5281 3420 5358 gena;

214 5359 373 5431 (e)lla
420 5378 548 5421 mss.
599 5360 702 5418 nisi
731 5361 874 5429 quod
930 5360 982 5416 in
1016 5374 1124 5417 uno
1175 5359 1294 5415 Vat.
1327 5358 1443 5414 bas.
1493 5359 1717 5431 Omnino
1818 5354 2087 5431 raliqttfm-

160 5438 300 5501 autem
318 5448 558 5497 summus.
591 5444 707 5491 etc:
731 5433 872 5490 Editi
896 5448 1047 5497 vero.
1077 5432 1198 5501 quia
1223 5441 1276 5485 ut
1302 5448 1531 5485 summus
1553 5430 1718 5485 honor

162 5497 338 5575 indigne
363 5506 685 5575 inferioribus
726 5506 975 5576 defertur,
1001 5497 1225 5559 ila'cum
1246 5504 1572 5570 contumelia,
1604 5511 1713 5560 etc.

225 5592 286 5666 (ί)
317 5597 400 5652 Er.
433 5608 487 5654 et
511 5599 631 5654 Mir.
673 5614 795 5655 cum
849 5598 1056 5667 aliquot
1092 5596 1485 5653 recentioribus
1513 5611 1644 5667 mss.
1687 5597 1733 5651 si

1893 5422 1964 5499 (j)
1986 5424 2043 5480 In
2068 5440 2169 5480 ms.
2207 5422 2419 5480 Martio.
2454 5427 2704 5497 profecto.

1912 5514 1987 5589 (It)
2019 5518 2240 5589 Erasmo
2282 5518 2454 5589 magis
2480 5517 2756 5589 arriserat,
2800 5517 3191 5585 qenerotionum
3218 5528 3428 5576 nostra-

1838 5586 1953 5643 rum
1969 5586 1989 5643 ’τ
2022 5589 2163 5662 quod
2189 5586 2386 5662 [rustra
2418 5588 2632 5657 Lipsius
2653 5604 2718 5642 ex
2744 5588 2889 5662 illius
2914 5590 3156 5662 margine
3177 5593 3427 5662 arripuit,

170 5658 442 5724 concreatio.
484 5672 629 5740 Lips.
670 5682 722 5724 et
777 5669 902 5723 Par.
936 5658 1056 5723 cum
1104 5670 1328 5738 antiquo
1371 5666 1733 5740 ιηεεβυιιι-,εί
1838 5676 1940 5714 nec
1994 5658 2144 5740 apud
2191 5659 2311 5740 Par.
2346 5668 2622 5740 correctus
2645 5670 2748 5714 est.
2798 5661 2869 5716 At
2895 5658 3152 5740 certe’hic
3182 5658 3428 5740 nou—tant

176 5740 356 5793 creatio.
399 5738 804 5797 Vindocinensis
832 5740 1025 5803 codex.
1053 5740 1185 5794 sicut
1228 5739 1436 5793 creatio.
1470 5738 1588 5793 Non
1616 5738 1730 5793 dis-

181 5807 396 5884 pliceret,
423 5814 465 5883 si
489 5815 582 5891 ,εἰσ
628 5821 684 5871 ut
708 5814 917 5881 creatio.
949 5811 1191 5885 Namque
1218 5825 1287 5867 ex
1335 5808 1466 5869 Bad.
1514 5818 1572 5870 et
1595 5824 1731 5870 mss.

1840 5744 2025 5863 sltlertno
2069 5738 2153 5785 εει
2191 5731 2259 5788 de
2276 5730 2639 5802 generationis
2661 5740 2783 5788 actu
2809 5772 2826 5802 ,
2873 5747 3035 5804 quam
3064 5732 3136 5791 de
3163 5733 3431 5793 materiali

1840 5819 1853 5860 I
1898 5818 1980 5861 ius
2000 5817 2182 5861 causa.

1837 5817 1980 5861 ιιιιιιε
2000 5817 2182 5861 causa.
