3936 6196
90 293 185 351 Ml

1276 288 1363 344 DE.
1401 285 1776 343 TRINITATE
1810 283 2009 341 LIBER
2049 284 2162 340 ΧΗ.

3271 284 3382 339 «Mil

93 428 208 469 mus
236 410 388 467 enim
421 407 711 481 ali-plaudo
762 408 859 464 ﬁlii
888 405 1184 464 iracundia:
1235 406 1454 478 (Epltes.
1484 421 1545 473 ιι,
1578 406 1677 476 5);
1706 416 1759 476 Α
1787 403 1896 459 ﬁlio
1929 402 2097 459 lsrael
2123 400 2399 472 proprium
2430 408 2615 468 esset,
2663 398 2808 470 quod
2837 388 3224 471 primogenitus
3247 408 3331 455 est
3359 415 3375 467 ;

97 505 187 560 scd
217 503 311 558 lilii
339 503 456 559 Deo
486 519 581 573 per
608 502 859 574 spiritum
903 500 1213 571 adoptionis
1237 499 1437 563 effecti.
1481 507 1537 553 ct
1573 497 1681 553 dici

95 596 143 655 id
168 611 446 652 meremur
487 597 669 667 potius
723 610 882 665 quam
916 595 1210 649 nascimur.
1256 593 1322 647 Et
1359 593 1481 662 quia
1519 604 1682 647 omne

46 728 55 749 .
94 688 225 759 quod
256 688 337 753 lit,
367 699 493 742 ante
525 703 684 758 quam
718 688 826 755 ﬁat,
862 702 967 742 non
1000 685 1099 741 luit
1131 703 1145 752 ;
1181 700 1280 740 nos
1307 700 1428 741 cum
1455 684 1548 740 lilii
1574 700 1678 739 non

94 781 397 845 fuissemus,
430 780 495 834 ad
518 781 570 834 id
599 780 741 851 quod
769 794 957 835 sumus
999 776 1291 834 efﬁcimur.
1345 778 1486 834 Ante
1533 776 1681 832 enim

95 875 178 928 lilii
207 887 312 928 non
343 887 603 929 eramus:
633 872 729 928 sed
762 882 884 943 post
931 888 1094 943 quam
1126 871 1424 927 meruimus
1455 870 1557 925 hoc
1588 884 1681 925 su-

95 981 223 1022 mus.
269 962 474 1020 Sumus
499 971 680 1020 autem
708 980 815 1020 non
841 963 974 1031 nati,
1004 964 1097 1019 sed
1128 964 1288 1030 lacti;
1324 978 1497 1033 neque
1517 976 1682 1033 gene—

96 1058 209 1123 rati,
234 1058 328 1112 sed
350 1056 627 1128 acquisiti.
668 1056 969 1129 Acquisivit
1017 1057 1164 1113 enim
1211 1056 1313 1111 sibi
1340 1055 1482 1111 Deus
1510 1068 1681 1125 popu-

95 1152 194 1208 lum
246 1149 289 1224 (l
314 1150 438 1221 Pet.
471 1168 550 1219 ll,
584 1151 681 1223 9)’:
728 1163 784 1208 et
836 1168 934 1222 per
992 1154 1094 1208 hoc
1136 1152 1338 1221 genuit.
1415 1150 1680 1207 Genuisse

94 1254 259 1299 autem
292 1244 463 1300 Deum
497 1244 658 1312 ﬁlios,
692 1260 982 1314 numquam
1011 1259 1133 1300 cum
1176 1245 1522 1316 proprietatis
1572 1244 1679 1314 sig-

96 1335 394 1392 niﬁcatione
420 1337 828 1407 cognoscimus.
867 1336 982 1392 Non
1011 1337 1156 1394 enim
1184 1337 1296 1393 ait:
1329 1336 1496 1393 Filios
1525 1352 1677 1394 meos

98 1429 239 1499 genui
276 1440 329 1485 et
356 1430 592 1484 exaltavi
622 1447 636 1485 :
682 1429 778 1486 sed
803 1429 907 1486 hoc
939 1441 1144 1486 tantum
1175 1448 1189 1487 :
1242 1429 1408 1486 Filios
1451 1432 1603 1503 genui
1627 1440 1678 1487 et

98 1523 298 1579 exaltari
328 1521 502 1593 (Esai.
533 1538 572 1592 ι,
599 1522 683 1595 2).

159 1618 239 1671 Η.
288 1615 527 1687 Objectio
552 1617 692 1689 quod
719 1615 891 1673 Israel
909 1626 956 1672 et
986 1618 1228 1688 praprius
1261 1619 1463 1673 dicatur
1489 1627 1534 1672 et
1561 1618 1671 1689 [ac-

99 1721 183 1765 tus.
205 1739 272 1752 —
300 1708 413 1764 Nisi
446 1709 591 1765 forte
616 1710 668 1765 in
700 1725 767 1766 eo
790 1710 935 1781 quod
960 1711 1036 1785 ait
1062 1729 1076 1764 :
1108 1710 1281 1765 Filius
1308 1712 1677 1783 primogenitus

1791 495 1863 569 (c)
1893 506 2020 551 nato
2050 509 2180 550 vero
2209 494 2296 549 uni
2332 494 2441 549 Deo
2465 492 2809 549 manifestum
2837 494 2908 548 sit
2932 492 3207 564 proprium
3238 507 3381 562 esse,

1785 594 1926 665 quod
1959 593 2097 649 ﬁlius
2126 593 2217 647 sit.
2281 591 2401 648 Non
2430 601 2514 647 est
2561 592 2742 662 itaque
2782 604 2909 646 vera
2938 598 2992 646 et
3014 591 3254 662 perlecta
3281 605 3379 646 na-

1786 687 1988 752 tivitas,
2020 685 2109 740 ubi
2140 684 2429 756 deputatur
2460 683 2651 755 magis,
2691 697 2853 754 quam
2876 689 3166 754 generatur
3193 699 3207 738 :
3250 681 3376 753 quia

1785 793 1891 834 non
1920 779 2229 851 ambiguum
2258 785 2343 833 est
2366 792 2489 832 eum
2515 775 2771 847 papulum
2797 818 2812 842 ,
2846 774 2939 845 qui
2967 773 3021 830 in
3055 772 3223 829 ﬁlium
3254 788 3380 829 nas-

1783 885 1958 942 catur,
1983 885 2036 930 et
2060 874 2199 930 ﬁeri.
2243 871 2398 940 Quod
2426 882 2605 927 autem
2636 872 2693 926 lit
2731 885 2853 926 cum
2897 885 3004 925 non
3051 868 3242 924 fuisset
3267 910 3281 934 ,
3322 876 3380 924 et

1783 983 1884 1039 per
1925 968 1975 1024 id
2008 965 2149 1038 quod
2175 965 2373 1021 factum
2402 973 2486 1020 est
2516 962 2712 1017 dicitur
2743 960 2890 1017 nasci
2920 979 2935 1027 ;
2980 976 3086 1016 non
3115 968 3198 1016 est
3236 960 3291 1015 in
3314 974 3380 1015 eo

1782 1076 1910 1117 vera
1937 1061 2206 1128 nativitas,
2235 1059 2356 1129 quia
2388 1068 2513 1112 ante
2538 1054 2681 1111 aliud
2699 1070 2859 1126 quam
2878 1061 3061 1109 natum
3081 1064 3162 1109 est
3191 1052 3373 1109 fuerit.

1785 1156 1850 1212 Et
1872 1155 2073 1211 idcirco
2101 1154 2185 1225 (d)
2216 1168 2321 1208 non
2353 1151 2450 1207 luit
2477 1152 2553 1223 (5)
2598 1158 2883 1218 antequam
2917 1156 3229 1204 nasceretur
3258 1188 3273 1214 ,
3323 1146 3375 1203 id

1783 1256 1903 1314 est,
1942 1257 2228 1317 antequam
2259 1246 2449 1300 ﬁeret:
2496 1241 2617 1314 quia
2670 1242 2759 1312 qui
2817 1256 2883 1295 ex
2935 1239 3186 1310 gentibus
3236 1237 3378 1294 lilius

1782 1348 1886 1407 est,
1910 1354 2043 1411 gens
2075 1349 2156 1394 est
2178 1347 2305 1394 ante
2329 1351 2488 1408 quam
2523 1335 2697 1390 ﬁlius:
2724 1333 2794 1406 (e)
2823 1348 2886 1389 ac
2917 1349 3011 1402 per
3036 1331 3089 1388 id
3120 1347 3228 1387 non
3253 1347 3378 1387 vero

1784 1433 1947 1499 ﬁlius,
1969 1432 2093 1504 quia
2121 1446 2226 1486 non
2258 1445 2471 1500 semper
2497 1428 2658 1484 ﬁlius.
2689 1426 3006 1497 Unigenitus
3036 1436 3215 1480 autem
3236 1424 3377 1479 Deus

1785 1542 1959 1598 neque
2000 1541 2105 1581 non
2144 1524 2213 1597 (ί)
2248 1522 2346 1579 fuit
2366 1521 2655 1593 aliquando
2683 1535 2787 1575 non
2818 1518 2961 1576 ﬁlius
2991 1559 3007 1585 ,
3068 1532 3243 1590 neque
3272 1516 3374 1572 fuit

1782 1617 1980 1688 aliquid
2027 1625 2153 1671 ante
2188 1614 2528 1685 quamlilius,
2577 1627 2751 1682 neque
2797 1612 3087 1682 quidquam
3142 1609 3220 1683 (g)
3273 1609 3372 1665 ali-

1782 1709 1909 1781 quid
1942 1711 2055 1779 ipse
2102 1708 2203 1765 nisi
2232 1708 2392 1763 ﬁlius.
2436 1707 2611 1776 Atque
2642 1705 2713 1759 ita
2744 1702 2837 1775 qui
2861 1717 3075 1773 semper
3102 1712 3185 1758 est
3209 1701 3371 1769 ﬁlius,

100 1820 219 1857 meus
247 1801 416 1858 Israel
445 1801 645 1875 (Exod.
693 1820 767 1870 tv,
795 1804 891 1875 2t)
914 1847 929 1869 ,
958 1804 1237 1876 quisquam
1267 1806 1370 1861 hoc
1394 1805 1534 1876 quod
1568 1806 1675 1875 pri-
1707 1815 1754 1875 Β
1784 1806 1862 1880 (t)
1898 1820 2002 1861 non
2044 1803 2265 1873 reliquit
2289 1801 2341 1858 id
2365 1802 2430 1858 de
2455 1816 2513 1857 se
2544 1797 2939 1871 intelligentiae,
2985 1811 3054 1854 ne
3081 1795 3373 1868 aliquando

99 1895 363 1966 nmgenitus
392 1911 539 1950 meus
567 1895 723 1960 dixit,
754 1895 819 1951 ad
845 1896 1233 1953 detrahendam
1264 1897 1403 1953 Filio
1433 1898 1674 1967 proprie-

100 1999 239 2042 tatem
284 1987 659 2059 generationis
696 1989 999 2061 intelliget;
1048 2000 1109 2044 ut
1154 1990 1276 2061 quia
1309 1998 1363 2046 et
1403 1990 1472 2047 de
1510 1990 1674 2047 lsrael

101 2079 278 2135 dixerit
313 2096 483 2149 meus,
531 2081 832 2152 assumptio
857 2081 1119 2137 laetorum
1148 2080 1383 2137 ﬁliorum
1415 2096 1512 2152 pro
1537 2082 1676 2137 nati-

101 2175 257 2229 vitatis
279 2174 615 2244 proprietate
669 2184 923 2246 usurpata
974 2174 1095 2231 sit?
1151 2184 1204 2231 et
1240 2174 1442 2231 idcirco
1476 2188 1581 2231 non
1604 2174 1674 2230 sit

101 2269 339 2324 nativitati
370 2269 468 2325 Dei
505 2269 803 2341 pr0priutn,
828 2269 970 2339 quod
990 2268 1059 2324 de
1081 2284 1148 2325 eo
1178 2270 1379 2326 dictum
1413 2278 1497 2325 est
1524 2286 1537 2322 :
1574 2267 1676 2322 IIic

105 2373 165 2416 est
191 2362 322 2433 ﬁlius
369 2379 521 2416 meus
548 2362 765 2417 dilectus
790 2362 1006 2433 (llattlt.
1037 2377 1170 2429 xvu,
1207 2362 1259 2433 5)
1292 2379 1305 2427 ;
1369 2377 1491 2416 cum
1533 2377 1676 2415 meus

102 2454 239 2511 etiam
268 2454 376 2509 illis
427 2455 709 2526 proprium
751 2470 872 2511 esse
898 2454 1110 2510 dicatur
1134 2497 1148 2522 ,
1187 2469 1323 2526 quos
1373 2470 1480 2513 non
1521 2466 1678 2512 natos

104 2563 205 2603 esse
231 2548 577 2604 manifestum
629 2556 733 2604 est.
795 2547 913 2603 Non
952 2558 1108 2604 natos
1136 2560 1317 2605 autem
1340 2564 1462 2606 esse
1492 2590 1508 2614 ,
1551 2548 1679 2604 licet

103 2640 192 2697 nati
213 2657 329 2697 esse
356 2641 634 2706 dicantur,
661 2642 743 2698 vel
765 2656 832 2697 ex
856 2658 923 2698 eo
951 2645 1177 2698 docetur
1199 2657 1319 2698 cum
1343 2641 1678 2709 dicitur,l’o-

104 2735 203 2804 pulo
227 2736 310 2805 qui
334 2744 603 2800 nascetur,
630 2751 777 2806 quem
804 2736 924 2805 [erit
951 2735 1200 2792 Dominus
1222 2735 1394 2808 (Psul.
1420 2753 1530 2805 xxx,
1560 2738 1674 2809 52).

159 2828 237 2883 l5.
267 2825 440 2884 Israel
467 2844 571 2882 non
603 2831 841 2899 proprius
869 2830 1011 2900 [ilius
1033 2872 1047 2896 ,
1098 2829 1189 2885 sed
1216 2832 1457 2902 proprius
1487 2831 1680 2901 prima-

103 2922 293 2992 genitus.
334 2920 461 2977 Non
491 2931 566 2977 est
592 2923 803 2993 proprie
827 2924 969 2994 ﬁlius
994 2925 1079 2993 qui
1103 2925 1169 2979 sit
1195 2940 1313 2978 cum
1344 2941 1445 2979 non
1474 2926 1671 2997 fuisset.

104 3043 161 3056 --
186 3014 316 3087 Ergo
344 3016 584 3087 populus
611 3018 774 3073 lsrael
802 3018 886 3088 (i)
915 3019 1154 3075 nascitur
1184 3020 1287 3092 (η),
1338 3029 1397 3076 ut
1421 3022 1513 3077 ﬁat
1540 3038 1553 3076 :
1582 3036 1678 3077 ne-

106 3122 191 3177 que
212 3123 300 3179 per
324 3108 376 3163 id
405 3108 557 3180 quod
581 3109 732 3165 nasci
759 3108 983 3179 dicitur,
1027 3127 1133 3166 non
1165 3111 1330 3185 5,16
1358 3113 1677 3185 intelligitur

1713 1943 1725 1957 .
1776 1913 1883 1954 non
1920 1896 2096 1953 luerit.

1850 1992 1939 2048 16.
1970 1991 2140 2047 Rebus
2164 1989 2401 2045 Immanis
2423 2002 2687 2042 commune
2706 1994 2776 2042 est
2802 1984 3081 2056 aliquando
3102 1999 3206 2038 non
3217 1983 3376 2056 fuisse

1776 2091 1823 2137 et
1852 2098 1917 2138 ea:
1942 2083 2104 2137 nihilo
2128 2097 2254 2137 esse.
2286 2109 2360 2122 —-
2412 2079 2483 2136 Et
2510 2077 2818 2134 nativitates
2864 2076 3084 2148 quidem
3115 2075 3368 2131 humanae

1779 2174 1978 2231 habent
2014 2177 2066 2229 in
2097 2187 2339 2246 tempore
2369 2188 2475 2228 non
2509 2173 2715 2228 fuisse:
2763 2170 2994 2242 primum
3034 2169 3157 2238 quia
3182 2160 3383 2225 omnes.

1778 2256 1845 2326 ei
1876 2270 1959 2325 his
1981 2268 2253 2334 omnibus,
2289 2269 2376 2339 qui
2398 2278 2522 2324 ante
2543 2269 2621 2342 (5)
2649 2282 2756 2322 non
2788 2266 2870 2339 (lt)
2896 2265 3114 2330 fuerint,
3145 2278 3374 2319 nascan-

1781 2376 1885 2423 tur.
1927 2366 2060 2422 Nam
2103 2366 2315 2422 tametsi
2366 2365 2652 2436 unicuique
2699 2364 3035 2421 nascentium
3077 2378 3143 2418 ex
3194 2377 3260 2419 eo
3301 2361 3374 2418 sit

1778 2461 1930 2531 origo
1959 2462 2050 2531 qui
2074 2458 2261 2525 fuerit;
2307 2467 2486 2513 tamen
2530 2458 2645 2529 ipse
2677 2457 2801 2522 ille,
2858 2473 2923 2512 ex
2953 2471 3060 2528 quo
3108 2457 3367 2524 nascitur,
3402 2512 3418 2535 _

1780 2571 1886 2610 non
1916 2554 2014 2610 luit
2042 2563 2167 2609 aute
2195 2569 2353 2625 quam
2380 2562 2535 2608 natus
2558 2561 2659 2608 est.
2719 2552 2925 2608 Dehinc
2951 2554 3066 2622 ipse
3094 2550 3187 2622 qui
3213 2560 3371 2607 natus

1779 2658 1882 2715 est,
1916 2656 2037 2720 post
2065 2665 2225 2719 quam
2255 2662 2360 2703 non
2395 2648 2491 2702 fuit
2520 2656 2679 2702 natus
2698 2656 2802 2712 est,
2837 2654 3080 2716 tempore
3105 2656 3233 2702 ante
3260 2660 3371 2700 ma-

1780 2752 1963 2808 nente,
1992 2756 2151 2813 quam
2184 2742 2443 2796 nascitur.
2520 2739 2758 2797 Nascens
2799 2740 2942 2794 enim
2972 2737 3132 2794 hodie
3159 2779 3173 2805 ,
3223 2738 3274 2792 in
3302 2753 3371 2793 eo

1779 2839 1923 2911 quod
1954 2839 2264 2893 hesternum
2291 2836 2391 2892 fuit
2418 2851 2523 2892 non
2552 2835 2680 2901 luit;
2740 2835 2870 2891 etin
2902 2834 2952 2890 id
2976 2833 3118 2905 quod
3157 2842 3261 2896 est,
3302 2849 3371 2888 ex

1778 2944 1845 2985 eo
1869 2929 2011 3001 quod
2034 2943 2140 2984 non
2168 2926 2288 2995 l‘uit,
2316 2928 2502 2998 coepit,
2533 2936 2587 2982 et
2629 2925 2768 2981 intra
2810 2923 3220 2996 intelligentiam
3258 2937 3361 2979 no-

1779 3032 1946 3077 stram
1973 3030 2057 3079 est
2080 3063 2094 3088 ,
2158 3021 2417 3077 hesterno
2444 3018 2494 3075 id
2522 3061 2537 3086 ,
2576 3019 2717 3089 quod
2766 3017 2925 3074 hodie
2956 3019 3215 3086 nascitur,
3261 3031 3368 3073 non

1776 3115 1962 3172 fuisse.
1997 3115 2171 3186 Atque
2196 3113 2358 3188 417
2398 3115 2468 3169 ita
2499 3114 2751 3169 nativitas
2781 3112 2918 3183 ejus,
2950 3127 3045 3185 per
3073 3127 3235 3183 quam
3263 3119 3368 3177 est,

105 3212 144 3252 et
171 3198 295 3255 ﬁeri.
338 3200 423 3256 l5:
455 3200 748 3273 adoptione
775 3203 919 3257 enim
946 3212 1029 3258 est
1057 3203 1220 3270 ﬁlius,
1268 3221 1373 3259 non
1415 3221 1478 3260 ex
1508 3221 1674 3276 geue-
1701 3198 1747 3263 C
1780 3218 1899 3279 post
1931 3207 1982 3264 id
2010 3207 2153 3280 quod
2178 3206 2399 3263 noul‘uit
2415 3216 2596 3262 manet
2621 3223 2636 3268 ;
2661 3205 2784 3277 quia
2809 3204 2969 3261 hodie
2992 3207 3220 3275 primum
3250 3214 3374 3275 post

107 3294 314 3361 ratione;
359 3310 544 3365 neque
565 3295 615 3349 ei
670 3294 974 3367 prOprietas
1002 3339 1016 3361 ,
1054 3297 1149 3352 sed
1199 3297 1527 3368 nuncupatio
1570 3307 1670 3353 est.

105 3382 214 3440 Nam
242 3387 360 3443 licet
382 3389 761 3459 primogenitus
788 3404 929 3443 meus
948 3388 1017 3445 de
1040 3405 1107 3444 eo
1136 3389 1400 3462 scriptum
1422 3391 1491 3446 sit
1518 3407 1533 3458 ;
1559 3390 1678 3446 lon-

107 3493 159 3549 ge
184 3489 346 3537 tamen
376 3481 722 3552 multumque
752 3480 954 3548 diﬁ'ert,
980 3480 1152 3537 Filius
1187 3500 1329 3539 meus
1349 3483 1583 3553 dilectus,
1620 3493 1677 3542 et

109 3568 250 3628 Filius
291 3574 661 3645 primogenitus
700 3590 860 3629 meus.
936 3573 1036 3631 Ubi
1076 3576 1221 3632 enim
1261 3577 1514 3633 nativitas
1549 3587 1672 3647 est,

110 3662 169 3719 ibi
209 3664 366 3723 Filius
408 3683 555 3722 meus
603 3666 855 3722 dilectus:
914 3668 1002 3726 ubi
1051 3683 1180 3725 vero
1230 3669 1426 3728 electio
1456 3686 1521 3728 ex
1544 3686 1676 3741 gen-

111 3756 229 3813 tibus
282 3769 390 3828 est,
477 3767 536 3814 et
601 3758 819 3829 adoptio
872 3775 969 3831 per
1022 3760 1354 3818 voluntatem
1409 3772 1522 3827 est.
1600 3762 1677 3818 ibi

113 3846 251 3905 Filius
274 3853 642 3925 priutogenitus
669 3870 831 3909 meus.
876 3853 972 3909 llic
1001 3854 1145 3926 quod
1170 3869 1299 3912 suus
1320 3866 1426 3925 est,
1474 3856 1541 3912 ad
1568 3858 1678 3927 pri-

112 3945 403 4013 mogenitnm
432 3956 553 4003 est:
604 3944 713 4001 illic
759 3944 903 4016 quod
930 3960 1059 4002 suus
1089 3955 1173 4002 est
1202 3988 1218 4013 ,
1267 3947 1336 4003 ad
1365 3948 1533 4004 lilium
1561 3959 1665 4006 est.

125 4034 185 4106 (ἓ.)
212 4035 273 4095 Et
297 4039 347 4094 in
370 4039 655 4095 nativitate
685 4038 761 4112 (b)
794 4038 935 4094 lilius
966 4039 1197 4110 primum
1229 4056 1358 4095 suus
1403 4050 1458 4097 et
1477 4042 1557 4098 sic
1582 4041 1666 4097 di-

116 4125 293 4196 lectus;
341 4141 394 4188 et
423 4133 478 4188 in
511 4132 779 4189 electione
821 4131 962 4187 lilius
989 4132 1223 4203 primum
1258 4134 1666 4206 primOgenitus,

116 4223 236 4281 etsie
256 4239 431 4300 postea
464 4242 631 4284 suus:
681 4234 760 4295 ut,
787 4228 1043 4303 adoptato
1085 4243 1151 4282 ex
1180 4226 1429 4283 omnibus
1458 4228 1669 4298 populis

264 4389 537 4484 Nascetur,
568 4401 702 4458 tum,
732 4406 895 4459 neque
920 4405 1009 4463 per
1033 4388 1090 4444 id
1111 4390 1248 4460 quod
1276 4391 1520 4460 nascitur,
1561 4407 1663 4447 non
1689 4423 1742 4484 Β

114 4458 402 4534 intelligetur.

169 4532 325 4605 (2)7Et
344 4540 397 4592 in
417 4538 684 4593 natioitate
709 4536 841 4609 filii;
874 4549 1021 4600 mox,
1049 4543 1095 4589 et
1117 4534 1170 4589 in
1192 4534 1435 4590 electione
1460 4536 1579 4607 ﬁlii.

172 4670 234 4746 (tt)
264 4673 560 4746 Exemplar.
585 4675 711 4731 Vat.
737 4674 859 4746 bas.
882 4672 968 4746 hic
1000 4686 1193 4746 praise
1212 4670 1455 4746 lectito;
1514 4670 1661 4746 quod

116 4745 296 4799 tacitum
325 4743 624 4818 intelligere
676 4755 777 4818 est.
844 4745 1085 4818 Subinde
1115 4744 1166 4797 iu
1201 4743 1445 4815 pluribus
1473 4743 1658 4814 prob-.e

114 4823 228 4890 notje
250 4832 369 4890 unas.
395 4816 554 4887 neque
575 4834 664 4890 per
689 4817 744 4871 id
758 4817 895 4889 quod
920 4816 1171 4890 nascitur:
1436 4824 1461 4890 _'

168 4885 232 4959 (li)
272 4888 323 4943 In
351 4884 742 4960 antiquioribus
770 4884 898 4942 mss.
928 4887 1105 4960 φημι»,
1137 4887 1291 4960 Rem.
1322 4884 1662 4960 ete.fde_side-

116 4957 233 5031 ratur
257 4974 348 5014 vos
376 4957 515 5031 [ilius
535 4977 556 5016 :
584 4959 742 5031 cujus
768 4960 889 5014 loco
938 4958 1136 5031 habent
1174 4957 1334 5031 Bad.,
1366 4959 1485 5031 Ern,
1511 4958 1656 5026 Lips.

116 5035 155 5079 et
180 5027 339 5103 plures
366 5027 497 5087 t'nss.
530 5027 671 5103 ﬁlii}
722 5032 864 5103 quod
903 5029 1293 5099 prmlerettdutn
1319 5070 1334 5095 ,
1382 5030 1428 5084 si
1477 5038 1661 5098 postea

116 5108 211 5153 cum
237 5100 416 5158 iisdem
442 5100 574 5159 edit.
604 5110 661 5158 et
687 5100 939 5157 omnibus
974 5115 1143 5171 prope
1189 5114 1319 5154 mss.
1366 5108 1662 5168 antepono.

118 5175 184 5245 tur
224 5181 267 5226 et
307 5174 361 5228 in
403 5175 646 5229 electione
670 5174 789 5245 filii.
833 5173 1019 5227 Lectio
1066 5186 1226 5242 quam
1254 5173 1550 5229 retinemus
1579 5180 1664 5227 est

118 5234 232 5307 Pan,
256 5259 350 5300 ms.
383 5245 595 5301 Martia.
623 5234 681 5300 et
704 5243 912 5312 aliquot
938 5234 1187 5299 aliorum.
1224 5249 1232 5309 ξ

176 5313 237 5385 (c)
275 5313 391 5371 Vat.
441 5318 558 5373 bas.
616 5331 719 5371 ms.
749 5311 1013 5370 nativitate
1050 5330 1207 5370 vero:
1258 5313 1434 5368 minus
1462 5311 1657 5382 placet.

260 5386 645 5460 editiAesceptu
677 5386 802 5442 Par.
820 5386 1100 5460 _unigenito
1124 5385 1275 5460 Deo;
1322 5375 1660 5460 imminutam

121 5453 336 5534 exhibent
365 5453 573 5515 Ηῖιιιτίἴ
601 5453 969 5534 sententiam}
1024 5472 1129 5534 qua
1144 5457 1288 5534 _vult
1314 5457 1428 5534 uni,
1488 5455 1540 5511 id
1578 5464 1664 5512 est

122 5523 221 5603 Soli,
243 5528 343 5603 D_eo
369 5539 491 5603 natu
510 5531 783 5603 proprium
808 5544 937 5603 esse
955 5523 1109 5603 quod
1138 5527 1279 5603 ﬁlius
1301 5529 1390 5582 sit.

176 5595 241 5667 (ά)
267 5595 527 5657 1)αηίυυίιὶ
566 5595 766 5672 negans
807 5601 860 5657 in
888 5595 1120 5672 vulgatis
1156 5598 1354 5656 omissa
1385 5597 1665 5672 suppletur

123 5674 173 5742 ει
196 5683 308 5724 mss.
336 5688 561 5742 quorum
586 5669 907 5728 vetustiores
932 5669 1182 5736 subinde,
1214 5680 1270 5727 ut
1296 5681 1354 5742 et
1374 5669 1537 5742 alias,
1570 5669 1665 5724 ha-

127 5730 242 5816 bent,
384 5760 535 5815 quam
556 5747 803 5802 nascitur.
832 5730 1226 5816 Rroxitnepo'st
1248 5741 1469 5800 verbum
1497 5741 1664 5814 fieret,

128 5805 170 5861 lll
190 5805 324 5872 antea
360 5805 481 5888 post
504 5833 605 5877 non
631 5817 748 5889 fuit,
780 5814 1040 5878 reticetur
1066 5805 1230 5887 ﬁliust

1778 3300 2088 3357 hesternum
2114 3315 2325 3370 tempus
2354 3314 2473 3355 esse
2498 3312 2717 3354 necesse
2743 3309 2847 3366 εει,
2877 3306 2933 3352 ιιι
2957 3298 3008 3354 ei
3047 3297 3119 3353 sit
3149 3297 3202 3352 in
3232 3304 3369 3352 tem-
3462 3290 3469 3298 ’

1779 3408 1911 3464 pore
1940 3406 2047 3447 non
2077 3391 2241 3447 fuisse
2302 3392 2369 3446 Et
2394 3390 2511 3446 haec
2535 3389 2753 3462 quidem
2777 3390 3083 3444 comnmnia
3109 3389 3161 3444 in
3189 3403 3369 3444 rerum

1778 3485 2135 3540 humanarum
2162 3483 2370 3554 origine
2398 3491 2543 3549 sunt,
2587 3491 2645 3538 ut
2673 3483 2852 3537 omnia
2886 3482 3090 3537 initium
3123 3483 3371 3548 sui,cum

1778 3587 1936 3634 antea
1966 3592 2074 3634 non
2097 3578 2344 3639 fuissent,
2393 3575 2697 3646 accipiant:
2744 3575 2976 3647 primum
3005 3572 3222 3645 quidem
3248 3613 3264 3641 ,
3315 3582 3376 3631 ut

1778 3669 2084 3737 docuimus,
2117 3686 2217 3742 per
2249 3680 2481 3740 tempus,
2529 3668 2726 3724 deinde
2757 3683 2853 3739 per
2878 3680 3123 3724 causam.
3185 3666 3255 3723 Et
3282 3682 3376 3736 per

1780 3772 1991 3833 tempus
2021 3762 2234 3833 quidem
2290 3778 2396 3817 non
2446 3760 2756 3832 ambiguum
2797 3768 2903 3827 est,
2948 3759 3080 3832 quin
3108 3774 3193 3825 ea,
3244 3775 3367 3831 quae

1778 3871 1921 3913 nunc
1940 3856 2226 3927 coeperint,
2270 3864 2395 3910 ante
2418 3870 2525 3909 non
2554 3853 2786 3909 fuerint:
2840 3867 2935 3923 per
2963 3866 3181 3909 causam
3213 3866 3367 3920 vero,

1780 3951 1901 4022 quia
1936 3950 2019 4006 his
2046 3965 2151 4005 non
2183 3947 2243 4022 (ἱ)
2274 3965 2342 4005 ex
2366 3963 2526 4004 causa
2554 3956 2768 4002 constet
2789 3961 2909 4002 esse
2929 3944 3072 4017 quod
3099 3952 3375 4001 maneant.

1781 4045 2018 4101 llevolve
2064 4043 2208 4100 enim
2251 4058 2440 4098 omnes
2490 4040 2760 4111 originum
2818 4054 3049 4104 causas,
3106 4047 3160 4093 et
3210 4036 3373 4094 intel-

1781 4138 2054 4209 ligentiam
2078 4140 2129 4193 in
2160 4138 2428 4192 anteriora
2461 4144 2718 4189 converte
2750 4151 2762 4186 :
2816 4132 3061 4186 invenies
3098 4129 3232 4184 nihil
3260 4143 3374 4185 coe-

1780 4232 1925 4301 pisse
1952 4246 2047 4302 per
2074 4244 2315 4296 causam,
2363 4226 2489 4283 dum
2534 4225 2717 4281 omnia
2766 4237 2862 4294 per
2909 4222 3159 4277 virtutem
3183 4216 3282 4276 Dei
3310 4217 3380 4274 ad

1863 4463 1923 4533 4)
1958 4464 2077 4518 Non
2102 4463 2367 4533 relinquit.

1863 4390 1920 4462 5)
1949 4394 2229 4462 Antequam
2257 4390 2503 4445 nascitur.

1863 4393 1923 4536 δὲ
1949 4394 2229 4462 Antequam
2257 4393 2394 4445 nasci

1863 4464 1897 4518 4
1958 4464 2077 4518 Non
2102 4463 2367 4533 relinquit.

1838 4393 1923 4609 ἐῢ)
1955 4534 2238 4592 Omittitur
2269 4550 2394 4589 non.

1841 4670 1913 4742 (θ)
1942 4669 2123 4727 Codex
2152 4669 2276 4742 Vat.
2325 4668 2441 4725 bas.
2494 4667 2822 4742 suffragante
2852 4664 3071 4742 Martio.
3111 4682 3173 4742 ac
3203 4680 3296 4735 per
3320 4666 3377 4720 id

1768 4737 1906 4815 quod
1933 4759 2035 4797 non
2063 4758 2175 4797 vere
2197 4740 2401 4809 Filius,
2444 4757 2568 4815 gens
2604 4737 2715 4806 est;
2749 4738 3105 4809 imprudentis
3135 4737 3377 4807 interpo-

1769 4814 1958 4871 latoris
2000 4828 2188 4882 Opera.
2454 4814 2457 4815 ⁷
2698 4880 2706 4882 Α
2804 4866 2807 4867 ν

1841 4886 1908 4959 (Ῑ)
1953 4880 2087 4941 illud
2136 4902 2240 4940 non
2282 4884 2349 4941 ab
2377 4883 2603 4939 Erasmo
2630 4880 2861 4959 primum
2903 4894 3033 4936 mss.
3084 4880 3370 4959 renitenti-
3454 4898 3457 4903 ν

1769 4952 2234 5028 Βυέὐχρυηυιυιιι
2306 4970 2648 5028 revocamus.
2693 4952 3044 5028 Pleonasmus
3111 4958 3240 5028 est,
3300 4962 3376 5028 _ut

1771 5021 1996 5094 Graecis,
2028 5030 2098 5083 ita
2126 5037 2181 5083 et
2211 5027 2414 5082 llilario
2448 5030 2697 5091 usitatus,
2727 5025 3022 5093 negationis
3051 5021 3235 5090 prima:
3262 5023 3369 5077 vim

1770 5115 1877 5155 non
1913 5100 2108 5155 tollens
2138 5141 2153 5165 ,
2203 5098 2299 5152 sed
2330 5112 2531 5168 augens
2560 5138 2575 5164 ,
2621 5095 2795 5166 quasi,
2826 5109 3002 5166 neque
3025 5107 3247 5165 prorsus
3275 5094 3372 5150 luit

1769 5171 2059 5238 aliquando
2091 5186 2196 5224 non
2223 5170 2382 5222 ﬁlius.

1840 5235 1917 5315 (ῃ)
1943 5239 2106 5315 Ειιὶιῇ2
2136 5240 2279 5315 aliud
2302 5239 2432 5315 ipse.
2464 5239 2535 5294 At
2559 5251 2694 5315 mss.
2717 5239 2912 5315 aliquid
2940 5239 3071 5309 ipse,
3096 5235 3200 5292 nisi
3226 5237 3369 5308 quod

1770 5313 1824 5369 in
1849 5309 2038 5369 vetere
2063 5309 2217 5368 Colb.
2243 5322 2296 5366 et
2323 5309 2507 5382 Germ.
2535 5310 2733 5382 aliquid
2755 5309 2873 5382 ipsi.

1842 5384 1922 5459 (lt)
1953 5382 2255 5459 Hujusloci
2285 5377 2717 5459 emendationem
2743 5377 3210 5459 debemusucudici
3236 5377 3358 5434 Vat.

1771 5451 2077 5511 nassum
2097 5453 2381 5518 Vaticano,
2422 5452 2740 5509 Martiniano
2767 5462 2821 5509 ct
2850 5451 3166 5509 Pratellensi
3192 5471 3204 5504 :
3238 5465 3359 5506 cum

1770 5528 1825 5584 in
1849 5527 1967 5583 aliis
1995 5525 2333 5581 desideretur
2361 5523 2626 5594 particula
2649 5540 2872 5596 negans.

1840 5600 1902 5674 (i)
1944 5597 2000 5654 ld
2031 5609 2134 5674 est,
2169 5613 2278 5674 n_on_
2306 5592 2377 5651 ei
2395 5612 2572 5674 cause
2612 5592 2802 5674 prima:
2835 5594 3170 5674 substantia;
3204 5592 3369 5674 adeo-

1770 5665 1971 5742 que'ex
2000 5668 2167 5725 nihilo
2195 5668 2394 5724 habent
2421 5665 2653 5723 initium.
2678 5669 2904 5725 Animus
2934 5668 3023 5742 hic
3039 5665 3102 5720 ad
3164 5666 3367 5742 primus

1769 5737 1942 5814 usque
1969 5752 2221 5814 parentes
2252 5749 2469 5795 nostros
2490 5748 2793 5814 revocatur,
2821 5751 2878 5796 ut
2905 5757 2968 5796 cx
2994 5739 3058 5794 iis
3088 5739 3177 5809 qui
3203 5753 3271 5795 ex
3292 5737 3346 5794 ni

1772 5811 1886 5877 hilo
1916 5811 2121 5878 conditi
2142 5814 2272 5888 sint,
2295 5825 2475 5877 ortum
2502 5811 2707 5875 habere
2742 5816 3149 5875 convincatnur.
