3936 6196
537 250 646 307 445

1746 250 1990 307 SANCTI
2034 248 2292 306 illliARll
2332 250 2635 311 EPISCUPI

3715 258 3802 313 ιιι

540 373 593 430 id
617 372 759 445 quod
790 380 914 430 sunt
941 380 1195 430 creantur
1216 415 1231 440 ,
1283 388 1388 428 non
1420 374 1582 429 etiam
1615 380 1910 428 nascuntur
1935 387 2001 426 ex
2031 370 2128 424 ali-
2155 371 2203 431 Α
2234 385 2356 426 eum
2387 386 2481 441 per
2509 372 2584 438 id,
2611 371 2756 442 quod
2777 385 2994 442 semper
3011 370 3191 439 fuerit,
3222 371 3549 443 praedicare:
3580 372 3697 443 quia
3717 373 3800 429 hu-

540 481 669 539 quo.
721 453 801 522 Ex
832 480 941 538 quo
964 454 1128 521 etiam
1161 465 1452 537 unicuique
1496 465 1680 536 generi
1711 479 1805 535 per
1829 463 2134 520 successio-

544 576 670 618 nem
723 563 892 632 ipsam
947 561 1189 616 naturale
1211 569 1323 629 est,
1377 576 1446 617 ne
1486 559 1780 616 nonfuerit
1802 568 1857 615 et
1881 560 2152 630 coeperit;

542 654 668 710 dum
700 665 752 708 et
780 661 903 722 post
928 662 1140 724 tempus
1169 654 1222 708 in
1245 662 1487 725 tempore
1514 662 1596 709 est
1624 670 1637 707 :
1687 664 1737 708 et
1765 667 1885 708 cum
1918 668 2134 723 semper

547 745 801 802 universa
848 754 972 816 post
1019 755 1230 815 tempus
1283 748 1411 812 sint,
1448 762 1665 802 causam
1711 747 1794 803 sui
1825 762 2037 818 quoque
2068 746 2135 802 de

540 848 696 893 antea
728 853 833 893 non
867 838 1213 894 exstantibus
1254 848 1494 910 sumunt,
1531 838 1656 894 dum
1687 855 1755 894 ex
1778 840 1859 895 his
1901 855 2136 895 nascun-

543 939 631 984 tur
656 945 775 1000 quze
820 940 977 984 antea
1010 945 1113 984 non
1141 929 1375 986 fuerint:
1434 932 1554 999 ipso
1586 930 1679 986 illo
1704 933 1875 1001 primo
1915 931 2134 988 humani

539 1024 757 1095 generis
786 1033 1008 1094 parente
1031 1024 1199 1079 Adam
1234 1039 1299 1080 ex
1348 1032 1493 1080 terra
1517 1066 1531 1090 ,
1576 1040 1695 1095 quae
1740 1041 1804 1081 ex
1836 1025 2002 1080 nihilo
2030 1036 2132 1093 est,

541 1126 597 1173 et
625 1126 746 1187 post
771 1126 984 1187 tempus
1033 1116 1108 1190 (a)
1136 1118 1187 1172 id
1207 1127 1311 1184 est,
1338 1128 1459 1190 post
1475 1118 1694 1187 caelum,
1727 1130 1944 1180 terram.
1969 1119 2132 1184 diem,

541 1209 733 1283 solem,
760 1209 940 1264 lunam
972 1218 1027 1263 et
1052 1221 1192 1264 astra
1227 1208 1481 1277 formato,
1528 1212 1616 1282 qui
1662 1222 1716 1267 et
1756 1211 1829 1285 (b)
1874 1212 2136 1281 originem

542 1313 648 1357 non
683 1302 930 1358 habuerit
961 1303 1216 1358 nascendi
1245 1310 1299 1358 et
1329 1304 1555 1373 cmperit
1579 1318 1700 1359 cum
1730 1320 1835 1359 non
1859 1303 2066 1359 fuisset.

615 1396 701 1451 l7.
747 1394 1054 1467 Unigenilus
1091 1411 1248 1463 neque
1291 1396 1570 1463 aliquando
1606 1413 1707 1450 non
1739 1398 1858 1467 fuit,
1890 1412 2050 1465 neque
2078 1412 2139 1451 ea:

540 1489 722 1543 nihilo.
755 1518 829 1530 —
874 1489 977 1543 Sed
1010 1487 1286 1556 nuigcnito
1317 1488 1447 1553 Deo,
1477 1490 1685 1543 cuinon
1715 1502 1903 1559 prmest
1927 1498 2140 1560 tempus

539 1581 800 1646 anterius,
851 1596 955 1635 non
1003 1582 1328 1651 relinquitur
1371 1592 1427 1635 ut
1473 1581 1761 1651 aliquando
1807 1598 1912 1637 non
1955 1582 2138 1649 luerit,

539 1675 664 1744 quia
691 1672 764 1746 (τ)
799 1676 976 1744 ipsum
1007 1674 1139 1728 illud
1185 1674 1465 1746 aliquando
1490 1678 1599 1744 jam
1640 1676 1787 1744 prius
1817 1685 1918 1743 est,
1946 1676 2140 1732 deinde

2237 465 2380 520 mani
2442 481 2637 521 sensus
2676 464 2754 539 (g)
2811 467 3066 537 opinione
3124 466 3176 522 id
3225 467 3367 537 quod
3408 481 3626 536 semper
3689 467 3802 533 luit,

2236 571 2341 613 non
2366 556 2443 630 (4)
2466 561 2698 630 patiatur
2722 568 2782 615 ut
2810 571 2995 615 natum
3012 561 3113 626 sit;
3142 578 3162 613 ι
3186 559 3440 616 nascendi
3470 572 3649 616 autem
3669 576 3803 618 causa

2235 650 2325 717 sit,
2362 659 2418 705 ut
2455 652 2527 706 sit
2553 652 2693 722 quod
2735 668 2841 707 non
2890 663 3037 708 erat:
3069 667 3192 709 esse
3234 668 3364 707 vero
3389 654 3538 724 quod
3571 670 3674 707 non
3694 653 3808 719 fuit,
3848 688 3865 711 .

2236 743 2372 799 nihil
2421 744 2567 799 aliud
2608 745 2709 801 sub
2735 745 3012 800 communi
3053 760 3214 801 sensu
3244 760 3387 809 esse,
3418 760 3581 815 quam
3631 746 3805 800 nasci.»

2236 837 2510 905 Adjiciant
2538 853 2667 893 vero
2687 838 2803 893 hsce
2826 847 3011 909 arguta
3042 838 3172 892 satis
3198 848 3361 908 atque
3387 837 3596 892 auditui
3624 838 3811 906 placen-

2239 934 2346 988 tia:
2387 951 2406 986 t
2438 933 2494 990 Si
2521 976 2535 999 ,
2580 934 2787 1003 inquit,
2820 940 2977 988 natus
3006 942 3119 1000 est,
3158 934 3352 1003 cmpit;
3378 941 3431 986 et
3458 947 3583 987 cum
3633 934 3778 1001 cmpit
3798 975 3810 995 ,

2237 1040 2344 1079 non
2371 1024 2496 1091 l'uit;
2527 1031 2725 1080 etcum
2754 1040 2858 1080 non
2889 1024 3009 1093 fuit,
3033 1040 3140 1080 non
3173 1025 3375 1095 patitur
3403 1023 3489 1097 (It)
3525 1033 3581 1077 nt
3602 1024 3764 1080 fuerit.
3793 1045 3809 1078 ι

2238 1116 2416 1186 Atque
2463 1117 2665 1172 idcirco
2697 1117 2795 1187 piae
2817 1117 3186 1189 intelligentiae
3215 1132 3529 1172 sermonem
3554 1131 3671 1173 esse
3700 1133 3810 1172 cou-

2241 1211 2481 1275 tendant,
2552 1210 2711 1267 «Non
2762 1212 2859 1265 luit
2894 1222 3181 1281 antequam
3224 1220 3578 1266 nasceretur:
3622 1211 3732 1280 quia
3772 1220 3819 1264 ut

2239 1312 2388 1359 esset
2417 1303 2508 1374 qui
2549 1319 2654 1359 non
2695 1313 2834 1369 erat,
2882 1303 2961 1376 (5)
2991 1319 3093 1358 non
3120 1303 3185 1374 (i)
3224 1304 3314 1374 qui
3348 1315 3467 1358 erat
3500 1312 3655 1357 natus
3680 1310 3810 1356 est.t

2239 1394 2429 1467 Neque
2466 1397 2612 1467 eguit
2646 1397 2929 1452 nativitate
2967 1397 3059 1468 qui
3095 1405 3232 1463 erat,
3262 1411 3386 1450 cum
3426 1395 3495 1449 ad
3528 1395 3581 1449 id
3617 1401 3674 1449 ut
3698 1403 3821 1449 esset

2244 1489 2334 1559 qui
2361 1504 2466 1543 non
2491 1498 2606 1544 erat
2638 1499 2969 1544 nasceretur.

2314 1581 2403 1637 19.
2452 1582 2803 1649 Quaestionum
2839 1583 3189 1651 captiosarum
3228 1582 3389 1635 virus.
3433 1578 3535 1634 His
3565 1578 3688 1648 ﬁdes
3704 1590 3816 1651 prce.

2244 1675 2477 1748 ferenda.
2504 1674 2675 1730 --Ac
2723 1675 2954 1746 primum
3001 1682 3320 1744 oportuerat
3344 1673 3595 1728 homines
3632 1670 3821 1740 religio-

539 1779 650 1821 non
696 1764 863 1820 fuisse
899 1765 1007 1834 jam
1056 1765 1313 1834 temporis
1357 1775 1473 1821 est:
1520 1774 1576 1821 et
1609 1767 1830 1838 incipiet
1874 1783 1980 1822 non
2026 1778 2142 1838 post
2174 1765 2220 1824 B
2247 1785 2361 1825 sam
2408 1769 2711 1824 divinarum
2763 1784 2944 1824 rerum
2990 1768 3272 1824 scientiam
3325 1764 3706 1836 prml’erentes,
3749 1764 3822 1817 ubi

538 1871 661 1913 eum
696 1866 907 1927 tempus
935 1872 1078 1923 esse,
1111 1857 1207 1912 sed
1239 1859 1352 1929 ipse
1394 1873 1517 1914 esse
1546 1867 1669 1930 post
1700 1868 1934 1929 tempus,
1966 1860 2052 1915 cui
2087 1862 2137 1915 in

540 1965 606 2005 eo
636 1950 781 2020 quod
830 1961 956 2006 ante
1004 1966 1167 2020 quam
1216 1953 1456 2007 nascitur
1506 1968 1609 2006 non
1640 1953 1760 2018 l'uit,
1800 1954 1851 2009 id
1882 1954 2055 2025 ipsum
2089 1956 2140 2010 in

541 2056 649 2111 quo
680 2056 785 2095 non
814 2039 913 2095 fuit
944 2039 1022 2113 (ι)
1051 2041 1387 2111 praeferetur.
1418 2042 1621 2099 Deinde
1647 2045 1734 2114 qui
1759 2060 1826 2099 ex
1853 2060 1918 2099 eo
1941 2047 2031 2116 qui
2061 2054 2145 2101 est

542 2146 700 2190 natus
721 2142 825 2201 est,
856 2134 1085 2205 intelligi
1110 2151 1216 2189 non
1246 2143 1424 2205 potest
1448 2151 1514 2192 ex
1542 2151 1608 2191 eo
1635 2136 1775 2207 quod
1791 2151 1895 2192 non
1922 2137 2017 2191 luit
2044 2154 2141 2192 na-

543 2234 632 2281 tus
655 2240 810 2281 esse:
852 2224 933 2298 (2)
961 2225 1082 2295 quia
1114 2220 1197 2299 (ὀ)
1238 2227 1287 2282 ei
1334 2227 1380 2282 is
1420 2227 1510 2297 qui
1551 2237 1651 2293 est,
1694 2228 1761 2283 ad
1789 2228 1840 2283 id
1869 2228 2011 2299 quod
2037 2241 2142 2298 est,

543 2334 708 2375 causa
732 2327 849 2383 est;
885 2334 990 2374 non
1020 2319 1181 2375 etiam
1213 2320 1266 2376 id
1299 2321 1442 2391 quod
1469 2338 1574 2377 non
1606 2332 1710 2387 est,
1735 2323 1888 2394 origo
1920 2337 2148 2380 nascen-

541 2411 597 2466 di
619 2419 722 2468 est.
758 2412 902 2483 Ergo
930 2412 1015 2467 cui
1044 2427 1219 2483 neque
1240 2413 1293 2467 in
1328 2421 1573 2485 tempore
1597 2425 1699 2481 est,
1726 2414 1797 2487 (ε)
1823 2425 1877 2470 ιιι
1906 2416 2144 2487 aliquan-

541 2506 611 2561 do
640 2523 745 2561 non
778 2507 971 2573 fuerit;
1013 2523 1188 2579 neque
1218 2509 1269 2563 in
1310 2518 1483 2580 patre,
1514 2508 1682 2583 418
1710 2511 1762 2567 id
1793 2522 1899 2576 est,
1926 2522 2148 2568 auctore

541 2606 645 2663 est,
677 2607 735 2653 ut
759 2600 1018 2655 subsistat
1038 2615 1103 2656 ex
1133 2601 1325 2656 nullis:
1358 2616 1464 2656 non
1487 2603 1704 2673 reliquit
1734 2603 1785 2658 id
1812 2603 1880 2661 de
1906 2618 1965 2661 se
1990 2620 2147 2661 occa-

540 2691 732 2758 sionis,
768 2701 824 2746 ut
852 2700 945 2747 aut
988 2707 1053 2747 ex
1082 2692 1253 2749 nihilo
1282 2702 1441 2749 natus
1468 2695 1560 2763 sit,
1602 2703 1823 2752 autnon
1852 2696 2015 2753 fuerit
2041 2714 2142 2754 an-

543 2789 758 2854 tequam
791 2794 1124 2841 nasceretur.

615 2876 702 2933 18.
745 2878 1055 2932 Arianorum
1081 2887 1262 2932 contra
1287 2875 1417 2932 Filii
1441 2880 1774 2934 aeternitatem
1803 2882 2041 2952 argutiae.
2071 2910 2144 2923 —-

542 2966 662 3024 Non
694 2984 813 3025 sum
841 2978 1018 3025 autem
1046 2970 1258 3026 nescius
1291 2970 1582 3041 plerosque
1602 2986 1815 3037 eorum,
1840 2973 2038 3043 quibus
2053 2982 2148 3029 aut

544 3076 641 3131 per
687 3061 1016 3131 impietatem
1066 3063 1255 3117 obtusa
1286 3078 1438 3117 mens
1480 3074 1883 3120 sacramentum
1920 3066 2013 3122 Dei
2038 3081 2145 3121 non

543 3154 708 3223 capit,
740 3159 836 3208 aut
858 3169 952 3223 per
978 3153 1042 3207 ad
1053 3154 1189 3209 versi
1212 3155 1433 3226 spiritus
1455 3155 1877 3212 dominationem
1900 3160 2001 3213 sub
2026 3173 2144 3228 sper

544 3247 627 3302 cie
673 3247 953 3317 religionis
979 3249 1317 3304 ohtrcctandi
1368 3250 1478 3305 Deo
1517 3249 1668 3305 furor
1692 3266 1896 3321 pronus
1927 3263 2029 3320 est,
2056 3253 2116 3308 al

546 3341 767 3395 ilrmare
811 3340 1204 3411 simpliciorum
1254 3341 1476 3397 auribus
1525 3342 1576 3397 id
1614 3344 1822 3400 solere:
1874 3360 1973 3399 nos
2023 3360 2144 3401 cum

545 3446 760 3501 semper
798 3430 995 3487 Filium
1050 3432 1214 3489 fuisse
1258 3433 1523 3497 dicamus,
1577 3449 1753 3504 neque
1800 3436 2000 3507 aliquid
2052 3439 2151 3492 ali-

547 3524 764 3595 quando
782 3524 970 3592 luisse,
1020 3526 1098 3599 (3)
1128 3525 1273 3597 quod
1302 3540 1408 3581 non
1455 3526 1557 3581 fuit
1584 3527 1683 3599 (f');
1715 3528 1834 3584 sine
1876 3530 2150 3587 nativitate

620 3661 701 3801 (ιζ
742 3661 1079 3732 Prazferatur.

642 3732 678 3785 Ξ
746 3734 880 3797 Quia
902 3745 948 3789 et
968 3738 1012 3790 is
1032 3754 1079 3801 qi

642 3732 701 3803 Ξ)
746 3734 880 3805 Quia
902 3745 948 3789 et
968 3738 1012 3790 is
1032 3737 1120 3805 qui
1145 3745 1238 3791 est.

622 3803 705 3875 (ὅ)
748 3804 865 3871 Quo
889 3822 991 3861 non
1014 3803 1133 3876 fuit.

623 3923 701 3995 (a)
743 3921 1182 3999 Sc_ultetusicum
1228 3925 1483 3999 Hilarium
1531 3928 1738 3998 arguit,
1789 3929 1929 3999 quod
1967 3941 2143 3986 contra

553 3993 757 4070 Mosen,
788 3993 955 4070 Deut".
993 3998 1148 4053 simul
1168 4010 1211 4052 et
1237 3998 1392 4053 semel
1429 3993 1616 4054 omnia
1647 3993 1846 4057 creasse
1886 4008 2140 4070 senserit,

551 4074 711 4136 atque
739 4068 795 4139 iur
832 4068 991 4139 hujus
1015 4084 1259 4125 censurte
1280 4085 1391 4125 sua:
1416 4070 1574 4125 (idem
1597 4088 1759 4126 unum
1790 4074 1919 4127 citat
1943 4068 2139 4129 librum

555 4154 631 4193 xit
657 4140 724 4194 de
755 4138 914 4194 Trin.
962 4141 1049 4195 vel
1071 4141 1198 4197 hinc
1226 4141 1425 4197 indicat
1447 4156 1506 4197 se
1527 4143 1687 4199 etiam
1719 4143 1771 4197 in
1797 4146 2007 4199 caeteris
2027 4160 2135 4200 non

552 4211 684 4265 satis
710 4225 921 4280 aequum
962 4213 1133 4285 [uisse
1148 4212 1385 4283 judicent
1415 4215 1829 4280 sententiarum,
1864 4228 2009 4285 quas
2042 4217 2142 4271 Pa—

551 4289 919 4358 trestuentnr.
950 4280 1110 4338 Certe
1150 4280 1391 4358 si_liomo
1441 4296 1560 4355 post
1602 4297 1834 4357 tempus,
1866 4280 2146 4358 quia'post

551 4352 773 4433 uelum,
805 4366 1021 4420 terram,
1049 4363 1155 4411 etc.
1199 4352 1491 4423 formatus;
1522 4374 1627 4413 non
1665 4352 1828 4413 simul
1867 4352 1932 4414 ac
1974 4352 2144 4415 semel

552 4438 732 4477 omnia
759 4435 938 4480 creata
963 4435 1107 4480 sunt.

627 4494 701 4570 (b)
742 4494 928 4570 idest,
977 4499 1133 4568 cujus
1184 4501 1352 4570 prima
1376 4501 1526 4569 origo
1563 4517 1669 4557 non
1692 4511 1772 4557 est
1794 4501 2045 4557 nativitas
2074 4516 2138 4558 ex

550 4568 849 4638 substantia
882 4572 1140 4638 parentis,
1166 4568 1258 4626 sed
1282 4574 1486 4627 crcatio
1513 4589 1575 4627 ex
1608 4573 1796 4627 nihilo.

2215 1860 2583 1931 .evangclica:
2625 1867 2786 1931 atque
2839 1860 3157 1930 apostolica:
3206 1856 3613 1929 praedicationis
3656 1855 3826 1910 tet-itas

2248 1954 2318 2029 (j)
2349 1951 2690 2023 praeferebat,
2735 1948 2946 2006 callidae
2995 1951 3353 2021 philoSOphia:
3395 1958 3663 2003 tortuosas
3702 1961 3826 2013 qum-

2247 2045 2454 2100 stiones
2498 2044 2754 2114 abjicere,
2799 2052 2855 2101 et
2880 2043 3079 2099 sectari
3102 2042 3280 2113 potius
3314 2042 3478 2097 iidem
3510 2055 3627 2109 quae
3657 2040 3704 2092 in
3736 2039 3825 2091 Deo

2249 2147 2361 2195 est:
2393 2139 2521 2209 quia
2555 2152 2772 2193 sensum
2817 2137 3088 2192 inﬁrmum
3119 2136 3276 2192 facile
3300 2134 3429 2190 fidei
3464 2148 3577 2189 suae
3608 2132 3825 2202 prtesidiu

2248 2231 2525 2302 sophisma
2570 2231 2919 2302 syllogisticse
2967 2228 3410 2300 interrogationis
3455 2235 3692 2288 exueret,
3723 2239 3824 2276 tum

2251 2326 2491 2396 captiosa
2523 2325 2823 2395 propositio
2850 2323 3257 2397 responsionem
3287 2320 3616 2390 simplicem,
3645 2316 3825 2384 sibique

2247 2417 2546 2474 secundum
2608 2417 3085 2488 interrogationem
3136 2430 3316 2470 rerum
3361 2409 3820 2471 obsecundantem,

2249 2511 2315 2567 ad
2342 2511 2586 2565 ultimum
2611 2510 2720 2579 jam
2757 2523 2951 2564 sensus
2977 2508 3059 2563 sui
3102 2506 3532 2575 interrogatione
3556 2501 3820 2573 sttttliurel;

2249 2613 2307 2659 ut
2344 2602 2489 2675 quod
2538 2602 2870 2673 professione
2916 2600 3212 2667 amisisset,
3271 2597 3324 2652 id
3360 2597 3478 2668 jam
3518 2591 3816 2650 conscientia

2249 2711 2356 2751 non
2404 2702 2634 2751 teneret.
2669 2692 2806 2762 Quid
2849 2693 2993 2748 enim
3023 2700 3129 2746 tam
3182 2689 3500 2744 necessario
3545 2688 3815 2754 interroga-

2245 2787 2375 2843 tioni
2404 2785 2812 2852 obsecundabit,
2843 2798 3001 2854 quam
3034 2791 3091 2837 ut
3112 2798 3235 2837 cum
3256 2797 3285 2835 a
3316 2781 3476 2835 nobis
3495 2778 3658 2852 519
3689 2790 3812 2846 qum-

2248 2895 2422 2949 ratur,
2452 2883 2620 2939 Estne
2643 2880 2846 2952 aliquid
2894 2888 3182 2949 antequam
3233 2875 3520 2931 nascitur?
3546 2873 3601 2928 ln
3650 2869 3824 2942 proh-s—

2250 2978 2405 3033 sione
2452 2984 2633 3030 nostra
2679 2975 2771 3037 sit,
2803 2988 2910 3028 non
2942 2971 3106 3027 fuisse
3149 2968 3226 3041 (lt)
3252 2978 3379 3024 ante
3411 2967 3554 3038 quod
3580 2959 3821 3020 nascitur?

2248 3069 2435 3139 Neque
2460 3068 2604 3124 enim
2650 3077 2743 3121 aut
2773 3065 2826 3120 in
2852 3072 3040 3119 natura
3086 3070 3179 3116 aut
3205 3062 3257 3115 in
3303 3060 3629 3115 necessitate
3657 3064 3747 3118 est,
3771 3061 3814 3105 ut

2250 3165 2392 3237 quod
2420 3172 2503 3220 est
2546 3170 2837 3218 nascatur:
2884 3173 3005 3215 cum
3039 3157 3185 3213 nasci
3217 3155 3345 3226 quid
3372 3155 3447 3210 ob
3480 3154 3533 3209 id
3570 3159 3756 3206 tantum
3777 3157 3821 3199 ut

2253 3259 2344 3326 sit,
2379 3257 2444 3329 (ι)
2468 3270 2572 3312 non
2605 3255 2725 3324 quia
2755 3262 2892 3321 erat,
2927 3264 3151 3307 necesse
3174 3250 3263 3304 sit.
3294 3247 3454 3316 Quod
3477 3260 3597 3301 cum
3626 3254 3816 3298 conces-

2253 3366 2371 3404 sum
2426 3348 2587 3403 fuerit
2614 3362 2642 3400 a
2682 3344 2861 3411 nobis,
2933 3342 3056 3413 quia
3100 3350 3250 3397 recte
3289 3338 3638 3401 conceditur;
3701 3330 3820 3387 etuti

2257 3442 2337 3515 (6)
2365 3440 2485 3497 tidei
2515 3439 2845 3495 conscientia
2877 3435 2993 3509 (ιη),
3025 3436 3167 3507 capti
3192 3434 3302 3505 jam
3325 3432 3510 3504 impiis
3537 3439 3689 3500 atque
3715 3424 3821 3481 alic-
3904 3440 3905 3515 1

2260 3538 2345 3591 nis
2371 3533 2562 3589 studiis
2589 3530 3006 3602 acquiescimus.

2445 3671 2567 3748 {Yon
2591 3671 2806 3748 patitur.
2883 3747 2887 3748 ν
3109 3736 3120 3748 ⁸

2338 3745 2393 3817 5)
2440 3742 2561 3817 illan
2577 3742 2697 3817 quia
2717 3749 2847 3817 erat,
2878 3747 3008 3804 tum,
3033 3742 3153 3808 quia
3176 3750 3281 3790 non
3310 3743 3435 3790 erat.

2335 3813 2393 3886 6)
2434 3813 2586 3868 Fidei
2613 3813 2845 3868 scientia.

2255 3944 2422 3999 sterc,
2447 3941 2553 3988 etc.
2597 3930 2808 4001 Quippe
2836 3941 2966 3983 voce
2996 3926 3157 3996 patris
3186 3922 3444 3993 quaalihet
3483 3935 3637 3977 causa
3662 3918 3740 3973 hic
3761 3915 3819 3970 si-

2296 4006 2561 4058 uilicatur.

2257 4020 2561 4077 gutucatnr.
3637 4063 3648 4075 ,

2319 4076 2391 4148 (ι’)
2432 4075 2598 4148 Iidem
2651 4073 2890 4148 entheos,
2945 4084 3044 4148 quo
3077 4064 3357 4148 nonfuit:
3395 4079 3573 4148 neque
3600 4063 3681 4117 hic
3718 4060 3813 4148 pla;

2248 4127 2392 4203 cen't’.
2433 4127 2685 4216 Nugatur
2732 4127 2898 4199 Filius
2926 4127 3142 4216 aliquid
3169 4127 3459 4208 aliquando
3487 4127 3669 4197 luisse,
3695 4127 3815 4199 quod

2251 4233 2357 4273 non
2399 4209 2615 4290 semper
2656 4216 2837 4290 fuerit,
2883 4227 2979 4268 seu
3018 4209 3309 4281 quidquam
3350 4218 3687 4279 comparasse
3726 4217 3815 4271 quo

2253 4287 2541 4361 aliquando
2571 4287 2827 4344 caruerit.
2863 4356 2878 4361 _
3069 4354 3100 4361 __
3366 4351 3405 4361 η
3478 4350 3490 4361 _
3687 4346 3717 4361 η

2303 4350 2380 4444 (εἰ)
2406 4361 2780 4444 “Pieriae;
2798 4354 3187 4444 '9'!'?8“,'P.‘FF{‘F_S
3203 4350 3813 4444 ee;..v_9'_!z"_'{'.z’ﬂf‘fff‘"

2246 4425 2588 4489 relerendutn
2606 4425 2680 4485 ad
2709 4430 2782 4493 id,
2804 4430 2976 4496 quasi,
2995 4426 3048 4479 id
3065 4441 3165 4478 non
3193 4425 3427 4478 admittat
3457 4432 3514 4477 ut
3532 4432 3697 4496 natum
3715 4425 3786 4469 sit.

2318 4504 2400 4576 (It)
2439 4504 2656 4573 Aliquot
2679 4488 2861 4576 proba:
2891 4488 3029 4553 nota:
3052 4510 3183 4550 mss.
3208 4505 3264 4550 ut
3297 4511 3400 4550 non
3422 4494 3589 4566 fuerit.
3619 4488 3693 4544 An
3712 4503 3808 4559 pro.

2244 4586 2298 4628 ut
2327 4571 2431 4629 non
2458 4571 2559 4629 non
2589 4571 2789 4646 fuerit?

742 4636 1024 4730 Υξῖῳθτίῖξὲί
1051 4644 1285 4730 θοδῖοοεε
1333 4644 1488 4730 ίρδξιά
1540 4644 1696 4728 ίίίξιά·
1728 4644 2140 4730 Ttlm‘edilie}:
2167 4667 2222 4727 ι)
2316 4648 2381 4730 (ἱ)
2421 4646 2551 4701 Bad.
2582 4636 2643 4730 et
2664 4645 3051 4730 pluresutnssq
3084 4654 3182 4692 non
3210 4638 3332 4708 quia
3354 4647 3464 4692 erat
3491 4647 3569 4692 et:
3593 4641 3643 4689 et
3677 4642 3800 4687 mox.

550 4720 709 4778 cepto
754 4710 877 4767 Par.
928 4714 1207 4784 aliquando
1249 4710 1365 4789 jam
1401 4718 1649 4789 temporis
1693 4726 1802 4770 est:
1840 4724 1887 4769 et
1928 4717 2141 4789 incipiet

551 4792 657 4857 etc.
708 4794 1079 4839 restaurantur
1121 4801 1192 4841 ex
1229 4785 1349 4840 aliis
1398 4785 1567 4841 libris.
1615 4786 2007 4857 Argumentum
2037 4785 2141 4857 fliie

552 4850 785 4928 habetur
816 4857 1192 4926 gravissimum
1242 4858 1503 4913 adversus
1547 4850 1777 4913 Ariatios
1822 4859 1909 4928 qui
1945 4859 1994 4911 in
2026 4856 2138 4912 for-

552 4924 712 4979 mulis
755 4924 886 4991 suis,
940 4930 1272 5000 Antioehena
1294 4930 1518 4995 scilicet,
1571 4940 1795 5000 utraque
1835 4924 2140 4992 Sirmiensi,

552 5010 762 5050 necnon
812 4999 1382 5068 pseudo-Sardicensi,
1423 5012 1529 5057 etc.
1557 4999 1749 5056 Filium
1779 5012 1906 5057 ante
1941 5002 2139 5056 saecula

552 5075 607 5121 et
631 5077 868 5140 tempora
903 5071 1316 5140 profitebantur.

625 5138 706 5209 (tl)
750 5138 917 5217 ιςάίιιζ
938 5144 1061 5208 quia
1097 5147 1207 5214 ejus
1232 5146 1322 5217 qui
1355 5153 1470 5217 est:
1501 5152 1609 5199 tum
1639 5145 1786 5215 Lips.
1818 5155 1870 5201 et
1900 5143 2144 5217 Par.,__ad

550 5208 607 5262 id
627 5211 766 5291 quod
792 5222 864 5267 est
909 5229 1064 5268 causa
1092 5208 1255 5286 pater“
1280 5225 1372 5291 est.
1398 5208 1743 5286 Castigantur
1774 5233 1842 5273 ex
1883 5231 2013 5291 mss.
2038 5214 2144 5271 Su-

554 5287 736 5348 perius
786 5293 1063 5340 ostensum
1095 5297 1197 5352 est,
1243 5290 1398 5343 nobis
1423 5297 1598 5342 ortum
1630 5304 1750 5344 esse
1777 5305 1840 5344 ex
1874 5287 2064 5353 nihilo,
2092 5295 2146 5341 et

554 5366 663 5431 non
691 5368 754 5431 ex
787 5367 983 5410 causa:
1028 5372 1168 5413 nunc
1193 5358 1317 5413 Filii
1345 5360 1496 5431 origo
1518 5374 1582 5413 ex
1608 5374 1787 5425 causa,
1835 5376 1939 5415 non
1964 5374 2030 5415 ex
2059 5359 2142 5412 ni-

558 5422 668 5476 hilo
692 5425 1112 5483 demonstratur.

629 5494 704 5566 (e)
745 5498 800 5549 In
824 5507 1038 5554 vetusto
1066 5500 1252 5556 codice
1280 5499 1432 5555 Colh.
1467 5509 1522 5556 et
1549 5501 1734 5558 Germ.
1769 5517 1976 5558 necnon
2007 5500 2147 5556 Mar-

556 5566 687 5643 tin.,_
716 5578 772 5619 ut
800 5582 900 5621 non
934 5570 1212 5640 aliquando
1240 5590 1339 5627 non
1371 5574 1546 5642 fuerit.
1578 5574 1761 5629 Melius
1793 5575 1844 5629 in
1878 5575 1996 5629 aliis
2024 5586 2149 5643 par-

561 5637 721 5690 ticula
754 5653 953 5707 negans
993 5637 1096 5714 non
1125 5637 1443 5714 geminatur.
1478 5644 1588 5699 Hoc
1617 5650 1759 5701 enim
1792 5647 1888 5702 sihi
1919 5637 2062 5698 vult:
2094 5643 2147 5697 in

567 5719 743 5790 quem.
778 5722 892 5790 .nou
937 5713 1080 5769 cadit
1126 5726 1219 5770 aut
1254 5731 1501 5788 respecm
1545 5720 1800 5788 temporis
1862 5715 2152 5790 aliquando

574 5790 688 5834 non
715 5775 906 5847 fuisse,
960 5792 1053 5844 aut
1096 5775 1360 5860 respectu'
1389 5794 1624 5853 auctoris
1659 5775 1731 5852 ex
1765 5789 1928 5850 nullis
1955 5775 2156 5855 'subsi-

2248 4721 2497 4793 quianth
2537 4726 2643 4772 erat
2675 4721 3023 4793 nasceretur.“
3055 4781 3067 4793 .

2436 4768 2617 4843 εὶξπ
2638 4780 3560 4864 sequenteseditiones,_prtzcellebat
3582 4792 3608 4859 ε.

2251 4870 2305 4913 et
2333 4853 2494 4925 Rise“,
2514 4853 2843 4930 praeferebat,
2869 4854 2989 4909 scil.
3013 4868 3192 4930 rerum
3206 4853 3509 4930 divinarum)
3539 4853 3806 4930 scientiatu-

2251 4915 2540 5001 Egregiuiri
2594 4915 2878 5001 monitum,
2926 4936 2985 4978 ut
3026 4926 3113 4980 ubi
3151 4923 3273 5001 lid_ei
3308 4924 3563 5001 doctrina
3598 4915 3804 5001 allulgfli

2250 4985 2507 5073 captiosis
2551 4985 2990 5073 philosomto'rum
3039 4996 3428 5073 quaestionibus
3468 4985 3805 5073 nonprtehetl-

2252 5062 2372 5129 mus
2397 5062 2604 5135 aurem.
2631 5086 2729 5128 nec
2759 5062 2828 5125 ab
2852 5083 2914 5123 ea
2946 5062 3073 5122 nos'
3091 5067 3197 5120 ulla
3223 5067 3430 5121 ratione
3459 5062 3633 5135 divelli
3663 5065 3804 5127 palm-

2253 5160 2391 5200 mur.
2429 5130 2692 5212 Quocirca
2736 5156 2843 5198 non
2876 5140 3199 5211 placetcum
3241 5138 3430 5194 codice
3456 5130 3802 5198 Pratel.,pm’-

2276 5216 2532 5272 erebatur.
3764 5262 3774 5272 -

2253 5216 2532 5289 ferebatur.
3488 5278 3500 5289 ἢ
3693 5268 3703 5279 ⁸
3764 5262 3774 5272 ,

2328 5289 2401 5359 (lt)
2438 5289 2526 5343 Sic
2563 5287 2682 5342 Par.
2725 5297 2845 5340 cum
2874 5280 3174 5353 potioribus
3229 5294 3359 5335 mss.
3400 5278 3504 5336 Alit
3541 5285 3656 5330 vero
3675 5267 3794 5327 hhrn

2250 5360 2849 5433 ant_e_quantnascitur._
2957 5424 2989 5433 _
3033 5424 3066 5433 __
3294 5421 3341 5433 __
3414 5421 3445 5433 ί,

2327 5416 2413 5501 (θ’
2432 5431 2716 5497 Antiquior
2751 5428 2919 5501 codex
2950 5424 3108 5479 συιδ·
3142 5438 3265 5501 eam
3294 5421 3504 5501 Μηνιίιι·
3535 5416 3793 5501 et“???

2256 5478 2867 5571 ηοῖῗᾳιὶῖέἑᾶξῖιὶῐιὶέεξ
2891 5478 3025 5571 ante»
3040 5478 3376 5571 secutaque!
3396 5510 3409 5547 =
3440 5507 3539 5571 {ton
3571 5478 3793 5571 ίξνξξῇἷξῖς

2976 5550 3210 5621 scientia.
3228 5550 3421 5643 Verius
3449 5565 3498 5643 in
3521 5550 3791 5643 itteliutilglf

2256 5630 2417 5712 mss,
2462 5642 2584 5715 ﬁdei
2626 5630 2966 5715 conscientia:
3003 5648 3083 5704 ut,
3106 5636 3547 5715 quemadmodum
3585 5630 3792 5715 sopiat?

2261 5705 2508 5779 habetur,
2536 5714 2672 5787 quod
2693 5712 3011 5787 professione
3048 5705 3320 5777 amisisset,
3351 5707 3408 5763 id
3435 5709 3545 5780 jam
3568 5705 3788 5757 causam?

2268 5787 2342 5846 tia
2362 5804 2475 5865 non
2497 5794 2703 5855 teneret.
