3936 6196
92 306 197 364 N5

1312 306 1399 364 DE
1448 304 1818 366 TRINITATE
1858 309 2060 367 LIBER
2098 311 2215 368 XII.

3290 314 3395 373 M6

94 454 100 465 -
160 425 252 481 20.
298 423 405 480 Ha:
449 440 549 479 non
602 425 841 480 cavenda
884 432 1102 493 tantum,
1135 423 1225 480 sed
1268 434 1316 479 et
1350 425 1697 497 confutaudtz.
1728 434 1776 497 Α
1808 428 1969 484 Patre
1988 431 2076 501 qui
2096 446 2294 503 semper
2314 439 2404 485 est.
2430 428 2708 487 —-Cesset
2735 429 2915 501 itaque
2946 430 3252 485 Sollicitudo
3286 447 3399 501 prr-

98 517 253 573 Fides
279 519 440 573 docta
466 519 588 589 quid
606 529 812 593 prastet
840 516 1080 573 indoctae.
1107 547 1181 559 —
1215 517 1372 587 Quod
1398 518 1693 589 providens

100 623 221 668 ante
245 613 446 668 beatus
488 614 781 684 Apostolus
816 612 1032 679 Paulus,
1063 612 1219 667 sicuti
1248 613 1561 683 frequenter
1598 626 1693 667 os-

102 708 387 770 tendimus,
420 717 474 762 nt
497 721 814 763 caveremus
848 706 1147 776 admonuit,
1174 706 1393 762 dicens:
1428 704 1606 761 Videte
1634 720 1697 761 ue

102 804 203 873 quis
225 817 311 855 vos
343 801 532 873 spoliet
561 817 652 872 per
687 800 1072 874 philosophiam
1103 810 1148 853 et
1187 799 1392 853 inanem
1437 797 1694 865 deceptio-

103 913 229 959 uetn,
253 896 543 950 secundum
565 895 911 968 .traditionem
936 895 1220 961 hominum,
1272 894 1550 949 secundum
1589 893 1696 948 ele-

105 999 261 1044 menta
291 990 495 1055 mundi,
520 998 571 1043 et
595 1005 699 1043 non
721 989 1002 1044 secundum
1032 986 1313 1055 Christum,
1344 990 1399 1043 in
1421 1005 1521 1059 quo
1547 988 1698 1042 inha-

107 1087 219 1140 bitat
260 1086 431 1137 omnis
468 1084 733 1152 plenitudo
773 1083 1055 1137 diuinitatis
1099 1082 1436 1153 corporaliter
1470 1079 1692 1155 (Coloss.

109 1194 163 1243 tt,
192 1178 225 1234 8
253 1187 302 1233 et
327 1175 413 1248 9).
440 1176 753 1233 Cavendum
799 1176 962 1249 igitur
989 1175 1272 1231 adversum
1302 1174 1697 1247 philosOphiam

105 1279 199 1330 est.
217 1279 272 1325 et
289 1270 649 1325 humanarum
674 1269 1021 1326 traditionum
1045 1285 1150 1325 non
1168 1282 1274 1324 tam
1303 1268 1549 1325 evitanda
1573 1274 1700 1324 sunt

106 1362 305 1428 studia,
332 1377 496 1431 quam
538 1362 840 1418 refutanda.
880 1360 1067 1431 Neque
1106 1360 1246 1416 enim
1293 1362 1376 1417 his
1408 1362 1479 1415 ita
1504 1375 1696 1416 conce-

108 1458 328 1515 dendum
349 1466 457 1526 est,
482 1458 637 1528 quasi
664 1460 885 1512 vincant
907 1456 1084 1527 potius
1130 1470 1289 1527 quam
1316 1455 1501 1511 fallant
1530 1473 1541 1509 :
1574 1456 1697 1525 quia

110 1567 201 1608 nos
226 1549 503 1607 Christum
532 1551 628 1606 Dei
662 1552 918 1607 virtutem
952 1560 1007 1607 et
1033 1549 1126 1606 Dei
1154 1550 1471 1620 sapientiam
1504 1548 1698 1618 prandi-

109 1654 302 1711 cantes,
325 1658 547 1715 aequum
573 1651 657 1699 est
687 1644 948 1698 lmmanas
978 1640 1253 1696 doctrinas
1275 1656 1383 1695 non
1406 1649 1511 1695 tam
1536 1638 1699 1695 ditiu-

117 1753 250 1809 gere,
290 1751 457 1807 quam
493 1735 777 1802 refellere;
820 1747 873 1791 et
902 1735 976 1808 (ιι)
1007 1733 1385 1805 simpliciores,
1416 1750 1483 1789 ne
1516 1732 1584 1789 ab
1613 1732 1700 1788 bis

1802 519 1972 577 fidite:
2004 537 2179 593 neque
2206 540 2401 595 negare
2429 538 2547 591 nos,
2576 526 2699 596 quia
2728 525 2839 596 ipsa
2868 541 2971 579 non
2999 527 3264 597 intelligit,
3286 527 3399 581 exi-

1800 615 2006 684 stimet,
2031 614 2171 687 quod
2193 617 2366 672 solum
2391 632 2417 670 a
2452 616 2605 671 nobis
2628 616 2764 672 bene
2792 627 2844 673 et
2871 618 3186 689 intelligitur
3209 628 3260 674 et
3281 636 3400 676 etc-

1798 708 1965 765 ditur.
1997 709 2131 764 Nam
2166 710 2277 780 ipsa
2309 725 2618 767 sermonum
2652 713 3024 769 enuntiatione
3061 730 3181 769 cum
3212 725 3394 772 natum

1801 800 1884 875 (ι)
1933 803 2275 874 profitemur,
2306 821 2413 859 non
2459 814 2635 860 tamen
2664 822 2769 860 non
2806 814 2987 861 natum
3022 807 3394 877 prmdieamns.

1797 894 1984 968 Neque
2029 898 2171 952 enim
2203 896 2252 951 id
2302 896 2474 967 ipsmn
2522 906 2605 953 est
2649 913 2754 952 non
2777 908 2959 969 natum
3006 908 3165 970 atque
3206 900 3394 956 nasci:

1799 990 1921 1060 quia
1949 989 2079 1044 illud
2104 990 2171 1045 ab
2197 988 2392 1057 altero,
2428 990 2532 1044 hoc
2568 1004 2698 1045 vero
2722 1006 2751 1044 a
2790 991 3005 1045 nemine
3028 1001 3129 1045 est.
3160 991 3227 1045 Et
3255 990 3397 1045 aliud

1800 1092 1881 1137 est
1921 1082 2039 1138 sine
2080 1092 2299 1137 auctore
2326 1097 2447 1137 esse
2493 1098 2707 1152 semper
2757 1094 3037 1149 aeternum,
3064 1081 3207 1137 aliud
3252 1080 3393 1154 quod

1801 1178 1961 1247 patri,
1996 1175 2046 1230 id
2079 1186 2181 1241 est,
2208 1175 2412 1230 auctori
2454 1184 2539 1229 est
2564 1187 2913 1232 coaeternum.
2937 1173 3039 1231 Ubi
3073 1175 3216 1230 enim
3248 1185 3398 1245 pater

1802 1280 1990 1325 auctor
2011 1279 2115 1335 est,
2141 1268 2211 1324 ibi
2235 1279 2292 1325 et
2329 1270 2580 1325 nativitas
2610 1279 2724 1335 est;
2747 1277 2800 1323 at
2832 1284 2959 1324 vero
2984 1269 3073 1323 ubi
3098 1279 3287 1324 auctor
3320 1285 3395 1324 (P.-

1803 1373 1989 1420 ternus
2014 1374 2117 1430 est,
2168 1366 2239 1420 ibi
2281 1375 2334 1420 et
2376 1361 2455 1437 (ft)
2491 1363 2785 1419 nativitatis
2810 1364 3082 1418 aeternitas
3126 1373 3238 1417 est:
3273 1363 3397 1433 quia

1801 1457 1942 1513 sicut
1969 1457 2217 1512 nativitas
2250 1457 2317 1511 ab
2342 1468 2563 1512 auctore
2613 1465 2714 1521 εει,
2746 1457 2820 1511 ita
2848 1463 2901 1511 et
2928 1455 2995 1510 ab
3036 1466 3239 1510 :eterno
3265 1470 3395 1509 auc-

1802 1556 1920 1605 tore
1940 1559 2141 1605 aeterna
2172 1548 2422 1604 nativitas
2447 1560 2551 1605 est.
2581 1548 2753 1605 Omne
2780 1558 2981 1614 autem,
3010 1547 3152 1619 quod
3182 1563 3397 1618 semper

1802 1653 1909 1709 est,
1938 1646 2099 1699 etiam
2127 1655 2388 1699 aeternum
2432 1653 2534 1699 est.
2565 1644 2670 1700 Sed
2702 1653 2877 1698 tamen
2906 1659 3011 1697 non
3043 1657 3223 1709 onme,
3253 1636 3394 1713 quod

1803 1746 2064 1791 internum
2092 1745 2195 1804 est,
2220 1736 2380 1791 etiam
2411 1737 2654 1791 innatum
2682 1745 2784 1791 est.
2809 1735 2942 1803 Quia
2970 1732 3113 1805 quod
3143 1735 3209 1788 ab
3240 1744 3397 1790 teter-

113 1828 419 1898 spolientur,
453 1837 510 1884 et
535 1828 825 1884 obstruere
851 1835 906 1884 et
948 1829 1235 1883 instruere.
1268 1826 1401 1882 Nam
1429 1842 1549 1882 cum
1578 1842 1699 1898 pos-
1728 1836 1775 1897 Β
1806 1843 1875 1882 no
1924 1828 2183 1893 nascitur,
2238 1826 2399 1883 bahet
2445 1837 2706 1883 aeternum
2733 1844 2853 1885 esse
2892 1827 3035 1901 quod
3067 1839 3247 1885 natum
3288 1838 3391 1884 est.

116 1921 176 1974 sit
202 1919 373 1974 omnia
402 1961 418 1984 ,
477 1917 557 1991 (1)
587 1920 639 1974 in
676 1935 736 1974 ea
769 1919 843 1993 (ὁ)
877 1920 991 1990 ipsa
1030 1920 1211 1975 omnia
1256 1920 1528 1990 sapienter
1558 1920 1698 1975 Deus

113 2009 283 2081 possit,
312 2024 415 2065 nec
442 2009 627 2066 virtuti
653 2008 771 2081 ejus
798 2012 957 2075 ratio,
986 2026 1084 2066 nec
1104 2010 1297 2065 rationi
1321 2010 1490 2065 virtus
1518 2010 1588 2083 (c)
1605 2010 1699 2065 ab-

113 2106 283 2173 sistat;
323 2113 548 2175 Oportet
584 2120 711 2171 eos,
764 2105 853 2176 qui
883 2105 1159 2161 Christum
1196 2104 1495 2175 praadicant
1534 2118 1696 2158 nuut-

113 2198 192 2263 do,
230 2197 555 2270 irreligiosis
597 2199 785 2254 mundi
831 2199 1271 2270 impert‘ectisque
1300 2197 1560 2254 doctrinis
1604 2213 1700 2268 per

115 2293 370 2347 scientiam
401 2293 671 2363 sapientis
700 2293 1112 2363 omnipotentiat
1156 2292 1452 2360 contraire,
1502 2306 1699 2347 secun-

115 2385 224 2440 dum
253 2385 381 2441 illud
408 2386 561 2442 beati
583 2386 829 2457 Apostoli
861 2386 1064 2441 dictum
1089 2404 1102 2441 :
1152 2386 1347 2440 Nostra
1376 2387 1508 2440 enim
1554 2403 1699 2441 arma

117 2496 204 2534 non
230 2490 341 2535 sunt
376 2482 642 2547 carnalia,
671 2482 759 2535 sed
792 2470 1019 2552 potentia
1045 2478 1178 2547 Deo,
1203 2481 1271 2534 ad
1306 2481 1700 2535 destructionem

117 2575 463 2641 munitionum,
509 2574 737 2628 rationes
776 2574 1106 2641 destruentia,
1139 2583 1186 2628 et
1234 2589 1433 2629 omnem
1466 2574 1698 2628 altitudi-

120 2684 217 2724 nem
249 2670 505 2724 eleuatum
529 2668 774 2723 adversus
796 2669 1135 2741 cognitionem
1184 2667 1279 2723 Dei
1305 2667 1370 2740 (il
1401 2650 1523 2723 Cor.
1566 2683 1621 2733 Χ,
1665 2666 1701 2723 4

121 2772 160 2816 et
182 2761 257 2834 5).
289 2761 482 2818 Fidem
517 2776 621 2816 non
647 2762 843 2816 nudam
872 2763 1162 2832 Apostolus
1178 2770 1341 2833 atque
1370 2763 1582 2833 inopem
1616 2776 1701 2816 ra-

123 2854 259 2911 tionis
307 2854 566 2927 reliquit:
609 2870 731 2926 qua:
753 2858 998 2926 quamvis
1048 2856 1329 2926 potissima
1363 2855 1430 2912 ad
1468 2856 1697 2911 salutem

122 2947 198 3014 sit,
237 2957 414 3005 tamen
470 2949 577 3003 nisi
635 2964 730 3018 per
774 2948 1073 3005 doctrinam
1127 2950 1447 3019 instruatur,
1482 2951 1700 3008 habebit

126 3038 316 3110 quidem
348 3039 495 3096 inter
518 3040 743 3096 adversa
771 3048 941 3096 tntum
970 3041 1049 3114 (2)
1077 3040 1376 3113 refugiendi
1402 3044 1483 3117 (ά)
1516 3060 1698 3101 reces-

126 3148 245 3200 sum,
273 3149 381 3191 non
425 3135 593 3190 etiam
637 3136 890 3191 retinebit
934 3147 1270 3193 constantem
1304 3136 1373 3209 (ε)
1420 3139 1722 3197 obttitendi‘

1802 1919 1955 1989 Quod
1994 1933 2173 1977 autem
2221 1936 2325 1976 non
2371 1931 2552 1977 natum
2593 1931 2695 1990 est,
2728 1922 2778 1977 id
2808 1937 2927 1977 cum
2968 1924 3396 1977 mternitatenon

1803 2024 1985 2069 natum
2032 2023 2132 2070 est.
2165 2014 2317 2084 Quod
2364 2031 2496 2071 vero
2538 2032 2605 2072 ex
2648 2027 2853 2071 aeterno
2892 2029 3075 2071 natum
3126 2026 3229 2081 εει,
3270 2014 3320 2069 id
3351 2013 3396 2069 si

1804 2124 1910 2163 non
1942 2119 2203 2164 teternum
2249 2120 2431 2164 natum
2462 2121 2565 2172 est,
2594 2109 2706 2180 jam
2741 2125 2845 2163 non
2873 2109 2971 2165 erit
3006 2121 3059 2165 et
3093 2118 3244 2179 paler
3271 2122 3397 2161 anc-

1802 2207 1888 2255 tor
1931 2210 2188 2257 aeternus.
2223 2201 2277 2259 Si
2322 2201 2449 2273 quid
2475 2201 2637 2272 igitur
2667 2202 2735 2267 ei,
2771 2202 2857 2269 qni
2891 2203 2956 2257 ab
2993 2213 3201 2257 aeterno
3246 2206 3396 2271 patre

1805 2302 1962 2351 natus
1991 2305 2090 2362 εει,
2124 2311 2190 2350 ex
2235 2295 2539 2351 aeternitate
2578 2290 2835 2359 defuerit,
2871 2293 2920 2348 id
2968 2295 3143 2364 ipsum
3189 2292 3394 2347 auctori

1815 2392 1879 2463 (i)
1918 2405 2023 2446 non
2054 2399 2137 2447 est
2160 2389 2468 2460 ambiguum
2501 2386 2739 2445 defuisse
2767 2408 2778 2443 :
2837 2389 2959 2459 quia
2987 2386 3128 2458 quod
3160 2387 3395 2459 gignenti

1808 2495 1891 2541 est
1920 2484 2185 2540 infinitum
2206 2528 2220 2552 ,
2244 2484 2511 2538 infinitum
2539 2491 2622 2539 est
2652 2481 2813 2538 etiam
2848 2483 3110 2536 nascenti.
3164 2480 3395 2536 Medium

1804 2578 1947 2633 enim
1978 2578 2104 2648 quid
2149 2578 2289 2632 inter
2332 2576 2666 2631 nativitatem
2699 2575 2792 2631 Dei
2842 2574 2959 2641 lilii,
2992 2585 3045 2629 ct
3088 2574 3394 2645 generatio-

1804 2685 1927 2725 nem
1951 2668 2045 2725 Dei
2088 2670 2274 2741 patris,
2305 2685 2404 2724 nec
2448 2669 2585 2723 ratio
2612 2683 2711 2723 nec
2741 2680 2932 2722 sensus
2960 2664 3194 2720 admittit
3220 2684 3233 2720 :
3271 2664 3395 2737 quia

1803 2773 1859 2821 et
1884 2765 1939 2819 in
1982 2763 2330 2836 generatione
2359 2762 2609 2817 nativitas
2636 2770 2735 2826 est,
2764 2768 2817 2815 et
2848 2762 2900 2815 in
2932 2760 3209 2814 nativitale
3228 2773 3397 2830 gene-

1802 2859 1943 2915 ratio
1974 2868 2075 2913 est.
2118 2857 2272 2926 Quod
2319 2867 2608 2924 utrumque
2658 2855 2775 2910 sine
2824 2852 3110 2909 intervallo
3158 2853 3241 2907 sui
3286 2860 3393 2917 est,

1804 2951 1926 3022 quia
1958 2949 2076 3005 sine
2113 2959 2341 3020 utroque
2373 2947 2441 3025 (j)
2502 2963 2600 3004 nec
2632 2959 2879 3002 neutrum
2935 2955 3036 3000 est.
3064 2942 3219 3011 Quod
3263 2958 3394 3013 ergo

1806 3044 1906 3098 nisi
1937 3059 2002 3100 ex
2048 3051 2277 3112 utroque
2299 3041 2375 3116 (5)
2424 3058 2528 3097 non
2560 3042 2631 3115 (k)
2666 3039 2932 3101 consiSIit,
2967 3038 3018 3094 id
3059 3036 3112 3092 in
3146 3036 3397 3092 omnibus

1804 3138 1906 3194 nisi
1929 3149 2215 3210 utrumque
2247 3155 2351 3193 non
2376 3147 2652 3209 permanet
2678 3153 2689 3189 :
2719 3132 2878 3208 421
2893 3132 3014 3204 quia
3044 3132 3095 3186 in
3112 3130 3287 3201 aliquo
3316 3128 3397 3183 al-

125 3228 717 3299 sccuritatem;eritque
741 3235 802 3283 ut
824 3226 1121 3284 iniirmibus
1148 3229 1217 3304 (Γ)
1240 3240 1501 3302 suntpost
1518 3232 1695 3304 fugam
1723 3233 1768 3296 C
1803 3241 1972 3287 terum
2028 3247 2133 3287 non
2183 3231 2532 3302 relinquatur,
2580 3226 2721 3299 quod
2752 3229 2804 3280 id
2848 3228 3020 3296 ipsum
3061 3222 3288 3277 alterum
3340 3221 3391 3274 in

128 3331 295 3387 castra,
322 3337 432 3378 non
471 3323 637 3377 etiam
685 3332 742 3377 ut
770 3333 947 3379 castra
988 3324 1307 3380 habentibus
1350 3325 1503 3381 adest
1531 3327 1697 3382 inter-

16 3454 29 3503 i:
127 3415 211 3469 rita
233 3416 509 3471 fortitudo.
536 3414 703 3489 420
722 3415 1129 3472 Οοηιιιηάεηόω
1155 3425 1281 3472 sunt
1300 3433 1428 3489 ergo
1458 3419 1697 3474 insolen-

129 3515 194 3562 tes
230 3507 513 3564 adversum
558 3509 725 3563 Deum
764 3508 1201 3579 disputationes,
1248 3520 1302 3565 et
1360 3510 1690 3567 destruenda

20 3658 29 3667 _
129 3600 363 3655 rationum
397 3600 673 3655 fallaciam
707 3600 1061 3666 munimenta,
1091 3608 1146 3655 et
1165 3601 1372 3657 elevata
1403 3602 1470 3657 ad
1502 3604 1695 3672 impie-

26 4460 35 4549 ἰ

134 3702 268 3747 tatem
293 3694 507 3765 ingenia
531 3694 887 3762 conterenda,
920 3708 1022 3749 nec
1048 3695 1356 3750 carnalibus
1382 3697 1572 3762 armis,
1596 3696 1693 3753 sed

132 3786 464 3854 Spiritalihus;
511 3802 615 3843 nec
656 3796 873 3844 terrena
910 3789 1175 3857 doctrina,
1218 3789 1313 3844 sed
1358 3790 1565 3847 ctelesti
1610 3807 1698 3847 sa-

132 3877 298 3946 pientia
322 3898 334 3935 :
361 3890 421 3936 ut
443 3890 646 3952 quanta
677 3895 857 3936 rerum
893 3879 1197 3937 divinarum
1232 3883 1698 3957 humanarumque

133 3970 351 4030 discretio
373 3984 480 4041 est,
528 3972 606 4047 (g)
635 3981 784 4030 tanta
812 3973 950 4030 ultra
973 3983 1189 4032 terrena
1216 3975 1393 4033 studia
1419 3978 1559 4034 ratio
1584 3993 1699 4036 etn-

137 4061 258 4121 lestis
277 4066 352 4140 (3)
372 4066 629 4123 excedat.

187 4157 267 4216 2i.
302 4157 474 4217 Filius
517 4158 612 4217 etsi
662 4168 836 4228 natus,
882 4176 1079 4234 semper
1127 4168 1299 4218 tamen
1343 4171 1439 4232 est,
1476 4164 1596 4237 quia
1616 4165 1701 4237 ,ἀι

194 4297 262 4370 (ι)
298 4297 360 4353 Et
389 4315 452 4355 ea
477 4299 595 4367 ipsa
615 4314 631 4360 ;
655 4295 813 4370 paulo
833 4306 977 4369 post,
1005 4297 1233 4355 obsistet.

191 4364 262 4442 (ἓ)
299 4364 629 4442 ρεῖαςίέπάί·

193 4438 259 4512 (5)
293 4438 596 4498 Exstendat.

193 4548 256 4621 (a)
294 4551 487 4623 Codex,
517 4551 641 4608 Vat.
692 4551 835 4623 bas.,
875 4550 1185 4623 simplicium
1242 4572 1465 4614 sensum.

140 4616 263 4677 Colb.
288 4639 402 4679 cum
444 4622 661 4681 Martio.
689 4616 919 4680 Sorhon.
950 4616 1005 4680 εἰ
1041 4622 1205 4681 Μὶιιίεὶ
1228 4627 1385 4697 edit.,
1416 4628 1699 4701 simplicio-

141 4707 336 4749 νεεεεηειι
342 4738 354 4750 .
1453 4734 1459 4743 .

196 4764 257 4835 (lt)
298 4766 421 4822 Bad.
446 4775 501 4822 et
536 4765 655 4833 Er.,
687 4776 734 4821 et
783 4782 842 4821 ea
891 4766 1080 4821 omnia.
1138 4766 1352 4824 Mirmus
1404 4772 1697 4830 restituens

295 4840 468 4920 omisit
524 4839 660 4909 ipsa.
693 4837 749 4920 in
803 4837 1045 4920 pluribus
1075 4855 1206 4920 mss.
1252 4840 1591 4920 desideratur
1620 4846 1691 4901 in.

144 4902 456 4984 lietittendiim
480 4902 601 4984 quin
631 4902 926 4984 potioribus
952 4918 1000 4964 et
1021 4911 1146 4984 inea
1168 4910 1302 4984 ipsa.
1333 4914 1454 4969 scil.
1480 4918 1694 4984 sapien-

144 4977 212 5029 tia.
236 4977 478 5053 Exemplu
499 4978 615 5045 Dei,
630 4977 719 5052 qui
745 4983 794 5035 in
813 4980 1095 5051 sapientia,
1117 4998 1236 5053 qum
1249 4983 1491 5039 Christus
1512 4977 1617 5051 est,
1641 5000 1695 5044 et

144 5049 286 5104 omnia
304 5049 491 5120 potest,
510 5049 856 5129 et_._sapienter
882 5049 1088 5121 potest,
1113 5049 1397 5129 tiiouentur
1433 5056 1554 5112 fidei
1581 5049 1698 5129 pro-

145 5129 519 5197 pugnator-esum
534 5122 749 5197 aliunde
768 5122 1019 5197 virtutem
1034 5133 1088 5178 et
1104 5124 1414 5197 sapientiam
1430 5122 1692 5197 qumrant.

175 5188 423 5269 .(C)Edili,
456 5194 685 5249 obsistat.
717 5194 937 5269 Rectius
962 5210 1092 5269 mss.
1122 5188 1574 5269 absistunid'est,
1600 5216 1699 5258 nec

149 5266 287 5317 Virtus
304 5268 521 5329 ratione,
555 5280 656 5321 nec
683 5268 876 5320 virtute
900 5266 1037 5320 ratio
1062 5266 1317 5321 destituta
1341 5268 1431 5323 sit.

198 5331 524 5413 (Ad)-ln‘_ms_s_.
577 5336 712 5413 Vat.
744 5336 1258 5413 bas.,‘_Carnut._et
1304 5339 1505 5413 aliquot
1549 5342 1692 5413 aliis,

149 5399 413 5525 zzglg'ieiidi.
464 5407 587 5463 Mox
640 5411 692 5465 in
736 5422 843 5463 uno
873 5399 1084 5476 'Vatic.,
1136 5399 1531 5479 obtinebit,'non
1572 5399 1697 5471 reti;

150 5485 251 5526 ηενιι
257 5518 268 5530 ,

150 5546 442 5679 Elegia:
484 5560 540 5608 et
583 5549 735 5619 Pan,
775 5550 1058 5621 obtinendi,
1099 5551 1488 5612 reluctantibus
1533 5556 1695 5630 Dad.,

208 5656 217 5667 -
245 5641 294 5673 Cl
322 5641 442 5677 111δῆ.

204 5686 261 5762 (ί)
296 5690 443 5763 Editi,
486 5704 712 5767 excepto
752 5693 1073 5768 Bad.,_sinti
1101 5708 1165 5750 ac
1188 5704 1370 5766 postea
1402 5700 1561 5768 adsit,
1586 5716 1694 5759 non

153 5758 298 5837 adest:
323 5772 373 5822 et
389 5758 525 5823 inter
556 5758 690 5829 huic.
731 5783 876 5823 arma
900 5758 1234 5836 habentibus,
1274 5782 1370 5837 pro
1404 5758 1575 5832 castra
1601 5758 1697 5832 Ita?-

156 5830 341 5892 beutitnu
363 5853 380 5897 :
399 5839 539 5917 quod
564 5850 633 5901 es
656 5838 867 5901 Erasml
887 5841 1131 5915 margine
1152 5830 1404 5905 obtinuit.

1546 4554 1695 4615 Unus
1721 4568 1775 4629 D

1799 3325 1980 3396 aliquo
2020 3341 2125 3379 non
2159 3322 2322 3393 possit
2345 3338 2465 3377 esse
2488 3321 2601 3375 sine
2632 3318 2823 3375 altero.

1869 3418 1961 3473 9.2.
2000 3416 2229 3491 Objectio
2250 3458 2265 3484 ,
2301 3416 2452 3483 Quod
2483 3425 2657 3468 natum
2686 3425 2779 3477 est,
2810 3426 2909 3464 non
2936 3409 3053 3481 fuit.
3078 3437 3149 3448 —
3172 3403 3277 3462 Sed
3313 3405 3393 3460 iu-

1799 3511 1948 3580 qniet
1994 3510 2273 3580 quisquam
2320 3503 2487 3562 divini
2537 3503 2695 3575 huius
2752 3502 2976 3573 incapax
3022 3498 3340 3555 sacramenti
3374 3537 3388 3560 ,

1800 3604 1974 3661 Omne
2017 3604 2160 3676 quod
2192 3611 2373 3658 natum
2406 3610 2525 3667 est,
2559 3615 2664 3654 non
2695 3596 2795 3653 fuit
2834 3615 2848 3651 ι
2888 3595 3012 3667 (ιυῗςι
3043 3594 3098 3649 in
3129 3592 3180 3649 id
3209 3598 3392 3647 natum

1800 3710 1905 3769 est,
1938 3708 1995 3755 ut
2022 3708 2185 3753 esset.

1868 3793 1957 3849 25.
1984 3790 2050 3847 In
2074 3789 2271 3846 Filium
2295 3805 2496 3858 semper
2517 3794 2691 3843 natum
2716 3801 2817 3839 non
2837 3782 2974 3838 cadit
2997 3796 3097 3836 non
3130 3778 3306 3851 fuisse.
3325 3804 3397 3816 —-

1799 3889 1867 3944 Et
1894 3888 2013 3959 quis
2051 3886 2210 3958 igitur
2240 3885 2510 3956 ambiget,
2552 3882 2678 3953 quin
2709 3896 2827 3951 qua:
2859 3877 2911 3933 in
2953 3875 3116 3931 rebus
3146 3870 3398 3927 ltmnanis

1801 3990 1926 4038 nata
1970 3988 2098 4035 sunt
2118 4020 2133 4045 ,
2162 3976 2452 4048 aliquando
2492 3990 2599 4030 non
2645 3969 2881 4028 fuerint?
2915 3968 3021 4025 Sed
3047 3965 3189 4021 aliud
3220 3971 3305 4019 est
3330 3979 3397 4017 ex

1802 4090 1869 4133 eo
1890 4074 2042 4131 nasci
2069 4073 2159 4145 qui
2195 4086 2304 4128 non
2331 4066 2449 4134 ton,
2481 4065 2626 4123 aliud
2657 4082 2719 4121 ex
2754 4080 2820 4118 eo
2849 4062 2929 4136 (6)
2963 4071 3143 4115 natum
3176 4071 3297 4112 esse
3329 4053 3392 4128 (f)

1805 4168 1897 4241 qui
1922 4182 2140 4240 semper
2165 4174 2269 4223 est.
2302 4159 2527 4219 infantia
2551 4159 2696 4215 enim
2726 4152 2924 4221 omnis,
2958 4166 3079 4210 cum
3105 4158 3261 4204 antea
3289 4163 3396 4202 non

1887 4305 1963 4381 (4)
2004 4306 2337 4381 βοηβεενὲταν·
2622 4370 2634 4381 .
2688 4369 2721 4381 ..
2823 4368 2835 4381 .

2009 4362 2270 4452 ξητῖἱειιιιι
2302 4388 2501 4452 negans
2529 4368 3003 4452 omittitnrjnms.
3036 4362 3288 4452 Verona).

1887 4437 1967 4519 f6)
2006 4449 2129 4505 Esse
2159 4449 2211 4504 in
2241 4437 2496 4503 anteriori
2524 4442 2761 4500 editione
2787 4437 3146 4496 desideratur.

1874 4564 1948 4638 (g)
1972 4563 2046 4619 ita
2079 4548 2317 4638 potiores
2345 4576 2477 4618 mss.
2510 4566 2579 4638 ιιι
2607 4558 2757 4638 editi.
2790 4565 3007 4638 tantum.
3042 4552 3162 4609 Mox
3195 4548 3397 4606 Pralel‘

1802 4628 1969 4707 leii‘sis
1994 4628 2187 4698 codex,
2216 4634 2349 4707 ratio
2376 4646 2428 4707 se
2453 4632 2639 4688 caelesti
2660 4628 2929 4707 extendat.
3010 4704 3018 4707 _
3051 4693 3115 4707 ___
3281 4693 3313 4707 Α,
3353 4691 3366 4704 ,

1872 4705 1952 4781 (It)
1980 4709 2090 4761 lino
2109 4721 2140 4762 e
2166 4693 2479 4781 mss._Vatic_.
2505 4718 2645 4781 eum_
2660 4703 2815 4781 Bad.,
2849 4700 2937 4754 Er.
2972 4704 3027 4781 e‘t
3051 4693 3168 4748 Μὶν.
3206 4693 3392 4781 natiui-

1800 4768 2097 4834 tas‘téterna
2126 4788 2218 4833 est.
2267 4777 2571 4832 Vetustiore
2607 4774 2755 4828 Colb.
2804 4788 2923 4826 cum
2974 4768 3395 4832 Gerut.,natiri-

1800 4860 1879 4904 tas
1905 4855 2160 4905 (etet-nitas
2182 4861 2275 4903 est.
2554 4912 2591 4918 ,Α
2702 4917 2706 4918 ί
2787 4914 2817 4918 __
2963 4909 3012 4918 __
3131 4910 3163 4918 __
3381 4905 3392 4918 .

1874 4921 1938 4995 (i)
1980 4921 2037 4976 In
2066 4922 2439 4995 duobnsmss.
2469 4927 2524 4973 et
2551 4912 2865 4995 Mira;_i_edit.
2895 4909 3274 4995 Stiliilliigiltlt}.
3304 4909 3391 4995 qui

1800 4978 1944 5061 pater
1964 5002 2071 5058 est;
2100 4995 2150 5047 in
2178 4992 2336 5047 Corb.
2362 5002 2539 5045 autem
2561 4995 2614 5043 et
2640 4989 2756 5042 aliis
2779 4978 3189 5042 recentioribus,
3220 4978 3274 5032 id
3298 4985 3391 5044 est,

1800 5066 1936 5135 patri
1960 5065 2095 5133 quod
2124 5073 2266 5132 pater
2292 5071 2363 5117 est
2388 5077 2406 5115 :
2431 5063 2719 5131 glo~sema.

1872 5158 1937 5230 (ί)
1980 5155 2302 5230 Particnlam
2320 5170 2420 5230 nec
2445 5151 2740 5230 adjecitnus
2761 5147 3080 5230 auctoritate
3126 5160 3254 5230 mss.
3288 5143 3398 5226 sin-

1798 5215 2067 5284 coriorum
2093 5225 2272 5289 Colb.,
2319 5215 2763 5290 Reni.,'Germ.,
2809 5220 3172 5276 Hellenismos
3211 5215 3399 5287 hujuso

1802 5299 1945 5354 modi
1970 5311 2352 5367 Saepenumero
2377 5294 2489 5366 jam
2516 5294 2867 5349 advertimus.

1874 5390 1950 5462 (lt)
1988 5389 2157 5446 Abest
2199 5406 2301 5444 non
2326 5388 2393 5443 ab
2432 5385 2827 5462 antiquioribus
2858 5399 2988 5440 mss.
3022 5382 3077 5436 In
3097 5379 3393 5462 Vaticanis,

1800 5451 1943 5537 quod.
1971 5478 2092 5535 ergo
2127 5463 2237 5516 sine
2266 5471 2480 5537 utroque
2508 5451 2777 5537 consistit:
2808 5465 3078 5527 corrupte.
3117 5451 3399 5537 Aculehio

1800 5530 2222 5596 demonstratur,
2254 5533 2587 5585 nativitatem
2641 5530 2783 5584 nulla
2835 5543 2892 5582 re
2945 5541 3133 5581 carere
3159 5530 3401 5595 potuisse

1798 5624 1958 5679 quam
2012 5605 2293 5679 generatio
2331 5601 2600 5673 habuerit,
2645 5602 2769 5672 quia
2796 5608 3043 5655 neutrum
3074 5606 3252 5668 potest
3282 5596 3401 5672 sine

1801 5676 1973 5736 altero
1997 5676 2317 5735 consistere.

1877 5772 1943 5850 (t)
1970 5774 2044 5831 Er
2070 5813 2083 5830 .
2114 5782 2169 5830 et
2203 5772 2537 5850 posteriores
2558 5771 2911 5850 edit.,pasri.
2938 5768 3003 5826 At
3027 5765 3247 5850 Bad._et
3271 5775 3405 5850 mss.

1801 5831 2043 5929 poiiores
2065 5887 2081 5921 ,
2126 5831 2303 5909 uniuni
2336 5861 2353 5903 :
2389 5845 2477 5911 cui
2502 5846 2670 5909 vetbo
2703 5831 2923 5906 Martia.
2958 5851 3014 5902 et
3057 5837 3273 5918 quidam
3318 5831 3411 5919 alii
