3936 6196
95 277 189 339 H9
1267 275 1357 332 DE
1396 272 1765 333 TRlNlTATE
1796 275 2004 334 LIBER
2043 277 2159 335 Xll.
3252 287 3361 346 450

98 392 273 466 proﬁcit
318 404 512 461 causa,
546 390 625 466 (α)
671 390 761 464 qui
806 403 905 463 per
933 402 992 446 se
1023 390 1104 464 (l)
1151 400 1367 448 maneat
1393 400 1651 448 aeternus.
1682 394 1738 455 Α
1762 399 1872 449 tate
1897 408 2116 450 sensum
2147 394 2396 451 humanm
2425 394 2648 451 rationis
2688 396 3017 463 extollimus.
3050 407 3109 455 ut
3133 414 3232 472 per
3272 401 3357 457 in-

98 490 183 545 Sed
224 486 520 557 unigenitus
570 485 744 552 Deus,
786 486 873 555 qui
917 495 971 538 et
1017 484 1111 539 Dei
1144 484 1418 556 Sapientia
1467 494 1522 540 et
1566 485 1662 540 Dei
1767 483 2117 556 telligentiam
2147 487 2336 542 mundi
2377 501 2482 542 non
2526 487 2687 543 fuerit
2725 499 2850 545 ante
2882 506 3039 561 quam
3070 494 3354 561 nascitur,

100 582 251 636 Virtus
274 589 323 635 et
351 577 589 635 Verbum
619 588 735 646 est,
766 593 887 633 cum
921 585 1079 633 natus
1113 576 1222 645 sit,
1265 585 1467 648 patrem
1499 586 1663 634 testa-
1763 592 1886 633 eum
1911 579 2054 635 ultra
2079 595 2297 637 sensum
2328 580 2623 638 humanum
2649 591 2704 639 et
2731 584 3139 656 intelligentiam
3172 586 3360 641 mundi

101 682 466 732 turauctorem.
507 673 639 727 Cum
679 687 746 728 ex
776 680 1030 727 manente
1071 678 1231 726 natus
1273 680 1397 736 est,
1445 684 1549 725 non
1582 679 1667 726 est
1767 681 2021 728 nascatur
2061 683 2348 731 aeternum.
2392 674 2676 732 [Eternum
2708 685 2889 735 autem
2929 687 3054 749 est,
3097 677 3358 751 quidquid

101 780 228 825 natus
264 781 327 821 ex
371 764 568 820 nihilo.
620 762 754 820 Cum
803 772 929 820 ante
975 772 1220 835 tempora
1265 772 1467 819 mterna
1506 770 1666 820 natus
1767 770 1980 834 tempus
2004 767 2238 822 excedit.

102 870 184 926 est,
211 871 415 914 omnem
464 871 684 912 sensum
734 870 960 912 necesse
1008 864 1090 911 est
1134 855 1408 911 nascendo
1456 871 1664 926 prteve-
1838 855 1931 911 27.
1960 857 2040 913 De
2080 870 2202 915 nato
2235 870 2353 916 ante
2381 870 2610 933 tempora
2634 862 2737 918 dici
2773 864 2981 935 nequit,
3012 862 3168 921 ANTE
3218 878 3363 930 omn

102 952 208 1007 niat.
235 947 308 1019 (2)
347 946 467 1003 Non
502 945 724 1017 reliquit
762 947 818 1001 in
844 946 1022 1002 verbis
1047 987 1064 1014 ,
1107 956 1163 1001 ut
1213 961 1323 1003 non
1353 946 1515 1003 fuerit
1542 956 1667 1003 ante
1768 963 1939 1006 unus
1966 966 2085 1017 ss'r,
2120 968 2211 1007 nec
2237 967 2341 1010 non
2363 970 2487 1010 sorr
2517 956 3191 1029 [interimam—Tempora
3217 958 3362 1014 enim

103 1058 230 1117 quam
257 1051 591 1098 nasceretur.
624 1040 682 1097 Si
711 1040 854 1097 enim
884 1038 1072 1097 sensui
1098 1049 1284 1096 nostro
1312 1040 1579 1112 subiacet,
1609 1052 1668 1097 ut
1769 1043 1949 1098 omnia
1976 1042 2064 1099 vel
2092 1045 2347 1115 opinione
2373 1048 2813 1119 complectimur,
2862 1049 2946 1106 vel
2974 1051 3200 1107 scientia
3238 1070 3251 1106 :
3285 1050 3365 1124 (θ)

103 1154 190 1195 non
227 1135 384 1192 fuerit
414 1145 540 1191 ante
570 1148 729 1206 quam
760 1145 917 1190 natus
943 1143 1060 1202 est;
1090 1133 1201 1205 iam
1232 1133 1513 1190 nativitate
1546 1135 1668 1206 eius
1774 1148 1897 1190 cum
1927 1135 2072 1205 quod
2097 1152 2242 1194 nunc
2268 1148 2351 1195 est
2371 1181 2387 1207 ,
2420 1140 2622 1196 scimus
2643 1156 2751 1198 non
2780 1142 2940 1198 etiam
2966 1143 3139 1213 pridie
3162 1145 3324 1200 fuisse
3343 1187 3359 1212 ,

104 1243 147 1290 et
181 1245 358 1287 sensus
399 1228 475 1303 (b)
518 1239 703 1286 noster
725 1238 781 1286 et
827 1238 1039 1299 tempus
1082 1228 1323 1284 anterius
1367 1237 1452 1284 est
1495 1245 1509 1282 :
1541 1228 1667 1299 quia
1773 1226 1895 1297 quia
1939 1228 2082 1298 quod
2113 1230 2285 1300 pridie
2329 1232 2525 1301 fuerit,
2555 1249 2700 1290 nunc
2730 1251 2838 1290 non
2870 1235 2976 1291 sit:
3008 1237 3151 1307 quod
3178 1247 3364 1294 autem

104 1340 268 1392 omne,
311 1323 456 1397 quod
488 1338 593 1381 non
623 1323 761 1390 fuit,
802 1323 916 1394 iam
958 1333 1012 1378 et
1042 1320 1226 1378 sensui
1276 1320 1569 1378 obnoxium
1614 1331 1671 1378 et
1777 1316 1861 1388 (It)
1889 1334 2029 1375 nunc
2057 1330 2171 1388 est,
2204 1337 2347 1379 nunc
2387 1332 2593 1379 tantum
2633 1326 2737 1394 sit,
2768 1342 2874 1382 non
2903 1336 2961 1384 et
2982 1328 3156 1399 pridie
3185 1329 3367 1386 fuerit.

106 1417 301 1488 tempori
344 1424 430 1472 est
466 1416 520 1471 in
550 1432 615 1472 ea
657 1415 773 1486 ipsa
813 1413 1211 1486 signiﬁcatione
1254 1430 1358 1486 qua
1398 1431 1503 1471 non
1532 1413 1665 1483 luit;
1773 1408 2040 1480 Opinione
2068 1428 2201 1470 vero
2230 1414 2303 1471 ita
2335 1418 2605 1487 praeterita
2635 1420 2909 1487 metimur,
2941 1432 2999 1476 ut
3023 1431 3149 1480 ante
3180 1425 3369 1480 urbem

106 1512 207 1585 quia
242 1527 343 1568 non
374 1510 541 1568 fuisse
563 1552 581 1580 ,
629 1527 753 1583 pars
784 1512 1042 1583 temporis
1087 1520 1189 1569 est.
1234 1512 1340 1581 Qui
1384 1521 1565 1568 autem
1598 1513 1660 1569 ab

1810 1504 2006 1576 liquam
2056 1505 2358 1563 insuitutam
2407 1524 2516 1565 non
2564 1510 2868 1582 ambigatur
2910 1522 3124 1587 tempus
3175 1513 3364 1585 fuisse,

107 1615 276 1663 sterno
320 1603 394 1677 (c)
424 1614 545 1670 est,
574 1612 630 1661 et
663 1619 879 1674 semper
906 1605 1006 1659 fuit
1031 1646 1047 1673 ,
1094 1620 1193 1660 nec
1222 1615 1305 1661 est
1335 1604 1452 1661 sine
1478 1604 1674 1659 nativi-
1775 1610 1883 1666 qna
1911 1596 2040 1652 urbs
2070 1595 2315 1655 instituta
2345 1616 2452 1658 non
2486 1601 2663 1659 fuerit.
2694 1601 2829 1659 Cum
2857 1620 2988 1677 ergo
3017 1606 3099 1662 vel
3126 1607 3369 1663 scientia:

109 1710 213 1768 tale,
237 1714 332 1755 nec
363 1714 471 1755 non
502 1698 643 1767 fuit;
669 1699 796 1754 dum
823 1709 878 1755 et
904 1713 1122 1768 semper
1149 1697 1315 1755 fuisse
1344 1712 1505 1770 supra
1538 1707 1674 1755 tem-
1778 1690 1864 1746 vel
1890 1691 2129 1763 opinioni
2181 1703 2382 1750 nostra:
2426 1696 2709 1767 subiacent
2751 1706 2993 1770 tempora
3021 1740 3036 1767 ,
3067 1714 3232 1756 sensu
3270 1700 3371 1755 hu-

109 1809 189 1867 pus
212 1804 310 1861 est,
342 1803 397 1850 ει
422 1803 608 1849 narum
640 1809 765 1851 esse
789 1794 1045 1850 nativiias
1069 1803 1172 1850 est,
1700 1785 1750 1846 B
1778 1801 1950 1843 manas
1990 1785 2360 1860 intelligentiae
2394 1790 2738 1860 iudicamus;
2793 1800 2849 1871 ut
2900 1793 2962 1867 (i)
2989 1794 3057 1850 de
3082 1795 3263 1866 aliqua
3310 1810 3371 1852 re

165 1889 240 1945 26.
282 1888 476 1944 Contra
525 1890 840 1944 nativitatem
884 1898 1126 1945 (sternam
1166 1888 1320 1959 impie
1358 1889 1540 1943 nititur
1581 1888 1677 1942 Im-
1782 1880 1992 1939 ratione
2037 1883 2242 1940 dixisse
2289 1885 2705 1956 existimemur,
2746 1901 2852 1943 non
2904 1886 3007 1943 fuit
3048 1898 3173 1946 ante
3213 1904 3375 1961 quam

108 1997 234 2035 manu
255 1981 410 2036 ratio.
442 2011 517 2021 —
545 1978 739 2036 Natum
770 1981 953 2051 itaque
983 1979 1317 2051 unigenitum
1349 1981 1514 2037 Deum
1533 2022 1547 2046 ,
1579 1979 1675 2036 sed
1782 1977 2042 2043 nascitur,
2065 1978 2190 2049 quia
2222 1977 2644 2052 uniuscujusque
2665 1981 2927 2052 originem
2959 1992 3200 2053 tempora
3230 1997 3375 2038 sem-

111 2083 263 2128 ustum
286 2082 416 2128 ante
446 2081 649 2128 aeterna
684 2083 923 2143 tempora
962 2072 1319 2139 confitemur;
1357 2073 1480 2143 quia
1509 2071 1679 2128 conti-
1782 2083 1881 2139 per
1907 2070 2137 2126 antelata
2172 2073 2523 2142 praeveniant.
2556 2076 2627 2129 At
2654 2090 2783 2131 vero
2803 2090 2926 2131 eum
2958 2076 3011 2131 in
3051 2077 3141 2133 Dei
3175 2077 3335 2134 rebus
3359 2116 3376 2145 ,

113 2168 192 2223 teri
224 2180 444 2223 necesse
489 2174 608 2234 est,
656 2164 737 2239 (ά)
766 2165 818 2221 in
863 2181 971 2236 quo
1016 2180 1115 2221 nos
1162 2164 1586 2236 apostolicarum
1614 2179 1680 2222 ac
1783 2161 1837 2217 id
1865 2172 1969 2231 est,
2003 2163 2057 2218 in
2085 2164 2177 2220 Dei
2201 2163 2499 2234 nativitate,
2533 2166 2668 2222 nihil
2700 2183 2805 2223 non
2834 2177 2962 2225 ante
2986 2177 3193 2242 tempus
3220 2179 3381 2226 mter-

112 2258 517 2332 proplietiearum
581 2258 1021 2330 prmdicationum
1088 2258 1230 2314 dicta
1278 2256 1611 2314 concludunt
1661 2273 1675 2311 :
1785 2269 1911 2310 num
1942 2254 2043 2321 sit;
2072 2271 2178 2311 non
2210 2256 2355 2313 cadit
2384 2258 2435 2313 in
2464 2258 2538 2327 id,
2572 2270 2627 2314 ut
2652 2258 2727 2333 (j)
2757 2270 2884 2317 ante
2906 2276 3066 2333 quam
3092 2272 3249 2318 natus
3273 2269 3380 2331 est,

112 2367 211 2408 cum
240 2361 415 2408 tamen
450 2366 643 2408 sensus
673 2351 942 2408 humanus
969 2350 1381 2422 intelligentiam
1411 2351 1681 2421 intempo-
1785 2349 1979 2419 cuique
2017 2359 2144 2406 ante
2180 2361 2421 2422 tempora
2466 2362 2667 2409 aeterna
2709 2352 2788 2426 (ὅ)
2820 2356 3143 2425 promissum
3190 2355 3267 2428 (k)
3298 2366 3388 2414 est

113 2444 217 2501 ralis
238 2445 532 2501 nativitatis
561 2460 668 2501 non
692 2444 1087 2516 apprehendat,
1124 2445 1247 2515 quia
1279 2444 1481 2515 aliquid
1506 2444 1558 2499 in
1581 2458 1681 2499 na-
1787 2449 2070 2511 aeternum,
2099 2442 2171 2499 sit
2198 2444 2493 2500 secundum
2526 2446 2667 2503 beati
2697 2446 2941 2517 Apostoli
2970 2448 3170 2505 dictum
3200 2452 3254 2505 in
3283 2466 3381 2522 spe

116 2538 223 2593 turis
245 2538 315 2611 (e)
349 2538 582 2594 terrenis
611 2547 737 2593 ante
766 2546 1008 2606 tempora
1038 2547 1220 2593 natum
1267 2552 1389 2594 esse
1422 2553 1527 2593 non
1555 2551 1685 2591 con-
1787 2536 1912 2591 vita:
1945 2544 2184 2606 aeternas,
2215 2554 2375 2609 quam
2409 2538 2660 2610 promisit
2687 2555 2794 2597 non
2823 2542 3053 2599 mendax
3085 2544 3226 2602 Dens
3256 2556 3383 2603 ante

116 2635 256 2691 venit.
284 2634 442 2704 Quod
464 2649 588 2690 cum
623 2634 695 2690 ita
722 2649 753 2689 a
780 2633 934 2688 nobis
968 2632 1381 2703 prtedicabitur;
1411 2629 1685 2703 quomodo
1792 2638 2033 2701 tempora
2059 2639 2259 2685 mterna
2289 2631 2419 2701 (Tit.
2451 2648 2489 2697 ι,
2520 2631 2604 2703 2),
2634 2632 2698 2706 (l)
2746 2635 3036 2707 aliquando
3069 2652 3174 2694 non
3202 2622 3377 2696 fuisse

116 2742 299 2782 rursum
346 2727 590 2803 ejusdem
642 2726 1009 2797 intelligentiae
1051 2724 1337 2795 complexu
1365 2740 1471 2780 non
1520 2724 1686 2780 fuisse
1793 2722 2047 2780 dicatur:
2082 2725 2207 2796 quia
2249 2725 2471 2798 intelligi
2514 2743 2621 2783 non
2654 2737 2831 2799 potest
2869 2731 3103 2803 coepisse
3133 2741 3254 2804 post
3282 2734 3386 2790 ali-

118 2828 220 2877 ante
245 2834 405 2892 quam
448 2820 691 2877 nascitur
716 2820 957 2876 dicemus
981 2860 995 2884 ,
1026 2833 1151 2874 eum
1194 2817 1490 2874 secundum
1535 2816 1681 2890 Apo-
1792 2817 1941 2888 quid,
1969 2818 2061 2888 qui
2084 2833 2207 2874 esse
2235 2819 2308 2876 sit
2345 2827 2469 2876 ante
2510 2827 2714 2876 aeterna
2749 2830 2991 2893 tempora
3020 2826 3383 2884 eontitendus.

118 2913 284 2970 stolam
342 2921 467 2970 ante
519 2922 766 2985 tempora
819 2920 1021 2968 reterna
1074 2911 1144 2967 sit
1194 2910 1502 2982 unigenitus
1549 2912 1689 2967 Deus
1865 2910 1957 2966 28.
1997 2909 2077 2966 De
2108 2909 2236 2965 Filii
2264 2912 2525 2969 nativitate
2563 2914 2772 2969 credere
2812 2924 3042 2971 tenemur
3063 2917 3291 2973 aliterue
3324 2918 3389 2974 de

121 3006 180 3075 (ll
203 3006 330 3074 Tim,
360 3024 400 3076 ι,
429 3007 486 3074 9,
514 3016 561 3063 et
588 3006 695 3062 Tit.
718 3023 757 3073 ι,
790 3006 890 3069 2)?
916 3005 972 3062 Si
1003 3006 1163 3079 igitur
1189 3013 1372 3060 natum
1400 3014 1526 3061 ante
1558 3014 1693 3060 tem-
1795 3002 2011 3060 nostris.
2044 3003 2259 3076 Semper
2289 3014 2466 3060 natum
2493 3005 2774 3076 audientes,
2802 3024 3076 3079 numquam
3097 3026 3200 3064 non
3228 3010 3391 3084 fuisse

120 3114 226 3171 pora
268 3112 497 3170 :eterna,
544 3116 651 3157 non
677 3101 817 3157 ratio
856 3100 1103 3157 humana:
1137 3097 1548 3170 intelligentiae,
1593 3097 1689 3155 sed
1796 3086 2060 3156 sentimus.
2089 3129 2161 3139 —
2204 3100 2261 3157 Si
2312 3115 2443 3173 ergo
2502 3084 2653 3158 (nasci
2701 3102 2907 3174 aliquid
2967 3096 3093 3161 ante
3146 3113 3391 3176 tempora

121 3195 397 3266 prudentiae
432 3193 607 3252 ﬁdelis
636 3194 911 3266 professio
930 3202 1049 3261 est;
1080 3193 1203 3264 quia
1232 3202 1286 3248 et
1315 3192 1569 3247 nativitas
1599 3208 1695 3263 per
1720 3182 1765 3247 C
1798 3200 1997 3249 aeterna
2025 3234 2040 3259 ,
2071 3207 2245 3265 neque
2277 3194 2330 3249 in
2362 3194 2569 3250 naturis
2599 3194 2849 3252 humanis
2874 3204 2997 3266 est,
3031 3212 3205 3269 neque
3230 3198 3285 3254 in
3310 3199 3394 3254 in-

122 3298 376 3346 auctorem
404 3295 512 3353 est,
540 3296 596 3343 et
619 3286 763 3358 quod
792 3294 1035 3355 tempora
1059 3284 1271 3341 excedit
1300 3294 1560 3340 mternum
1585 3293 1689 3351 est,
1800 3286 2133 3357 telligentia;
2160 3296 2214 3343 et
2242 3296 2417 3343 tamen
2449 3288 2501 3343 in
2532 3288 2635 3344 hoc
2665 3288 3092 3360 professionibus
3120 3289 3187 3347 de
3211 3305 3271 3347 se
3297 3290 3395 3346 Dei

123 3390 169 3436 et
202 3380 535 3455 Mestra
559 3394 784 3437 sensum
812 3389 1086 3435 terrenum
1108 3386 1193 3434 est
1223 3377 1364 3449 quod
1407 3386 1532 3434 ante
1560 3387 1694 3432 tem—
1798 3378 2039 3435 creditur
2069 3397 2082 3432 :
2113 3380 2381 3452 quomodo
2423 3378 2476 3435 id
2516 3380 2661 3452 quod
2688 3381 2805 3438 sine
2842 3395 3004 3438 sensu
3054 3382 3151 3456 (in)
3191 3382 3392 3438 intelli-

124 3487 231 3543 pora
258 3486 462 3530 aeterna
489 3472 561 3528 sit
598 3480 783 3528 natum
813 3486 831 3525 :
860 3479 1007 3527 certe
1031 3470 1143 3541 iam
1185 3468 1260 3543 (f)
1302 3468 1466 3541 impia
1494 3468 1687 3526 volnn-
1800 3473 1996 3545 gentia:
2022 3482 2239 3530 aeternae
2267 3482 2448 3530 natum
2479 3489 2717 3545 semper,
2760 3475 2813 3532 id
2842 3482 2959 3545 est,
2989 3484 3115 3533 ante
3144 3487 3387 3548 tempora

184 3590 256 3734 ξι)
287 3590 486 3647 Manet.
1878 3586 1958 3661 ('5)
1990 3585 2313 3643 Promissum
2341 3599 2586 3645 azternnm
2610 3589 2694 3643 sit.

207 3662 257 3732 2)
287 3661 409 3718 Non
430 3662 698 3733 relinquit.

207 3662 257 3732 2)
287 3661 409 3718 Non
430 3662 698 3733 relinquit.

187 3774 254 3846 (α)
279 3774 339 3832 In
370 3776 559 3832 codice
609 3774 730 3830 Vat.
776 3774 895 3831 bas.
923 3814 939 3840 ,
984 3773 1068 3841 qui
1107 3780 1599 3846 semper_rn_aneat:
1641 3769 1696 3827 in
1808 3777 1955 3846 tores
1974 3769 2271 3846 obtendere
2296 3788 2308 3825 :
2338 3769 2640 3842 cuiusmodi
2669 3780 2831 3846 sunt,
2863 3773 2953 3844 qui
2986 3789 3077 3845 per
3105 3774 3403 3846 intelligen-

125 3842 315 3902 Ma'rt'in.
339 3850 428 3917 qui
450 3856 746 3918 permaneat
778 3863 796 3900 :
820 3861 983 3917 grave
1007 3842 1280 3901 mendum.
1307 3844 1475 3900 Filius
1496 3845 1698 3915 quippe
1807 3842 1929 3897 tiam
1956 3842 2134 3897 mundi
2155 3884 2169 3909 ,
2201 3842 2303 3918 hoc
2324 3854 2428 3918 est.
2460 3859 2527 3898 ex
2547 3844 2854 3918 cognitione
2884 3842 3071 3902 rerum
3104 3842 3404 3903 mundana-

126 3933 317 3989 semper
345 3915 525 3975 manet
550 3930 807 3990 reternus,
829 3915 1208 3990 quamvisgnon
1242 3931 1332 3990 per
1354 3932 1425 3984 se,
1456 3931 1553 3970 seu
1580 3931 1607 3969 a
1639 3929 1700 3990 se
1809 3929 1949 3990 rum,
1982 3915 2281 3984 comparari
2310 3915 2501 3970 volunt
2526 3917 2633 3971 nati
2657 3926 2781 3972 ante
2810 3925 3052 3990 tempora
3082 3928 3285 3976 aeterna
3306 3933 3405 3976 no.

130 3985 358 4055 maneat,
388 3990 483 4047 sed
511 4006 541 4046 a
567 3989 731 4045 Patre
764 4006 778 4043 :
811 3985 918 4060 quo
945 3988 1162 4044 nomine
1190 3985 1413 4042 in’illum
1443 3986 1701 4043 convenit
1809 3985 2006 4060 titiam.

130 4054 359 4117 nascendi
383 4062 539 4117 ratio.
828 4054 845 4060 ⁷
1267 4128 1275 4130 Α
1472 4128 1483 4130 Α
1882 4054 1961 4130 (g)
1994 4055 2361 4130 Supplendum
2392 4056 2499 4124 hic,
2522 4058 2734 4113 scientia
2762 4059 2985 4130 quidem.

188 4075 359 4117 scenui
383 4075 539 4117 ratio.
1882 4075 1961 4180 (ῳ
1994 4075 2361 4127 δυρριεηαυηι
2392 4075 2499 4124 me,
2522 4075 2734 4113 scientia
2762 4075 2985 4130 quidem.

188 4131 255 4203 (b)
280 4134 450 4188 Acute
474 4132 664 4197 docet,
698 4145 914 4187 sensum
947 4140 1212 4203 nostrum,
1236 4128 1279 4184 si
1311 4128 1525 4203 quando
1556 4128 1696 4203 lilius
1884 4125 1965 4200 (ι)
2001 4127 2266 4184 Particula
2292 4145 2428 4183 nunc
2448 4170 2463 4196 ,
2496 4131 2549 4183 in
2579 4130 2804 4200 vulgatis
2826 4134 3022 4186 omissa
3043 4170 3058 4197 ,
3083 4144 3149 4187 ex
3187 4130 3405 4202 scriptis

133 4200 400 4259 non'l'uerit
425 4245 441 4272 ,
487 4219 554 4258 eo
585 4203 703 4273 ipso
730 4204 1077 4273 anteriorem
1104 4202 1219 4257 fore
1247 4218 1258 4254 :
1292 4200 1415 4273 quia
1443 4200 1699 4255 nimirum
1804 4208 2113 4273 revocatur.

135 4276 394 4346 rogitando
414 4269 748 4330 nativitatem
778 4275 919 4329 illius
943 4272 1173 4344 quodam
1205 4271 1698 4346 modoprrgvertet.
1880 4269 1943 4342 (i)
1972 4273 2109 4346 lidni
2132 4312 2147 4346 ,
2173 4270 2237 4325 de
2259 4270 2674 4346 aliqna_ratione.
2720 4270 2942 4327 Rectius
2975 4288 3107 4346 mss.
3142 4273 3205 4328 de
3233 4273 3409 4346 aliqua

135 4342 208 4400 Εί
221 4363 319 4417 quo
349 4347 590 4417 sequitur
616 4346 860 4401 eamdem
890 4342 1222 4400 naiivitatem
1247 4358 1356 4417 non
1377 4342 1701 4417 inell'abilem
1804 4358 1862 4397 re
1887 4343 2106 4417 ratione,
2133 4344 2235 4417 hoe
2262 4342 2483 4417 cst’,__de
2509 4358 2569 4417 re
2616 4357 2737 4417 qua;
2764 4344 3095 4414 temporibus
3126 4342 3406 4417 subiacet,

135 4412 255 4487 esse,
279 4412 585 4473 sedsensni
614 4426 802 4487 nostro
821 4417 1126 4485 subiacere,
1154 4414 1455 4471 secundum
1482 4414 1534 4469 id
1563 4413 1704 4485 quod
1806 4414 2002 4487 merito
2031 4429 2094 4468 ac
2126 4412 2337 4469 ratione
2360 4412 2676 4481 dixerimus,
2702 4413 2832 4469 Ante
2860 4412 3014 4487 quam
3043 4412 3273 4473 nascitur
3301 4412 3404 4473 non

136 4486 214 4543 lib.
234 4504 306 4554 ιι,
332 4506 386 4545 n.
413 4487 485 4544 46
511 4500 565 4543 et
593 4486 703 4559 47,
726 4497 992 4543 assertum
1024 4498 1130 4542 est.
1557 4556 1571 4559 _
1663 4555 1675 4559 Δ
1811 4485 1933 4559 fuit.

195 4560 259 4632 (ι)
282 4560 515 4616 Verbum
540 4569 614 4614 est
642 4553 728 4632 hic
749 4575 854 4613 non
882 4558 1252 4615 exsistentiam
1276 4565 1456 4632 sonat,
1479 4556 1572 4632 sed
1597 4555 1706 4632 ori:
1737 4605 1787 4632 η
1812 4553 1825 4632 '_
1848 4557 1957 4632 _(j)
1987 4553 2045 4632 Id
2075 4564 2160 4632 est
2186 4597 2201 4623 ,
2220 4554 2286 4632 _i_n
2331 4555 2423 4613 Dei
2454 4556 2708 4631 unigeniti
2747 4558 3082 4615 nativitatem
3126 4575 3233 4616 non
3264 4557 3410 4617 cadit

136 4605 315 4699 εξιὶὲἲηξ
329 4605 496 4703 “ita;
502 4605 612 4703 1,12:
638 4605 1705 4704 ἇιὶ”‹ὲί“ὲὲηἷ›“ἇὲἷὲιῖ›’ἑέἓὲξὲὗὶὶῖἰιᾶἷρὶἱίὶί
1736 4605 1787 4665 Ι)
1811 4605 3040 4704 agatgenestae};degustatae}:

138 4695 492 4773 Except’o'Par;
521 4695 777 4757 omittunt
804 4718 894 4756 nec
923 4710 994 4756 est
1028 4701 1137 4756 sine
1156 4701 1461 4773 nativitate,
1492 4715 1711 4753 necnon
1886 4695 1961 4771 (It)
2003 4698 2161 4765 Bad.,
2197 4698 2289 4752 Er.
2328 4708 2385 4773 _et
2426 4699 2577 4770 Lips.
2617 4695 2741 4759 cum
2769 4704 2972 4773 aliquot
3020 4717 3125 4758 non
3173 4700 3415 4759 melioris

140 4773 221 4841 {rit
247 4770 267 4829 ἐ
293 4791 408 4845 qua:
442 4773 605 4829 verba
637 4774 896 4845 Erasmus
940 4774 994 4827 in
1025 4772 1277 4845 qundam
1307 4770 1493 4845 codice
1537 4784 1597 4845 se
1625 4785 1713 4845 re-
1814 4770 1957 4845 nata:
1986 4785 2143 4845 mss,
2169 4771 2479 4845 promissum
2506 4784 2754 4828 aeternum
2785 4770 2876 4839 sit,
2895 4773 3097 4829 omisso
3121 4774 3284 4828 verbo
3312 4783 3409 4829 est.

141 4839 325 4913 perisse
364 4846 637 4901 admonet.
665 4844 977 4915 Reperisset
1000 4839 1130 4915 sane
1157 4843 1208 4896 in
1230 4842 1490 4915 pluribus,
1524 4841 1568 4895 si
1592 4840 1712 4910 pln-
1818 4839 1932 4896 Hoc
1973 4840 2077 4897 sibi
2125 4839 2239 4896 vult
2277 4859 2291 4895 :
2330 4842 2419 4915 qui
2451 4846 2778 4914 promissum
2818 4854 3082 4900 :eternum
3129 4852 3254 4899 ante
3280 4852 3418 4899 tem-

141 4930 215 4988 res
244 4916 478 4988 legisset.
511 4916 622 4988 Nec
666 4912 955 4986 possumus
997 4914 1147 4988 illius
1182 4913 1562 4988 negligentiam
1607 4927 1712 4988 non
1820 4927 1951 4981 pora
1982 4922 2185 4967 {eterna
2217 4912 2488 4988 possidet,
2522 4919 2656 4988 (non
2689 4925 2893 4988 tantum
2926 4930 3019 4988 per
3052 4915 3420 4988 participatio-

142 4983 370 5045 inensare
395 5032 410 5054 ,
458 4987 551 5058 qui
597 4983 679 5042 vel
716 4995 929 5053 reperta
968 5002 1034 5058 an
1085 4984 1151 5039 ad
1180 4983 1463 5058 sententia:
1494 4983 1715 5053 integri-
1820 5000 1941 5058 nem
1974 4994 2181 5058 naturae
2214 4983 2433 5058 divinae,
2466 4983 2560 5058 sed
2596 5002 2692 5056 per
2722 4983 3160 5058 plenitudinem),
3190 4983 3296 5058 non
3327 5001 3420 5042 ca-

142 5066 289 5115 tatem
316 5053 618 5116 neCessaria
642 5068 844 5126 essent,
867 5057 1135 5112 tantillum
1157 5056 1471 5127 expendere
1495 5069 1599 5110 non
1625 5070 1719 5109 cu-
1821 5053 1900 5108 dit
1929 5055 1982 5108 in
2013 5054 2089 5120 id,
2120 5062 2179 5109 ut
2212 5054 2283 5108 sit
2322 5054 2575 5111 adhuc-in
2598 5053 2700 5126 spe
2725 5053 3295 5183 eiusdemspromissi;
3332 5058 3419 5113 cui

145 5132 283 5183 ravit.
1822 5126 2119 5180 conditioni
2145 5139 2231 5179 res
2255 5135 2466 5179 creatas
2487 5128 2767 5183 subiacere
2801 5144 2950 5182 num.
3020 5169 3035 5183 .
3059 5135 3419 5183 monstratum

145 5132 283 5187 ravit.
1234 5126 1241 5127 “
1822 5126 2119 5180 conditioni
2145 5139 2231 5179 res
2255 5135 2466 5179 creatas
2487 5126 2767 5194 subiacere
2801 5144 2950 5182 num.
2978 5126 3035 5194 ὅ,
3059 5135 3421 5184 monstratum

207 5202 282 5275 (ά)
317 5202 483 5273 Editi;
514 5206 569 5261 id
598 5202 758 5271 quod.
798 5202 868 5257 At
907 5215 1037 5275 mss.
1069 5200 1123 5275 in
1146 5215 1285 5275 quo,
1313 5197 1419 5275 _vel.
1449 5198 1501 5252 in
1529 5198 1720 5275 q_uod_:
1823 5203 1909 5251 est
1938 5196 2021 5275 his
2044 5195 2228 5275 verbis
2257 5195 2365 5275 :_Si
2391 5196 2549 5264 igitur
2571 5195 3072 5275 Christus‘crealura
3093 5209 3190 5275 est,
3224 5214 3426 5256 necesse

147 5271 189 5325 id
214 5264 290 5329 es't
310 5317 324 5339 ,
359 5264 630 5333 confessio
655 5284 840 5330 nostra
868 5272 1113 5329 terminis
1144 5264 1211 5325 iis
1240 5269 1404 5326 debet
1426 5264 1717 5335 contineri,
1825 5264 2851 5340 estsub‘spelonginquteiexpectationis
2875 5272 3098 5326 incertus
3128 5271 3218 5325 sit.

147 5359 267 5417 quos
289 5336 528 5417 Apostoli
555 5353 613 5403 et
637 5346 914 5417 propheta:
937 5345 1092 5417 nobis
1122 5341 1479 5417 conStituunt.
1677 5353 1684 5360 ’
1859 5409 1871 5417 .
1898 5337 1963 5410 (l)
2011 5336 2376 5417 Particulaet
2426 5339 2512 5396 hic
2585 5340 2943 5417 desideratur.
2967 5341 3146 5417 ΔΜωιΔ
3175 5341 3271 5417 qui
3316 5356 3425 5417 esse

209 5414 275 5488 (e)
306 5408 428 5476 Mss.
456 5408 671 5474 Martio.
709 5408 764 5473 ei
800 5416 944 5483 Vat.,
976 5415 1116 5483 bas.,
1146 5412 1344 5467 naturis
1367 5428 1537 5468 rerum
1566 5420 1725 5466 terre-
1826 5408 1918 5475 sit,
1939 5408 2045 5465 etc.
2080 5408 2158 5464 sic
2180 5408 2420 5480 intelligo
2450 5413 2600 5481 quasi
2633 5412 2864 5484 legeres,
2890 5413 2981 5485 qui
3012 5408 3335 5483 conﬁtendus
3360 5414 3427 5470 sit

152 5500 372 5631 ηωέῗίπίη
400 5560 560 5617 Corb.
600 5569 654 5616 et
684 5556 869 5631 paucis
898 5556 1021 5631 aliis
1049 5572 1206 5619 msSu
1243 5555 1454 5631 impiam
1484 5554 1723 5631 υοιιηξξᾳ-
1830 5492 2309 5631 ῗεῗᾶιξξέῑίςᾳρω
2323 5552 2777 5631 basilicmcodes,
2803 5554 3427 5631 int‘elligentitelmmqnte.

154 5620 244 5699 teni
261 5620 409 5686 iensu
435 5648 455 5687 :
483 5634 662 5688 minus
686 5620 927 5687 'sincere.
961 5629 1143 5698 Impia:
1172 5620 1592 5699 voluntatiseos
1623 5624 1720 5679 Hi-
1830 5620 2108 5680 Sincerius
2135 5624 2256 5690 alii,
2291 5635 2521 5683 reternaz.
2561 5620 2922 5699 Intelligentia
2953 5620 3130 5683 c'reata
3149 5669 3165 5696 ,
3208 5629 3259 5683 ni
3282 5627 3434 5690 falli-

153 5697 303 5775 isi-ius
328 5717 550 5775 arguere
577 5704 739 5769 solet,
757 5703 847 5772 qui
886 5697 1072 5775 aperte
1096 5699 1355 5755 resistunt
1380 5697 1634 5775 veritati,
1666 5705 1723 5751 et
1831 5710 1975 5775 m_u_r,
1999 5705 2189 5775 aeterna
2220 5709 2585 5775 nuncupatur,
2616 5697 3049 5775 quia'reternitate
3076 5699 3386 5775 procedendi
3411 5714 3431 5755 :

157 5766 490 5849 ignorantiam
514 5791 618 5833 non
650 5766 876 5846 possunt
900 5766 1041 5844 a'pud
1066 5783 1251 5843 inquas
1278 5783 1457 5827 rerum
1481 5767 1720 5824 :estima-
1830 5766 1900 5825 ad
1928 5766 2340 5839 intelligentiam
2365 5766 2464 5828 Dei
2489 5772 2586 5829 niti
2608 5766 3439 5849 potest,_licetcomprehendere
