3936 6196
575 260 676 331 siit

581 497 765 537 rursus
792 497 896 537 non
915 481 1078 556 425
1106 481 1270 537 fuisse
1296 491 1422 538 ante
1447 497 1605 552 quatn
1637 482 1895 549 nascitur,
1924 498 2022 552 per
2047 497 2172 538 sen-

577 589 694 627 sum
727 574 975 628 humana:
1002 574 1368 645 intelligentiae
1394 616 1407 641 ,
1434 575 1605 629 nostri
1637 576 1897 647 temporis
1935 574 2013 647 (ὁ)
2046 575 2170 631 inll-

580 665 774 721 delitas
796 665 1110 735 eloquitur?
1137 681 1258 721 cum
1290 667 1434 738 quod
1460 678 1586 723 ante
1613 677 1825 739 tempus
1849 678 2032 723 natum
2065 677 2169 734 est,

581 773 797 825 Semper
828 767 913 813 est
954 768 1135 812 natum
1182 777 1195 812 :
1226 761 1346 831 quia
1381 760 1432 815 id
1469 759 1610 832 quod
1642 771 1725 816 est
1752 770 1880 817 ante
1909 769 2172 815 aeternum

583 862 811 920 tempus,
846 850 949 906 hoc
975 866 1191 920 semper
1216 861 1318 907 est.
1346 854 1498 920 Quod
1522 863 1701 908 autem
1727 867 1945 923 semper
1965 864 2047 909 est
2076 868 2172 907 na.

583 954 724 1010 tum,
768 960 873 999 non
923 944 1157 1000 admittit
1198 961 1266 1002 ne
1311 945 1598 1017 aliquando
1644 960 1750 1002 non
1804 945 1965 1002 fuerit
2006 947 2175 1015 :quia

579 1036 870 1107 aliquando
896 1052 1005 1092 non
1031 1037 1216 1104 fuisse,
1241 1037 1351 1108 iam
1383 1053 1490 1093 non
1513 1046 1595 1093 est
1619 1053 1835 1107 semper
1855 1052 1999 1094 esse.
2024 1036 2179 1093 Sem-

583 1145 678 1197 per
705 1139 882 1184 autem
914 1144 1037 1185 esse
1060 1171 1074 1195 ,
1116 1129 1352 1185 excludit
1383 1146 1488 1185 non
1516 1144 1737 1200 semper
1766 1129 1951 1186 luisse.
1986 1128 2055 1184 Et
2082 1143 2179 1183 ex-

582 1224 735 1279 cluso
775 1223 850 1296 (ε)
892 1238 960 1278 eo
985 1265 1000 1289 ,
1046 1239 1142 1293 per
1172 1222 1222 1277 id
1271 1223 1416 1295 quod
1463 1238 1683 1294 semper
1731 1232 1814 1280 est
1846 1231 2002 1278 natus
2026 1263 2041 1287 ,
2066 1236 2172 1277 non

583 1330 799 1383 semper
837 1315 1037 1381 fuisse;
1085 1330 1189 1369 non
1221 1316 1365 1371 cadit
1396 1316 1449 1371 in
1495 1332 1749 1382 sensum,
1779 1326 1839 1372 ut
1883 1330 1991 1371 non
2016 1314 2183 1370 fuerit

583 1417 709 1460 ante
742 1422 898 1475 quam
928 1416 1087 1461 natus
1110 1407 1181 1462 sit
1227 1424 1239 1459 :
1269 1408 1392 1476 quia
1425 1406 1519 1477 qui
1546 1416 1670 1462 ante
1701 1414 1944 1476 tempora
1975 1413 2181 1461 aeterna

585 1507 741 1553 natus
767 1508 851 1554 est
871 1540 885 1565 ,
921 1507 1079 1575 natus
1113 1515 1234 1555 esse
1264 1514 1482 1570 semper
1512 1500 1565 1555 in
1592 1514 1755 1555 sensu
1795 1508 1912 1566 est;
1941 1514 2063 1556 cum
2096 1507 2182 1554 ta-

586 1609 706 1648 men
734 1606 860 1649 ante
884 1602 1127 1664 tempora
1160 1601 1342 1649 natum
1376 1593 1454 1667 (ἀ)
1482 1609 1730 1651 essenon
1761 1595 1953 1650 subeat
1977 1596 2029 1649 in
2054 1609 2184 1649 sen-

584 1701 728 1740 sum.
756 1684 888 1741 Nam
920 1686 1002 1751 si,
1031 1685 1176 1756 quod
1203 1687 1387 1756 utique
1413 1687 1691 1751 convenit,
1723 1694 1849 1741 ante
1877 1695 2182 1742 creaturam

1791 266 2040 329 ssnon
2080 252 2335 329 tilLARil
2366 268 2671 330 EPISCOPI
3719 282 3797 341 is:

576 399 778 455 aeterna
809 403 930 445 esse
951 428 965 449 .
999 388 1292 460 apostolica
1336 388 1471 444 ﬁdes
1511 388 1588 459 (α)
1620 403 1742 445 cum
1775 388 1948 445 locuta
1979 389 2085 456 sit;
2116 389 2167 444 id
2197 396 2246 460 Α
2276 399 2580 463 temporum
2610 392 2882 451 nascendo
2909 406 3264 467 praecurrere,
3295 411 3465 469 neque
3503 397 3800 473 initllligent're

3894 292 3909 439 ἓ

2277 496 2466 555 patere
2494 488 2783 559 aliquando
2805 489 2973 546 fuisse
2995 507 3101 545 non
3128 500 3331 547 uatum.
3361 491 3474 548 Non
3502 501 3577 549 est
3598 494 3746 566 itaque
3764 499 3800 554 id

2276 578 2476 648 ipsum.
2507 589 2689 636 natum
2722 590 2849 639 ante
2881 592 3121 655 tempora
3170 594 3368 641 mterna
3396 601 3601 657 semper
3621 602 3737 656 esse,
3766 604 3804 647 et

2276 684 2399 728 esse
2428 683 2555 728 ante
2596 687 2757 743 quam
2803 676 2972 731 nasci.
3013 674 3209 731 Natum
3252 685 3430 732 autem
3468 686 3585 732 ante
3620 687 3804 750 tempora

2280 1054 2450 1097 natus.
2479 1046 2845 1102 —C:eterum
2892 1062 3000 1102 non
3044 1048 3302 1118 relinquit
3356 1047 3503 1119 prius
3550 1062 3659 1104 esse
3694 1064 3813 1119 quam

2282 1136 2429 1191 nasci
2458 1152 2472 1190 :
2503 1137 2625 1206 quia
2653 1138 2745 1209 qui
2786 1138 2925 1194 ultra
2969 1153 3186 1195 sensum
3217 1147 3323 1205 est,
3357 1139 3409 1194 in
3442 1138 3582 1195 nullo
3622 1139 3817 1210 subiacet

2283 1235 2488 1283 sensui.
2522 1229 2657 1284 Nam
2679 1230 2724 1285 si
2756 1230 2896 1286 ultra
2920 1244 3140 1287 sensum
3162 1240 3262 1298 est,
3294 1240 3475 1286 natum
3504 1246 3696 1300 semper
3710 1246 3817 1297 esse,

2285 1339 2392 1379 non
2424 1325 2549 1381 licet
2576 1326 2684 1396 jam
2718 1338 2841 1383 esse
2864 1334 2988 1397 post
3014 1341 3258 1396 sensum,
3287 1340 3395 1381 non
3421 1324 3582 1381 fuisse
3605 1336 3711 1381 eum
3728 1334 3821 1380 ante

2284 1430 2445 1487 quam
2474 1419 2735 1475 nascitur.
2765 1420 2896 1476 Cum
2942 1419 3124 1492 itaque
3156 1430 3340 1475 uatum
3386 1434 3594 1489 semper
3616 1433 3733 1483 esse,
3759 1419 3821 1472 ui-

2288 1507 2358 1562 liil
2388 1509 2528 1563 aliud
2554 1510 2633 1581 (l)
2673 1511 2743 1566 sit
2779 1510 3144 1567 conﬁtendum
3187 1525 3328 1577 esse,
3369 1524 3525 1580 quam
3571 1518 3748 1575 uatum,
3785 1510 3821 1564 id

2286 1599 2494 1666 sensui,
2524 1610 2647 1657 ante
2676 1616 2836 1673 quam
2860 1603 3101 1658 nascitur
3128 1602 3211 1658 vel
3244 1600 3414 1657 fuisse
3441 1601 3521 1655 vel
3553 1615 3649 1655 non
3681 1599 3824 1667 fuisse,

2289 1710 2396 1749 non
2445 1694 2688 1765 subiacet
2719 1713 2733 1750 :
2762 1697 2883 1767 quia
2917 1710 3136 1752 sensum
3169 1694 3305 1752 nihil
3357 1694 3521 1762 aliud,
3552 1706 3693 1766 quam
3730 1704 3825 1751 ante

585 1793 681 1831 seu
710 1776 1030 1832 invisibilem
1056 1791 1151 1831 seu
1175 1776 1531 1844 corporalem.
1552 1786 1607 1832 et
1632 1785 1756 1833 ante
1778 1778 1959 1832 omnia
1988 1776 2183 1831 saecula
2218 1800 2262 1861 Β
2292 1795 2532 1858 tempora
2561 1795 2762 1842 mierna
2788 1796 2970 1843 uatum
2996 1802 3136 1856 esse,
3171 1802 3389 1859 semper
3411 1786 3682 1843 antevenit.
3701 1786 3827 1841 Natus

589 1879 643 1924 ct
684 1879 927 1938 tempora
969 1877 1169 1924 aeterna
1197 1910 1211 1933 ,
1245 1878 1299 1923 ct
1328 1877 1456 1924 ante
1498 1883 1719 1925 sensum
1762 1885 1980 1925 omnem
2023 1878 2182 1925 natus

590 1960 928 2016 coulitendus
955 1970 1040 2016 est
1067 1975 1208 2025 esse,
1239 1964 1330 2031 qui
1366 1977 1460 2031 per
1489 1960 1561 2028 id,
1594 1962 1738 2033 quod
1772 1963 1840 2017 ita
1880 1970 2037 2016 natus
2063 1970 2182 2029 est,

591 2068 806 2122 semper
829 2063 938 2121 est;
968 2055 1176 2123 concipi
1207 2069 1420 2124 quoque
1451 2054 1596 2111 nullo
1625 2070 1789 2110 sensu
1824 2055 1966 2120 licet,
1996 2064 2181 2110 utnon

592 2144 753 2199 fuerit
782 2155 907 2201 ante
934 2161 1093 2216 quam
1119 2146 1387 2213 nascitur;
1418 2147 1543 2217 quia
1579 2156 1633 2202 et
1659 2157 1784 2202 ante
1808 2162 2032 2203 sensum
2059 2161 2182 2201 om-

594 2252 715 2290 nem
745 2247 828 2292 est
857 2277 870 2302 ,
901 2239 991 2307 qui
1037 2248 1163 2293 ante
1193 2248 1432 2308 tempora
1480 2247 1679 2294 aeterna
1710 2250 1869 2293 natus
1898 2242 1984 2293 est
2004 2280 2018 2303 ,
2048 2246 2104 2293 ct
2129 2237 2184 2293 in

592 2345 753 2383 sensu
783 2346 1070 2401 numquam
1098 2341 1181 2387 est
1208 2347 1353 2397 eum,
1384 2333 1475 2403 qui
1517 2348 1733 2403 semper
1767 2348 1889 2389 esse
1917 2332 2188 2406 confiten-

592 2423 693 2476 dus
715 2433 819 2486 est,
854 2440 959 2477 nou
986 2422 1170 2480 fuisse.

661 2517 753 2573 ‘29.
798 2517 1108 2587 Reponunt,
1155 2519 1253 2585 Qui
1295 2520 1453 2591 igitur
1503 2528 1633 2586 erat,
1682 2530 1834 2576 natus
1866 2520 2189 2577 est.—Scd

590 2619 778 2679 argute
825 2609 986 2680 huius
1037 2610 1478 2691 interrogationis
1521 2613 1794 2669 calumnia
1848 2616 2185 2671 antefertur:

552 2740 555 2745 ν
599 2718 617 2752 ι
648 2702 725 2770 Si,
749 2701 939 2773 inquit,
960 2702 1013 2758 in
1037 2718 1255 2759 sensum
1273 2720 1378 2760 nou
1407 2705 1550 2760 cadit
1574 2721 1680 2761 non
1704 2707 2006 2764 luisseante
2027 2724 2187 2780 quam

591 2796 847 2865 nascitur,
880 2798 1145 2869 reliquum
1184 2798 1289 2855 lmc
1315 2800 1497 2856 sensui
1520 2810 1625 2869 est,
1668 2811 1726 2857 ut
1747 2802 1838 2873 qui
1869 2811 1989 2858 erat
2029 2812 2190 2860 natus

588 2888 678 2943 sit.
715 2908 735 2943 ι

660 2984 753 3042 50.
794 2982 953 3038 Aliud
993 2994 1067 3039 est
1094 3001 1295 3057 semper
1325 2996 1504 3042 natum
1553 3001 1679 3053 esse,
1725 2987 1870 3042 aliud
1898 2988 2043 3059 prius
2083 3003 2190 3043 esse

584 3096 740 3149 quant
796 3080 958 3136 nasci.
991 3107 1062 3120 —
1093 3078 1162 3134 Et
1202 3079 1554 3135 calumniauti
1596 3080 1938 3151 respondebo
1970 3097 1984 3133 :
2015 3079 2181 3135 Num-

588 3174 717 3245 quid
748 3191 779 3230 a
808 3191 893 3231 me
917 3174 1084 3240 aliud,
1123 3191 1283 3247 quam
1311 3187 1519 3243 natum,
1564 3176 1669 3232 dici
1701 3176 2049 3234 meminerit?
2079 3176 2190 3233 Aut

585 3266 847 3336 numquid
876 3276 1004 3321 ante
1047 3276 1286 3336 tempora
1329 3278 1530 3322 aeterna
1556 3267 1628 3340 (e)
1659 3285 1803 3337 esse,
1835 3270 1887 3325 id
1906 3270 2083 3339 ipsum
2114 3271 2187 3328 sit

587 3357 729 3428 quod
760 3368 864 3425 est,
892 3373 1016 3414 eum
1049 3358 1138 3429 qui
1163 3368 1279 3414 erat
1309 3362 1456 3415 nasci
1478 3361 1501 3413 ἲ
1524 3361 1647 3430 quia
1680 3362 1824 3416 nasci
1855 3361 1997 3431 quod
2041 3372 2183 3429 erat,

581 3453 693 3521 iam
739 3468 844 3506 non
890 3451 1037 3507 nasci
1069 3462 1170 3520 est,
1200 3450 1294 3508 sed
1321 3452 1387 3523 (f)
1434 3467 1494 3507 se
1537 3453 1711 3521 ipsum
1747 3453 2032 3511 demutare
2059 3468 2185 3510 nas-

587 3545 781 3601 cendo.
812 3544 1005 3601 Natum
1047 3556 1227 3601 autem
1276 3559 1494 3617 semper
1527 3559 1647 3601 esse
1682 3545 1785 3602 hoc
1813 3557 1917 3616 est,
1961 3561 2182 3606 sensum

660 3676 739 3820 ξι)
769 3677 1133 3750 Conﬁtendum
1156 3689 1249 3735 est.

687 3750 743 3819 2)
769 3749 873 3805 Aut
899 3751 1076 3820 luisse.

687 3750 743 3819 2)
769 3749 1076 3820 Αιιιιιιίηε.

585 3884 709 3924 eum
742 3884 846 3924 non
878 3868 1057 3944 valeat
1076 3886 1102 3944 :_
1125 3870 1244 3942 quia
1273 3870 1363 3939 id,
1394 3872 1530 3943 quod
1555 3871 1609 3926 in
1652 3869 1762 3928 Deo
1793 3873 2051 3944 inﬁnitum
2079 3884 2179 3940 est,

587 3957 787 4011 semper
817 3956 871 3995 se
910 3941 1103 4008 inﬁniti
1133 3959 1311 3997 sensus
1337 3941 1495 3998 nostri
1529 3945 1761 4000 recursui
1791 3941 2095 4013 subtrahat,
2123 3955 2184 4000 ιιι

586 4013 789 4068 dictum
829 4020 913 4067 est
938 4028 1086 4069 num.
1119 4013 1210 4068 24.

658 4083 734 4155 (a)
768 4085 943 4154 Apud.
974 4084 1121 4149 Par.,
1154 4102 1297 4154 eum,
1338 4102 1446 4141 non
1486 4102 1623 4140 cum.
1656 4084 1914 4143 Neutrum
1948 4096 2099 4144 extat
2127 4088 2180 4142 in

588 4157 711 4209 aliis
742 4156 871 4211 edit.
904 4157 959 4211 ln
996 4159 1269 4217 nonnullis
1310 4173 1439 4213 mss.
1463 4200 1477 4223 ,
1520 4156 1775 4213 collocuta
1796 4160 1880 4213 vel
1905 4162 2177 4215 conlocata

586 4229 670 4281 sit.
701 4227 1053 4283 Restituimus
1091 4245 1158 4284 ex
1198 4228 1495 4297 potioribus
1519 4247 1633 4284 cum
1661 4232 1830 4285 locuta
1853 4227 1956 4283 's‘it.
1991 4230 2183 4297 Argui-

590 4309 673 4370 tur
703 4297 787 4351 hic
810 4300 1085 4370 temeritas
1107 4300 1517 4366 haereticorum,
1542 4302 1631 4370 qui
1663 4300 1730 4356 de
1760 4298 1873 4355 Filii
1906 4305 2181 4357 nativitate

587 4369 858 4423 disserunt
892 4369 1184 4443 secundum
1228 4373 1513 4426 humanam
1541 4369 1951 4443 intelligentiam
1985 4383 2038 4428 et
2078 4375 2180 4427 litt-

592 4455 764 4515 mnum
821 4451 1022 4515 natura;
1092 4442 1298 4509 legem,
1349 4446 1509 4496 etiam
1590 4442 1873 4512 postquam
1924 4458 2183 4515 accepere

591 4514 753 4566 verba
799 4512 1024 4580 aposrnli
1056 4551 1071 4577 ,
1122 4528 1244 4565 eum
1290 4525 1415 4569 ante
1456 4523 1699 4581 tempora
1745 4524 1944 4569 a-terna
1996 4512 2180 4569 uatum

590 4596 728 4664 esse,
762 4584 1007 4654 adeoque
1034 4584 1228 4637 mentis
1256 4581 1504 4637 humana:
1540 4597 1756 4656 captum
1789 4584 2054 4642 excedere
2082 4586 2183 4640 do—

588 4666 780 4708 CCllllS.

661 4726 740 4798 (ὁ)
774 4725 1098 4784 Vocabulum
1129 4725 1465 4781 wstimatione
1497 4742 1775 4796 perperam
1806 4724 1893 4781 hic
1923 4722 2184 4798 Erasmus

588 4797 836 4859 inseruit,
881 4813 942 4851 ac
979 4798 1251 4852 retinuere
1295 4809 1582 4867 sequentes
1628 4799 1755 4854 edit.
1789 4807 1976 4851 contra
2023 4797 2183 4853 iidem

588 4885 719 4923 mss.
754 4869 984 4923 Perlidia
1033 4868 1380 4932 Arianorum,
1430 4886 1657 4938 quormu
1710 4868 1913 4924 nomini
1962 4884 2186 4938 parcere

586 4942 725 4996 solet
776 4940 1033 5007 llilarius,
1083 4950 1140 4994 ut
1183 4940 1276 4995 lib.
1327 4955 1424 5008 vn,
1484 4957 1536 4995 ιι.
1585 4941 1640 5006 3,
1691 4957 1819 4995 nova
1862 4940 2092 5007 Iunresis,
2128 4952 2184 4996 et

588 5031 736 5066 num.
770 5016 824 5078 ϐ,
852 5012 1065 5083 novella
1094 5029 1231 5066 nunc
1262 5012 1489 5083 Iiwresis,
1522 5014 1595 5068 ita
1627 5028 1769 5069 nunc
1797 5012 1960 5068 nostri
1989 5022 2184 5083 tempo-

584 5083 656 5136 ris
682 5082 959 5154 infidelitas
979 5083 1297 5155 appellatur.

662 5156 731 5228 (ε)
764 5155 817 5209 ld
844 5167 945 5219 est,
976 5157 1197 5229 ex_c_luso
1221 5173 1325 5211 uon
1355 5166 1569 5229 semper
1592 5155 1777 5216 fuisse.
1807 5170 1930 5229 cum
1954 5155 2176 5229 ponitur

585 5226 800 5301 semper
826 5237 1001 5282 natus.
1034 5226 1277 5299 Namque
1317 5229 1449 5284 illud
1477 5226 1564 5285 'eo
1599 5227 1893 5301 respondet
1945 5226 2178 5284 articulo

586 5306 685 5354 τοῦ
724 5299 1058 5355 Graecorum.

654 5371 734 5442 (d)
786 5370 1064 5435 Erasmus,
1108 5382 1285 5426 natum
1315 5388 1416 5426 non
1455 5389 1583 5438 esse,
1620 5372 1805 5428 addito
1844 5388 1947 5425 non
1990 5378 2177 5426 contra

584 5455 775 5496 sensus
802 5445 1081 5498 veritatem
1128 5454 1183 5499 et
1210 5459 1341 5498 mss.
1375 5444 1531 5498 iidem
1564 5461 1575 5495 :
1607 5454 1793 5513 postea
1841 5453 2016 5513 tamen
2057 5456 2178 5496 cas-

585 5514 779 5580 tigatus
810 5530 914 5570 non
946 5516 1061 5568 luit.
1096 5516 1228 5570 Tum
1278 5518 1328 5569 in
1382 5532 1513 5570 mss.
1545 5511 1669 5570 Vat.
1700 5516 1812 5570 bas.
1848 5525 1902 5568 et
1934 5511 2171 5581 Martin.,

584 5597 684 5657 non
714 5588 883 5639 subeat
905 5586 959 5639 in
986 5603 1185 5640 sensum
1207 5603 1309 5640 non
1338 5587 1495 5657 fuisse
1518 5603 1535 5641 :
1558 5584 1961 5653 interpolatoris
1982 5598 2171 5654 opera.

584 5650 696 5706 llnc
742 5670 902 5724 porro
949 5657 1049 5711 sibi
1100 5659 1254 5712 vult:
1287 5650 1413 5712 licet
1462 5673 1568 5712 non
1614 5650 1804 5713 subeat
1851 5657 1901 5710 in
1950 5650 2168 5711 sensum

584 5732 850 5798 nostrum,
877 5726 970 5780 sed
993 5737 1231 5795 superet,
1263 5728 1405 5798 quod
1428 5739 1551 5784 ante
1578 5739 1779 5784 acterna
1810 5736 2050 5797 tempora
2076 5742 2171 5781 na-

582 5797 692 5846 tum
732 5804 832 5862 est,
886 5804 1064 5852 tamen
1106 5798 1159 5853 in
1206 5797 1369 5854 sensu
1422 5808 1505 5855 est
1549 5813 1675 5855 eum
1719 5812 1935 5867 semper
1985 5805 2171 5853 uatum

2290 1880 2469 1949 itaque
2495 1889 2600 1944 est,
2632 1887 2687 1935 et
2713 1894 2928 1950 semper
2953 1888 3039 1936 est
3069 1897 3082 1934 :
3106 1881 3194 1951 qui
3225 1880 3362 1935 nihil
3392 1879 3535 1935 aliud
3561 1880 3623 1935 de
3656 1895 3705 1935 se
3729 1879 3833 1948 pati-

2287 1980 2377 2027 tur
2401 1972 2626 2044 intelligi
2662 1982 2716 2029 et
2739 1972 2846 2028 dici
2877 1988 3059 2043 posse,
3103 1976 3205 2029 nisi
3236 1985 3440 2028 natum.
3474 1972 3599 2028 Nam
3639 1984 3742 2027 eum
3763 1986 3835 2025 an-

2289 2067 2461 2123 terior
2488 2067 2605 2138 ipso
2637 2076 2880 2136 tempore
2909 2070 2991 2137 (g)
3014 2080 3268 2122 sensuum
3316 2076 3422 2133 est,
3451 2066 3592 2139 (quia
3619 2075 3728 2121 ante
3750 2078 3838 2121 sett-

2286 2171 2408 2215 sum
2442 2169 2655 2231 tempus
2680 2172 2943 2217 aeternum
2975 2168 3059 2217 est
3082 2160 3125 2233 ς)
3155 2178 3260 2217 non
3306 2162 3544 2217 admittit
3571 2175 3762 2218 sensum
3786 2158 3835 2213 dc

2293 2268 2354 2310 se
2398 2253 2809 2325 diiudicantem,
2855 2269 2979 2312 esse
3033 2263 3127 2310 aut
3157 2254 3239 2327 (2)
3271 2271 3379 2310 non
3429 2252 3508 2326 (Ir)
3553 2253 3701 2308 fuisse
3741 2256 3835 2304 ante

2294 2364 2455 2419 quam
2500 2350 2933 2421 nasciturzquia
2984 2356 3038 2404 et
3083 2360 3205 2403 esse
3251 2358 3380 2403 aute
3421 2363 3577 2418 quam
3621 2345 3829 2408 nascitur,

2295 2456 2403 2497 non
2448 2442 2518 2497 sit
2544 2442 2881 2509 nativitatis;
2906 2453 2960 2498 et
3008 2457 3113 2497 non
3148 2441 3339 2508 fuisse,
3375 2440 3488 2511 iam
3517 2436 3836 2509 tcmporissit.

2296 2534 2438 2603 Ergo
2483 2543 2538 2590 et
2594 2533 2830 2589 infinitas
2888 2542 3191 2606 temporum
3247 2543 3575 2589 aeternorum
3617 2530 3740 2603 quod
3779 2536 3839 2583 et

2293 2627 2577 2696 temporis,
2613 2627 2664 2681 id
2687 2637 2791 2692 est,
2835 2642 2943 2681 non
2987 2626 3173 2695 fuisse,
3205 2626 3481 2682 consumit
3514 2632 3607 2680 :et
3646 2623 3840 2678 natlvitas

2291 2716 2435 2789 quod
2463 2734 2620 2774 suum
2651 2733 2757 2774 non
2785 2727 2889 2784 est,
2919 2718 2971 2773 id
3009 2728 3115 2784 est,
3139 2727 3267 2774 ante
3296 2734 3462 2789 quam
3496 2719 3715 2773 nascitur
3729 2730 3838 2775 esse.

2299 2825 2407 2866 non
2438 2812 2658 2881 patitur.
2691 2811 2845 2878 Quod
2888 2812 2934 2867 si
2966 2816 3059 2866 aut
3082 2824 3206 2866 esse
3248 2817 3346 2866 aut
3382 2825 3491 2865 non
3522 2809 3677 2865 fuisse
3699 2805 3839 2863 sensui

2291 2902 2612 2982 subiacebit,
2649 2903 2760 2974 iam
2796 2905 3048 2959 nativitas
3089 2905 3204 2974 ipsa
3257 2902 3321 2974 (i)
3353 2911 3477 2975 post
3512 2912 3708 2973 tempus
3749 2906 3839 2955 est:

2294 2996 2417 3067 quia
2446 2997 2535 3067 qui
2582 3011 2689 3051 non
2717 3010 2936 3068 semper
2980 3007 3081 3063 est,
3132 3009 3362 3053 necesse
3407 3006 3494 3051 est
3531 2993 3841 3065 caper-item

2306 3098 2430 3156 post
2450 3084 2675 3159 aliquid.

2368 3181 2458 3237 32.
2492 3180 2709 3253 Semper
2754 3190 2929 3247 natus,
2959 3195 3163 3251 semper
3197 3193 3309 3235 esse
3352 3179 3528 3234 animo
3568 3177 3842 3233 sentitur.—

2293 3274 2443 3332 Finis
2475 3275 2636 3345 igitur
2665 3280 2720 3328 et
2749 3272 2876 3328 tidei
2920 3281 2977 3328 et
3011 3272 3281 3327 sermonis
3323 3281 3381 3327 et
3418 3284 3610 3327 sensus
3647 3276 3738 3335 est,
3763 3267 3843 3322 Do-

2297 3370 2503 3425 minum
2527 3368 2710 3425 Jesnm
2731 3375 2788 3423 et
2820 3376 3003 3422 natum
3025 3380 3169 3432 esse,
3193 3375 3248 3421 et
3270 3379 3491 3437 semper
3518 3378 3637 3422 esse
3663 3363 3796 3433 :qlia
3813 3359 3845 3414 si

2296 3461 2426 3531 quid
2454 3461 2524 3516 de
2553 3459 2691 3515 Filio
2718 3473 2874 3515 mens
2902 3468 3170 3514 retroacta
3199 3457 3554 3526 scrutabitur,
3600 3455 3717 3512 nibil
3735 3450 3843 3509 aliud

2278 776 2482 822 aeterna
2512 779 2728 836 semper
2768 780 2913 833 esse,
2949 764 3191 825 excludit
3232 786 3336 825 non
3367 769 3527 827 fuisse
3553 780 3663 828 ante
3688 789 3806 845 quam

2280 859 2540 913 nascitur.

2351 782 2482 822 erna
2512 782 2728 836 semper
2768 782 2913 833 esse,
2949 782 3191 825 excludit
3232 786 3336 825 non
3367 782 3527 827 tuisse
3553 782 3663 828 ante
3688 789 3806 845 quam

2352 859 2540 913 scitur.

2351 952 2441 1007 5i.
2474 950 2641 1026 5.26
2671 952 2841 1009 Filius
2881 970 2972 1010 nec
3015 963 3112 1023 est,
3145 956 3238 1012 nec
3277 972 3378 1012 non
3420 956 3517 1029 fuit
3542 958 3672 1027 prius
3701 970 3812 1028 quam

2352 1054 2450 1097 tus.
2479 1046 2845 1102 —C:eterum
2892 1062 3000 1102 non
3044 1048 3302 1118 relinquit
3356 1047 3503 1119 prius
3550 1062 3659 1104 esse
3694 1064 3813 1119 quam

2354 1136 2429 1191 sci
2458 1152 2472 1190 :
2503 1137 2625 1206 quia
2653 1138 2745 1209 qui
2786 1138 2925 1194 ultra
2969 1153 3186 1195 sensum
3217 1147 3323 1205 est,
3357 1139 3409 1194 in
3442 1138 3582 1195 nullo
3622 1139 3817 1210 subiacet

2351 1235 2488 1283 usui.
2522 1229 2657 1284 Nam
2679 1230 2724 1285 si
2756 1230 2896 1286 ultra
2920 1244 3140 1287 sensum
3162 1240 3262 1298 est,
3294 1240 3475 1286 natum
3504 1246 3696 1300 semper
3710 1246 3817 1297 esse,

2351 1341 2392 1379 in
2424 1325 2549 1381 licet
2576 1326 2684 1396 jam
2718 1338 2841 1383 esse
2864 1334 2988 1397 post
3014 1341 3258 1396 sensum,
3287 1340 3395 1381 non
3421 1324 3582 1381 fuisse
3605 1336 3711 1381 eum
3728 1334 3821 1380 ante

2351 1432 2445 1472 Iam
2474 1419 2735 1475 nascitur.
2765 1420 2896 1476 Cum
2942 1419 3124 1492 itaque
3156 1430 3340 1475 uatum
3386 1434 3594 1489 semper
3616 1433 3733 1483 esse,
3759 1419 3821 1472 ui-

2351 1509 2528 1563 laliml
2554 1510 2633 1581 (l)
2673 1511 2743 1566 sit
2779 1510 3144 1567 conﬁtendum
3187 1525 3328 1577 esse,
3369 1524 3525 1580 quam
3571 1518 3748 1575 uatum,
3785 1510 3821 1564 id

2352 1599 2494 1666 nsui,
2524 1610 2647 1657 ante
2676 1616 2836 1673 quam
2860 1603 3101 1658 nascitur
3128 1602 3211 1658 vel
3244 1600 3414 1657 fuisse
3441 1601 3521 1655 vel
3553 1615 3649 1655 non
3681 1599 3824 1667 fuisse,

2351 1711 2396 1749 ιη
2445 1694 2688 1765 subiacet
2719 1713 2733 1750 :
2762 1697 2883 1767 quia
2917 1710 3136 1752 sensum
3169 1694 3305 1752 nihil
3357 1694 3521 1762 aliud,
3552 1706 3693 1766 quam
3730 1704 3825 1751 ante

2351 1802 2532 1858 mpora
2561 1795 2762 1842 arterna
2788 1796 2970 1843 natum
2996 1802 3136 1856 esse,
3171 1802 3389 1859 semper
3411 1786 3682 1843 antevenit.
3701 1786 3827 1841 Natus

2351 1894 2469 1949 ique
2495 1889 2600 1944 est,
2632 1887 2687 1935 et
2713 1894 2928 1950 semper
2953 1888 3039 1936 est
3069 1897 3082 1934 :
3106 1881 3194 1951 qui
3225 1880 3362 1935 nihil
3392 1879 3535 1935 aliud
3561 1880 3623 1935 de
3656 1895 3705 1935 se
3729 1879 3833 1948 pati-

2351 1987 2377 2027 r
2401 1972 2626 2044 intelligi
2662 1982 2716 2029 et
2739 1972 2846 2028 dici
2877 1988 3059 2043 posse,
3103 1976 3205 2029 nisi
3236 1985 3440 2028 natum.
3474 1972 3599 2028 Nam
3639 1984 3742 2027 eum
3763 1986 3835 2025 an-

2351 2067 2461 2123 rior
2488 2067 2605 2138 ipso
2637 2076 2880 2136 tempore
2909 2070 2991 2137 (g)
3014 2080 3268 2122 sensuum
3316 2076 3422 2133 est,
3451 2066 3592 2139 (quia
3619 2075 3728 2121 ante
3750 2078 3838 2121 sett-

2359 2176 2408 2215 ιιι
2442 2169 2655 2231 tempus
2680 2172 2943 2217 aeternum
2975 2168 3059 2217 est
3082 2160 3125 2233 ς)
3155 2178 3260 2217 non
3306 2162 3544 2217 admittit
3571 2175 3762 2218 sensum
3786 2158 3835 2213 dc

2351 2277 2354 2304 τ
2398 2253 2809 2325 diiudicantem,
2855 2269 2979 2312 esse
3033 2263 3127 2310 aut
3157 2254 3239 2327 (2)
3271 2271 3379 2310 non
3429 2252 3508 2326 (Ir)
3553 2253 3701 2308 fuisse
3741 2256 3835 2304 ante

2351 2364 2455 2404 tam
2500 2350 2933 2421 nasciturzquia
2984 2356 3038 2404 et
3083 2360 3205 2403 esse
3251 2358 3380 2403 aute
3421 2363 3577 2418 quam
3621 2345 3829 2408 nascitur,

2351 2457 2403 2497 in
2448 2442 2518 2497 sit
2544 2442 2881 2509 nativitatis;
2906 2453 2960 2498 et
3008 2457 3113 2497 non
3148 2441 3339 2508 fuisse,
3375 2440 3488 2511 iam
3517 2436 3836 2509 tcmporissit.

2351 2548 2438 2603 rgo
2483 2543 2538 2590 et
2594 2533 2830 2589 infinitas
2888 2542 3191 2606 temporum
3247 2543 3575 2589 aeternorum
3617 2530 3740 2603 quod
3779 2536 3839 2583 et

2352 2627 2577 2696 mporis,
2613 2627 2664 2681 id
2687 2637 2791 2692 est,
2835 2642 2943 2681 non
2987 2626 3173 2695 fuisse,
3205 2626 3481 2682 consumit
3514 2632 3607 2680 :et
3646 2623 3840 2678 natlvitas

2351 2716 2435 2773 rod
2463 2734 2620 2774 suum
2651 2733 2757 2774 non
2785 2727 2889 2784 est,
2919 2718 2971 2773 id
3009 2728 3115 2784 est,
3139 2727 3267 2774 ante
3296 2734 3462 2789 quam
3496 2719 3715 2773 nascitur
3729 2730 3838 2775 esse.

2351 2825 2407 2866 ιιι
2438 2812 2658 2881 patitur.
2691 2811 2845 2878 Quod
2888 2812 2934 2867 si
2966 2816 3059 2866 aut
3082 2824 3206 2866 esse
3248 2817 3346 2866 aut
3382 2825 3491 2865 non
3522 2809 3677 2865 fuisse
3699 2805 3839 2863 sensui

2298 3012 2417 3067 quia
2446 3012 2535 3067 qui
2582 3011 2689 3051 non
2717 3010 2936 3068 semper
2980 3008 3081 3063 est,
3132 3009 3362 3053 necesse
3407 3008 3494 3051 est
3531 3008 3841 3065 capcruesse

2306 3098 2430 3156 post
2450 3084 2675 3159 aliquid.

2368 3181 2458 3237 32.
2492 3180 2709 3253 Semper
2754 3190 2929 3247 natus,
2959 3195 3163 3251 semper
3197 3193 3309 3235 esse
3352 3179 3528 3234 animo
3568 3177 3842 3233 sentitur.—

2298 3274 2443 3332 Finis
2475 3275 2636 3345 igitur
2665 3280 2720 3328 et
2749 3272 2876 3328 tidei
2920 3281 2977 3328 et
3011 3272 3281 3327 sermonis
3323 3281 3381 3327 et
3418 3284 3610 3327 sensus
3647 3276 3738 3335 est,
3763 3267 3843 3322 Do-

2298 3370 2503 3425 minum
2527 3368 2710 3425 Jesnm
2731 3375 2788 3423 et
2820 3376 3003 3422 natum
3025 3380 3169 3432 esse,
3193 3375 3248 3421 et
3270 3379 3491 3437 semper
3518 3378 3637 3422 esse
3663 3363 3796 3433 :qlia
3813 3359 3845 3414 si

2298 3461 2426 3531 quid
2454 3461 2524 3516 de
2553 3459 2691 3515 Filio
2718 3473 2874 3515 mens
2902 3468 3170 3514 retroacta
3199 3457 3554 3526 scrutabitur,
3600 3455 3717 3512 nibil
3735 3450 3843 3509 aliud

2298 3553 2592 3608 scrutantis
2612 3552 2991 3622 seusui,quam
3023 3559 3208 3606 natum
3237 3566 3360 3607 esse
3388 3550 3472 3622 (5)
3504 3559 3560 3606 et
3580 3562 3772 3619 semper
3792 3546 3844 3616 (j)

2368 3687 2445 3729 [χι
2480 3689 2570 3729 "In
2603 3699 2651 3729 nl
2682 3706 2878 3729 ιιηιηοο·
2907 3707 3013 3729 an:
3066 3706 3172 3729 nnn
3202 3689 3478 3729 hnhanlnr
3507 3692 3556 3729 in
3590 3698 3774 3729 nnclrn.

2368 3687 2445 3762 (5)
2480 3689 2571 3745 illa
2602 3699 2651 3745 et
2679 3706 2878 3763 semper
2906 3707 3034 3758 esse,
3065 3706 3173 3746 non
3202 3689 3478 3748 habentur
3505 3692 3556 3747 in
3588 3698 3776 3746 nostro.

2293 3887 2450 3945 esse;
2482 3888 2644 3941 quem
2671 3880 2801 3929 ante
2847 3880 3052 3929 aeterna
3094 3880 3339 3945 tempora
3377 3879 3564 3928 natum
3609 3887 3700 3944 per
3722 3867 3849 3925 ﬁdem

2293 3943 2621 4000 audivimus.

2390 4015 2437 4087 ε)
2466 4014 2521 4070 1η
2544 4031 2652 4071 ms.
2678 4013 2894 4071 Martin.
2921 4025 3100 4071 natum
3131 4031 3258 4071 esse.
3322 4085 3331 4087 _
3436 4076 3455 4087 __

2390 4018 2437 4087 ε)
2466 4018 2521 4070 1η
2544 4031 2652 4071 ms.
2678 4018 2894 4071 Martin.
2921 4025 3100 4071 natum
3131 4031 3258 4071 esse.
3450 4076 3455 4081 _

2367 4018 2441 4159 if)
2474 4087 2628 4158 Apud
2661 4087 2786 4143 Par.
2820 4086 3162 4143 desideratur
3201 4102 3276 4141 se.
3312 4085 3405 4159 Sic
3434 4084 3664 4159 Verbum
3689 4084 3736 4139 in
3765 4084 3853 4137 ho-

2294 4157 2440 4214 mine
2469 4157 2743 4214 nascendo
2783 4173 2842 4213 se
2885 4160 3125 4229 quodam
3157 4159 3318 4227 modo
3350 4157 3671 4222 demutavit,
3697 4163 3852 4227 quate-

2294 4246 2394 4284 nus
2420 4230 2715 4299 assumpsit
2753 4226 3034 4299 quod'nou
3068 4241 3184 4284 erat
3218 4248 3230 4283 ;
3257 4226 3312 4283 at
3344 4229 3598 4285 nativitas
3627 4243 3723 4283 uou
3753 4239 3852 4296 pro-

2291 4302 2406 4372 prie
2434 4302 2599 4367 illms,
2628 4300 2722 4357 sed
2750 4299 2987 4356 hominis
3016 4301 3274 4370 assumpti
3308 4301 3429 4362 fuit,
3460 4300 3697 4372 quamvis
3718 4299 3850 4353 etiam

2290 4371 2472 4442 Verbo
2505 4382 2724 4442 propter
2752 4372 3011 4428 unitatem
3047 4388 3294 4442 persona:
3323 4371 3667 4427 attribuatur.

2363 4441 2440 4515 (g)
2471 4441 2624 4513 Apud
2655 4444 2784 4500 Bad.
2819 4454 2872 4497 ct
2902 4445 2954 4498 in
2988 4441 3117 4497 mss.
3157 4442 3314 4496 Vind.
3346 4453 3400 4496 ct
3432 4446 3565 4515 Silr,
3602 4454 3738 4515 sensu
3775 4445 3849 4490 est.

2288 4510 2722 4578 Idaliis-editis,
2767 4531 2923 4568 sensu
2953 4531 3055 4569 non
3106 4525 3200 4568 est.
3239 4515 3293 4568 In
3346 4528 3479 4568 mss.
3527 4512 3643 4568 Vat.
3687 4510 3852 4565 base!

2290 4584 2532 4643 Martin..
2573 4603 2776 4639 sensum
2819 4596 2912 4639 est.
2947 4584 3003 4640 In
3036 4586 3272 4648 caeteris,
3310 4602 3556 4640 sensuum
3585 4593 3671 4638 est.
3702 4578 3852 4648 Mallet

2294 4658 2428 4709 l'orte
2455 4657 2670 4726 aliquis,
2697 4673 2875 4710 sensus
2897 4668 2990 4711 est.
3014 4656 3089 4710 Ex
3114 4647 3395 4726 principiis
3417 4656 3512 4711 lil).
3535 4669 3755 4715 unum.
3782 4647 3847 4710 l6,

2298 4727 2485 4797 positis
2528 4732 2760 4782 maxuue
2814 4727 3014 4797 pendet
3063 4744 3273 4792 eorum,
3326 4746 3447 4799 quae
3494 4728 3580 4781 liic
3619 4726 3851 4794 disputata
3910 4738 3911 4781 ζ

2293 4810 2440 4871 sunt,
2473 4799 2845 4871 intelligentia.
3017 4869 3024 4871 _
3146 4868 3158 4871 Α
3260 4868 3293 4871 ξ
3352 4867 3367 4871 _
3513 4868 3541 4871 _
3690 4864 3703 4871 _
3809 4859 3819 4871 ,
3910 4814 3911 4859 1

2366 4869 2446 4941 (Ιιῄ)
2484 4864 2832 4925 Desideratur
2862 4887 2963 4924 non
3014 4869 3067 4923 in
3098 4868 3227 4924 edit.
3259 4867 3393 4941 Bad.
3427 4880 3478 4925 et
3512 4868 3633 4923 Par.
3663 4864 3786 4941 siCll_l_
3809 4864 3852 4912 in

2294 4932 2536 5004 pluribus
2560 4957 2663 4995 non
2694 4941 2979 4995 deterioris
3007 4951 3147 4995 nota:
3175 4956 3305 4996 mss.
3337 4940 3640 4995 Revocatur
3665 4952 3724 4991 ex
3751 4932 3848 4995 Ern

2289 5010 2438 5082 Lips.
2475 5022 2529 5067 et
2559 5026 2689 5067 mss.
2722 5011 2911 5075 Curb.,
2946 5010 3171 5075 Pratel.,
3226 5011 3463 5083 Remig.,
3520 5011 3699 5083 Faur..
3736 5015 3849 5083 elcq
3910 5040 3911 5061 t

2289 5077 2432 5153 qu'od
2461 5094 2516 5138 et
2550 5084 2766 5153 exigere
2792 5083 3040 5138 videntur
3089 5077 3583 5153 superiora'simul
3610 5087 3663 5135 et
3687 5077 3850 5132 subse-

2331 5157 2528 5211 tientia.

2288 5170 2528 5298 Ψιδῖἳιῗ.
2549 5227 2664 5298 solo
2694 5225 2879 5281 codice
2909 5225 3026 5298 Vat.
3059 5225 3199 5288 bas.,
3233 5236 3361 5298 post,
3375 5241 3577 5298 sensum
3601 5231 3671 5277 est
3690 5213 3846 5288 :quod

2285 5294 2413 5352 licet
2442 5296 2614 5367 possit
2644 5298 2887 5362 tolerari,
2918 5297 3100 5353 verius
3138 5294 3316 5352 tamen
3350 5297 3403 5351 iu
3436 5294 3577 5362 aliis,
3604 5301 3709 5367 post
3739 5302 3849 5342 tern-

2286 5386 2383 5437 pns
2410 5378 2503 5441 est.
2537 5369 2591 5425 Si
2622 5370 2765 5424 enim
2802 5368 3092 5439 percipitur
3123 5386 3228 5441 non
3255 5368 3420 5423 fuisse
3452 5376 3575 5421 aute
3597 5379 3742 5435 quam
3766 5372 3848 5441 .m-
3908 5402 3909 5407 η

2287 5452 2406 5503 tus;
2436 5439 2528 5495 illo
2558 5452 2818 5507 tempore,
2852 5456 2956 5510 quo
2995 5457 3098 5492 non
3126 5439 3248 5505 fuit,
3290 5442 3557 5510 posterior
3575 5450 3649 5491 εει
3680 5439 3847 5488 nativi-
3908 5458 3909 5510 ξ

2284 5518 2399 5564 tas:
2425 5512 2469 5564 si
2501 5527 2630 5582 vero
2659 5506 2824 5566 luisse
2847 5506 3086 5582 quidem,
3109 5513 3209 5582 sed
3245 5506 3482 5565 nondum
3509 5516 3660 5564 natus
3687 5521 3700 5571 ;
3731 5512 3847 5582 tem-
3908 5506 3909 5582 ξ

2285 5554 2385 5663 ptis
2410 5554 3223 5664 illudwomtiejvqu‘oupr‘ius'fuit,
3245 5554 3510 5636 'uativitas
3538 5590 3659 5635 ante
3685 5554 3740 5630 se
3761 5570 3843 5626 ad-

2283 5663 2468 5708 tulttll.

2356 5682 2507 5798 (tirio
2540 5737 2671 5798 mss.
2702 5723 3040 5798 desideratur
3063 5731 3109 5778 et
3150 5738 3349 5798 semper
3379 5740 3505 5798 esse.
3538 5720 3611 5798 Ea
3638 5710 3843 5798 librariis
3908 5682 3909 5729 ι

2282 5782 2439 5853 laede
2467 5796 2720 5853 excidere
2759 5797 2959 5865 solent,
3000 5795 3052 5849 in
3100 5782 3295 5864 quibus
3321 5794 3523 5852 ezedcm
3564 5790 3670 5847 lere
3703 5795 3841 5843 voces
