3936 6196
56 347 158 403 433

1226 336 1313 392 DE
1355 323 1729 392 TRINITATE
1767 324 1973 390 LIBER
2006 331 2121 389 Xll.

3242 332 3345 390 Αδι

60 474 197 521 esse.
239 468 453 525 semper
510 460 781 510 occurret.
840 449 910 507 Ut
955 450 1115 521 igitur
1166 449 1277 505 Deo
1323 450 1461 519 patri
1509 460 1635 519 pro-
1666 451 1718 513 Α
1745 446 1853 503 nita
1893 445 2217 504 concludis?
2249 442 2428 502 Nescit
2462 445 2657 501 Paulus
2705 445 2757 501 in
2795 445 3011 501 Christo
3052 446 3155 501 nisi
3209 456 3347 502 [(‘lll-

61 554 225 622 priutn
271 555 351 604 est
400 547 518 603 sine
569 546 869 607 nativitate,
926 544 995 597 ita
1045 549 1101 597 et
1129 541 1268 598 Filio
1292 540 1532 596 debitum
1563 550 1649 595 est

67 659 158 716 per
190 640 518 697 nativitatem
551 653 769 711 semper
809 651 951 694 esse.
991 635 1255 692 Nativitas
1298 644 1478 690 autem
1515 632 1648 687 nihil

1755 555 1942 609 porum
1969 540 2348 595 aeternitatem.
2379 539 2494 594 Non
2526 547 2647 609 post
2674 539 2874 610 aliquid
2908 539 2987 610 (2)
3021 555 3080 595 se
3105 555 3226 595 esse
3251 540 3351 595 Sa-

1753 633 1981 703 pientia,
2031 628 2123 687 sed
2154 641 2281 688 ante
2308 633 2485 685 omnia
2534 631 2791 701 loquitur.
2830 631 2897 701 (c)
2920 629 3124 687 Tecum
3174 647 3202 684 a
3235 631 3351 686 sole

68 736 199 793 aliud
226 750 381 807 quam
415 740 652 805 patrem,
685 746 862 802 neque
903 740 1058 803 pater
1084 730 1229 785 aliud
1262 745 1421 800 quam
1455 726 1651 783 nativi-
1753 741 1817 781 ac
1844 727 1964 781 luna
1996 732 2236 796 tempora
2261 724 2503 780 instituta
2534 734 2659 779 sunt
2692 742 2704 778 :
2737 722 3008 778 Christum
3033 733 3213 779 autem
3248 723 3353 777 Da-

71 840 220 884 tatem
259 824 584 883 enuntiabit.
622 824 856 881 Medium
887 823 1034 879 enim
1065 822 1197 876 nihil
1232 820 1522 891 quidquam
1552 832 1652 873 no-
1753 817 1841 874 vid
1886 826 2013 873 ante
2061 818 2231 873 solem
2282 832 2605 889 permanere
2654 816 2923 887 significat
2971 817 3156 874 dicens
3187 836 3200 871 :
3228 822 3358 873 Ante

72 925 203 978 mina
231 918 304 993 (a)
328 921 451 988 ista,
501 926 595 974 aut
643 926 834 973 natura
871 915 1154 987 permittit.
1199 915 1305 969 Aut
1349 914 1496 969 enim
1546 928 1652 967 non

72 1031 270 1087 semper
292 1014 475 1081 Pater,
499 1013 545 1069 si
569 1027 676 1067 non
702 1025 921 1082 semper
946 1018 1000 1065 et
1021 1008 1221 1074 Filius;
1256 1014 1348 1063 aut
1368 1007 1412 1061 si
1438 1021 1656 1077 semper

72 1111 235 1174 Pater,
266 1121 478 1175 semper
518 1114 575 1161 et
612 1103 783 1160 Filius
815 1119 828 1156 :
859 1105 983 1173 quia
1028 1108 1289 1172 quantum
1333 1096 1472 1153 Filio
1521 1105 1659 1153 tem—

74 1205 229 1275 poris,
267 1217 331 1257 ne
359 1214 578 1269 semper
622 1197 764 1253 ﬁlius
790 1196 975 1261 fuerit,
1021 1194 1412 1265 almegabitnr;
1447 1198 1657 1247 tantum

77 1296 211 1350 Patri
252 1294 422 1358 deest,
472 1306 543 1346 ne
577 1298 732 1361 pater
771 1302 989 1358 semper
1018 1287 1127 1343 sit:
1176 1297 1237 1342 ut
1281 1285 1409 1342 licet
1447 1299 1664 1354 semper

77 1389 230 1455 Deus,
261 1401 364 1441 non
394 1392 576 1441 tamen
606 1381 768 1456 427
797 1391 854 1439 et
881 1389 1035 1453 pater
1076 1380 1132 1436 in
1170 1393 1233 1437 ea
1285 1377 1448 1435 fuerit
1480 1376 1662 1433 infini-

82 1488 205 1545 tate,
231 1493 326 1548 qua
355 1478 497 1532 Deus
522 1481 628 1531 est.

145 1572 229 1628 55.
258 1569 393 1625 Deus
421 1568 631 1623 Arionis
660 1584 761 1622 non
788 1581 988 1639 semper
1016 1574 1180 1636 pater.
1210 1593 1282 1606 --
1312 1562 1491 1619 Etiam
1524 1564 1577 1617 in
1610 1562 1662 1619 id

81 1680 134 1721 se
184 1661 445 1735 professio
494 1660 789 1733 impietatis
834 1658 1099 1723 extendit,
1132 1657 1208 1731 (ὁ)
1268 1666 1328 1713 ut
1381 1672 1488 1714 non
1530 1656 1668 1711 Filio

1764 910 2021 983 solem(d)
2054 928 2234 966 nomen
2274 912 2383 981 ejus
2413 907 2588 982 (Psal.
2613 925 2759 976 LXXI,
2783 908 2894 980 17).
2929 909 2996 964 Ει
3026 925 3093 964 ne
3133 925 3220 966 res
3263 909 3357 966 Dei

1774 1006 1964 1060 mundi
2014 1005 2171 1061 istius
2213 1005 2422 1075 origine
2471 1003 2750 1059 inchoatas
2796 1002 3157 1071 arbitrareris,
3213 1002 3357 1060 idem

1758 1098 1834 1153 ait
1856 1115 1869 1151 :
1888 1097 1959 1153 Et
1985 1108 2102 1153 ante
2124 1098 2300 1153 lunam
2327 1098 2679 1170 generationes
2700 1097 3258 1172 generationumUbid.
3278 1097 3355 1170 5).

1766 1188 2145 1259 Despiciuntur
2170 1188 2259 1246 hic
2297 1200 2538 1257 tempora
2563 1204 2592 1245 a
2622 1189 2784 1244 tantis
2810 1189 2941 1245 viris
2967 1197 3023 1244 et
3065 1191 3361 1259 prophetiae

1762 1283 1954 1353 spiritu
1996 1283 2212 1355 dignis:
2246 1290 2302 1339 et
2346 1283 2476 1338 nihil
2523 1282 2704 1338 sensui
2732 1281 2983 1354 ,humano
3016 1282 3360 1352 relinquitur,

1764 1376 1818 1431 in
1859 1391 1967 1442 quo
1998 1392 2057 1432 se
2083 1386 2211 1433 ante
2230 1377 2593 1442 nativitatem,
2625 1391 2746 1447 qum
2772 1382 3012 1446 tempora
3041 1384 3241 1431 aeterna
3272 1389 3367 1429 ex-

1764 1468 1928 1537 cedit,
1983 1470 2281 1527 extendat:
2321 1471 2414 1527 sed
2459 1470 2601 1525 hunc
2637 1470 2857 1526 modum
2913 1476 3115 1525 tantum
3168 1468 3368 1525 habeat

1764 1561 2037 1631 religiostc‘
2075 1561 2346 1631 opinionis
2387 1559 2542 1627 fides,
2574 1558 2740 1633 428
2779 1568 2836 1615 ut
2865 1559 3148 1615 Dominum
3180 1558 3363 1615 Jcsum

1767 1653 2045 1708 Christum
2075 1655 2412 1725 unigenitum
2441 1653 2632 1719 Deum,
2666 1653 2747 1724 ('5)
2773 1661 2826 1708 et
2855 1652 2920 1707 ad
2954 1653 3204 1723 perfecm:
3233 1652 3371 1707 nati-

84 1768 309 1828 tempora
340 1753 662 1820 nativitatis,
708 1751 803 1808 sed
832 1750 980 1807 Patri
1021 1748 1430 1821 generationem
1461 1747 1667 1804 adscri—
1772 1747 1951 1803 vitatis
1978 1746 2376 1803 confessionem
2408 1755 2590 1802 natum
2634 1747 2961 1823 meminerit,
3008 1756 3062 1803 et
3095 1749 3148 1803 in
3176 1744 3373 1804 divini-

89 1852 170 1903 bat
197 1866 211 1903 :
243 1848 360 1917 quia
406 1843 775 1917 generationis
831 1841 1026 1898 modus
1074 1842 1213 1898 intra
1256 1840 1551 1896 nativitatis
1600 1839 1671 1895 sit
1704 1830 1748 1900 Β
1776 1842 1902 1893 tatis
1941 1837 2290 1894 veneratione
2318 1850 2425 1893 non
2454 1839 2665 1910 ignoret
2687 1848 2969 1894 aeternum.

88 1953 314 2011 tempore
343 1939 693 1994 constitutus.

149 2036 235 2091 δι.
294 2032 647 2104 Refellnntur.
703 2028 961 2099 Tempora
1001 2030 1282 2084 secundum
1332 2027 1572 2084 Arianos.
1603 2058 1675 2068 —

94 2130 233 2185 Pium
263 2126 356 2183 tibi
388 2140 453 2181 ac
481 2124 821 2196 reiigiosum,
843 2122 1121 2188 haeretice,
1166 2121 1470 2187 existimas,
1504 2120 1673 2177 Deum

93 2236 292 2292 semper
319 2219 562 2291 quidem,
601 2216 696 2273 sed
743 2229 851 2271 non
898 2229 1116 2286 semper
1144 2223 1353 2284 patretn
1382 2211 1677 2268 conﬁteri?

94 2315 232 2386 Quod
265 2315 307 2370 si
334 2314 407 2369 ita
452 2313 659 2369 sentire
698 2323 749 2365 te
780 2311 924 2381 pium
970 2316 1093 2375 est,
1125 2308 1352 2363 Paulum
1384 2307 1678 2378 impietatis

101 2421 307 2464 necesse
332 2414 440 2471 est,
471 2403 671 2459 Filium
702 2412 822 2457 ante
849 2411 1077 2472 tenipora
1103 2411 1298 2455 (eterna
1341 2415 1462 2455 esse
1496 2400 1683 2455 dicen-

97 2510 189 2554 tem
228 2497 355 2571 (Tit.
384 2513 421 2563 ι,
454 2494 537 2569 2),
565 2493 899 2552 condemnes
930 2510 943 2547 :
976 2495 1139 2548 etiam
1183 2493 1353 2564 ipsam
1394 2497 1683 2548 testantem

101 2593 158 2647 de
178 2608 239 2648 se
266 2588 620 2661 Sapientiam,
651 2586 796 2658 quod
825 2594 953 2641 ante
978 2584 1176 2641 seacula
1207 2583 1428 2640 fundata
1459 2585 1549 2652 sit,
1579 2586 1686 2640 cri-

105 2684 313 2740 minaris
338 2702 350 2736 :
383 2697 506 2754 qua:
533 2680 681 2736 Patri
711 2678 900 2735 aderat
924 2685 1059 2743 tum,
1094 2690 1218 2733 cum
1254 2679 1452 2736 caelum
1480 2692 1688 2749 praepa-

107 2787 252 2833 raret.
285 2776 391 2832 Sed
425 2784 502 2843 tu,
538 2781 598 2829 nt
628 2774 739 2829 Deo
766 2772 974 2827 initium
1004 2770 1212 2827 tribuas
1248 2786 1357 2841 quo
1398 2783 1552 2842 pater
1580 2779 1685 2841 est,

111 2872 235 2938 prius
287 2866 624 2938 temporibus
672 2864 883 2920 initium
927 2866 1164 2920 decerno
1212 2865 1295 2937 (i)
1349 2878 1458 2936 quo
1510 2873 1687 2937 coepta

111 2972 246 3016 erunt
282 2979 296 3015 :
328 2975 452 3032 quas
490 2960 538 3015 si
565 2968 744 3030 empta
787 2966 934 3023 sunt,
981 2957 1214 3014 mendax
1245 2969 1327 3013 est
1378 2958 1685 3029 Apostolus,

112 3056 183 3124 qui
226 3070 286 3110 ea
333 3056 405 3110 sit
436 3050 720 3125 professus
746 3059 969 3107 aeterna.
1016 3052 1217 3109 Soletis
1264 3052 1407 3108 enim
1448 3061 1691 3123 tempora

115 3145 169 3200 de
193 3147 314 3201 solis
345 3161 409 3201 ac
435 3146 581 3200 lunae
620 3143 899 3200 creatione
927 3158 1232 3210 numerare,
1271 3144 1398 3214 quia
1431 3146 1691 3213 scriptum

1848 1930 1938 1987 35.
1977 1931 2256 2005 Objicitur,
2288 1931 2612 2001 Sapientiam
2639 1950 2693 1988 se
2720 1943 2942 1988 creatam
2966 1934 3159 1989 testari.
3183 1932 3377 1990 —Sed

1775 2034 2095 2079 accusamur
2116 2022 2409 2091 mendacii,
2432 2034 2484 2081 et
2509 2040 2613 2080 una
2645 2025 2924 2081 nobiscum
2952 2025 3193 2081 doctrina
3221 2036 3381 2095 apos-

1778 2116 1956 2171 tolica:
1997 2115 2405 2188 pra'dicationis
2451 2116 2714 2189 arguitur,
2770 2117 3111 2174 nativitatem
3161 2116 3381 2187 quidem

1778 2208 2050 2271 confessa,
2075 2208 2171 2265 sed
2204 2210 2562 2266 aeternitatem
2597 2210 2673 2282 (e)
2697 2210 2996 2267 nativitatis
3018 2208 3300 2281 professa:
3331 2219 3391 2264 ut

1781 2308 1836 2358 et
1879 2301 2132 2357 nativitas
2164 2309 2455 2368 testaretur
2479 2315 2780 2369 auctorem,
2816 2312 2871 2360 et
2915 2304 3192 2361 aeternitas
3222 2304 3274 2359 in
3304 2319 3388 2360 sa-

1784 2402 2063 2450 cramento
2089 2393 2288 2449 divinae
2314 2394 2619 2451 nativitatis
2640 2400 2859 2452 sensum
2891 2395 3142 2453 humana:
3173 2397 3387 2468 opinio-

1788 2486 1871 2540 nis
1912 2485 2222 2542 excederet.
2268 2485 2575 2542 Profertum
2612 2490 2757 2544 enim
2810 2489 3097 2546 adversum
3144 2505 3244 2545 nos
3284 2490 3386 2547 Sa-

1787 2579 2003 2650 pientiae
2028 2579 2098 2636 de
2141 2595 2202 2636 se
2228 2581 2572 2652 protestatio,
2618 2598 2740 2653 quae
2771 2594 3007 2640 creatam
3036 2600 3094 2640 se
3140 2585 3392 2641 docuerit

1790 2671 1877 2726 his
1906 2671 2066 2728 dictis
2097 2691 2112 2727 :
2164 2671 2416 2728 Dominus
2443 2672 2523 2747 (4)
2547 2676 2736 2730 creavit
2761 2691 2842 2731 me
2865 2676 2933 2748 (f)
2964 2677 3019 2731 in
3044 2677 3247 2733 initium
3277 2679 3391 2733 via-

1788 2780 1904 2819 rum
1930 2782 2142 2820 suarum
2175 2764 2358 2838 (Prov.
2392 2782 2504 2834 vut,
2534 2766 2649 2841 ξιξ).

1863 2856 1954 2913 56.
1992 2857 2119 2924 Qua:
2149 2867 2322 2914 creata
2350 2876 2383 2914 a
2411 2861 2622 2927 steculo,
2654 2859 2830 2916 eadem
2858 2871 2975 2917 ante
2995 2862 3242 2918 steculum
3270 2865 3396 2936 fun-

1794 2951 2007 3007 data.—
2043 2953 2112 3009 Et
2137 2966 2171 3010 ο
2200 2964 2251 3010 te
2276 2957 2461 3020 miser,
2488 2955 2762 3023 ltaeretice,
2787 2956 2877 3028 qui
2906 2956 3109 3013 indulta
3140 2957 3398 3014 Ecclesia:

1795 3044 2080 3102 adversqu
2114 3034 2450 3119 Synagogam
2482 3062 2654 3115 arma,
2686 3056 2876 3105 contra
2928 3046 3093 3106 ﬁdem
3135 3050 3400 3107 ecclesia-

1797 3141 1947 3195 sticae
1961 3134 2363 3212 praedicatiOnis'
2379 3142 2589 3199 invadis
2615 3161 2631 3199 :
2653 3154 2706 3199 et
2720 3143 2983 3200 doctrinm
3004 3145 3257 3201 salutaris
3279 3160 3400 3199 mu-

117 3236 171 3290 de
209 3237 287 3293 his
347 3238 417 3291 sit
449 3257 461 3289 :
495 3234 565 3290 Et
614 3236 717 3291 sint
773 3236 827 3289 in
878 3236 1030 3307 signa
1069 3246 1116 3290 et
1165 3245 1397 3308 tempora
1443 3245 1491 3291 et
1529 3254 1691 3292 annos
1720 3236 1766 3299 C
1802 3236 2125 3291 nitissimam
2156 3237 2570 3309 intelligentiam
2617 3238 2763 3309 rapis
2790 3238 3077 3295 adversum
3120 3240 3405 3295 universo«
3504 3256 3509 3259 ν

120 3329 248 3401 (Gen.
274 3346 316 3396 ι,
350 3328 464 3403 14).
493 3329 601 3386 Sed
632 3330 723 3400 qui
757 3339 882 3385 ante
910 3330 1107 3386 caelum
1153 3338 1239 3386 est
1262 3371 1277 3397 ,
1309 3331 1455 3400 quod
1504 3346 1694 3388 secun-

122 3425 227 3479 dum
247 3441 346 3480 vos
364 3425 531 3480 etiam
557 3432 684 3478 ante
713 3432 924 3495 tempus
964 3432 1066 3491 est,
1100 3424 1241 3479 idem
1280 3432 1336 3479 et
1378 3432 1501 3481 ante
1529 3440 1702 3482 saecu-

126 3516 215 3572 lum
235 3527 332 3574 est.
360 3515 551 3587 Neque
575 3515 752 3572 solum
793 3525 920 3572 ante
948 3514 1207 3572 saeculum
1258 3526 1360 3584 est,
1395 3516 1492 3573 sed
1535 3520 1701 3574 etiam

126 3618 231 3664 ante
269 3609 658 3681 generationes
687 3607 1104 3677 generationem
1143 3607 1339 3663 saecula
1373 3618 1700 3677 praeeuntes.

128 3698 243 3766 Quid
280 3698 503 3756 caducis
530 3707 585 3754 et
608 3699 865 3767 terrenis,
897 3706 954 3755 et
1000 3698 1244 3770 angustis
1276 3699 1456 3756 divina
1496 3706 1552 3757 et
1579 3699 1703 3756 infl-

189 3832 259 3905 (i)
288 3833 403 3901 Quo
427 3841 596 3903 empta
615 3833 739 3905 sint.

191 3902 260 3974 (2)
283 3906 563 3959 Dmittitur
590 3919 645 3958 se
668 3903 722 3957 in
752 3916 855 3958 ms.
886 3902 1090 3960 Veron.

195 3974 267 4048 (5)
293 3975 359 4030 Et
380 3993 411 4030 a
426 3979 671 4047 perfecte
697 3974 981 4029 nativitatis
1004 3977 1340 4049 confessione.

142 4114 206 4170 bis
226 4126 533 4173 occurrunt.
563 4116 734 4183 Quem
761 4114 942 4185 itaque
963 4114 1119 4169 docet
1149 4113 1281 4169 fides
1311 4121 1437 4169 ante
1464 4123 1705 4185 tempora

144 4199 309 4243 :eterna
339 4196 549 4251 natum,
583 4202 853 4257 quemque
899 4200 1079 4239 sermo
1122 4185 1314 4257 interni
1341 4187 1509 4255 patris
1540 4187 1706 4241 lilium

148 4271 405 4330 nuncupat,
430 4260 574 4314 hunc
600 4256 792 4312 sensus
818 4271 922 4310 non
942 4256 1169 4330 percipit
1197 4258 1315 4330 nisi
1329 4270 1547 4327 semper
1565 4259 1713 4330 exis-

58 4354 61 4402 ι
154 4327 321 4387 tentem
350 4344 675 4402 semperque
700 4335 919 4389 natum;
949 4328 1191 4398 adeoque
1221 4330 1275 4381 in
1304 4327 1404 4383 hac
1436 4327 1623 4383 notitia
1652 4327 1712 4383 fi-

154 4404 268 4456 nitur
296 4403 451 4467 ftdes,
485 4414 679 4456 sensus
708 4408 762 4454 et
792 4413 992 4453 sermo.

223 4474 286 4547 (a)
321 4474 379 4528 lu
429 4488 574 4547 mss:
604 4472 787 4541 proba:
837 4478 1002 4537 noue,
1050 4484 1255 4537 nomen,
1287 4470 1384 4526 ista
1416 4478 1472 4524 ut
1506 4477 1715 4525 natura.

153 4541 349 4600 Consule
375 4560 525 4599 num.
544 4543 636 4597 21.

211 4615 276 4683 (b)
301 4617 480 4672 Codex
510 4613 637 4669 Vat.
671 4614 786 4668 bas.
817 4624 939 4666 cum
968 4611 1178 4683 Martio.
1209 4620 1265 4665 ut
1295 4629 1398 4666 non
1425 4612 1591 4667 solum
1617 4609 1716 4667 Fi-

158 4682 228 4740 lio.
262 4682 374 4742 llo:
402 4689 542 4742 aiter
568 4684 738 4739 Vatic.
773 4684 862 4737 sed
892 4693 938 4737 et
983 4682 1149 4735 Patri.
1184 4683 1320 4738 Tum
1347 4684 1501 4749 Ba‘d.,
1538 4685 1633 4739 Er.
1663 4694 1718 4740 et

158 4752 299 4826 Lips.,
347 4757 693 4830 generationis
738 4757 1016 4830 adscribet.
1065 4752 1384 4830 ln_quibus
1423 4757 1720 4830 peregrina:

161 4823 315 4883 manus
340 4823 606 4884 secundas
638 4842 796 4881 curas
829 4827 1101 4880 timemus.
1133 4823 1304 4880 Porro
1332 4823 1462 4880 illttd
1492 4823 1591 4880 non
1621 4823 1691 4880 Fi

163 4879 599 4967 ﬁé‘."éi'e.','t}i'é;i,'
635 4879 788 4952 nulla
810 4879 1231 4967 Filiintentione
1264 4879 1594 4961 factapPatri
1625 4879 1717 4967 ge-
1746 4879 1795 4939 D

165 4966 463 5026 nerationem'
486 4966 835 5024 adventitiam
866 4966 1033 5021 fuisse
1063 4968 1282 5023 scribat.
1309 4967 1550 5037 Namque
1590 4966 1713 5023 ver-

168 5038 266 5094 bum
288 5041 569 5097 adscribere
601 5040 820 5110 pronrie
847 5038 1115 5111 idemest,
1139 5040 1279 5109 quod
1307 5041 1382 5092 rei
1408 5039 1520 5110 jam
1552 5041 1719 5111 scrip-

169 5117 219 5163 ta
241 5113 476 5181 adjicere.
522 5111 676 5168 Unde
727 5121 781 5165 et
813 5120 912 5179 pro
940 5110 1166 5178 adjicere
1208 5111 1523 5181 simpliciter
1555 5110 1721 5165 usita-

172 5188 257 5236 tum
282 5180 375 5239 est.
406 5185 472 5238 Et
511 5183 855 5237 manifestum
885 5191 968 5235 est
1000 5181 1085 5234 hic
1114 5180 1433 5251 reprehendi
1462 5181 1715 5247 Arianos,

174 5254 282 5316 quod
306 5255 443 5310 Patri
468 5256 581 5325 jam
614 5255 667 5325 in
712 5262 1037 5325 sua_natura
1074 5252 1723 5325 Acottsntntogeneratio-

176 5337 270 5397 item
292 5321 559 5397 tamquam
581 5321 932 5397 adventitium
963 5323 1178 5397 modum
1207 5321 1516 5397 adscribunt
1534 5335 1597 5397 et
1621 5323 1719 5397 ad-

177 5392 376 5465 iungant.
413 5392 708 5452 'Refutatur
745 5395 944 5465 quippe
973 5394 1104 5447 illud
1147 5393 1260 5448 Arii
1295 5396 1345 5448 in
1391 5408 1507 5465 sua,
1532 5394 1721 5465 Thalia

180 5464 287 5530 apud
314 5468 564 5524 Albanas.
589 5468 684 5522 0r.
708 5481 744 5518 lt
775 5473 919 5519 cont.
954 5467 1071 5529 ΑΓ..
1104 5480 1157 5534 p.
1194 5465 1299 5520 510
1326 5476 1380 5520 et
1408 5464 1515 5521 514
1547 5464 1723 5520 :Drus

184 5547 260 5589 non
297 5552 483 5611 semper
512 5546 623 5593 erat
662 5545 808 5611 pater
835 5550 855 5589 :
885 5534 977 5589 sed
994 5537 1092 5611 fuit
1135 5536 1362 5611 quando
1379 5537 1545 5611 solum
1584 5534 1725 5611 D_eu_s

184 5615 286 5672 erat,
322 5623 362 5663 et
395 5605 545 5679 pater
592 5605 821 5663 nendum
864 5605 1004 5661 erat.
1040 5605 1176 5662 Tum
1208 5608 1276 5662 de
1325 5606 1500 5663 Verbo
1546 5624 1558 5660 :
1602 5605 1729 5679 Fuit

187 5680 354 5740 quando
398 5677 507 5735 now
545 5689 657 5736 erat
687 5694 707 5733 :
733 5692 892 5749 neque
926 5687 1036 5732 erat
1073 5688 1192 5733 ante
1241 5694 1392 5749 quam
1430 5678 1591 5749 ﬁeret,
1642 5677 1732 5732 sed

187 5749 417 5819 tullium
449 5761 507 5806 tu
528 5757 791 5805 crearetur
817 5748 981 5819 etiam,
1003 5749 1179 5819 ipsum
1214 5748 1408 5804 habuit.
1432 5748 1569 5804 Erat
1599 5750 1735 5819 enim

192 5816 471 5892 «hac,
501 5821 727 5879 necdum
750 5828 861 5876 erat
887 5814 1109 5876 Verbum
1133 5830 1187 5877 et
1211 5819 1491 5894 Sapientia
1511 5835 1531 5877 :
1554 5818 1738 5877 deinde

1800 3343 1917 3381 rum
1964 3329 2231 3395 salutem;
2277 3340 2583 3385 creaturam
2623 3330 2898 3386 Christum
2949 3346 3047 3402 per
3092 3330 3211 3387 haec
3241 3333 3404 3387 verba

1804 3435 1925 3475 esse
1975 3420 2333 3489 contendens,
2396 3437 2507 3478 non
2560 3423 2804 3479 Judaeum
2862 3425 3061 3496 potius,
3119 3432 3405 3495 negantem

1804 3513 2005 3570 Christi
2052 3523 2179 3571 ante
2220 3515 2419 3571 uacula
2448 3523 2649 3572 aeterna
2679 3517 3015 3573 divinitatem
3046 3526 3100 3573 et
3126 3517 3180 3571 in
3229 3516 3408 3573 omni-

1809 3608 1910 3663 bus
1941 3608 2196 3678 operibus
2240 3618 2304 3665 ac
2331 3609 2595 3665 doctrinis
2621 3610 2705 3682 (5)
2739 3610 2829 3665 Dei
2860 3610 2941 3682 (g)
2962 3609 3281 3676 efficaciam,
3314 3623 3411 3679 per

1814 3702 1929 3757 haec
1971 3702 2134 3758 verba
2163 3700 2457 3773 Sapientiae
2495 3703 2836 3760 subsistentis
2877 3701 3259 3775 esstinguensi
3292 3713 3415 3774 qua:

1888 3839 1971 3911 (4)
2004 3838 2206 3895 Creavit
2237 3858 2316 3896 nte
2345 3842 2567 3898 initium.

1889 3914 1969 3984 (5)
2000 3910 2097 3968 Dei
2122 3913 2464 3984 efﬁcientiam.

1814 4128 1928 4187 cum
1957 4110 2279 4187 velletnDens
2321 4128 2415 4168 nos
2445 4112 2694 4187 condere,
2727 4123 2847 4166 tunc
2891 4130 3047 4168 unum
3088 4116 3314 4187 aliquem
3339 4117 3419 4187 fe-

1815 4186 2072 4258 cit,quem
2108 4182 2331 4238 Verbum
2358 4194 2407 4238 et
2434 4184 2753 4258 Sapientiam
2779 4187 3079 4239 nominavit.
3116 4182 3190 4241 et
3222 4182 3419 4258 quibus

1817 4257 2027 4381 inﬂat.
2084 4269 2205 4311 cum
2261 4269 2366 4326 quo
2419 4265 2607 4310 noster
2667 4255 2903 4313 Hilarius
2971 4258 3133 4314 modo
3196 4255 3418 4314 causam

1838 4343 1887 4381 ta
1929 4343 1989 4381 ea
2026 4368 2038 4381 .
2934 4358 2946 4369 ς

1838 4331 2038 4383 tabeat.
2934 4358 2946 4369 ε

1898 4401 1969 4470 (c)
2010 4396 2138 4452 Mss.
2164 4396 2379 4453 Martia.
2402 4406 2456 4452 et
2477 4395 2597 4453 Vat.
2626 4398 2766 4464 bas.,
2804 4398 2867 4453 Et
2896 4414 3013 4455 cum
3033 4416 3065 4455 a
3096 4403 3204 4458 sole
3225 4403 3419 4458 :male.

1822 4469 1920 4525 Hic
1950 4470 2137 4543 eadem
2165 4478 2248 4523 est
2276 4471 2484 4538 phrasis
2509 4484 2572 4525 ac
2597 4472 2864 4540 Superior,
2892 4473 3085 4529 Soletis
3108 4480 3340 4543 (erupere
3362 4474 3426 4528 de

1823 4543 1945 4595 solis
1975 4556 2033 4593 ac
2060 4541 2198 4595 luna:
2223 4543 2477 4595 creatione
2509 4559 2792 4597 numerare.
2834 4542 2941 4599 Nec
2974 4545 3156 4599 differt
3183 4541 3311 4600 illud
3343 4554 3422 4601 te-

1822 4628 1959 4674 cum,
1998 4620 2045 4665 et
2074 4614 2352 4667 secundum
2383 4621 2448 4679 te,
2478 4620 2572 4668 aut
2596 4625 2683 4667 tua
2721 4616 2991 4669 sententia.

1897 4682 1977 4755 (ά)
2005 4683 2342 4758 Auctoritate
2371 4699 2498 4738 mss.
2540 4688 2867 4741 removimus
2890 4687 3017 4758 hinc
3046 4686 3270 4741 verbum
3302 4703 3424 4758 per-

1825 4762 2018 4820 monct,
2052 4765 2107 4810 et
2132 4755 2430 4826 adjecimus
2452 4769 2612 4825 supra
2634 4758 2954 4812 Vocabulum
2984 4755 3176 4824 David,
3199 4764 3256 4813 et
3283 4755 3421 4813 infra

1825 4826 2261 4898 ciinjnnctiunent
2282 4838 2334 4898 et
2359 4834 2482 4881 ante
2512 4829 2862 4898 generationes
2887 4829 3203 4883 delevituus.

1894 4897 1966 4969 (ε)
1999 4900 2052 4952 In
2083 4913 2216 4955 mss.
2245 4897 2373 4970 (Vat.
2405 4897 2524 4952 bas.
2551 4909 2606 4953 et
2629 4899 2837 4953 Mnt‘litt.
2871 4899 3179 4970 ailjungitur
3204 4900 3292 4957 hic
3312 4917 3410 4956 na-

1823 4972 2041 5043 turalem
2068 4987 2080 5023 :
2114 4969 2256 5043 quod
2285 4968 2728 5043 interpolatorem
2747 4970 2906 5043 sapit.

1895 5039 1963 5113 (f)
2005 5038 2331 5096 Particulam
2384 5038 2447 5113 in:
2483 5038 2846 5113 lticA'etﬂinfr'a
2887 5040 3147 5113 emittunt
3194 5041 3420 5111 excusi,

1824 5108 2289 5182 consentientibus
2320 5110 2536 5182 quidem
2563 5108 2725 5178 LXX,
2754 5111 2848 5165 sed
2878 5112 3266 5171 dissidentibus
3307 5108 3423 5170 sin;

1825 5181 2124 5254 coriorihus
2171 5181 2430 5254 mss.r’et‘
2461 5182 2721 5254 subuenis
2768 5182 3193 5254 llilarii‘verhis.
3252 5189 3425 5254 Quam

1828 5251 1916 5325 hic
1949 5253 2097 5325 locus
2141 5253 2358 5309 Arianis
2406 5251 2686 5307 familiaris
2714 5261 2907 5325 (esset,
2956 5251 3425 5325 Gregorius'Naz.

1828 5324 1919 5377 Or.
1973 5324 2264 5398 xx‘xvt,’n.
2301 5328 2354 5398 4,
2399 5330 2627 5377 testatur
2671 5324 2753 5379 Itis
2798 5325 2976 5398 verbis
3004 5344 3017 5380 :
3047 5324 3174 5382 illud
3225 5330 3429 5398 quidem

1831 5408 1991 5447 unum
2017 5395 2143 5464 ipsis
2171 5397 2277 5465 fere
2322 5395 2375 5449 in
2416 5403 2657 5465 promptu
2706 5404 2801 5462 est,
2845 5396 3100 5454 Dominus
3137 5395 3321 5455 creavit
3348 5416 3431 5457 me

1832 5465 2033 5519 initium
2061 5465 2281 5519 viarum.

1901 5536 1976 5609 (g)
2009 5536 2167 5613 Editi,
2194 5533 2291 5613 Dei
2320 5535 2797 5613 eﬁicientiam,_htec
2825 5538 2974 5613 verba
3005 5538 3286 5613 Sapienti.e
3314 5543 3440 5600 sub-

1833 5608 2056 5661 sistentis
2084 5609 2412 5679 exstingu_unt
2436 5624 2455 5661 :
2481 5616 2535 5679 et
2563 5608 3243 5679 paulo_ante,Bad.,'Nom
3262 5616 3439 5671 λειάιεὶ

1835 5678 2011 5755 potius
2039 5688 2224 5746 negant
2248 5672 2270 5744 ξ
2295 5677 2388 5733 Er.
2414 5685 2473 5755 et
2498 5672 2670 5755 Lips,
2697 5672 3129 5755 Nantgludazu'm,
3162 5696 3293 5755 etc.,
3312 5703 3440 5743 cor-

1842 5749 2088 5829 ﬁguntur
2117 5760 2238 5829 ope_
2261 5763 2391 5829 mss.
2429 5749 2542 5829 Hoc
2567 5749 2727 5829 enim
2754 5752 3039 5829 sibi‘vult‘:
3071 5749 3314 5829 curﬂno'n
3344 5764 3442 5829 po-

1845 5810 1959 5877 tius
2001 5810 2086 5877 [iis
2125 5810 2308 5877 verbis
2354 5821 2655 5895 Sapientiae
2687 5833 2825 5881 ante-
2852 5825 3050 5882 saecula
3082 5810 3444 5886 subsistentia
