3936 6196
577 276 687 333 453

1791 274 2036 334 SANCTI
2078 274 2330 335 lllLARIl
2360 275 2669 336 EPISCOPI

3759 287 3857 345 456

579 403 642 445 se
667 401 810 443 nunc
848 393 1083 444 creatam
1109 384 1163 443 in
1211 386 1420 443 initium
1452 384 1662 443 viarum
1698 387 1788 444 Dei
1828 397 1884 444 et
1929 390 1979 445 in
2011 404 2175 460 Opera
2203 393 2259 454 Α
2282 393 2459 460 dium;
2511 408 2635 450 cum
2681 394 2798 465 ipsa
2845 392 3125 452 exordium
3170 397 3467 470 temporale
3504 400 3688 456 sortita
3736 403 3856 458 sint.

584 480 703 552 ejus
728 496 757 535 a
786 481 982 536 smculo
1009 479 1233 544 dixerit;
1269 495 1338 536 ne
1359 479 1498 536 forte
1525 489 1651 536 ante
1677 481 1896 536 Mariam
1928 499 2035 537 non
2062 499 2172 538 ma-

583 591 716 632 nere
745 576 1142 632 cxisﬁmaretur
1176 592 1189 629 :
1220 591 1393 646 neque
1421 586 1596 632 tamen
1630 586 1868 632 creatam
1900 594 1959 634 se
1989 578 2055 634 ad
2079 594 2174 633 na-

579 667 800 722 tivitatis
839 666 1255 738 intelligentiam
1284 667 1544 735 referret;
1578 668 1704 739 quia
1743 670 1796 725 in
1836 669 2041 726 viarum
2074 672 2177 726 ini-

574 762 707 818 tium
738 769 791 818 et
819 762 873 816 in
919 777 1083 832 opera
1128 762 1201 817 sit
1227 771 1445 830 creata;
1486 771 1541 818 at
1568 777 1700 819 vero
1732 779 1801 820 ne
1832 762 1935 820 hoc
1962 762 2173 819 viarum

574 853 809 922 initium,
837 854 979 925 quod
1011 855 1196 926 utique
1221 854 1289 911 de
1314 855 1513 911 divinis
1533 857 1692 912 rebus
1715 856 1964 913 humana:
1989 857 2176 928 cogni-

574 949 736 1005 tionis
766 949 1047 1007 exordium
1093 959 1202 1017 est,
1244 950 1473 1022 quisque
1505 950 1569 1005 ad
1602 949 1992 1019 subjiciendam
2040 960 2177 1007 lem-

569 1045 687 1117 pori
702 1045 1036 1101 nativitatem
1060 1044 1322 1099 inﬁnitam
1341 1043 1626 1115 deputaret
1653 1041 1954 1116 (Prov.vut,
1981 1042 2055 1099 ‘22
2069 1060 2171 1100 sec.

573 1138 767 1212 LXX),
787 1136 1064 1194 fundatam
1095 1152 1155 1193 se
1183 1145 1308 1194 ante
1328 1138 1608 1195 sacculasit
1635 1136 1877 1208 professa
1915 1155 1928 1191 :
1955 1148 2013 1192 ut
2045 1137 2173 1192 dum

573 1230 719 1286 aliud
742 1240 823 1286 est
842 1229 894 1285 in
923 1231 1127 1285 viarum
1149 1230 1356 1285 initium
1378 1237 1434 1286 et
1461 1229 1513 1285 in
1544 1244 1709 1300 opera
1732 1230 1925 1295 creari,
1948 1238 2002 1285 et
2029 1228 2173 1284 aliud

572 1336 657 1382 est
687 1334 812 1381 ante
838 1325 1034 1380 sarcula
1066 1323 1275 1380 fundari
1303 1365 1317 1391 ,
1347 1324 1586 1380 anterior
1610 1322 2002 1395 intelligeretur
2053 1336 2176 1379 esse

572 1419 846 1475 creatione
884 1418 1161 1474 laudatio:
1203 1427 1258 1473 et
1282 1418 1384 1474 hoc
1430 1418 1632 1489 ipsum,
1663 1416 1808 1488 quod
1855 1415 2076 1472 fundata
2116 1414 2172 1471 in

570 1526 734 1583 opera
761 1521 888 1569 ante
917 1511 1178 1569 sarculum
1199 1520 1304 1577 est,
1335 1510 1412 1585 (α)
1443 1522 1838 1569 sacramentum
1881 1511 2174 1567 creationis

570 1606 920 1672 ostenderet;
952 1605 1076 1674 quia
1105 1604 1346 1661 fundatio
1391 1604 1841 1683 antesatculum,
1883 1612 1940 1661 et
1968 1606 2173 1661 crcatlo

569 1700 626 1757 in
654 1699 858 1754 viarum
884 1699 1094 1754 initium
1122 1706 1283 1768 atque
1310 1698 1361 1753 in
1386 1712 1548 1767 opera
1576 1705 1695 1766 post
1717 1697 1973 1752 sseculum
2004 1697 2096 1751 sit.

2279 485 2417 553 Quid
2464 487 2609 542 enim
2661 502 2912 559 magnum
2961 497 3066 555 est,
3116 497 3178 543 ut
3219 500 3346 544 ante
3396 496 3588 546 terram
3616 493 3700 564 (5)
3729 493 3859 550 Deus

2281 574 2567 636 Dominum
2615 579 2887 637 Christum
2934 583 3218 652 genuerit;
3252 597 3375 638 cum
3405 583 3732 656 Angelorum
3761 585 3860 642 ori-

2282 687 2350 743 go
2403 672 2474 745 (c)
2522 682 2679 729 terra:
2723 673 2998 730 creatione
3064 673 3366 745 reperiatur
3408 675 3718 747 antiquior?
3764 677 3861 733 Ant

2278 780 2375 821 cur
2400 767 2647 837 quiante
2690 774 2889 824 terram
2931 767 3148 837 genitus
3193 767 3492 835 diceretur,
3542 770 3704 826 etiam
3747 781 3861 829 ante
3891 782 3904 799 '

2278 866 2515 925 montes,
2546 872 2720 928 neque
2760 860 2934 914 solum
2977 866 3105 915 ante
3130 868 3366 927 montes,
3412 861 3509 916 sed
3555 861 3718 918 etiam
3748 874 3861 921 ante

2277 951 2447 1005 colles
2474 959 2630 1006 natus
2668 951 3145 1036 maniis/staretur:
3177 968 3298 1008 cum
3344 954 3562 1011 collium
3603 955 3861 1027 signiﬁca-

2281 1042 2356 1097 tio
2385 1050 2506 1112 post
2554 1050 2768 1098 montes
2794 1046 2885 1111 sit,
2920 1045 3179 1101 montium
3213 1061 3345 1101 vero
3369 1046 3722 1118 intelligentia
3751 1060 3862 1120 post

2279 1142 2477 1191 terram
2510 1133 2617 1191 sit?
2647 1133 2752 1191 Per
2777 1135 2920 1206 quod
2966 1137 3262 1194 existimari
3295 1151 3402 1193 non
3437 1147 3635 1207 potest,
3674 1138 3859 1197 idcirco

2280 1229 2396 1283 haec
2425 1242 2548 1283 esse
2573 1226 2742 1293 dicta,
2776 1237 2835 1284 ut
2875 1236 2999 1284 ante
3027 1228 3199 1285 colles
3244 1240 3299 1285 et
3348 1239 3559 1287 montes
3585 1239 3645 1286 et
3673 1239 3858 1288 terram

2277 1334 2399 1377 esse
2427 1320 2944 1395 intelligeretnr(d),
2975 1324 3063 1393 qui
3110 1338 3195 1392 ea,
3249 1338 3371 1395 qua:
3400 1336 3529 1382 ante
3572 1335 3769 1384 terram
3812 1336 3861 1384 ct

2278 1422 2493 1469 montes
2557 1422 2611 1470 et
2657 1414 2827 1470 colles
2873 1424 3019 1483 sunt,
3070 1416 3351 1473 inlinitatis
3410 1433 3525 1475 sua:
3571 1421 3862 1478 aeternitate

2278 1508 2637 1579 prtecelleret.

2350 1599 2440 1656 58.
2486 1599 2810 1670 ln/initatem
2850 1618 2997 1657 suam
3039 1612 3286 1676 quantum
3314 1603 3431 1660 licet
3471 1606 3740 1675 explicuit,
3783 1624 3862 1680 per

2277 1706 2451 1751 creata
2495 1696 2862 1766 comprehendi
2889 1714 2993 1752 non
3022 1700 3208 1769 potuit.
3257 1728 3331 1741 --
3359 1699 3466 1757 Sed
3509 1715 3731 1758 sensum
3776 1717 3864 1758 no-

633 1792 723 1849 57.
745 1789 909 1864 429
933 1790 1053 1845 Non
1073 1789 1411 1862 tempore,sed
1425 1788 1704 1843 aeternitate
1721 1788 1971 1843 siccatum
1985 1803 2177 1859 prtece-
2204 1791 2254 1855 B
2279 1798 2449 1847 strnm
2477 1804 2658 1846 sermo
2689 1790 2905 1846 divinus
2932 1806 3038 1846 non
3081 1793 3299 1864 inopem
3348 1793 3576 1849 rationis
3625 1795 3859 1866 reliquit;

574 1884 671 1939 dit.
700 1914 775 1926 —
798 1884 916 1940 lam
948 1899 1075 1939 vero
1101 1898 1172 1939 ne
1200 1882 1403 1938 creatio
1432 1888 1489 1937 et
1517 1880 1760 1936 fundatio
1789 1881 1946 1937 tidem
1974 1880 2170 1936 divina:

569 1977 866 2034 nativitatis
893 1975 1232 2041 oﬁenderet,
1263 1975 1548 2046 sequitur:
1583 1970 1742 2028 Prius
1783 1990 1940 2044 quam
1982 1982 2171 2028 terram

569 2074 782 2141 laceret,
807 2069 953 2143 prius
980 2084 1136 2141 quam
1162 2075 1358 2122 montes
1387 2065 1658 2133 stabiliret,
1690 2076 1808 2121 ante
1843 2082 2018 2121 omnes
2064 2065 2172 2120 col-

572 2165 647 2219 les
693 2164 871 2236 genuit
915 2178 996 2217 me
1043 2160 1205 2235 (Ibid.
1232 2160 1304 2216 25
1329 2172 1374 2215 et
1405 2160 1517 2233 26).
1550 2159 1668 2217 lam
1695 2160 1907 2231 genitus
1930 2169 2013 2215 est
2043 2167 2171 2215 ante

571 2265 792 2324 terram,
825 2253 906 2330 (l)
936 2254 1027 2327 qtti
1051 2266 1178 2310 ante
1205 2255 1464 2310 saeculum
1508 2253 1760 2309 fundatus
1788 2262 1874 2311 est
1923 2270 1940 2308 :
1991 2268 2168 2323 neque

569 2350 744 2407 solum
789 2358 915 2406 ante
961 2359 1184 2416 terram,
1231 2348 1327 2405 sed
1375 2349 1538 2404 etiam
1584 2354 1711 2403 ante
1751 2357 1963 2403 montes
2005 2355 2165 2418 atque

568 2443 753 2501 colles.
786 2443 855 2499 Et
883 2444 937 2499 in
969 2442 1053 2499 his
1077 2440 1297 2514 quidem
1326 2440 1450 2512 quia
1482 2439 1551 2495 de
1599 2454 1658 2495 se
1686 2437 1960 2508 Sapientia
1990 2438 2163 2508 loqui-

569 2544 678 2606 tur,
710 2537 831 2609 plus
863 2537 1098 2609 loquitur
1120 2551 1279 2608 quam
1310 2534 1545 2591 auditur.
1576 2533 1770 2590 Omnia
1796 2534 1962 2599 enim,
2009 2548 2158 2603 quie-

567 2644 798 2701 cumque
861 2629 929 2685 ad
986 2627 1267 2685 inﬁnitatis
1313 2626 1716 2699 intelligentiam
1767 2625 2157 2697 signiﬁcantur,

562 2720 721 2778 istius
751 2720 894 2777 modi
924 2735 1045 2777 esse
1069 2727 1305 2790 Oportet,
1337 2734 1405 2775 ne
1444 2720 1522 2775 rei
1567 2718 1814 2788 cuiquam
1838 2727 1931 2772 aut
1973 2714 2159 2787 generi

2275 1899 2399 1939 nam
2446 1898 2662 1940 causam
2712 1883 2838 1939 dicti
2870 1900 2965 1954 per
3003 1885 3120 1941 lure
3163 1901 3286 1957 quae
3329 1900 3740 1958 consequuntur
3779 1901 3862 1943 os-

2276 1975 2447 2033 tendit
2477 1994 2490 2030 :
2530 1976 2665 2030 Deus
2694 1975 2813 2048 fecit
2840 1977 3094 2050 regiones,
3127 1986 3175 2031 et
3202 1977 3586 2043 inhabitabilia,
3634 1989 3683 2032 et
3720 1995 3863 2033 cacu—

2272 2070 2414 2124 mina
2453 2085 2567 2141 qua:
2620 2069 2917 2124 habitantur
2962 2069 3054 2124 sub
3083 2070 3231 2124 ctelo.
3262 2068 3395 2124 Cum
3419 2080 3629 2140 pararet
3658 2072 3860 2139 calum,

2271 2160 2345 2236 (e)
2362 2180 2502 2218 erant
2527 2178 2644 2217 cum
2664 2163 2775 2229 illo,
2805 2161 2987 2233 elisum
3014 2162 3093 2233 (4)
3116 2162 3410 2234 segregabat
3432 2179 3585 2219 suam
3606 2162 3771 2236 [‘30
3789 2181 3863 2220 se-

2272 2255 2415 2311 dem.
2445 2254 2664 2321 Quando
2692 2270 2845 2325 super
2870 2264 3043 2310 uentos
3081 2255 3280 2310 validas
3310 2255 3534 2328 faciebat
3580 2257 3638 2311 in
3675 2274 3861 2312 summa

2268 2350 2445 2415 nubes,
2489 2360 2537 2405 et
2581 2367 2698 2405 cum
2736 2359 2898 2407 certos
2951 2353 3164 2422 ponebat
3199 2348 3272 2425 (f)
3302 2356 3473 2424 fontes
3520 2351 3618 2407 sub
3648 2352 3792 2418 creto,
3820 2362 3862 2408 et

2265 2457 2383 2496 cum
2433 2442 2593 2513 fortia
2634 2442 2851 2511 faciebat
2876 2443 3211 2512 fundamenta
3238 2453 3410 2509 terrae,
3439 2459 3534 2516 ego
3561 2460 3709 2499 eram
3732 2444 3860 2514 apud

2261 2533 2412 2588 illuni
2438 2548 2744 2605 componens
2760 2532 3030 2605 (Proverb.
3061 2549 3175 2602 vnt,
3204 2533 3525 2601 26,secund.
3558 2533 3716 2608 uti).
3743 2537 3859 2606 Quis

2264 2625 2353 2681 ltic
2390 2636 2690 2696 temporum
2732 2626 2884 2682 locus
2914 2627 3037 2682 est?
3067 2628 3173 2681 Atil
3201 2641 3308 2697 quo
3338 2641 3399 2682 se
3441 2628 3748 2686 extendere
3789 2630 3860 2685 ul-

2262 2724 2345 2772 tra
2370 2716 2445 2790 (g)
2499 2716 2760 2772 inﬁnitam
2791 2717 3050 2789 unigeniti
3082 2718 3175 2774 Dei
3223 2717 3589 2783 nativitatem,
3622 2719 3856 2777 humana:

563 2815 801 2872 secunda
851 2816 905 2871 in
955 2825 1199 2886 tempore
1244 2816 1374 2869 sint.
1419 2813 1689 2868 Caeterum
1735 2811 1802 2867 ad
1845 2810 2163 2867 aeternitatis
2265 2812 2637 2884 intelligentia:
2674 2827 2867 2867 sensus
2898 2812 3263 2883 permittitur?
3294 2812 3412 2868 Non
3439 2815 3591 2869 enim
3618 2831 3712 2885 per
3732 2815 3854 2880 lucc,

562 2906 1083 2965 demonstrationem
1113 2918 1453 2976 nequaquam
1481 2902 1563 2976 (Ξ)
1594 2903 1909 2975 temporalia
1947 2902 2024 2975 (b)
2072 2916 2164 2958 co-
2264 2921 2493 2977 quorum
2520 2906 2857 2961 creationem
2882 2917 3067 2961 mente
3088 2905 3447 2974 concipimus,
3477 2907 3855 2977 comprehendi

558 3004 886 3076 aptabuntur
910 3019 926 3058 :
954 3002 1077 3074 quia
1116 3015 1213 3072 per
1240 2998 1317 3067 id,
1350 2998 1492 3069 quod
1544 2997 1843 3069 posteriora
1889 3006 2016 3053 sunt
2057 3011 2163 3053 ca:-
2264 2999 2542 3070 generatio
2569 2998 2687 3070 ejus
2717 3005 2915 3068 potest,
2946 2997 3037 3068 qui
3081 2998 3321 3053 anterior
3373 2997 3458 3053 his
3486 3001 3746 3057 omnibus
3783 3008 3857 3055 est

557 3097 708 3165 teris,
741 3112 837 3168 per
865 3111 925 3152 se
973 3095 1088 3165 ipsa
1131 3108 1239 3149 non
1283 3090 1631 3149 manifestam
1672 3090 1957 3148 inﬁnitatis
1998 3105 2159 3147 exor—
2187 3081 2232 3147 C
2264 3088 2344 3164 (It)
2396 3100 2454 3146 ut
2482 3088 2727 3161 quamvis
2758 3096 3005 3161 praestet,
3028 3088 3083 3143 in
3111 3098 3378 3160 tempore,
3422 3105 3533 3147 non
3571 3100 3751 3150 tamen
3781 3092 3854 3147 in-

659 3210 713 3279 l)
742 3210 844 3279 Qui
868 3218 987 3265 ante
1008 3210 1218 3266 stecula.

659 3213 682 3266 Ι
742 3210 844 3279 Qui
868 3218 987 3265 ante
1008 3225 1153 3266 stecut

629 3210 714 3356 ΣΞ)
747 3281 1099 3353 Temporaria.
1150 3314 1153 3318 -

552 3421 722 3479 uteris
771 3419 838 3477 ad
883 3417 1328 3490 exstinguendum
1379 3417 1649 3486 Judaeum,
1705 3426 1811 3475 etc.
1857 3417 2152 3491 Sapientia:

552 3503 680 3550 ante
709 3492 928 3549 Mariam
973 3491 1316 3549 subsistentia
1356 3491 1652 3546 efﬁcaciam
1692 3505 1755 3546 ae
1793 3491 2049 3548 virtutem
2095 3492 2149 3546 in

550 3565 818 3691 gpprihust
841 3580 906 3620 ac
941 3564 1201 3620 doctrinis
1224 3563 1341 3619 fuse
1369 3570 1685 3626 prosccutus
1710 3571 1796 3618 est
1819 3563 2054 3619 Hilarius
2085 3562 2149 3618 li-

592 3650 665 3690 t-ts
686 3652 738 3691 tv
762 3652 792 3691 e
842 3652 897 3691 ν.

592 3635 665 3690 ris
686 3652 738 3691 tv
762 3642 818 3692 et
842 3652 897 3692 ν.

623 3706 702 3789 (α)
730 3708 785 3789 id
815 3717 918 3789 est,
947 3706 1016 3789 ad
1041 3713 1439 3789 sacramentum
1471 3718 1534 3789 ac
1556 3704 1869 3789 mysterium
1908 3705 2149 3789 (dispen-

550 3774 775 3833 sationis
793 3775 1023 3850 scilicet)
1051 3780 1323 3848 pertinere
1344 3774 1677 3842 ostenderet,
1701 3777 1848 3848 quod
1875 3774 2063 3835 eadem
2086 3793 2148 3833 se

550 3856 790 3903 creatam
822 3848 1161 3904 testiﬁcatur.

621 3918 1007 3992 (b):Er._Lips.
1055 3919 1300 3992 etAPar.,
1347 3919 1671 3992 temporaria.
1704 3918 1804 3975 Ms.
1850 3919 1972 3977 Val.
2002 3921 2143 3989 bas.,

547 3989 800 4061 tempora.
828 3989 938 4047 Alii
965 4007 1087 4047 cum
1120 3990 1277 4057 Bad.,
1306 3991 1628 4060 temporalia.

620 4062 692 4134 (e)
732 4062 876 4134 Nihil
907 4063 958 4134 in
988 4063 1069 4118 his
1094 4063 1273 4118 verbis
1302 4069 1550 4134 apparet,
1574 4061 1744 4134 quod
1766 4062 2011 4134 'concilip
2042 4061 2146 4118 La-

546 4132 719 4189 teran.
750 4133 841 4201 IV,
869 4133 1208 4200 adversetur,
1241 4148 1292 4189 c.
1326 4134 1374 4199 l,
1408 4134 1475 4189 de
1516 4132 1622 4188 ﬁde
1647 4133 1948 4198 deﬁnienti,
1973 4132 2141 4188 Deum

543 4205 605 4260 ab
636 4206 780 4260 initio
807 4207 1048 4273 temporis
1076 4215 1343 4275 utramque
1370 4204 1435 4259 de
1468 4204 1629 4259 nihilo
1659 4204 1954 4259 condidisse
1997 4221 2141 4258 crea-

546 4285 737 4343 turam,
779 4278 1064 4346 spiritalem
1110 4285 1156 4331 et
1196 4276 1537 4347 corporalem,
1581 4276 1865 4347 angelicam
1910 4275 2140 4330 videlicet

546 4356 594 4415 et
616 4345 952 4401 mundanam.
981 4347 1207 4401 Planum
1241 4345 1382 4402 enim
1413 4358 1520 4412 est,
1552 4345 1667 4402 haec
1693 4345 1921 4403 Genesis
1949 4350 2137 4415 verba,

544 4414 615 4490 In
644 4419 896 4490 principio
922 4419 1107 4472 creavit
1135 4417 1272 4472 Deus
1307 4418 1564 4490 cwluntet
1591 4428 1799 4481 terram,
1833 4418 1905 4473 ita
1934 4433 1963 4471 a
2007 4432 2139 4473 cott-

544 4489 670 4546 cilio
696 4488 971 4545 intellecta
1003 4503 1142 4554 esse,
1173 4499 1229 4542 ut
1257 4489 1324 4543 ad
1357 4488 1654 4558 angelicam
1684 4501 1929 4544 naturam
1955 4490 2138 4544 caelum

2334 3208 2414 3350 $5)
2443 3206 2583 3264 Deus
2616 3207 2778 3263 Deum
2801 3206 3061 3263 Christum
3087 3214 3309 3279 generet.

2359 3279 2419 3350 4)
2461 3281 2789 3337 Secernebat.

2359 3279 2419 3353 4)
2461 3281 2789 3337 Secernebat.

2257 3427 2476 3494 terram;
2521 3430 2577 3475 ut
2620 3419 2754 3494 illud
2800 3421 2866 3476 sit
2910 3421 3139 3494 creandi)
3168 3421 3499 3494 principium,
3556 3431 3682 3479 ante
3731 3424 3855 3494 quod

2255 3493 2441 3547 creatis
2487 3507 2550 3546 ea:
2597 3493 2744 3547 rebus
2789 3494 2996 3547 omnino
3047 3492 3193 3547 nulla
3220 3494 3390 3563 fuerit.
3423 3493 3634 3563 Aperta
3684 3492 3850 3551 tamen

2255 3571 2340 3619 est
2386 3578 2451 3618 ea
2485 3564 2559 3634 de
2603 3577 2663 3618 re
2708 3565 2979 3619 Ambrosii
3029 3567 3296 3620 sententia
3340 3566 3433 3620 lib.
3467 3582 3506 3632 t,
3558 3566 3702 3623 Hes.
3729 3583 3775 3622 c.
3804 3570 3850 3634 l,

2254 3650 2310 3688 ιι.
2338 3634 2431 3707 l9,
2465 3633 2697 3707 dicentis
2745 3652 2757 3688 :
2801 3636 2983 3707 Angeli
3032 3636 3402 3691 dominationes
3451 3648 3496 3690 et
3550 3633 3851 3703 Potestates,

2254 3706 2349 3759 etsi
2380 3705 2659 3780 aliquando
2681 3705 2958 3772 (ceperunt,
2990 3717 3133 3780 erant
3160 3715 3325 3761 tamen
3359 3709 3477 3780 jam
3520 3710 3736 3778 quando
3778 3710 3853 3763 hic

2251 3776 2473 3849 mundus
2502 3787 2577 3831 est
2598 3780 2766 3849 [actus
2790 3798 2803 3832 :
2830 3784 2885 3831 et
2910 3777 3062 3848 prati.
3096 3777 3147 3849 in
3182 3793 3261 3848 ps.
3286 3794 3323 3846 ι,
3348 3776 3406 3833 ἡ.
3427 3779 3464 3832 2
3490 3795 3509 3833 :
3531 3776 3673 3835 Ante
3693 3782 3852 3849 ipsum

2249 3846 2453 3901 initium
2481 3849 2658 3901 mundi
2689 3846 2963 3904 (.‘Iterubim
3010 3858 3057 3903 et
3105 3846 3384 3919 Seraphim
3432 3866 3553 3904 cum
3600 3846 3848 3907 suauitate

2248 3934 2453 3973 canora:
2493 3920 2629 3973 vocis
2671 3919 2870 3985 dicunt,
2916 3920 3158 3982 Sanctus,
3204 3930 3311 3976 etc.
3356 3920 3624 3977 Eamdetn
3655 3923 3853 3978 Hilario

2250 4002 2437 4045 nostro
2466 3989 2779 4060 opinionem
2829 3991 3085 4046 Erasmus
3114 3993 3200 4046 ltie
3247 3991 3557 4060 adscripsit,
3615 3995 3851 4049 subscri-

2248 4061 2501 4133 bentihus
2551 4062 2600 4115 ei
2648 4071 2914 4133 quotquot
2961 4071 3148 4133 postea
3194 4063 3293 4117 hos
3336 4063 3505 4118 libros
3541 4065 3849 4121 ediderunt.

2248 4131 2390 4187 Nihil
2434 4142 2611 4188 tamen
2643 4131 2995 4197 advertimus,
3044 4147 3143 4186 cur
3186 4133 3259 4187 illi
3306 4143 3457 4188 certo
3501 4137 3849 4191 attribuatur.

2249 4203 2419 4275 lm_mo
2449 4204 2501 4257 in
2531 4218 2613 4273 ps.
2641 4219 2842 4270 cxxxv,
2862 4220 2933 4275 in.
2960 4205 3014 4268 8,
3037 4203 3236 4275 docere
3258 4204 3490 4275 videtur,
3535 4208 3849 4275 angelorum

2242 4273 2400 4348 sedes
2425 4276 2822 4348 anteipsosntet
2849 4274 3016 4348 fuisse
3040 4273 3689 4348 institutas.Quamqua‘m
3719 4278 3850 4333 inea

2242 4345 2496 4415 opinione
2545 4346 2679 4400 nihil
2724 4346 3053 4402 discriminis
3095 4347 3337 4416 agnoscit
3390 4345 3726 4416 Augustinus
3756 4349 3847 4404 lib.

2242 4431 2317 4481 χι,
2349 4416 2419 4471 de
2447 4416 2564 4471 Civ.
2598 4417 2693 4473 Dei
2721 4433 2771 4473 c.
2815 4417 2907 4483 52,
2943 4417 3030 4472 ubi
3064 4421 3236 4486 prima
3281 4416 3513 4473 Genesis
3542 4420 3750 4476 verba:
3782 4419 3847 4472 lu

2243 4488 2517 4561 principio,
2547 4504 2651 4561 non
2681 4487 2749 4543 de
2773 4488 3032 4561 temporis
3055 4486 3227 4552 initio,
3259 4489 3354 4543 sed
3377 4488 3445 4545 de
3471 4489 3676 4556 Verbo,
3700 4491 3839 4561 quod

547 4569 737 4616 terram
766 4559 831 4614 ad
870 4560 1194 4615 mundanam
1226 4557 1480 4632 referret.
1498 4557 1661 4627 Atqui
1692 4561 2132 4632 Moysesicoelum
2161 4567 2213 4627 ι)
2240 4558 2403 4632 etiam
2460 4558 2737 4632 Scriptura
2789 4557 3113 4632 principium
3164 4561 3429 4632 nominat,
3498 4557 3845 4632 interpretari

545 4644 672 4688 ante
718 4640 915 4688 terram
964 4641 1246 4695 memorat,
1289 4628 1624 4701 proindeque
1666 4645 1695 4684 a
1743 4628 1987 4701 Concilio
2022 4646 2129 4687 non

543 4703 815 4772 dissentit,
849 4702 940 4773 qui
961 4703 1179 4774 angelos
1209 4699 1334 4774 ante
1362 4699 1609 4774 eamdem
1642 4700 2134 4774 pr-.edicat._Neque

543 4777 716 4846 magis
767 4770 1056 4846 repugnat,
1073 4770 1240 4846 quod
1287 4772 1361 4826 ait
1408 4771 1642 4825 Hilarius
1688 4781 1877 4846 contra
1916 4770 2136 4846 Auxen-

544 4842 676 4901 liutit
709 4862 763 4899 n.
793 4846 879 4911 10,
908 4842 1172 4899 diabolum
1207 4852 1324 4897 ante
1366 4852 1593 4913 tempora
1619 4850 1669 4913 et
1707 4842 1899 4896 stecula
1940 4843 2133 4897 substi-

541 4921 678 4972 tisse.
713 4917 845 4972 Nam
887 4931 1006 4970 cum
1049 4915 1136 4970 hic
1159 4913 1395 4984 disputet
1423 4911 1609 4968 contra
1635 4911 1915 4977 Arianum,
1945 4913 2133 4969 Ariani

541 5000 723 5044 autem
754 4991 931 5044 solent
960 4996 1190 5056 tempora
1219 4985 1282 5040 de
1304 4985 1430 5040 solis
1455 5001 1514 5038 ac
1550 4984 1698 5056 luna:
1741 4985 1995 5038 creatione
2037 5002 2133 5039 nu-

540 5075 759 5127 merare,
791 5067 852 5114 ut
877 5054 1176 5113 audivimus
1221 5070 1383 5126 supra
1411 5073 1464 5110 n.
1495 5055 1587 5127 54,
1635 5054 1762 5111 hinc
1806 5063 2013 5110 tantum
2039 5070 2131 5111 se-

539 5130 723 5201 quitur
745 5126 1011 5201 angelos,
1045 5127 1375 5201 proindeque
1398 5126 1696 5201 diabolum,
1728 5136 1852 5182 ante
1877 5128 2049 5201 solem
2078 5136 2133 5201 et

540 5197 725 5258 lunam
754 5197 1081 5257 substitisse.
1114 5200 1268 5268 Quod
1293 5197 1402 5254 non
1420 5197 1762 5269 inﬁciandum
1784 5208 1972 5255 censet
2000 5198 2129 5269 Epi-

579 5273 769 5328 hanins
795 5273 927 5327 haer.
958 5270 1048 5335 65,
1101 5287 1155 5326 ιι.
1208 5272 1278 5336 ‘5,
1308 5278 1526 5340 prepter
1551 5269 1682 5324 illud
1712 5268 1867 5325 Joan.
1900 5268 2127 5336 xxxviii,

579 5286 769 5328 namus
795 5286 927 5327 nter.
958 5286 1048 5335 ob,
1101 5287 1155 5326 ιι.
1208 5286 1278 5336 ‘o,
1308 5286 1526 5340 pr0pter
1551 5286 1682 5324 tttua
1712 5286 1867 5325 Joan.
1900 5286 2122 5336 xxxvnt,

537 5286 611 5400 ξε
642 5343 770 5399 Cum
795 5348 932 5415 facta
959 5352 1077 5397 sunt
1095 5341 1286 5415 sidera,
1317 5343 1651 5396 laudauerunt
1690 5357 1769 5395 me
1810 5358 1984 5415 omnes
2027 5358 2122 5396 an-

537 5417 640 5487 geli
658 5416 758 5470 mei
783 5412 805 5469 :'
830 5415 1073 5485 quamvis
1100 5414 1216 5485 ipse
1243 5427 1348 5487 non
1381 5415 1572 5487 probet
1598 5427 1715 5478 eos,
1747 5412 1840 5487 qui
1877 5413 2124 5482 aliquan-

537 5484 648 5540 tum
680 5484 939 5556 temporis
967 5493 1092 5540 ante
1122 5484 1379 5556 mundum
1410 5484 1629 5554 angelos
1653 5484 1900 5556 conditos
1940 5498 2125 5538 sense-

534 5566 694 5623 runt;
735 5554 1002 5614 et‘contra
1026 5571 1119 5611 eos
1159 5571 1307 5611 num.
1340 5554 1394 5621 8,
1426 5556 1625 5611 acriter
1652 5554 1963 5621 contendat,
2005 5570 2125 5610 eer-

534 5633 643 5680 tam
692 5627 836 5683 illam
887 5641 1007 5683 esse
1055 5634 1111 5682 et
1156 5627 1543 5681 immutabilem
1606 5626 1953 5693 sententiam,
2007 5634 2125 5680 ante

534 5696 717 5751 ctelum
742 5709 790 5752 et
815 5709 1003 5752 terram
1029 5698 1159 5752 nihil
1202 5698 1410 5752 omnino
1447 5713 1617 5752 rerum
1664 5697 1986 5752 conditarum
2037 5713 2124 5752 ea:-

534 5767 693 5838 ¢itisse
720 5783 740 5823 :
767 5767 1009 5841 quoniam
1036 5769 1091 5823 in
1136 5768 1390 5840 principio
1430 5769 1617 5824 creauit
1660 5765 1802 5825 Deus
1848 5769 2032 5825 calum
2077 5777 2125 5824 et

2242 4630 2429 4703 licere,
2479 4644 2650 4703 eaque
2687 4630 3137 4703 interpretatione
3164 4645 3239 4703 se
3268 4631 3556 4700 plurimum
3588 4630 3843 4689 delectiri

2238 4700 2496 4775 declarat.
2528 4701 2642 4756 Hoc
2667 4700 2947 4775 dumtaxat
2967 4702 3265 4757 cavendum
3296 4703 3477 4771 docet,
3524 4718 3595 4760 ne
3621 4706 3841 4775 angelos

2238 4770 2351 4827 Deo
2382 4782 2684 4827 coaeternos
2712 4774 3062 4829 arbitremur.

2311 4841 2391 4916 (tl)
2419 4843 2528 4899 Sic.
2560 4842 2720 4909 Bad.,
2747 4844 2841 4916 Er.
2876 4857 2927 4899 et
2957 4844 3107 4916 Lips.
3137 4858 3203 4899 ac
3229 4843 3428 4916 plures
3456 4859 3589 4900 mss.
3625 4845 3845 4916 Aliquot

2239 4914 2421 4983 proba:
2449 4925 2590 4970 nota:
2613 4929 2732 4970 cum
2763 4915 2910 4978 Par.,
2947 4915 3068 4985 quia
3110 4931 3190 4970 ea.
3226 4915 3283 4970 ltt
3313 4918 3500 4973 codice
3530 4916 3656 4972 Vat.
3701 4914 3835 4981 bas.,

2234 4985 2471 5055 quiaqui
2494 4995 2611 5040 ante
2638 4995 2827 5040 terram
2854 4996 2900 5042 et
2925 4993 3121 5040 montes
3145 4996 3192 5040 et
3218 4986 3376 5043 colles
3405 4990 3491 5044 sit.

2310 5054 2382 5128 (e)
2433 5057 2650 5128 Martin.
2700 5073 2830 5125 ms.,
2882 5059 3093 5113 aderam
3142 5057 3266 5125 illi,
3299 5068 3347 5112 et
3388 5075 3507 5115 cum
3548 5066 3836 5115 secerneret

2236 5127 2383 5182 suam
2409 5127 2600 5181 sedem.

2310 5197 2379 5267 (ι’)
2406 5196 2464 5252 In
2495 5213 2652 5263 mss.,
2680 5210 2898 5257 montes.

2309 5269 2384 5341 (g)
2414 5269 2723 5344 Legendum
2754 5286 3004 5341 putamus
3032 5273 3089 5327 in
3112 5272 3372 5344 inﬁnitam
3394 5288 3415 5329 .'
3442 5280 3504 5328 ut
3522 5270 3832 5343 praepositio

2232 5341 2286 5395 in
2339 5341 2601 5397 exciderit
2643 5354 2861 5413 propter
2904 5345 3136 5401 similem
3169 5341 3450 5417 syllabam
3497 5341 3830 5415 shbséquen-

2233 5422 2362 5467 tem.

2303 5481 2384 5554 (It)
2416 5481 2589 5539 Verus
2638 5482 2808 5558 codex
2853 5483 3008 5542 Colb.
3042 5500 3163 5546 cum
3194 5486 3406 5558 Remig.
3448 5494 3504 5542 et
3529 5485 3826 5558 Germ.,iut

2230 5569 2383 5629 quam
2404 5564 2628 5629 praestet,
2658 5557 2794 5629 _S_ilv.
2827 5567 2883 5611 ut
2910 5559 3139 5628 quamvis
3172 5557 3393 5629 prtesit’:
3422 5572 3530 5628 non
3558 5559 3627 5611 ita
3663 5557 3820 5610 male.

2233 5625 2522 5695 Eclipticus
2547 5635 2628 5681 est
2657 5625 2745 5681 hic
2772 5625 2974 5694 sermo,
3007 5625 3181 5699 eoque
3201 5625 3576 5687 haereticorum
3602 5639 3819 5682 senten-

2233 5698 2307 5752 tia
2332 5704 2568 5771 notatur,
2601 5713 2706 5771 qua
2731 5698 2951 5755 Christo
2975 5701 3051 5771 ita
3071 5698 3302 5771 primum
3330 5703 3384 5756 in
3426 5700 3622 5771 ordine)
3641 5713 3819 5753 rerum

2233 5767 2610 5839 temporalium
2641 5768 2822 5826 locum
2852 5767 3154 5828 concedunt
3183 5788 3199 5827 :
3233 5780 3291 5829 ut
3317 5772 3562 5845 quamvis
3588 5769 3657 5825 iis
3683 5781 3817 5841 prte-
