3936 6196
48 5170 53 5231 ι

48 5264 53 5361 ¹

48 5492 51 5577 l

48 5580 53 5659 ἱ

131 320 232 376 457

1307 325 1395 384 DE
1437 325 1805 385 ἸἸὶΙΝΙΤΛΤΕ
1845 328 2047 388 LIBER
2080 332 2194 389 ΧΗ.

3313 344 3418 400 458

133 435 305 489 ﬁnitus
333 436 426 501 sit,
452 436 536 490 cui
568 435 670 493 hoc
697 436 871 509 solum
901 438 1161 495 tributum
1190 441 1279 504 sit,
1316 452 1374 497 ut
1403 454 1528 499 ante
1578 453 1712 499 tem«
1743 448 1788 503 A
1818 446 2013 501 rioretn
2052 463 2111 504 se
2144 464 2247 504 non
2280 447 2455 504 solum
2484 448 2566 505 his
2603 466 2719 520 quae
2747 461 2929 510 creata
2958 464 3086 512 sunt
3110 456 3289 523 docet,
3319 459 3417 515 sed

135 526 326 598 paralia
374 538 528 583 natus
580 531 672 584 sit.
716 529 852 587 Nam
878 548 1001 587 cum
1041 530 1113 604 (a)
1163 533 1249 588 illa
1284 536 1514 605 tempori
1547 537 1596 590 in
1630 536 1713 590 sui

134 620 506 676 constitutione
531 621 866 693 subiaceant,
919 624 1010 681 ille
1053 633 1258 694 tamen,
1304 627 1431 682 licet
1475 628 1715 683 anterior

132 712 210 769 bis
234 713 483 770 omnibus
506 716 599 783 sit,
630 731 739 774 non
761 717 830 773 sit
855 718 996 775 liber
1026 733 1056 773 a
1099 728 1341 790 tempore
1366 738 1379 773 :
1409 721 1531 791 quia
1575 731 1713 778 tem-

134 806 321 878 paratis
365 806 557 863 borum
607 808 920 866 constitutio
968 819 1179 879 tempus
1227 811 1525 869 nativitatis
1568 813 1706 883 ejus,

130 900 215 971 qui
235 908 359 955 ante
379 898 452 957 sit
479 912 659 969 natus,
689 901 971 970 ostendat;
996 903 1125 959 dum
1149 903 1253 960 hoc
1285 905 1460 976 ipsum
1488 904 1539 961 ei
1580 914 1714 962 tem-

131 1006 223 1061 pus
247 1000 351 1058 est,
375 991 520 1061 quod
552 993 943 1064 temporalibus
973 994 1292 1053 antefertur.

194 1084 281 1141 59.
327 1084 564 1143 Eternis
592 1104 647 1142 se
681 1097 985 1143 coreternam
1025 1089 1218 1144 docuit.
1245 1120 1317 1131 —
1343 1088 1449 1146 Sed
1484 1088 1575 1146 Dei
1603 1104 1717 1146 ser-

133 1194 213 1233 mo
237 1188 287 1235 et
318 1193 462 1235 verte
487 1181 772 1249 sapientiae
799 1181 1041 1238 doctrina
1080 1181 1155 1256 (b)
1188 1183 1425 1254 loquitur
1449 1183 1708 1255 perfecta,

133 1281 183 1328 et
223 1272 462 1328 absoluta
500 1273 790 1347 signiﬁcat,
820 1276 1022 1332 docens
1060 1293 1118 1333 se
1170 1294 1276 1333 non
1328 1280 1714 1351 temporalibus

133 1382 242 1423 esse
264 1368 620 1436 anteriorent,
649 1371 744 1426 sed
786 1372 1034 1428 inﬁnitis.
1085 1375 1217 1430 Cum
1263 1375 1406 1431 enim
1439 1392 1714 1447 praepara-

132 1470 267 1516 rctur
289 1463 510 1530 ccelum,
538 1463 730 1521 aderat
762 1466 894 1522 Deo.
920 1466 1192 1540 Numquid
1231 1469 1354 1526 caeli
1387 1470 1714 1542 praeparatio

135 1561 235 1617 Deo
258 1571 338 1617 est
367 1564 682 1633 temporalis
709 1565 787 1638 (t)
824 1565 895 1638 (c)
926 1575 983 1623 ut
1010 1582 1207 1639 repens
1234 1568 1572 1640 cogitationis
1599 1585 1716 1624 mo-

131 1662 210 1708 tus
236 1654 411 1710 subito
437 1654 494 1711 in
528 1668 763 1714 mentem
795 1669 1065 1730 tamquam
1090 1670 1248 1717 antea
1293 1662 1560 1732 torpidam
1601 1673 1716 1719 stu-

133 1754 437 1818 pentemque
458 1748 815 1821 subrepserit,
850 1750 1193 1824 humanoque
1220 1753 1381 1809 modo
1411 1753 1711 1811 fabricandi

1821 541 2038 594 aeternis
2066 551 2413 610 cutcternam,
2471 546 2847 613 prteparationi
2897 548 3108 607 scilicet
3156 551 3315 617 caeli,
3361 561 3419 607 ct

1818 630 2127 688 discretioni
2160 634 2306 691 sedis
2328 635 2441 689 Dei.
2478 634 2593 691 Non
2626 638 2769 693 enim
2808 648 2919 694 tum
2968 640 3203 698 discreta
3256 642 3419 700 sedes

1818 732 1920 789 est,
1958 740 2080 779 cum
2129 725 2319 782 eli‘ecta
2367 736 2451 783 est
2497 745 2509 781 :
2551 729 2672 800 quia
2719 729 2863 786 aliud
2912 741 2997 787 est
3041 731 3279 790 discerni
3324 750 3417 791 se-

1816 816 1962 885 dem,
1982 817 2123 874 aliud
2147 820 2418 891 eomponi.
2450 820 2635 894 Neque
2665 832 2774 879 tum
2804 835 3049 896 paratum
3081 826 3278 885 omium
3309 837 3416 894 est.

1817 924 1938 964 cum
1968 924 2327 982 przeparatum
2355 922 2478 970 est:
2512 931 2634 970 nam
2681 929 2798 972 erat
2837 917 2977 989 apud
3021 930 3417 991 prazparantem

1817 1001 1898 1075 (5)
1924 1002 1986 1075 (i)
2008 1012 2064 1059 et
2079 1005 2498 1064 discernentem.
2532 1006 2727 1065 Postea
2749 1024 2878 1066 vero
2907 1013 3266 1083 componebat
3288 1030 3416 1075 cum

1820 1093 1890 1170 (j)
1912 1106 2131 1166 parante
2158 1100 2548 1156 aeternitatem
2573 1114 2723 1156 suam
2747 1117 2867 1158 cum
2894 1106 3216 1175 praeparanti
3238 1105 3417 1175 adest,

1818 1196 1873 1241 et
1901 1187 2258 1245 ministerium
2307 1191 2523 1262 quando
2562 1207 2683 1248 cum
2730 1204 2957 1265 parante
3005 1197 3283 1268 componit
3328 1213 3420 1256 os-

1820 1280 2070 1338 tendens.
2106 1283 2310 1340 Idcirco
2354 1300 2497 1342 nunc
2531 1286 2690 1343 etiam
2720 1296 2847 1345 ante
2881 1299 3078 1345 terram
3109 1301 3165 1347 et
3204 1300 3419 1349 montes

1818 1383 1874 1431 ct
1898 1376 2065 1432 colles
2092 1378 2325 1449 genitam
2354 1394 2478 1436 esse
2514 1396 2575 1438 se
2598 1381 2753 1450 dixit,
2788 1385 2909 1454 quia
2940 1393 2993 1440 et
3034 1385 3419 1458 pra-parationi

1818 1468 1942 1524 caeli
1968 1468 2205 1525 adfuisse
2222 1486 2282 1527 se
2303 1472 2524 1528 doceret
2550 1489 2563 1524 :
2591 1483 2649 1529 ut
2674 1474 2789 1530 haec
2809 1474 2921 1545 jam
2953 1484 3099 1545 tunc,
3126 1493 3248 1534 cum
3276 1493 3418 1550 pra:-

1818 1570 2101 1631 pararetur
2149 1563 2366 1630 ctelum,
2418 1579 2584 1634 penes
2634 1566 2800 1622 Deum
2832 1565 2972 1624 facta
3020 1584 3142 1626 esse
3191 1585 3289 1642 per
3336 1568 3416 1639 id,

1819 1656 1964 1727 quod
1994 1657 2130 1713 nihil
2172 1660 2281 1714 Deo
2308 1674 2505 1715 novum
2525 1670 2627 1728 est,
2661 1660 3076 1720 demonstraret.

1887 1750 1978 1806 40.
2013 1742 2271 1806 Mundam
2308 1750 2448 1808 Deus
2471 1752 2537 1807 ab
2567 1763 2758 1809 (eterna
2783 1755 2941 1811 simul
2978 1772 3039 1811 ac
3069 1756 3226 1814 semel
3273 1771 3414 1829 pra:-

130 1839 240 1895 cmli
283 1839 588 1911 impensam
635 1853 690 1898 et
751 1843 1106 1901 instrumenta
1155 1847 1465 1918 quaesierit?
1513 1848 1712 1921 Atquin
1744 1834 1793 1896 B
1824 1844 2426 1915 paravit.—Perpetua
2454 1846 2598 1901 enim
2646 1856 2702 1903 et
2750 1855 2952 1904 mterna
3000 1866 3181 1907 rerum
3227 1866 3421 1908 crean-

132 1930 254 1987 alius
278 1931 560 2002 prophetze
588 1933 655 1990 de
678 1936 1081 2006 onerationibus
1112 1938 1208 1994 Dei
1236 1953 1430 1995 sensus
1459 1949 1563 2008 est,
1591 1956 1712 1997 cum

130 2025 234 2079 ait:
269 2023 437 2080 Verbo
479 2025 689 2083 Domini
732 2031 844 2085 caeli
887 2031 1082 2101 ﬁrmati
1122 2041 1257 2099 sunt,
1307 2043 1356 2087 et
1380 2034 1568 2106 spiritu
1608 2036 1714 2091 oris

129 2121 231 2192 ejus
270 2119 443 2175 omnis
484 2120 645 2178 uirtus
689 2139 863 2179 eorum
892 2123 1067 2197 (Psal.
1099 2141 1269 2192 χχιιι,
1302 2127 1382 2194 6).
1431 2128 1710 2201 Praecepto

134 2220 299 2268 tamen
331 2212 434 2269 Dei
477 2214 603 2271 cteli
652 2224 709 2271 ut
752 2216 1098 2274 firmarentur
1127 2230 1421 2290 eguerunt;
1454 2238 1577 2277 nam
1619 2238 1715 2294 ap-

128 2314 329 2375 paratus
359 2313 422 2362 et
471 2307 644 2364 virtus
688 2321 873 2365 eorum
904 2309 956 2365 in
1004 2307 1107 2365 hac
1156 2310 1561 2381 imperturbata:
1584 2329 1719 2371 con-

130 2397 411 2454 stitutionis
441 2399 522 2472 (2)
569 2416 684 2457 suae
731 2401 1006 2471 firmitate,
1059 2418 1166 2459 non
1208 2403 1278 2461 de
1323 2408 1715 2477 temperatione

134 2490 338 2564 alicujus
363 2493 451 2565 (ά)
482 2503 538 2550 et
585 2495 942 2565 permixtione
986 2496 1248 2565 materiae,
1291 2496 1453 2572 431
1505 2500 1600 2557 sed
1645 2515 1712 2557 ex

131 2586 300 2655 Spiritu
323 2586 498 2644 divini
524 2589 639 2645 oris
660 2590 887 2647 exsistit.
918 2591 1056 2661 Quid
1088 2608 1217 2665 ergo
1237 2604 1341 2661 est,
1389 2595 1711 2666 prmparanti

132 2678 228 2736 Deo
266 2681 467 2739 caelum
509 2684 745 2754 genitam
774 2685 841 2741 ab
870 2700 936 2742 eo
967 2686 1157 2743 adesse
1185 2687 1542 2759 sapientiam;
1587 2704 1712 2746 cum

134 2786 286 2843 neque
320 2773 533 2831 creatio
558 2774 682 2832 οωιί
713 2791 778 2832 ex
805 2777 1197 2847 praeparatione
1224 2779 1507 2849 consistat,
1536 2796 1714 2853 neque

134 2877 316 2925 natura:
346 2869 449 2925 Dei
502 2869 594 2937 sit,
645 2871 698 2926 in
748 2880 1007 2942 apparatu
1051 2887 1174 2929 eum
1224 2874 1494 2945 cogitandi
1531 2876 1713 2947 Operis

133 2959 197 3031 (ὅ)
227 2961 291 3031 (ε)
328 2964 702 3019 commorari?
731 2963 875 3020 Nihil
897 2965 1041 3021 enim
1071 2981 1179 3022 non
1210 2982 1427 3039 semper
1450 2983 1571 3025 cum
1601 2970 1710 3027 Deo

133 3051 238 3121 fuit,
265 3054 526 3128 quidquid
558 3056 613 3113 in
638 3057 801 3114 rebus
830 3068 915 3115 est
944 3076 957 3114 :
998 3072 1119 3131 quae
1148 3062 1250 3117 etsi
1278 3061 1344 3117 ad
1373 3062 1706 3120 creationem

133 3145 203 3199 sui
227 3156 396 3219 ctepta
432 3158 578 3216 sunt,
614 3165 724 3207 non
751 3158 879 3207 sunt
903 3159 1083 3208 tamen
1112 3152 1178 3226 (f)
1208 3152 1277 3209 ad
1305 3153 1399 3211 Dei
1426 3155 1508 3211 vel
1531 3156 1710 3213 scien-

132 3237 241 3292 tiam
285 3240 367 3296 vel
423 3249 751 3312 potestatem
796 3242 1068 3300 inchoata.
1119 3245 1186 3301 Et
1232 3246 1385 3303 testis
1426 3255 1510 3304 est
1551 3247 1713 3304 nobis

132 3333 363 3402 propheta
414 3332 647 3390 dicens:
691 3333 832 3391 Dens
859 3336 947 3407 qui
976 3338 1139 3408 fecisti
1184 3339 1355 3394 omnia
1395 3355 1510 3407 quae
1534 3340 1714 3411 futura

135 3434 240 3478 sunt
281 3424 436 3499 (Esa.
492 3443 619 3491 va.
664 3427 758 3493 Η,
802 3444 905 3483 sec.
950 3426 1138 3500 LXX).
1164 3429 1296 3498 Quae
1344 3430 1490 3486 enim
1535 3430 1713 3488 futura

137 3527 261 3586 sunt,
289 3518 421 3575 licet
452 3519 507 3574 in
533 3533 602 3576 eo
625 3519 770 3590 quod
797 3521 1030 3576 creanda
1056 3529 1181 3578 sunt
1206 3521 1382 3578 adhuc
1424 3523 1574 3591 ﬁent,
1602 3524 1715 3582 Deo

138 3616 313 3679 tamen,
358 3612 452 3668 cui
498 3612 551 3667 in
579 3612 828 3670 creandis
855 3613 1019 3671 rebus
1048 3614 1181 3670 nihil
1213 3631 1411 3673 novum
1436 3633 1501 3673 ac
1522 3618 1598 3691 (g)
1628 3634 1715 3676 re-

135 3714 248 3769 pens
269 3712 369 3773 est,
396 3703 516 3775 jam
548 3702 689 3761 facta
732 3712 860 3760 sunt
903 3723 915 3759 :
960 3705 1091 3762 dum
1142 3714 1197 3763 et
1245 3716 1547 3780 temporum
1603 3708 1713 3766 dis-

137 3794 353 3861 pensatio
397 3803 488 3851 est
525 3804 585 3851 ut
630 3807 908 3864 creentur,
945 3808 1001 3854 et
1040 3797 1152 3869 jam
1195 3798 1249 3855 in
1280 3799 1477 3855 divina:
1496 3800 1713 3857 virtutis

139 3881 205 3955 (4)
231 3886 306 3956 (It)
342 3887 668 3959 praesciente
710 3888 1003 3945 efﬁcientia
1030 3889 1141 3946 sint
1167 3902 1369 3948 creata.
1403 3892 1470 3948 Et
1510 3891 1713 3949 idcirco

138 3991 257 4035 nunc
296 3977 576 4052 Sapientia
615 3988 800 4038 natam
822 3996 883 4039 se
910 3991 1036 4039 ante
1065 3983 1263 4039 saecula
1309 3984 1530 4054 docens,
1561 3995 1714 4042 ante-

195 4136 270 4278 (ιζ
301 4138 368 4197 Et
391 4157 477 4197 res
506 4141 853 4223 cogitationis.
884 4141 1046 4216 Tum,
1072 4143 1351 4233 gula-epsit.

198 4210 247 4278 (2
304 4210 728 4269 Consuetudtnis.

216 4206 270 4269 2)
304 4206 728 4269 Consuetudinis.
1026 4206 1045 4216 ⁷
1072 4206 1099 4233 ⁸

216 4210 270 4278 2)
304 4210 728 4269 Consuetudinis.

198 4210 269 4354 i3)
305 4282 733 4341 Commemorari.

144 4428 248 4489 stet;
275 4438 366 4481 seu
397 4423 676 4497 pratcellat
703 4438 765 4480 ac
811 4423 1101 4495 praesistat,
1145 4422 1201 4480 in
1242 4432 1487 4497 tempore
1528 4434 1713 4483 tamen

143 4497 214 4558 sit,
239 4504 290 4550 et
313 4512 417 4552 nou
448 4495 709 4551 inﬁnitus.

205 4565 272 4637 (a)
302 4567 426 4624 Mss.
454 4566 669 4638 Remig.
711 4582 781 4638 ac
809 4564 1040 4632 Thcod.,
1083 4566 1163 4621 illi
1199 4575 1446 4637 tempora.
1480 4568 1709 4638 Quidam

1818 1934 2008 1991 darum
2041 1945 2124 1992 est
2153 1936 2479 2007 praeparatio
2510 1955 2524 1992 :
2557 1953 2733 2009 neque
2761 1940 3003 2010 partibus
3024 1941 3414 2011 cogitationum

1816 2027 2187 2085 universitatis
2213 2028 2372 2100 hujus
2398 2042 2596 2101 corpus
2623 2030 2874 2088 effectum
2915 2041 3021 2099 est,
3065 2041 3126 2088 ut
3170 2032 3410 2103 primum

1815 2120 1885 2177 de
1921 2121 2062 2178 cmlo
2104 2122 2172 2178 sit
2221 2125 2539 2194 cogitatum,
2590 2131 2702 2179 tum
2754 2136 2941 2195 postea
2987 2134 3148 2182 terra:
3192 2141 3322 2182 cura
3363 2134 3420 2183 et

1816 2223 2076 2272 tractatus
2120 2215 2291 2271 Deum
2332 2215 2537 2283 inierit,
2576 2215 2650 2288 (Ιε)
2709 2219 3108 2292 cogitatumque
3151 2235 3250 2291 per
3306 2220 3420 2277 sin-

1815 2310 1939 2380 gula
1967 2307 2058 2373 sit,
2097 2316 2155 2361 ut
2184 2304 2348 2379 5.32
2376 2308 2608 2377 primum
2655 2309 2707 2362 in
2756 2310 3031 2379 planitiem
3076 2310 3416 2370 diffundere-

1817 2403 1924 2471 tu'r,
1954 2397 2151 2454 deinde
2182 2408 2367 2467 postea
2400 2398 2624 2454 meliore
2650 2401 2880 2455 consilio
2929 2402 3201 2458 montibus
3227 2404 3418 2460 eleva-

1816 2502 2009 2561 retur,
2065 2506 2284 2548 rursum
2332 2501 2512 2546 autem
2563 2492 2725 2547 etiam
2792 2493 3020 2550 collibus
3084 2496 3411 2565 variaretur,

1815 2571 2236 2659 quarto'deinde
2286 2584 2595 2641 habitabilis
2633 2588 2793 2641 etiam
2846 2587 2897 2642 in
2950 2587 3080 2658 ipsis
3117 2590 3416 2646 cacumini-

1816 2681 1916 2736 bus
1962 2678 2302 2746 redderetur,
2351 2678 2416 2749 (ι)
2448 2687 2915 2750 praeparatumque
2944 2681 3142 2736 cmlum
3169 2696 3233 2738 ac
3258 2682 3418 2738 sedes

1816 2771 1912 2827 Dei
1944 2779 2341 2843 segregaretur,
2375 2781 2768 2842 ventorumque
2812 2771 3186 2829 exhalationes
3235 2775 3409 2831 nubes

1814 2863 1868 2919 in
1895 2879 2108 2920 summo
2152 2862 2345 2919 validae
2403 2864 2781 2930 continerent;
2848 2873 2973 2920 tunc
3037 2864 3233 2922 deinde
3281 2868 3418 2923 certi

1814 2957 1916 3015 sub
1959 2957 2100 3014 ccelo
2130 2956 2308 3013 fontes
2337 2967 2604 3025 mearent,
2636 2971 2701 3012 ac
2726 2966 3000 3027 postremo
3044 2958 3411 3019 fundamentis

1816 3060 1962 3107 terra
2011 3050 2237 3107 fortibus
2263 3050 2695 3106 conﬁrmaretur.
2731 3051 2964 3122 Singulis
2991 3054 3137 3108 enim
3182 3054 3267 3110 his
3296 3071 3418 3111 om-

1817 3146 1977 3201 nibus
2009 3147 2333 3203 anteriorem
2375 3161 2433 3202 se
2463 3147 2737 3218 Sapientia
2786 3162 2907 3203 esse
2951 3147 3255 3218 profitetur.
3309 3150 3420 3208 Sed

1738 3226 1784 3290 C
1817 3256 1943 3297 cum
1975 3241 2156 3296 omnia
2187 3256 2286 3313 per
2312 3242 2479 3297 Deum
2509 3257 2629 3312 qua:
2658 3240 2758 3297 sub
2786 3241 2926 3297 ctelo
2956 3252 3083 3297 sunt
3112 3242 3250 3299 facta
3280 3243 3417 3311 sint,

1819 3341 1876 3389 et
1913 3332 2291 3403 componendo
2341 3333 2483 3391 coelo
2529 3332 2778 3390 Christus
2838 3333 3093 3403 adfuerit,
3142 3344 3199 3393 et
3241 3336 3419 3407 ipsam

1821 3424 2107 3496 praeparati
2157 3425 2278 3481 caeli
2328 3423 2625 3495 praeveniat
2652 3424 3044 3492 aeternitatem;
3072 3441 3181 3482 non
3211 3428 3415 3497 patitur

1817 3516 1922 3574 hoc
1946 3518 2245 3574 existimari
2276 3519 2330 3574 in
2359 3518 2472 3574 Deo
2500 3518 2827 3573 minutarum
2851 3534 3034 3574 rerum
3061 3519 3414 3591 particulatas

1814 3611 2192 3682 c0gitationes,
2225 3610 2351 3683 quia
2382 3609 2559 3668 omnis
2591 3609 2781 3666 horum
2810 3616 3136 3682 praeparatio
3171 3611 3288 3668 Deo
3335 3620 3424 3668 est

1819 3715 2111 3762 comterna.
2158 3703 2293 3761 Nam
2325 3705 2539 3760 tametsi
2570 3702 2765 3759 habeat
2803 3703 3265 3773 dispensationem
3309 3704 3424 3772 sui,

1824 3796 2119 3854 secundum
2164 3796 2387 3867 Moysen
2433 3793 2589 3868 (Gen.
2640 3795 2706 3865 ι),
2757 3795 3083 3850 ﬁrmamenti
3145 3795 3426 3866 solidatio,

1820 3890 1988 3946 arida:
2027 3888 2268 3955 nudatio,
2316 3887 2481 3943 maris
2512 3884 2880 3958 congregatio,
2915 3893 3185 3943 astrorum
3213 3887 3422 3944 consti-

1821 3984 1977 4051 tutio,
2021 3995 2280 4054 aquarum
2310 3988 2575 4050 terraeque
2605 3980 2658 4034 in
2680 3978 2963 4050 ejiciendis
2992 3996 3060 4038 ex
3088 3995 3151 4038 se
3179 3980 3260 4054 (6)
3305 3980 3428 4043 ani-

1897 4146 1954 4212 (4

1921 4219 1955 4273 5

1897 4218 1958 4361 ἓξ

1820 4430 2005 4480 suerat
2030 4438 2064 4475 a
2088 4419 2189 4494 Dei
2221 4419 2300 4494 uel
2324 4383 2751 4494 prwscientiavel
2778 4427 3045 4494 potestate.
3077 4420 3238 4494 Apud
3283 4422 3420 4483 Bad.

1820 4505 1876 4551 et
1905 4494 2023 4558 Er.,
2052 4492 2120 4547 ad
2146 4490 2245 4548 Dei
2261 4489 2348 4564 uel
2375 4489 2901 4564 prtescientiam,_etc.
2950 4489 3418 4564 Sequiinur“mss.

1822 4566 1921 4621 llic
1947 4565 2108 4620 rebus
2136 4561 2393 4629 conditis,
2438 4572 2698 4635 quantum
2734 4561 2799 4635 ad
2827 4561 3107 4619 scientiam
3139 4579 3204 4621 ac
3240 4576 3425 4635 potes-

2018 4144 2369 4202 Prtescientia:
2395 4141 2683 4214 eﬂicientia.

2019 4217 2088 4272 Et
2116 4217 2482 4271 decernentem.

2022 4286 2362 4344 Animalibus.

1960 4145 1980 4362 ξ

146 4633 365 4710 alluitur
392 4633 646 4709 tempora:
682 4637 797 4694 Vat.
846 4638 964 4710 bas.
998 4652 1063 4710 ac
1106 4633 1346 4704 Martin.,
1387 4633 1715 4710 illav'tempo-
1740 4637 1792 4697 D
1822 4646 1984 4693 tatem
2016 4634 2111 4691 Dei
2141 4636 2356 4710 attinet,
2386 4633 2881 4710 negaturinitium;
2915 4648 3072 4710 secus
3103 4633 3256 4701 vero,
3289 4638 3336 4692 si
3364 4639 3421 4694 in

145 4709 283 4763 rario.
331 4709 455 4765 Hmc
504 4725 718 4765 rursum
756 4724 825 4766 ex
881 4709 1258 4766 haereticorum
1306 4712 1571 4767 sententia
1619 4709 1714 4767 ex-

146 4780 418 4854 primuntur
462 4798 475 4834 :
526 4796 649 4852 qua:
696 4782 869 4854 verbo)
904 4778 1089 4836 addito
1114 4781 1202 4854 .sic
1244 4781 1483 4852 planiora
1534 4783 1712 4839 ﬁent:

150 4849 267 4905 Nam
287 4852 337 4905 id
363 4849 561 4918 uolunt,
590 4861 646 4906 ut
674 4868 791 4907 cum
808 4852 925 4919 illa,
956 4860 1063 4907 etc.

204 4921 283 4997 (b)
312 4922 383 4997 In,
418 4923 666 4994 vulgatis,
713 4923 949 4979 doctrina
990 4939 1106 4991 ante
1131 4923 1376 4994 loquitur.
1409 4923 1580 4982 Abest
1602 4940 1719 4997 quat

148 5006 173 5044 a
191 4995 474 5063 potioribus
506 5010 637 5051 mss.

204 5064 269 5137 (c)
307 5067 435 5122 Bad.
465 5078 519 5140 et
550 5066 667 5140 En,
700 5076 746 5120 et
772 5068 1198 5140 res_cogitatiouis
1241 5076 1383 5140 motu
1422 5066 1610 5123 subito.
1644 5066 1719 5124 U-

149 5136 279 5192 nuse
302 5153 427 5210 mss.
465 5136 640 5210 vatio.
671 5136 1061 5210 cuquar'tinD
1089 5147 1146 5210 ut
1183 5139 1568 5210 recogitationis
1607 5154 1718 5192 mo-

150 5213 255 5279 tas:
282 5209 472 5278 quibus
497 5207 681 5265 favent
709 5208 980 5279 antiquior
1003 5208 1182 5276 Colb.,
1206 5207 1417 5268 Germ”
1446 5207 1611 5266 Corb.
1651 5224 1717 5265 ac

150 5277 482 5353 plurimialii,
516 5280 570 5336 in
601 5280 796 5351 quibus
824 5277 998 5337 exstat
1023 5298 1104 5337 res
1133 5281 1475 5353 cogitationis.

209 5349 283 5421 (tl)
313 5350 435 5408 Hatc
472 5349 769 5421 respiciunt
793 5366 1033 5408 errorem
1063 5349 1215 5423 saepe
1233 5354 1303 5407 ab
1326 5351 1535 5408 Hilario
1571 5349 1718 5407 refu-

153 5427 318 5497 tatum,
356 5439 450 5497 quo
477 5424 1068 5497 fortuitisconcursibus
1097 5424 1235 5497 hunc
1262 5423 1442 5478 mundi
1464 5422 1717 5497 nubilum

153 5488 206 5568 in.
231 5508 283 5568 se
303 5488 491 5568 coisse;
527 5506 679 5568 atque
699 5496 781 5568 ita
799 5511 866 5551 ea:
888 5495 1268 5568 inordinatione
1295 5494 1560 5568 ingordine
1589 5509 1716 5568 con-

156 5562 337 5690 ;lixtliue,
357 5566 563 5695 quidsam
592 5562 708 5624 ausi
735 5576 858 5629 sunt
885 5566 1112 5640 apinari,
1145 5575 1203 5622 ut
1228 5565 1467 5638 loquitur
1488 5566 1543 5622 in
1575 5564 1712 5636 psal.

241 5650 349 5695 vui.
380 5653 431 5694 η.
502 5681 516 5694 .

157 5644 349 5700 εωω,
380 5653 431 5694 n.
460 5644 516 5695 ὅ.

212 5705 281 5776 (c)
314 5706 586 5768 Vetustior
633 5726 665 5768 e
710 5724 845 5768 mss.
895 5707 1052 5768 Colb.
1081 5723 1205 5765 cum
1253 5708 1468 5766 Martin.
1501 5723 1721 5764 comme-

161 5778 349 5834 morari.

217 5844 281 5921 (f)
305 5848 531 5924 Lipsius,
561 5852 702 5924 apud
733 5852 859 5909 Par.
888 5867 1001 5911 non
1022 5859 1319 5923 correctus,
1353 5867 1518 5925 prave
1557 5866 1718 5924 repo-

455 5950 731 6016 Pnnon.
811 5948 894 6010 X.

1821 4725 1881 4765 se
1927 4716 2262 4778 spectantur.
2312 4704 2443 4778 Post
2483 4706 2744 4760 orationis
2774 4705 2920 4774 leges
2950 4704 3199 4762 videntur
3226 4718 3417 4778 postu-

1820 4781 1935 4837 lare
1965 4776 2143 4847 emptte
2166 4786 2222 4834 et
2249 4776 2523 4847 inchoatae.

1894 4848 1971 4926 (g)
1997 4846 2105 4926 Si_c_
2115 4865 2245 4926 mss.
2280 4846 2422 4903 Editi
2447 4861 2836 4926 vero,.recei_t_s._

1897 4916 1978 4995 (π)
2016 4921 2193 4995 Εάηε,
2243 4929 2290 4974 ει
2331 4916 2667 4989 prwscientite
2710 4916 2976 4987 efficiemia
3016 4933 3035 4973 :
3078 4919 3422 4993 corriguntur

1823 4993 2141 5049 auctoritate
2170 5005 2303 5046 mss.

1920 5062 1960 5131 ἱ)
1991 5063 2192 5118 Omnes
2220 5075 2386 5131 prope
2426 5075 2555 5115 mss.
2588 5068 2635 5112 et
2658 5057 3036 5131 decernentem.

1920 5064 1937 5117 i
1991 5063 2192 5118 Omnes
2220 5075 2386 5131 prope
2426 5075 2555 5115 mss.
2588 5068 2635 5112 et
2660 5061 3036 5115 decernentem.

1893 5061 1965 5259 i1}
1992 5133 2051 5188 In
2081 5131 2376 5201 exemplari
2406 5131 2621 5213 Martin.
2657 5128 2745 5184 hic
2773 5139 2828 5183 et
2858 5130 3015 5195 infra,
3055 5145 3424 5220 praeparante:

1893 5222 1922 5259 η
1951 5203 2227 5259 unduntur
2265 5201 2455 5259 verba.
2505 5201 2700 5259 utubus
2741 5215 2848 5255 non
2902 5216 3063 5256 unam
3094 5220 3200 5259 Vtm
3233 5207 3423 5259 trtbmt

1820 5201 2227 5261 confunduntur
2265 5201 2455 5268 verba,
2505 5201 2700 5272 quibus
2741 5215 2848 5255 non
2902 5201 3063 5256 unam
3094 5201 3200 5259 vim
3233 5207 3423 5264 tribuit

1820 5275 2075 5331 Hilarius.
2117 5273 2252 5329 Nam
2299 5287 2545 5360 praepara.
2576 5279 2860 5360 teteruam
2885 5287 3065 5360 rerum
3107 5274 3425 5360 dispositio.

1820 5361 1969 5414 nem,
2023 5343 2417 5417 temporariam
2459 5352 2639 5399 autem
2684 5343 3000 5400 earumdem
3051 5343 3423 5407 conditionem

1858 5434 1951 5473 aro
1982 5417 2069 5474 hic
2095 5425 2272 5473 sonat.

1820 5436 1951 5491 paro
1982 5436 2069 5474 ntc
2095 5436 2272 5473 sonat.

1848 5560 1877 5562 η
1897 5488 1972 5562 (Ic)
2002 5488 2170 5556 Editi,
2201 5495 2438 5559 excepto
2486 5484 2642 5555 Bad.,
2671 5486 3118 5560 consultatumque
3140 5502 3162 5544 :
3188 5491 3428 5550 reniten.

1822 5560 1966 5617 tibus
1997 5575 2131 5618 mss.

1901 5632 1964 5703 (t)
2010 5632 2159 5703 Lips.
2205 5639 2271 5707 et.
2304 5630 2454 5694 Pan,
2485 5630 2690 5701 absque
2711 5630 2816 5686 ulla
2841 5631 3186 5707 auctoritate,
3219 5650 3428 5707 praepa-

1825 5702 2125 5774 rareturqtte
2177 5702 2393 5777 caelum;
2420 5709 2482 5777 et
2518 5718 2666 5777 mox,
2716 5703 3099 5777 continerentur
3135 5720 3154 5760 :
3201 5702 3257 5761 et
3304 5702 3429 5777 post

1829 5790 1995 5847 pauca
2022 5773 2092 5833 ex
2119 5773 2235 5831 sola
2273 5773 2486 5833 Erasmi
2532 5774 2873 5846 conjectura,
2920 5773 3089 5847 fontes
3137 5773 3426 5848 manarent,

1829 5862 1927 5921 pro
1957 5856 2205 5906 mearent.
