3936 6196
166 292 265 352 465

1350 298 1438 356 DE
1475 298 1854 363 TRINITATE
1891 305 2100 364 LIBER
2135 309 2250 366 XII.

3336 323 3444 381 466

163 412 269 469 vias
289 409 379 469 Dei
406 418 637 468 creatam
667 425 789 468 esse
833 424 895 468 se
943 410 1118 479 dixit;
1159 420 1323 486 atque
1363 414 1437 471 ita
1477 425 1740 488 creatam,
1768 421 1819 483 Α
1848 436 1987 478 unus
2006 437 2073 479 ex
2098 439 2240 491 uno;
2270 425 2366 482 sed
2397 425 2462 482 ad
2490 426 2867 499 impiissimum
2911 444 3130 487 sensum
3155 473 3171 500 ,
3202 446 3272 488 ne
3299 432 3444 489 Dens

165 515 215 561 ut
239 503 505 560 fundatam
549 519 606 561 se
642 516 770 561 ante
814 504 1018 561 smcula
1056 504 1318 576 doceret,
1345 523 1417 565 ne
1443 521 1738 584 assumpta:

164 598 290 655 illius
310 596 452 654 varie
473 612 540 653 ac
566 596 876 669 frequenter
901 598 1198 656 creationis
1223 613 1622 660 sacramentum
1645 604 1741 662 de-

165 698 384 748 mutasse
402 699 646 746 naturam
670 691 966 759 videretur,
998 707 1121 748 cum
1161 693 1489 751 fundationis
1514 696 1741 754 lirmitas

164 782 477 839 convellendi
507 791 676 839 status
705 798 812 840 non
846 785 1116 855 reciperet
1142 786 1643 857 perturbationem;
1685 799 1743 846 at

165 890 278 932 vero
320 890 387 932 ne
431 874 673 933 fundatio
697 875 842 933 aliud
868 878 1160 949 quidquam
1202 896 1365 950 quam
1408 881 1740 940 nativitatem

166 967 424 1026 videretur
451 969 766 1038 ostendere,
797 979 923 1028 ante
945 972 1125 1027 omnia
1158 972 1401 1044 professa
1433 986 1519 1032 est
1538 991 1661 1032 esse
1681 992 1741 1033 se

162 1062 418 1133 genitam:
449 1076 594 1119 nunc
629 1077 760 1118 vero
801 1077 899 1118 cur
942 1064 1146 1121 creatio
1175 1064 1244 1121 ad
1276 1068 1609 1125 nativitatem
1649 1070 1743 1126 de-

165 1163 378 1226 putatur,
405 1168 527 1212 cum
556 1170 676 1227 quae
700 1154 885 1226 genita
928 1165 1057 1212 ante
1094 1158 1277 1213 omnia
1321 1168 1427 1225 est,
1478 1161 1591 1231 ipsa
1620 1159 1744 1216 fun-

163 1246 270 1303 data
305 1254 425 1302 ante
469 1247 666 1303 saecula
719 1255 832 1315 est;
873 1263 994 1320 quae
1037 1258 1217 1305 autem
1247 1249 1463 1307 fundata
1492 1261 1617 1309 ante
1642 1270 1746 1309 sae-

164 1340 323 1397 culum
349 1350 453 1408 est,
480 1353 546 1397 ea
576 1339 692 1413 ipsa
722 1340 778 1396 in
805 1341 1015 1398 initium
1044 1342 1251 1399 viarum
1286 1343 1379 1401 Dei
1411 1352 1466 1402 et
1491 1345 1542 1400 in
1575 1361 1743 1417 opera

165 1433 266 1504 ejus
284 1441 454 1491 creata
475 1449 508 1489 a
529 1433 748 1492 saeculis
774 1444 856 1492 est
884 1453 898 1490 :
930 1444 988 1492 ut
1013 1437 1220 1493 creatio
1237 1452 1270 1493 a
1290 1438 1505 1494 saeculis
1524 1437 1745 1497 dill'erre

164 1527 528 1601 intelligeretur
559 1528 630 1585 ab
664 1544 752 1594 ea,
788 1545 910 1602 qua:
937 1539 1066 1588 ante
1108 1531 1307 1587 stecula
1350 1541 1407 1589 et
1448 1547 1568 1604 qum
1617 1542 1746 1591 ante

162 1622 388 1678 universa
419 1620 679 1678 nativitas
702 1629 808 1679 est.
833 1621 949 1678 Non
975 1622 1136 1679 habet
1161 1621 1248 1698 (ι)
1273 1621 1467 1682 saltem
1490 1624 1745 1698 impietas

161 1714 370 1780 veniam,
391 1724 446 1771 ut
477 1715 784 1785 prtetendat
804 1715 1099 1787 impietatis
1117 1731 1380 1773 errorem.

1839 514 2067 570 naturali
2099 517 2374 573 nativitate
2399 520 2739 588 subsisteret,
2784 536 2907 578 cum
2947 532 3197 598 creatura
3252 525 3432 596 potius

1839 620 1909 663 ex
1966 606 2135 664 nihilo
2178 609 2343 683 5.39
2373 611 2723 670 substitisset.
2775 613 2889 669 lloc
2931 616 3166 685 primum
3210 614 3442 674 infelicis

1840 699 2036 754 mentis
2067 708 2172 757 tute
2198 703 2346 758 virus
2368 712 2472 771 est,
2507 720 2614 761 non
2642 705 2975 763 nativitatem
3007 713 3314 764 creaturam
3344 724 3444 766 no-

1841 791 2072 858 minare,
2103 792 2199 849 sed
2233 809 2330 864 pro
2352 794 2630 851 nativitate
2654 795 2724 869 (e)
2755 796 2914 852 fidem
2937 796 3196 853 creationi
3227 807 3436 870 aptare.

1840 880 2172 954 Quamquam
2220 884 2271 939 id
2311 884 2526 956 quidem
2573 886 2750 957 inopis
2796 886 2999 958 ingenii
3028 896 3197 956 esset,
3227 888 3322 946 sed
3354 899 3435 945 ta-

1844 989 1968 1030 men
2041 991 2146 1032 non
2218 976 2510 1033 admodum
2563 978 2889 1051 irreligiosi,
2940 990 3178 1037 creatum
3238 980 3443 1038 idcirco

1842 1066 2087 1134 dixisse,
2130 1079 2186 1124 ιιι
2231 1070 2578 1141 impassibilis
2639 1084 2706 1127 ex
2770 1071 2883 1127 Deo
2941 1080 3214 1144 tamquam
3284 1073 3445 1129 unius

1843 1174 1913 1217 ex
1936 1176 2045 1216 uno
2071 1162 2321 1218 nativitas
2347 1172 2686 1219 nosceretur.

1918 1253 2007 1310 51.
2019 1253 2176 1310 Fides
2196 1263 2436 1310 constans
2447 1256 2511 1310 de
2519 1264 2713 1311 (eterna
2732 1253 2861 1311 Filii
2881 1254 3346 1312 nativitate—Sed
3364 1255 3448 1311 ni-

1846 1346 1921 1401 hil
1955 1346 2145 1405 horum
2167 1356 2419 1405 constans
2439 1357 2601 1419 atque
2616 1350 2913 1420 apostolica
2936 1348 3067 1405 ﬁdes
3095 1350 3313 1420 patitur.
3334 1348 3448 1407 Scit

1847 1440 1989 1497 enim
2013 1440 2067 1497 in
2094 1457 2197 1514 qua
2218 1442 2618 1514 dispensatione
2646 1445 2906 1517 temporis
2934 1442 3183 1500 Christus
3207 1452 3444 1511 creatus,

1847 1534 1978 1590 etin
2006 1548 2111 1604 qua
2143 1546 2443 1606 temporum
2473 1535 2776 1593 mternitate
2812 1536 2887 1592 sit
2931 1544 3110 1592 natus.
3149 1535 3318 1592 Natus
3343 1550 3445 1591 au.

1850 1637 1957 1683 tem
2000 1642 2064 1683 ex
2119 1627 2228 1684 Deo
2267 1628 2408 1684 Deus
2435 1636 2539 1696 est,
2577 1639 2633 1684 et
2658 1643 2806 1684 verm
2832 1629 3125 1685 nativitatis
3174 1630 3227 1684 in
3278 1643 3346 1684 eo
3392 1638 3449 1685 et

1849 1720 2106 1791 perfectae
2150 1722 2516 1792 generationis
2565 1737 2672 1778 non
2723 1722 2970 1795 ambigua
3029 1723 3282 1779 divinitas
3337 1731 3442 1780 est.
3512 1728 3527 1737 ‘

221 1809 304 1866 50.
349 1808 464 1875 Quo
490 1826 649 1865 sensu
669 1811 762 1864 etsi
789 1809 1042 1880 imperite,
1074 1826 1179 1866 non
1203 1820 1369 1866 tamen
1389 1810 1548 1883 impie
1576 1821 1743 1882 posset
1771 1813 1821 1876 B
1847 1812 1989 1870 Nihil
2011 1814 2158 1869 enim
2199 1814 2253 1868 in
2287 1812 2450 1870 rebus
2482 1814 2576 1870 Dei
2607 1815 2709 1870 nisi
2738 1824 2920 1870 natum
2946 1823 3001 1870 et
3028 1823 3290 1871 aeternum
3315 1829 3451 1870 con-

162 1900 391 1974 deputari.
417 1930 488 1941 —-
508 1899 755 1972 Namque
780 1900 882 1957 etsi
909 1901 1196 1956 infirmitas
1228 1901 1599 1973 intelligentia:
1619 1918 1745 1959 sen-

162 2008 262 2049 sum
283 1992 352 2066 (a)
380 1994 651 2067 religiosa:
674 1995 947 2066 opinionis
981 1994 1291 2066 impediret,
1328 2011 1395 2051 ne
1427 2011 1572 2053 nunc
1621 2012 1744 2068 quae

162 2090 428 2146 creationis
456 2090 765 2162 preprietas
793 2100 938 2146 esset
983 2090 1240 2161 consequi
1292 2101 1510 2162 posset;
1560 2102 1740 2148 tamen

163 2181 233 2236 vel
260 2181 547 2238 secundum
582 2183 827 2254 Apostoli
852 2182 1054 2239 dictum
1085 2182 1347 2240 facturam
1381 2199 1525 2241 vera:
1551 2184 1749 2241 nativi-

164 2275 243 2329 tati
262 2275 334 2347 (ι)
358 2274 733 2347 deputantem,
756 2278 1089 2334 creationem
1113 2293 1328 2349 quoque
1354 2280 1457 2334 etsi
1494 2278 1736 2344 indocte,

167 2378 322 2426 tamen
366 2386 472 2427 non
521 2372 710 2443 impio,
769 2372 834 2427 ad
881 2372 1250 2443 generationis
1294 2371 1453 2429 fidem
1484 2373 1747 2444 prolicere

165 2472 392 2534 Oportere
410 2464 727 2520 existimare
743 2464 974 2520 dehuera
985 2475 999 2520 ι
1010 2503 1024 2518 .
1043 2464 1338 2536 Apostolus
1350 2464 1495 2521 enim
1511 2464 1745 2531 videtur,

166 2557 305 2611 unius
326 2572 391 2613 ex
417 2572 528 2612 uno
559 2556 916 2624 nativitatem,
957 2557 1009 2613 id
1055 2568 1157 2625 est,
1189 2556 1262 2629 (ε)
1305 2558 1517 2613 Domini
1545 2572 1613 2613 ex
1640 2558 1749 2614 vir-

167 2649 274 2719 gine
290 2650 403 2705 sine
424 2651 742 2721 passionum
775 2650 1128 2706 lnunanarum
1179 2658 1444 2721 conceptu
1486 2650 1749 2721 prmdica-

171 2752 321 2811 turus,
350 2758 454 2800 non
482 2754 638 2800 extra
667 2744 932 2800 rationem
976 2744 1170 2814 factum
1195 2742 1259 2798 de
1284 2744 1495 2799 muliere
1535 2744 1750 2799 locutus

170 2849 293 2903 esse,
321 2852 476 2908 quem
507 2846 699 2893 natum
724 2836 970 2904 sciebat,
1022 2837 1442 2907 frequenterque
1472 2836 1703 2892 dixisset
1731 2853 1746 2890 :

170 2937 220 2983 ut
253 2937 304 2985 et
338 2929 592 2986 nativitas
619 2927 906 2985 veritatem
935 2929 1304 3000 generationis
1334 2928 1667 2992 ostenderet,
1697 2937 1753 2986 et

172 3019 352 3077 factura
382 3023 546 3079 unius
593 3037 662 3079 ex
699 3037 806 3078 uno
836 3020 919 3096 (Ξ)
953 3022 1034 3096 (d)
1064 3022 1396 3078 nativitatem
1427 3030 1753 3093 protestare—

174 3123 276 3182 tur;
309 3117 429 3189 quia
473 3119 733 3172 humanm
781 3116 1156 3186 permixtiouis
1180 3127 1499 3184 conceptum
1529 3116 1753 3173 factura:

174 3222 347 3265 nomen
365 3208 706 3277 excluderet,
727 3223 850 3267 eum
879 3208 1051 3264 factus
1080 3224 1204 3266 esse
1240 3225 1306 3265 ex
1343 3209 1550 3280 virgine
1575 3210 1752 3266 disce-

173 3313 325 3371 retur,
343 3305 428 3375 qui
456 3312 622 3361 natus
647 3303 817 3376 magis
855 3318 978 3360 esse
1004 3318 1111 3359 non
1132 3303 1526 3373 ambigebatur.
1545 3303 1617 3359 At
1636 3302 1757 3359 vide

178 3404 243 3461 tu,
269 3412 418 3468 quam
462 3397 547 3454 sis
591 3397 808 3468 impius,
860 3411 894 3452 ο
941 3396 1219 3452 lueretiec.
1267 3394 1524 3452 Creatum
1569 3395 1755 3452 Jesnm

179 3485 422 3545 Christum
454 3490 638 3560 potius
666 3503 732 3544 ex
763 3488 896 3554 Deo,
926 3502 1087 3560 quam
1140 3497 1327 3543 natum
1373 3502 1527 3552 esse,
1576 3501 1758 3544 sermo

181 3582 335 3639 nullus
370 3591 461 3639 aut
492 3582 839 3653 prOpbeticus
865 3591 956 3636 aut
985 3580 1332 3652 evangelicus
1366 3588 1460 3635 aut
1495 3581 1757 3651 apostoli-

182 3688 263 3730 cus
282 3684 359 3731 est
378 3675 594 3731 locutus
637 3693 651 3730 :
694 3680 754 3729 tu
783 3688 913 3730 vero
942 3672 1277 3729 nativitatem
1310 3688 1495 3744 negas,
1521 3682 1575 3729 et
1606 3673 1754 3729 affir-

184 3778 282 3820 mas
300 3776 624 3833 creaturam,
666 3782 771 3820 non
802 3764 1098 3820 secundum
1129 3765 1575 3835 significationem
1611 3769 1756 3836 Apo-

184 3858 310 3927 stoli,
335 3859 534 3917 factum
560 3872 685 3915 esse
708 3858 940 3915 dicentis
965 3872 1031 3913 ne
1060 3869 1218 3913 natus
1244 3871 1369 3915 esse
1394 3856 1755 3930 ambigeretur

245 3978 317 4050 (Ι)
355 3979 546 4035 Saltim
575 3992 677 4050 pro
702 3977 882 4033 saltem
922 3975 1087 4032 habet
1122 3989 1334 4046 quoque
1365 3974 1491 4031 alibi
1532 3976 1764 4047 scriptus

187 4047 308 4105 liber
332 4060 537 4107 noster.

248 4121 318 4195 (2)
354 4119 712 4177 Divinitalent.

250 4236 318 4309 (a)
358 4238 522 4309 Editi,
549 4234 862 4309 irreligioso:
881 4250 900 4289 :
928 4233 1290 4309 emcndantur
1317 4248 1382 4286 ex
1412 4232 1646 4309 :criptis.

255 4237 296 4309 (tt
358 4238 522 4303 Editi,
549 4236 855 4306 irreligioso:
881 4250 900 4289 :
931 4236 1290 4289 emcndantur
1317 4248 1382 4286 ex
1412 4236 1646 4302 ~criptis.

255 4236 322 4434 ᾧ
362 4308 416 4364 In
445 4316 660 4364 vetusto
689 4321 791 4389 ms.
822 4304 976 4389 (lolii.
1027 4320 1089 4359 ac
1129 4306 1341 4388 Germ"
1394 4302 1763 4387 deputandum.

282 4381 444 4434 lamus
465 4381 777 4434 destituatis.
802 4378 920 4431 scil.
945 4375 1471 4434 AnostolrExemplo
1498 4374 1763 4434 Aposloh,

192 4374 444 4436 Hallcmus
465 4381 777 4447 deprimatis,
802 4378 920 4431 scil.
945 4375 1471 4445 ApostoliExemplo
1498 4374 1763 4442 Apostoli,

192 4452 266 4518 qni
293 4452 565 4506 Christum
593 4459 646 4502 et
675 4459 855 4502 natum
890 4450 1026 4502 dixit
1053 4459 1107 4502 ct
1137 4450 1353 4513 factum,
1402 4455 1458 4501 ut
1487 4461 1609 4500 cum
1642 4460 1765 4499 vera

194 4524 486 4577 cssetillins
519 4519 806 4585 nativitas,
850 4534 967 4574 eam
1014 4525 1326 4573 tamennon
1379 4531 1443 4572 ex
1494 4518 1766 4571 communi

196 4592 315 4663 lege,
344 4594 434 4649 sed
459 4609 521 4648 ex
551 4606 656 4645 una
691 4590 908 4663 Virgine
940 4603 1082 4654 esse,
1118 4588 1628 4663 factur:c__voeabnlo
1669 4587 1767 4641 de-

193 4650 441 4728 clararet;
499 4665 663 4718 docet
716 4650 947 4717 Hilarius
997 4650 1284 4731 utrumque
1338 4659 1473 4731 illud
1521 4650 1847 4731 verbum,D

195 4749 287 4804 quo
313 4735 580 4806 Sapientia
628 4734 857 4806 primum
904 4748 964 4787 se
1005 4730 1261 4806 genitam,
1304 4746 1366 4786 ac
1393 4730 1589 4806 deinde
1615 4743 1763 4783 crea-

197 4801 289 4859 tam
324 4801 600 4863 testiﬁcata
631 4801 736 4870 εει,
783 4803 848 4858 ad
891 4801 1149 4858 aeternam
1174 4802 1316 4857 illius
1341 4801 1767 4871 generationem,

197 4878 284 4930 etsi
309 4877 538 4941 indocte,
573 4874 792 4930 licuisse
822 4885 997 4928 tamen
1028 4874 1249 4939 referri;
1291 4873 1452 4927 modo
1478 4870 1771 4926 creationis

199 4950 399 5004 nomine
447 4964 553 5003 non
607 4946 985 5001 excluderetur
1038 4944 1330 4999 nativitatis
1398 4943 1619 5007 veritas,
1676 4946 1771 4996 sed

199 5021 556 5075 ostenderetur
608 5027 812 5071 tantum
859 5015 995 5069 ratio
1035 5015 1322 5085 singularis
1347 5056 1362 5079 ,
1395 5029 1496 5085 qua
1538 5026 1676 5067 unus
1705 5027 1772 5085 ex

200 5104 295 5146 uno
315 5092 509 5161 absque
537 5089 644 5144 ulla
676 5088 927 5161 passione
956 5083 1238 5161 natnslest.
1276 5083 1649 5161 l_lac_indocta,
1678 5083 1773 5161 sed

202 5175 295 5216 non
337 5154 490 5230 impia
531 5154 1230 5230 interpretatione,”eadem
1277 5156 1571 5230 Sapientia:
1610 5154 1774 5230 verba

203 5224 515 5301 intellexisse
564 5224 818 5301 leguntur
871 5224 1096 5301 Basilius
1156 5231 1356 5300 Ancyr.
1410 5236 1464 5281 et
1508 5224 1776 5301 Georgius

202 5299 405 5359 Laodic.
450 5303 587 5369 apud
620 5294 1020 5372 'Epipltanium,
1053 5298 1186 5372 hzer.
1237 5294 1435 5363 Limn,
1467 5313 1522 5372 ιι,
1553 5294 1775 5361 ἳοζιιὺί

203 5374 379 5431 aiunt:
417 5368 583 5430 Filius
622 5368 1001 5434 cunt'dixt'sset,
1044 5368 1297 5423 Dominus
1345 5370 1534 5423 creavit
1569 5383 1681 5431 me;
1716 5381 1782 5419 ne

206 5459 502 5500 communem
531 5446 642 5516 ejus
663 5459 779 5496 curn
802 5442 989 5516 creatis
1018 5440 1169 5516 rebus
1193 5442 1387 5516 elateri:
1416 5450 1652 5492 naturam
1675 5452 1782 5516 esse

206 5509 581 5584 suspicarentur,
623 5513 909 5567 necessario
955 5513 1183 5584 subjecit.
1237 5512 1369 5565 Ante
1413 5525 1585 5563 omnes
1628 5509 1782 5562 colles

209 5582 366 5656 genuit
388 5603 482 5642 me.
517 5586 714 5652 Quibus
734 5586 868 5651 piant
895 5582 1039 5636 nobis
1066 5597 1127 5635 ac
1148 5584 1399 5656 passionis
1421 5584 1583 5634 omnis
1601 5594 1779 5650 casper-

211 5654 298 5712 lem
322 5659 481 5728 ipsius
499 5674 564 5714 ea:
591 5656 750 5728 Putre
774 5654 1422 5728 proprietatemetrpressit.

276 5718 355 5800 (θ’
388 5728 605 5794 Esensi,
631 5724 687 5781 id
708 5718 804 5792 esi,
834 5718 1003 5780 Deum
1040 5740 1105 5778 ra:
1137 5718 1352 5795 Virgine
1380 5735 1400 5777 ':
1428 5718 1786 5778 emendantur

213 5811 268 5853 ει
292 5814 417 5855 MSS;

1847 1903 2082 1961 ﬁtemur.
2134 1904 2328 1961 Natum
2378 1915 2558 1962 autem
2613 1923 2721 1962 non
2772 1915 2896 1977 post
2924 1906 3169 1979 aliquid,
3200 1907 3296 1964 sed
3321 1915 3447 1963 ante

1848 2000 2026 2054 omnia
2060 2020 2077 2054 :
2117 2009 2170 2054 ttl
2199 1999 2451 2055 nativitas
2497 2009 2701 2056 tantum
2735 2009 2966 2056 testetur
2998 2010 3306 2066 auctorem,
3340 2014 3446 2055 non

1849 2099 2238 2161 prteposterum
2290 2090 2490 2162 aliquid
2524 2091 2576 2159 in
2608 2106 2669 2148 se
2699 2092 2769 2146 ab
2791 2100 3012 2147 auctore
3058 2090 3344 2162 significet.
3385 2090 3452 2146 Et

1848 2183 2062 2253 quidem
2108 2182 2450 2239 confessione
2495 2185 2793 2249 communi,
2839 2184 3075 2241 secunda
3120 2183 3338 2255 quidem
3379 2183 3446 2238 ab

1848 2281 2070 2328 auctore
2119 2273 2371 2329 nativitas
2411 2282 2513 2339 est,
2561 2277 2685 2345 quia
2715 2291 2783 2330 ex
2814 2275 2928 2330 Deo
2969 2285 3085 2343 est;
3116 2290 3222 2330 non
3271 2285 3449 2330 tamen

1848 2367 2165 2438 separabilis
2216 2367 2285 2423 ab
2332 2375 2602 2435 auctore,
2660 2369 2785 2439 quia
2841 2369 2895 2423 in
2947 2376 3207 2438 quantum
3258 2382 3452 2424 sensus

1852 2471 2036 2518 noster
2058 2460 2468 2533 intelligentiam
2501 2461 2729 2517 tentahit
2750 2461 3047 2516 nativitatis
3075 2461 3363 2527 excedere,
3392 2462 3445 2515 in

1852 2562 2058 2610 tantum
2109 2568 2335 2610 necesse
2371 2564 2458 2610 est
2503 2554 2664 2610 etiam
2692 2553 2768 2625 (ι’)
2797 2553 3163 2625 generationis
3205 2553 3451 2609 excedat.

1854 2647 1932 2720 (5)
1956 2648 2120 2706 Solus
2139 2646 2321 2718 itaque
2352 2648 2438 2704 hic
2458 2648 2580 2721 pius
2605 2648 2674 2704 de
2706 2648 2815 2703 Deo
2837 2662 3022 2705 sermo
3049 2655 3154 2714 est,
3182 2649 3322 2703 scire
3348 2647 3455 2702 Pa-

1855 2751 1989 2797 trem
2025 2759 2039 2795 :
2072 2742 2213 2797 scire
2254 2749 2309 2797 et
2347 2755 2470 2796 cum
2497 2754 2564 2795 eo
2596 2754 2720 2796 eum
2746 2740 2837 2809 qui
2867 2754 2935 2796 ex
2958 2754 3027 2796 eo
3047 2740 3237 2795 Filius.
3267 2738 3457 2810 Neque

1852 2847 1984 2890 sane
2032 2834 2175 2892 aliud
2210 2834 2280 2891 de
2328 2835 2459 2899 Deo,
2504 2843 2884 2906 praeterquam
2915 2843 3119 2902 patrem
3167 2848 3289 2890 eum
3331 2848 3455 2889 esse

1855 2928 2115 2999 unigenili
2146 2929 2241 2984 Dei
2270 2938 2327 2985 et
2346 2928 2631 2991 creatoris,
2662 2927 2944 2984 docemur.
2977 2925 3129 2984 Ultra
3168 2941 3228 2982 se
3274 2926 3457 2996 itaque

1856 3022 2140 3079 infirmitas
2169 3022 2403 3078 humana
2432 3036 2539 3077 non
2573 3020 2761 3078 tendat
2802 3038 2817 3076 :
2858 3029 2915 3076 et
2957 3020 3205 3091 loquatur
3233 3018 3336 3074 hoc
3365 3034 3456 3075 so-

1857 3115 1992 3185 lum,
2026 3117 2079 3171 in
2101 3130 2209 3186 quo
2233 3114 2353 3170 solo
2377 3115 2427 3170 ei
2457 3114 2604 3169 salus
2628 3122 2712 3170 est
2731 3154 2745 3178 ,
2775 3120 2901 3168 ante
2927 3112 3107 3167 carnis
3144 3125 3452 3167 sacramen-

1781 3212 1826 3276 C
1862 3218 1971 3264 tum
2015 3208 2071 3264 in
2120 3208 2348 3264 Domino
2392 3206 2523 3263 Jesu
2571 3204 2789 3262 Christo
2818 3204 2921 3261 hoc
2947 3218 3010 3260 se
3038 3217 3258 3275 semper
3293 3203 3457 3269 scire,

1860 3301 2004 3372 quod
2035 3309 2194 3357 natus
2218 3309 2321 3357 est.

1933 3393 2023 3449 52.
2071 3391 2207 3448 Huic
2231 3409 2286 3447 se
2312 3391 2575 3448 adluerere
2600 3391 2873 3460 profitetur
2900 3387 3143 3445 Hilarius
3177 3404 3330 3459 quam
3370 3403 3462 3442 nec

1859 3503 2013 3543 sensu
2037 3503 2132 3542 suo
2160 3486 2408 3556 prce/init.
2435 3514 2508 3526 --
2533 3484 2614 3557 (g)
2644 3485 2754 3556 Ego
2798 3481 3040 3553 quidem,
3096 3482 3148 3535 in
3196 3489 3458 3551 quantum

1860 3594 2123 3637 concesso
2153 3579 2284 3635 mihi
2317 3580 2420 3635 hoc
2458 3594 2487 3632 a
2532 3586 2585 3634 te
2628 3578 2819 3648 spiritu
2848 3574 3062 3647 vigebo,
3092 3582 3276 3630 sancte
3303 3573 3464 3628 Pater

1863 3674 2208 3744 omnipotens
2242 3674 2403 3737 Deus,
2437 3680 2496 3726 ut
2521 3680 2784 3726 aeternum
2808 3678 2860 3724 te
2887 3668 3077 3733 Deum,
3099 3666 3170 3721 ita
3196 3673 3463 3721 aeternum

1863 3775 1915 3821 ct
1949 3774 2153 3836 patrem
2175 3764 2497 3821 confitebor.
2529 3762 2713 3833 Neque
2748 3763 2800 3818 in
2830 3761 2882 3816 id
2911 3774 3165 3831 umquam
3216 3757 3466 3814 stultitim

1861 3866 2024 3930 atque
2056 3856 2349 3930 impietatis
2377 3870 2681 3926 erumpam,
2713 3863 2771 3909 ut
2814 3852 3215 3924 omnipotentis:
3240 3859 3347 3906 tute
3377 3865 3470 3905 sa-

1942 3975 2021 4047 (3)
2062 3974 2220 4031 Solus
2246 3975 2330 4047 [tio
2357 3974 2535 4047 itaque
2552 3974 2669 4047 pius
2694 3968 2759 4024 de
2789 3968 2896 4021 Deo
2932 3983 3115 4047 sermo_
3141 3976 3233 4047 est.
3282 3964 3472 4047 Neque

1869 4037 2014 4103 ultra
2063 4044 2309 4116 procedit
2361 4037 2465 4100 ms'.
2525 4037 2679 4105 liber,
2744 4050 3014 4111 postrema
3067 4038 3255 4093 charta
3314 4037 3473 4091 dimi-

1868 4129 2047 4173 nutus.

1944 4236 2027 4308 (tl)
2067 4235 2123 4292 In
2170 4226 2772 4308 antiquis__mss.‘_Ya-t.
2805 4225 2982 4308 bas...
3036 4223 3288 4308 Martio”
3338 4221 3473 4308 Car-

1874 4295 2094 4364 nuL'et
2142 4295 2348 4372 aliquot
2394 4299 2534 4367 aliis,
2578 4298 2912 4372 divinitatem.
2942 4295 3470 4372 Rectinsinvetere

1870 4378 2051 4438 Colb..
2076 4365 2263 4440 Corhf,
2290 4365 2770 4439 etc.,nat’icitatem,
2790 4385 2909 4423 cum
2941 4381 3122 4423 sermo
3145 4366 3213 4422 sit
3243 4365 3311 4420 de
3337 4375 3475 4420 tent-

1874 4448 2084 4521 poraria
2114 4439 2312 4502 Christi
2342 4459 2415 4501 ex
2449 4441 2666 4512 Virgine
2697 4439 2998 4494 nativitate.

1946 4541 2204 4615 (e)_Loco
2250 4538 2400 4592 vorbi
2440 4535 2614 4615 fidem,
2668 4533 2812 4604 Lips.
2860 4538 2923 4615 et
2961 4530 3084 4615 Par.
3141 4526 3469 4615 cx‘liras-mi

1873 4599 2113 4683 margine
2147 4613 2339 4665 frustra
2388 4599 2778 4683 substitucrunt
2806 4602 3184 4683 contumeliam.
3219 4599 3472 4683 arguun-

1875 4697 1961 4741 tur
1987 4673 2224 4740 haeretici
2251 4724 2267 4749 ,
2296 4694 2402 4735 non
2433 4678 2575 4747 quod
2609 4687 2866 4749 mtcrnam
2901 4673 3188 4749 Sapientia:
3219 4673 3471 4749 increata}

1873 4739 2275 4828 generationem
2295 4739 2627 4828 creationem
2652 4745 2867 4828 in_doete
2888 4739 3303 4828 "minuent-“sed
3313 4739 3472 4828 Aquod

1876 4810 2040 4897 iirtpie
2068 4825 2228 4881 etiam
2258 4823 2502 4897 credant.
2535 4818 2669 4897 'l_‘_oto
2697 4816 2800 4897 hoc
2840 4827 3087 4897 nurnero,
3117 4810 3224 4897 sed.
3243 4823 3473 4897 prmser-

1876 4884 1972 4953 tim
2004 4899 2186 4953 verbis
2226 4890 2677 4962 subsequentibus
2708 4886 2877 4941 notari
2911 4884 3120 4962 videtur
3152 4884 3476 4962 interpreta-

1879 4973 1952 5025 tio
1985 4967 2166 5023 Basilii
2193 4976 2248 5022 et
2275 4953 2514 5031 Georgii.
2549 4974 2778 5031 quorum
2821 4955 2985 5031 verba
3011 4953 3259 5031 superius
3282 4953 3474 5005 retuli-

1878 5054 2019 5095 mus.
2043 5038 2178 5094 Cum
2201 5046 2383 5091 autem
2413 5025 2530 5086 hare
2558 5025 2632 5103 t'l_li
2661 5025 2976 5103 scripserint
2998 5026 3228 5103 ancyrac
3249 5036 3479 5103 congru-

1878 5094 2140 5181 gati‘ante
2163 5108 2310 5181 diem
2340 5105 2543 5181 festum
2581 5094 2802 5181 Pascha:
2845 5094 3107 5181 annAi‘55_8
3127 5094 3479 5181 {conjectare

1879 5168 1963 5236 Est
1992 5179 2132 5234 hunc
2162 5177 2353 5233 librum
2374 5171 2582 5244 synodo
2604 5171 2697 5224 illa
2718 5183 2841 5223 esse
2871 5168 3252 5236 posteriorem.

1952 5268 2031 5345 (ι’),
2066 5268 2205 5326 Editi
2239 5311 2253 5334 ,
2304 5272 2532 5345 excepto
2590 5262 2740 5345 ἰδέη-,ρ
2782 5260 3038 5345 generatio
3064 5300 3079 5324 ,
3137 5257 3481 5345 paulocante

1883 5330 2084 5401 omissa
2116 5330 2253 5395 voce
2271 5330 2574 5393 natiuitatis.
2608 5333 2738 5390 Post
2761 5330 3082 5403 vocabulum
3112 5330 3479 5403 generationis,

1886 5416 2017 5471 satis
2049 5409 2367 5481 intelligitur
2393 5409 2677 5481 taeitagvox
2702 5400 3259 5476 intelligentiam,qua:
3286 5400 3338 5452 in
3371 5416 3476 5454 ms.

1887 5485 2110 5543 Pratell.
2145 5477 2307 5538 etiam
2338 5477 2683 5548 exprimitur.

1965 5575 2041 5650 (g)
2081 5575 2139 5630 In
2162 5588 2274 5650 ‘ms.
2300 5572 2525 5650 Carnut.
2550 5568 2640 5650 hic
2666 5567 2803 5650 tituli
2830 5567 2881 5622 in
2904 5579 3107 5650 morem
3132 5570 3482 5650 praenotatur,

1893 5630 2118 5705 ονὶῖιέοε
2161 5645 2217 5701 in
2266 5645 2386 5700 aliis
2437 5637 2870 5705 recentioribus,
2946 5630 3144 5690 Oratio
3166 5633 3330 5689 sancti
3385 5630 3483 5685 Hi-

1882 5722 2033 5778 ‘larii.
