3936 6196
515 311 610 367 lli?
1694 305 1941 364 SAM?“
1971 305 2224 361 lliLMlll
2269 305 2574 362 ENSCOH

3696 317 3778 370 illi

506 431 1012 496 oramentorutnque
1041 420 1260 488 arbiter,
1290 418 1435 480 hunc
1460 418 1791 480 inﬁrmitatis
1815 434 1952 478 mea
1975 433 2104 475 seu-
2129 423 2182 482 Α
2206 437 2326 491 quae
2355 423 2686 479 occultarum
2732 425 2926 480 virtute
2959 441 3244 481 causarum
3299 437 3412 482 sata
3455 434 3632 486 omnia
3676 448 3780 487 sus-

509 532 630 578 snm
662 517 801 580 ultra
843 513 1124 578 inﬁnitatis
1174 521 1280 570 tare
1333 511 1639 582 religiosam
1684 511 2019 582 opinionem,
2048 519 2106 566 et

509 610 863 684 signiﬁcatam
885 607 1013 668 Inibi
1031 606 1354 668 alet-nilum
1381 605 1541 666 iidem
1571 606 1775 680 erigant
1804 623 1817 658 :
1841 611 1900 659 ut
1924 612 1978 659 te
2003 603 2101 658 aii-

511 703 726 778 quando
748 702 867 766 eine
895 697 1172 770 Sapientia
1204 707 1260 758 et
1291 697 1496 761 Virtute
1525 707 1582 754 et
1607 697 1783 754 Verbo
1819 704 1914 752 tuo
1933 736 1948 760 ,
1977 694 2104 751 uni-

508 797 692 870 geniw
724 795 832 854 Deo
864 793 1090 856 Domino
1119 806 1242 854 mea
1277 791 1407 852 lusu
1454 791 1674 850 Christo
1723 789 1889 847 fuisse
1929 787 2108 860 prmu-

507 889 675 950 niam.
704 886 820 954 Non
845 886 992 946 enim
1025 884 1341 956 tiratjodient
1366 887 1434 942 de
1456 894 1511 942 te
1535 887 1720 943 sensui
1753 899 1874 940 meo
1900 892 2108 940 natura

507 977 676 1053 uo
703 987 902 1040 nostra:
932 977 1178 1036 infirmus
1219 976 1678 1048 imperfectusque
1705 991 1916 1042 sermo;
1950 983 2012 1030 ut
2041 977 2106 1029 ii-

506 1073 631 1132 dem
682 1075 820 1134 intra
869 1071 1149 1132 silentium
1205 1071 1504 1141 strangulet
1563 1068 1742 1140 inopia
1795 1068 2105 1139 eloquendi.

507 1167 754 1238 Namque
777 1182 900 1221 cum
927 1165 1150 1220 verbum
1196 1173 1252 1219 et
1289 1164 1552 1233 sapientia
1584 1175 1638 1219 et
1673 1164 1844 1218 virtus
1870 1163 1920 1218 in
1948 1162 2110 1218 nobis

510 1261 790 1324 interioris
815 1269 994 1320 motus
1022 1257 1191 1319 nostri
1233 1273 1372 1329 opus
1413 1268 1655 1314 nostrum
1682 1259 1774 1323 sit,
1803 1258 1882 1330 (α)
1931 1267 2110 1313 tecum

510 1362 691 1415 tamen
718 1351 942 1422 periecti
971 1351 1087 1417 Dei,
1108 1350 1278 1421 quiet
1308 1349 1542 1406 Verbum
1575 1362 1722 1405 ιιιιιιιι
1751 1358 1807 1406 et
1834 1350 2110 1420 Sapientia

512 1455 570 1504 et
588 1444 774 1504 Virtus
793 1454 895 1511 eet.
923 1443 1170 1502 absoluta
1196 1443 1478 1514 geeratio
1497 1451 1581 1499 est
1602 1461 1617 1507 ;
1642 1451 1701 1498 ut
1731 1442 2112 1513 inseparabilis

511 1551 728 1607 semper
750 1550 781 1592 tt
812 1544 864 1593 te
899 1536 992 1601 sit,
1029 1536 1122 1606 qui
1160 1535 1212 1596 in
1241 1534 1329 1593 bis
1355 1546 1681 1596 aeternorum
1725 1537 2112 1608 proprietatum

510 1639 722 1690 tuarum
755 1628 1065 1689 nominibus
1089 1644 1159 1690 es
1183 1638 1236 1687 te
1264 1637 1422 1686 natus
1449 1630 1755 1686 ostenditur
1782 1647 1797 1685 ι
1829 1639 1988 1686 natus
2013 1645 2111 1684 stt-

513 1733 622 1782 tem
652 1723 744 1790 ita,
777 1732 834 1787 ut
859 1721 992 1785 nihil
1019 1721 1163 1784 aliud
1191 1737 1352 1794 quam
1389 1733 1439 1779 te
1476 1724 1581 1780 sibi
1619 1724 1887 1796 signiﬁcet
1927 1734 2116 1781 aucto-

2205 522 2361 582 ccpta
2388 514 2710 581 dissolvunt,
2741 514 3002 572 dissoluta
3043 518 3341 587 viviﬁcant,
3371 521 3629 577 vivilicata
3661 527 3780 580 mul-

2209 605 2474 674 tiplicant,
2499 606 2849 677 multiplicata
2877 608 3237 676 conﬁrmant;
3268 610 3399 666 nihil
3422 611 3469 665 in
3495 611 3580 668 bis
3603 618 3781 688 reperi,

2205 713 2326 766 qua!
2355 698 2655 770 intelligere
2681 714 2843 756 sensu
2869 717 2989 756 meo
3008 717 3219 772 possem
3249 721 3262 757 :
3285 704 3379 758 sed
3403 704 3662 775 ignoratio
3683 724 3787 765 mea

2207 789 2709 861 sdintelligendum
2761 800 2816 848 te
2870 793 3098 864 prolicit,
3148 793 3279 850 dum
3322 795 3624 859 famulantis
3671 800 3786 855 mihi

2209 880 2514 954 naturasUt)
2539 883 2836 953 imperitus,
2863 900 2962 940 usu
2991 896 3042 942 te
3067 893 3275 942 tantum
3303 903 3437 943 mete
3457 890 3698 947 utilitatis
3726 894 3793 946 in-

2211 974 2414 1044 telligo.
2446 974 2622 1045 Ipsum
2656 991 2744 1031 me
2768 992 2981 1048 quoque
3013 981 3283 1046 nesciens,
3320 981 3388 1034 ita
3433 983 3644 1037 sentio:
3670 994 3718 1036 ιιι
3749 993 3793 1040 te

2215 1066 2392 1137 magis
2412 1083 2501 1133 eo,
2534 1068 2677 1139 quod
2707 1070 2810 1124 mei
2857 1085 2973 1125 sum
3003 1070 3242 1141 ignarus,
3272 1073 3528 1128 admirer.
3568 1075 3693 1128 Nam
3720 1077 3792 1131 tli-

2207 1159 2504 1230 judicanlis
2552 1163 2749 1216 utentis
2776 1177 2912 1217 mete
2939 1175 3030 1218 aut
3058 1175 3264 1220 motutn
3297 1175 3388 1220 aut
3419 1165 3675 1222 rationem
3718 1181 3794 1224 aut

2214 1253 2378 1307 vitam
2399 1260 2455 1307 et
2478 1267 2583 1309 non
2606 1253 2913 1326 intelligens
2935 1259 3130 1324 sentio,
3155 1267 3209 1312 ct
3235 1259 3478 1315 sentiens
3503 1260 3598 1316 tibi
3620 1259 3794 1328 debeo,

2212 1344 2302 1400 cui
2351 1345 2495 1399 ultra
2551 1345 2966 1418 intelligentiam
3013 1350 3274 1404 naturalis
3315 1351 3547 1419 exbrdli,
3600 1368 3794 1410 sensum

2214 1446 2422 1492 natura
2471 1438 2792 1494 oblectantis
2842 1441 3140 1511 impertias.
3189 1439 3258 1498 Et
3304 1457 3427 1500 eum
3472 1454 3524 1500 te
3576 1446 3634 1518 (i)
3674 1449 3791 1504 meis

2215 1529 2470 1600 ignorans
2527 1530 2846 1602 intelligam,
2898 1541 2952 1588 et
3007 1534 3313 1606 intelligens
3351 1535 3794 1622 venerenﬁl

2219 1637 2322 1680 nee
2369 1637 2471 1695 ego
2525 1625 2579 1680 itt
2635 1625 2743 1682 tuis
2797 1626 2958 1682 rebus
3012 1626 3171 1684 iidem
3238 1627 3646 1701 omnipotentiae
3687 1619 3799 1687 tua

2218 1716 2453 1786 laxabo,
2513 1720 2639 1790 quia
2681 1721 2954 1786 nesciam;
3006 1730 3064 1776 ut
3118 1737 3310 1777 sensus
3357 1739 3514 1778 meus
3558 1723 3797 1794 originem

512 1831 661 1883 rem;
719 1830 824 1878 non
871 1816 1035 1880 etiam
1090 1815 1252 1874 iidem
1298 1815 1579 1874 inﬁnitatis
1623 1819 1835 1876 amittat
1881 1834 1980 1890 per
2036 1817 2114 1886 id,
2147 1818 2196 1880 B
2224 1810 2301 1885 (j)
2327 1811 2602 1883 Unigeuiti
2629 1813 2971 1883 tuioecupet,
3005 1823 3055 1869 et
3085 1814 3187 1870 sibi
3211 1813 3428 1885 subdat,
3458 1821 3513 1871 et
3539 1815 3728 1887 aliquid
3754 1816 3798 1870 in

510 1907 586 1978 (lt)
639 1905 782 1979 quod
819 1914 948 1972 ante
984 1915 1224 1979 tempora
1273 1915 1476 1966 mterna
1521 1919 1682 1966 natus
1732 1924 1854 1966 esse
1909 1924 2117 1967 metuo.

514 2009 685 2067 ratur,

587 2092 676 2157 δῦ.
718 2089 788 2154 In
830 2093 1009 2155 pultis
1063 2092 1386 2152 naturalibus
1447 2096 1599 2154 rebus
1627 2135 1644 2164 ,
1701 2112 1922 2168 quorum
1994 2097 2116 2155 tam

515 2203 707 2256 cattsa,
772 2188 1025 2251 suasuris
1085 2188 1245 2258 ﬁdes,
1302 2197 1495 2259 male
1568 2189 1734 2260 magis
1796 2191 1852 2245 in
1905 2191 2112 2248 divinis.

516 2310 588 2324 —-
668 2281 831 2342 Multa
902 2283 1050 2340 enim
1123 2281 1278 2338 istius
1329 2281 1474 2338 modi
1524 2281 1580 2337 in
1647 2282 1809 2340 rebus
1869 2283 2117 2343 humanis

517 2375 838 2444 praestitisti.
887 2390 1114 2446 quorum
1164 2365 1287 2434 cum
1340 2390 1501 2431 causa
1544 2376 1844 2446 ignoretur,
1891 2377 2119 2435 euectus

518 2476 699 2528 tamen
723 2484 829 2527 non
853 2468 1112 2526 nescitur.
1152 2467 1218 2524 Et
1275 2467 1524 2539 religiosa
1569 2477 1655 2524 est
1705 2467 1859 2536 ﬁdes,
1902 2469 1995 2525 ubi
2036 2481 2120 2527 est

517 2559 681 2623 etiam
705 2562 965 2622 naturalis
989 2559 1062 2633 (ο)
1103 2560 1408 2620 inscientia.
1448 2559 1580 2616 Nam
1609 2576 1730 2615 cum
1753 2562 1900 2617 erexi
1928 2564 1979 2618 In
2009 2577 2120 2620 cas-

520 2653 628 2712 lutn
679 2663 830 2716 tuum
871 2653 970 2712 ltus
1027 2654 1244 2714 luminis
1297 2653 1402 2709 mei
1444 2654 1686 2712 inﬁrmes
1733 2655 1942 2723 oculos,
1988 2655 2122 2712 nihil

517 2745 664 2810 aliud
685 2761 808 2811 esse
831 2761 992 2817 quam
1033 2746 1232 2805 omium
1279 2746 1528 2817 tuum(d)
1557 2745 1784 2805 credidi.
1828 2749 1937 2803 llos
1975 2750 2122 2806 enim

523 2840 802 2900 astriferos
853 2841 907 2900 in
961 2855 1030 2898 eo
1073 2840 1331 2908 circulos,
1384 2849 1439 2898 et
1481 2857 1690 2896 annuos
1740 2857 2023 2908 recursus,
2069 2851 2124 2900 et

522 2934 596 3006 (ε)
625 2933 895 3004 vergilias,
919 2945 971 2994 et
1003 2934 1467 3004 septemtrionem,
1505 2941 1563 2990 et
1608 2934 1912 3000 luciferum,
1941 2933 2012 3007 (Γ)
2043 2936 2127 2991 (11-

521 3043 675 3086 versa
718 3028 1141 3088 ministeriorum
1189 3042 1409 3084 suorum
1439 3027 1663 3083 sortitos
1689 3027 1869 3084 urticis
1907 3029 2126 3098 couspl-

519 3121 690 3186 ciens.
723 3123 890 3179 Deum
934 3130 986 3177 te
1029 3121 1081 3178 in
1130 3119 1245 3187 his,
1277 3135 1506 3189 quorum
1555 3120 1966 3192 intelligentiam
2017 3139 2124 3186 non

2220 1917 2308 1959 me
2336 1903 2426 1969 sit,
2449 1903 2592 1974 quod
2623 1919 2724 1976 ego
2754 1905 2892 1960 ultra
2923 1913 2978 1962 et
3001 1903 3315 1964 Creatorem
3345 1915 3400 1964 et
3447 1907 3613 1969 Deum
3641 1923 3799 1964 meum

2217 1993 2457 2052 tendam.

2291 2085 2384 2142 δι.
2418 2085 2590 2143 Filius
2615 2105 2678 2146 ea:
2706 2087 2881 2145 Patris
2927 2091 3210 2146 substantia
3250 2101 3437 2163 natus,
3485 2091 3704 2166 adeoque
3732 2111 3800 2150 se-

2221 2180 2417 2236 cundus
2443 2180 2506 2234 ab
2537 2197 2618 2246 eo,
2643 2183 2733 2236 sed
2773 2192 2993 2240 alemus
3031 2193 3077 2240 et
3119 2185 3436 2241 individuus.
3461 2218 3534 2230 ——
3564 2185 3800 2242 Nativitas

2221 2270 2340 2340 ejus
2362 2281 2486 2328 nte
2507 2283 2707 2330 alterna
2731 2283 2975 2352 tempore
3007 2285 3108 2333 est.
3132 2277 3186 2333 Si
3216 2277 3418 2348 aliquid
3449 2276 3504 2334 in
3529 2278 3687 2334 rebus
3711 2287 3798 2348 est,

2221 2367 2366 2440 quod
2398 2366 2672 2426 antevenit
2690 2367 3101 2436 ater-nitatem;
3153 2370 3260 2425 erit
3307 2369 3514 2439 aliquid
3543 2369 3799 2441 profecto,

2223 2460 2368 2534 quod
2396 2473 2612 2516 sensum
2639 2459 2959 2515 actemitatis
2987 2461 3231 2516 excedat.
3258 2460 3373 2517 Tua
3404 2462 3552 2517 enim
3604 2478 3687 2518 res
3714 2473 3800 2530 est,

2224 2563 2278 2608 et
2306 2551 2624 2623 Unigenitus
2657 2559 2781 2606 tuus
2820 2560 2907 2606 est
2936 2567 2951 2606 :
2982 2567 3089 2608 non
3120 2553 3314 2623 portio;
3359 2568 3470 2609 non
3522 2555 3800 2625 protensio,

2228 2662 2335 2704 non
2363 2644 2662 2702 secundum
2691 2645 3107 2702 efllcientierum
3147 2647 3460 2717 opinionem
3492 2663 3685 2704 nomen
3723 2646 3807 2700 ali-

2225 2740 2370 2813 quod
2400 2741 2594 2805 iusne;
2651 2737 2744 2793 sed
2777 2737 2940 2807 illius,
2974 2739 3114 2794 ﬁlius
3139 2754 3202 2794 ex
3235 2748 3289 2795 te
3333 2740 3449 2796 Deo
3499 2749 3647 2812 patre
3686 2741 3805 2794 Deus

2225 2847 2411 2899 verus,
2441 2841 2497 2886 et
2521 2830 2597 2903 (lt)
2618 2846 2649 2886 a
2672 2841 2723 2887 te
2757 2831 2812 2886 in
2840 2837 3048 2887 naturae
3077 2840 3183 2887 tua.
3211 2832 3416 2888 unitate
3441 2835 3677 2904 genitus;
3705 2840 3807 2902 post

2229 2939 2283 2986 te
2309 2930 2380 2985 ita
2409 2927 2786 2994 condiendus,
2817 2936 2874 2982 ut
2912 2935 3087 2982 tecum
3124 2945 3136 2982 :
3171 2927 3294 2997 quia
3336 2937 3561 2983 :eterna:
3608 2927 3806 2998 originis

2228 3039 2345 3080 sum
2374 3032 2562 3079 auctor
2590 3030 2823 3077 aeternus
2845 3036 2924 3077 es.
2950 3019 3084 3077 Nam
3107 3020 3233 3076 dum
3259 3035 3324 3077 es
3344 3027 3398 3077 te
3423 3031 3532 3090 est,
3562 3019 3807 3076 secundus

2231 3134 2260 3174 ιι
2283 3127 2338 3176 te
2367 3129 2470 3183 est;
2490 3115 2617 3172 dum
2642 3130 2770 3171 vero
2795 3124 2916 3170 tuus
2935 3125 3040 3179 est,
3069 3131 3175 3169 non
3213 3113 3276 3186 (ι)
3310 3113 3649 3184 separandus
3671 3113 3732 3168 ab
3756 3126 3808 3164 ro

521 3214 876 3283 conspicetur,
925 3212 1188 3283 intelligo.
1235 3215 1368 3269 Cum
1399 3229 1529 3270 vero
1555 3215 1828 3270 mirabiles
1855 3217 2120 3274 elationes
2150 3213 2196 3277 C
2229 3228 2289 3268 es
2320 3229 2334 3268 :
2369 3211 2492 3282 quia
2545 3223 2646 3266 nec
2691 3210 2809 3264 sine
2838 3216 2932 3263 tuo
2978 3207 3146 3264 fuisse
3174 3206 3519 3264 condiendus
3544 3208 3809 3276 aliquando

524 3307 690 3362 utaris
717 3309 788 3361 tui
813 3307 954 3371 vidi;
987 3323 1092 3361 non
1115 3307 1288 3362 solum
1312 3322 1572 3378 aquarum
1593 3306 1876 3378 originem,
1901 3309 1998 3364 sed
2027 3325 2127 3366 nec

526 3410 731 3459 motum
793 3400 869 3472 (α)
925 3401 1186 3456 dimensa!
1239 3399 1400 3470 hujus
1450 3400 1840 3456 vicissitudinis
1912 3416 2133 3456 assecu-

527 3504 636 3559 tns,
695 3493 853 3553 iidem
906 3503 1081 3552 tamen
1153 3492 1410 3564 rationis,
1473 3492 1604 3548 mibi
1679 3492 2130 3564 imperspicabilis

522 3587 668 3652 licet,
703 3585 1135 3656 apprehendens.
1184 3586 1237 3642 in
1283 3582 1367 3640 bis
1413 3593 1465 3640 te
1503 3600 1721 3656 quoque
1754 3602 1873 3656 quas
1912 3588 2123 3657 ignoro,

523 3693 631 3738 non
658 3679 864 3737 nescio.
883 3678 1000 3738 lam
1028 3692 1159 3735 vero
1174 3693 1298 3734 eum
1324 3677 1376 3733 iu
1407 3686 1580 3734 terras
1609 3686 1789 3734 mente
1814 3688 2125 3746 convertor,

598 3835 675 3908 (ιι)
701 3834 758 3892 ιιι
781 3843 965 3898 vetere
994 3848 1095 3898 m8.
1113 3833 1268 3892 Colb.
1289 3842 1344 3894 et
1368 3832 1582 3900 Germ..
1607 3835 1776 3906 potius
1797 3844 1985 3902 tamen,
2017 3851 2127 3896 non

525 3917 691 3962 tecum
723 3915 912 3959 tamen.

624 3976 676 4050 ι)
721 3977 860 4050 ἕνα,
882 3977 998 4050 bss-
1028 3975 1322 4050 φασι-φά
1342 3991 1376 4050 -_
1395 3984 1599 4050 «me
1627 3985 1730 4032 elo-

629 4046 678 4117 ο)
720 4046 885 4111 Editi,
916 4047 1142 4103 inscitia.
1167 4046 1457 4117 veterrimi
1484 4049 1701 4104 codices
1738 4047 1858 4105 Vat.
1909 4049 2026 4106 bas.
2073 4061 2130 4109 et

527 4115 709 4183 Colb.,
737 4120 966 4173 scientia.
1003 4117 1193 4174 Verius
1220 4115 1442 4174 Carnut.
1477 4119 1764 4174 inscientia.

604 4191 683 4264 (ά)
727 4190 778 4244 Id
808 4200 1012 4264 est,_te
1040 4205 1200 4264 unum
1245 4189 1386 4250 illius
1413 4199 1707 4264 auctorem
1756 4206 1818 4246 ac
1844 4191 2116 4264 _modera-

527 4232 700 4318 tonctit
746 4232 950 4317 credidi
977 4279 990 4334 ς
1017 4261 1134 4334 quia
1150 4247 1510 4334 ηεηιοςωιιιηι
1549 4272 1791 4334 contuens
1833 4259 1999 4334 Deum
2019 4281 2129 4318 esse

528 4350 632 4388 non
661 4333 863 4394 sentiat,
893 4339 952 4402 ut
979 4331 1216 4402 loquitur
1246 4332 1297 4384 in
1330 4331 1420 4386 Ps.
1449 4347 1572 4396 ων,
1607 4350 1661 4388 ιι.
1695 4333 1762 4389 10
1787 4376 1801 4402 ,
1835 4333 1930 4389 sed
1964 4337 2128 4392 ratio-

531 4419 656 4460 nem
684 4417 788 4472 qua
818 4401 949 4456 illud
979 4400 1301 4472 moderaris,
1323 4419 1429 4458 non
1461 4419 1579 4460 sum
1609 4400 1907 4466 assecutus.

607 4474 679 4546 (e)
705 4471 875 4548 Apud
897 4472 1022 4548 Bad.
1056 4479 1112 4524 ut
1139 4471 1192 4548 in
1224 4487 1354 4526 mss.
1388 4474 1618 4548 virgitias
1652 4493 1663 4527 :
1697 4477 2036 4540 inconcinne,
2079 4479 2126 4534 si

529 4543 658 4601 hinc
688 4545 927 4611 Vergiliae
952 4543 1545 4612 denominentur,qu'od
1575 4554 1751 4600 ortum
1779 4562 1934 4602 suum
1961 4564 2128 4604 verno

529 4627 772 4686 tempore
804 4613 1076 4688 _ltabeau_t.
1128 4613 1263 4667 Tutu
1308 4614 1360 4668 in
1404 4617 1639 4688 excusis,
1692 4620 2101 4688 septemtrionem

2227 3319 2309 3368 es,
2341 3318 2409 3360 ne
2433 3312 2525 3358 aut
2559 3299 2910 3372 imperfectus
2937 3301 3058 3356 sine
3084 3301 3432 3370 generatione
3453 3343 3470 3370 ,
3524 3310 3616 3356 aut
3645 3315 3809 3369 supcr-

2230 3399 2371 3454 lluus
2394 3406 2513 3468 post
2534 3395 2938 3468 generationem
2961 3394 3224 3464 argueris.
3256 3396 3429 3464 Atque
3454 3395 3530 3449 ita
3546 3394 3611 3449 ad
3635 3393 3682 3448 id
3707 3405 3806 3445 tan-

2230 3500 2342 3545 tttm
2372 3488 2625 3544 nativitas
2647 3487 2857 3558 prolicit
2883 3493 3107 3552 aeterna,
3142 3496 3199 3540 ut
3233 3485 3494 3557 unigeniti
3517 3497 3640 3540 ante
3668 3494 3804 3540 teter-

2232 3599 2300 3638 na
2326 3592 2570 3653 tempore
2591 3596 2655 3636 ex
2689 3590 2740 3634 te
2766 3579 2860 3635 lilii
2891 3586 3094 3649 patrem
3123 3586 3176 3634 te
3207 3577 3442 3634 sciatnns
3467 3589 3744 3635 aeternum.

2303 3678 2392 3735 55.
2420 3677 2648 3749 Spiritus
2673 3686 2879 3731 sanctus
2907 3683 3102 3730 nonest
3127 3672 3539 3731 creatum—Et
3565 3674 3690 3731 mihi
3709 3674 3809 3745 qui-

2229 3835 2349 3892 Mox
2377 3833 2433 3890 in
2455 3831 2684 3906 vulgatis
2706 3849 2808 3904 quo
2832 3848 2946 3905 ego,
2965 3832 3054 3888 ubi
3083 3847 3150 3888 es
3183 3847 3316 3890 mss.
3347 3833 3664 3905 reponimus
3689 3833 3810 3904 quod

2231 3923 2344 3962 εαο.

2259 3924 2383 4046 aiis)
2419 3976 2705 4044 Exemplar
2737 3975 3004 4030 Vaticana:
3032 3972 3270 4030 basilica:
3295 4017 3308 4038 ,
3349 3983 3398 4039 et
3449 3991 3484 4030 α
3534 3985 3581 4034 te
3630 3987 3811 4032 natura

2231 4047 2570 4118 conﬁtendus,
2595 4048 2718 4103 aliis
2743 4046 2991 4118 omissis.
3013 4046 3142 4118 Bad.
3171 4056 3227 4118 et
3273 4046 3363 4102 Er.
3405 4063 3472 4102 ex
3505 4063 3613 4108 uno
3635 4065 3808 4105 recen-

2233 4121 2370 4176 tiore
2401 4135 2502 4173 ms.
2537 4118 2691 4174 Colb.
2725 4119 2879 4173 valde
2909 4117 3085 4172 dubiae
3115 4117 3234 4172 lidei
3255 4159 3269 4183 ,
3302 4126 3349 4172 et
3375 4135 3406 4173 a
3450 4128 3502 4174 te
3540 4120 3592 4174 in
3632 4132 3810 4174 natura!

2234 4201 2335 4245 tute
2360 4191 2567 4246 veritate
2579 4192 2799 4261 genitus,
2818 4199 2922 4245 etc.
2943 4189 3106 4261 Alter
3121 4188 3275 4245 Colb.
3300 4205 3424 4244 cum
3444 4207 3554 4246 uno
3571 4193 3801 4256 Sorbnu.,

2230 4274 2278 4324 et
2310 4273 2408 4316 ate
2432 4263 2483 4316 in
2511 4260 2696 4318 natura
2729 4270 2817 4316 tua
2861 4260 3151 4329 unigenitus
3177 4261 3375 4331 genitus
3399 4302 3414 4325 ,
3440 4271 3549 4318 etc.
3579 4262 3798 4325 Martio,

2233 4333 2444 4405 Remig.
2475 4347 2538 4388 ac
2573 4332 2614 4390 Τ
2621 4331 2805 4406 1ιθοΑιΙ.,
2834 4341 2881 4387 et
2910 4348 2940 4386 α
2973 4341 3018 4384 te
3043 4332 3102 4406 in
3126 4341 3323 4406 natura:
3354 4341 3454 4387 tua:
3477 4335 3806 4406 ingeniatus-

2231 4406 2368 4478 nitus
2393 4401 2635 4478 potestate
2665 4419 2682 4458 :
2710 4403 2781 4457 ita
2810 4419 2871 4478 ex
2894 4411 2939 4478 te
2968 4401 3311 4478 conﬁtendus,
3343 4412 3475 4469 ctc.,
3508 4401 3646 4476 q'uod
3673 4405 3802 4478 Lips.

2231 4485 2288 4533 et
2313 4472 2436 4532 Par.
2480 4474 2778 4546 arripuere.
2812 4474 2918 4528 Sed
2945 4472 3099 4529 valde
3139 4483 3448 4546 suspectum
3478 4472 3565 4531 est
3590 4476 3802 4532 vocabit.

2231 4547 2340 4602 lum
2371 4544 2640 4618 potestate,
2682 4561 2776 4616 pro
2805 4555 2916 4617 post
2945 4552 3012 4611 te,
3044 4544 3580 4618 cum_a_dditamcnto
3608 4547 3802 4618 vocula-

2232 4616 2462 4676 rumicx
2512 4626 2579 4672 te.
2612 4616 2666 4674 In
2706 4616 3000 4674 vetustiore
3030 4630 3132 4672 ms.
3162 4616 3316 4671 Colb.
3373 4632 3583 4673 uecnOn
3624 4617 3798 4678 Corb..

530 4664 770 4761 ἓῖἱίἕῖξῖ
804 4664 1738 4761 pagana";aetnaea;una
1748 4664 2125 4751 ⁷633ὶὲζῖἔὲὂῖ
2151 4667 2205 4730 1)
2229 4664 2666 4761 ὄξίιῖὶιζῑιτξιῖὲιῖξ
2693 4664 3110 4761 (έι’ξιῑῇἕ,’ἑι’ᾳ”ίὲ
3121 4664 3545 4743 ἰη’ἧᾶἱὰτῶἱῖιῖ
3553 4664 3803 4761 nisi;

527 4775 627 4814 nos
655 4757 796 4812 enim
828 4755 1063 4825 antiquis
1092 4763 1248 4810 erant
1269 4755 1433 4811 boves
1457 4765 1720 4812 aratores.

603 4827 672 4899 (f)
712 4828 768 4882 In
797 4828 1047 4897 vulgatis,
1078 4835 1128 4881 et
1159 4827 1358 4899 diversa
1399 4840 1417 4882 :
1457 4828 1596 4882 male
1641 4827 1820 4896 addita
1868 4831 2123 4899 conjunc-

526 4895 695 4970 tione.
727 4895 1076 4970 Antea'vetus
1107 4913 1208 4952 ms.
1235 4895 1416 4970 Colb.,
1451 4913 1555 4952 non
1586 4899 1855 4970 luciferum
1883 4895 2122 4970 prtefert,

529 4971 625 5026 sed
656 4969 813 5039 hujus
839 4968 961 5028 loco
991 4970 1280 5038 plurarum.
1323 4968 1468 5023 idem
1517 4968 1696 5027 habet
1717 4985 1816 5025 ms.
1849 4968 2033 5027 Germ.
2070 4968 2122 5030 in

530 5050 700 5106 textu,
733 5051 787 5094 et
813 5041 865 5107 in
894 5042 1134 5110 margine
1168 5040 1244 5096 uel
1275 5039 1602 5102 pliadarnm:
1633 5057 1751 5109 qua)
1778 5043 1939 5097 lectio
1969 5044 2123 5100 nobis

533 5129 638 5167 non
660 5111 942 5188 probatur;
971 5126 1093 5166 cum
1122 5118 1707 5188 superiusmemoratm
1730 5111 1838 5188 sint
1865 5118 2118 5188 vergiliis,

530 5184 672 5254 quod
704 5181 926 5254 latinum
951 5198 1146 5236 nomen
1171 5181 1257 5237 est
1277 5183 1426 5237 verbi
1449 5186 1611 5253 ει·ωοὶ
1631 5184 1884 5247 πλειάδες.

603 5254 682 5328 (g)
727 5253 843 5328 Var.
874 5254 988 5328 bas.
1020 5254 1190 5328 code;
1221 5254 1626 5328 cutnMMnrtitt"I
1675 5258 1936 5328 incruenta:
1969 5258 2125 5328 huius

529 5320 874 5405 uuiiitudirtis.
919 5320 1085 5394 Magis
1122 5321 1301 5394 placet
1344 5320 1620 5392 librorum
1655 5320 1886 5394 aliarum
1939 5320 2120 5398 leciio,

528 5409 633 5466 qua
663 5411 829 5466 maris.
855 5405 1018 5466 aestus
1043 5406 1344 5462 ettart'attlr.

603 5463 680 5535 (h)
709 5464 768 5519 In
791 5464 978 5520 iisdem
997 5481 1154 5533 mss.,
1177 5465 1468 5537 impertiuit
1505 5483 1671 5534 nuta
1687 5477 1734 5526 te
1753 5477 1974 5538 tantum,
1989 5481 2122 5540 ιιιιι..

528 5545 801 5590 (τοττιιιιιθ.

599 5603 662 5727 ἱὶ)
693 5603 782 5660 Sic
854 5605 1090 5676 potiores
1134 5619 1266 5662 mss.
1309 5607 1401 5664 ubi
1446 5607 1608 5664 Corb.
1635 5617 1666 5664 a
1692 5611 1927 5676 secunda
1962 5615 2125 5678 manu

625 5690 728 5727 uue
772 5678 1100 5727 recentiores
1125 5675 1324 5727 habent
1370 5679 1425 5727 In
1473 5679 1596 5727 meis
1641 5695 1660 5727 .°
1700 5681 1890 5727 eodem
1937 5697 2119 5727 unum-

529 5673 728 5742 aliique
772 5673 1100 5732 recentiores
1125 5675 1324 5734 habent
1370 5679 1425 5732 in
1473 5679 1596 5734 meis
1641 5695 1660 5735 :
1700 5673 1890 5738 eodem
1936 5673 2121 5740 sensu.

533 5742 680 5798 Editi
702 5759 850 5806 vero,
881 5762 980 5800 me.

609 5813 680 5889 (j)
704 5815 922 5886 Aliquot
951 5830 1018 5872 ex
1047 5814 1439 5888 antiquioribus
1485 5835 1617 5878 mss.
1665 5822 1985 5901 νήπιος]εηὶιὲ
2031 5826 2123 5884 tui.

2230 4762 2450 4834 genitus,
2480 4769 2583 4818 ctc.
2612 4759 2840 4834 ill-exime
2885 4758 3248 4834 :tt‘ritleret,_et
3276 4776 3308 4834 (ι
3341 4767 3394 4834 te
3415 4771 3614 4834 natura:
3642 4758 3803 4834 intret

2231 4827 2513 4906 congenitis
2539 4830 2772 4906 genitus,
2818 4827 3118 4906 secundum
3165 4827 3433 4906 illudulib.
3592 4829 3800 4906 Syuotlis

2231 4918 2286 4958 ιι.
2312 4897 2382 4957 ἰὸ
2412 4920 2423 4954 :
2459 4897 2700 4971 Infelﬁgo
2725 4916 2789 4956 ea:
2807 4900 2913 4956 Deo
2935 4897 3120 4964 Deum,
3155 4915 3255 4954 non
3282 4901 3547 4960 dissimilis
3573 4897 3796 4964 uiuitur,

2231 4991 2332 5038 non
2355 4973 2594 5038 divisum,
2627 4973 2718 5026 sed
2739 4980 2937 5040 notum,
2967 4981 3012 5028 et
3033 4987 3096 5024 ea:
3122 4971 3436 5026 inuascibilis
3470 4973 3561 5028 Dei
3589 4972 3796 5030 substan-

2230 5047 2300 5100 tia
2330 5057 2669 5104 coxcemuu
2702 5045 2753 5097 in
2781 5041 2940 5100 Filio.
2959 5043 3235 5100 secundum
3268 5042 3672 5110 similitudinem,
3695 5042 3796 5096 uni-

2265 5117 2452 5170 enitam
2482 5114 2809 5185 nativitatem.
2835 5112 3019 5184 Neque
3040 5111 3211 5185 etiam
3234 5111 3542 5184 displiceret
3575 5113 3798 5185 superior

2253 5186 2412 5248 ectio,
2444 5185 2488 5242 si
2518 5183 2774 5254 particula
2800 5185 2853 5238 in
2884 5182 3097 5238 abesset
3119 5183 3174 5237 in
3202 5182 3344 5254 hunc
3365 5187 3612 5250 modum;
3643 5182 3686 5246 et
3710 5199 3735 5240 tt
3756 5191 3795 5238 te

2231 5267 2428 5318 natura
2453 5266 2553 5312 tua:
2581 5255 2849 5328 unigenitte
2871 5254 3070 5328 genitus
3096 5271 3115 5309 :
3143 5264 3199 5314 ut
3225 5253 3344 5328 Filii
3373 5268 3428 5312 et
3450 5256 3620 5328 Patris
3639 5255 3795 5318 unitas

2231 5328 2409 5388 verbis
2438 5335 2635 5382 natura:
2669 5323 2770 5398 iuit:
2814 5323 3179 5398 ostendatur,_
3215 5325 3408 5398 quibus
3464 5326 3794 5398 subiungatur

2230 5400 2541 5481 amoenitas,
2589 5407 2646 5454 ιιι
2674 5397 3125 5481 Flliiproprietas
3150 5395 3472 5481 declaretur.
3503 5395 3702 5481 Sieiib.
3723 5409 3789 5457 lx.

2233 5419 2541 5526 Iungentur,
2590 5419 2646 5454 ut
2675 5419 2703 5454 ι·
2721 5419 3125 5479 ιιιιονιηιιΐιιιιειδ
3150 5419 3472 5453 ιιιτιξιειΐιιιιιΐ.
3503 5419 3601 5478 δια.
3619 5419 3702 5454 ιιυ.
3723 5419 3787 5457 ιι.

2233 5487 2286 5526 ιι.
2333 5469 2404 5536 ,8,
2439 5470 2663 5538 legimus
2699 5466 2822 5522 Ftltt
2851 5473 3094 5538 naturam
3119 5483 3150 5524 ιι
3175 5465 3402 5526 Paterna
3427 5485 3530 5526 non
3552 5463 3752 5538 dtil'erre
3774 5503 3787 5527 ,

2230 5541 2419 5612 quippe
2445 5537 2558 5622 qua:
2586 5554 2650 5622 ea:
2685 5547 2790 5622 tota
2819 5545 2924 5622 tota
2952 5537 3038 5603 sit,
3069 5549 3254 5622 quaeet
3285 5539 3409 5621 dum
3434 5537 3682 5622 unigenita
3704 5543 3785 5600 est,

2225 5609 2424 5684 patrem
2451 5609 2812 5684 in__tte__ltabeat.
2839 5611 3035 5684 Verum
3055 5609 3273 5668 nitidior
3295 5609 3513 5684 visaest
3525 5609 3681 5684 lectio
3697 5622 3784 5664 ab".

2228 5680 2540 5755 monasterii
2568 5680 2728 5755 Silvae
2753 5681 2994 5755 majoris,
3014 5698 3172 5755 quam
3199 5695 3264 5740 eo
3287 5681 3647 5744 nondumviso
3669 5692 3788 5750 praua

2229 5751 2504 5822 ferendam
2535 5751 2988 5822 coniectabamus.

2313 5821 2376 5897 (Ι)
2411 5823 2502 5883 Sic
2527 5821 2656 5881 tussi.
2689 5824 2831 5882 Editi
2857 5838 3004 5895 vero,
3031 5841 3132 5883 non
3157 5825 3471 5898 reparandas
3495 5842 3524 5879 a
3549 5832 3594 5888 te
3615 5829 3700 5878 est.
