3936 6196
139 280 238 337 469

1337 274 1429 332 DE
1468 266 1842 332 TRlNlTATE
1880 270 2087 329 LIBER
2127 272 2242 331 XII.

3332 282 3440 339 470

141 398 256 455 dem
296 410 493 468 parum
536 404 625 455 est
648 396 771 463 hoc,
807 398 933 455 ﬁdei
967 412 1103 455 meae
1129 412 1192 455 ac
1214 397 1371 486 vocis
1389 395 1592 467 ofﬂcio,
1620 395 1730 486 Do-
1758 424 1812 486 Α
1835 393 1969 450 Nam
1997 401 2054 486 ut
2074 395 2129 450 in
2155 410 2222 452 eo
2243 436 2257 462 ,
2288 394 2430 467 quod
2460 403 2587 451 ante
2612 400 2815 451 acterna
2845 400 3091 467 tempora
3118 386 3442 486 Unigenitus

144 490 338 547 minuto
359 496 415 544 et
426 489 602 545 Deum
630 504 806 546 meum
822 490 1155 562 unigenitum
1173 498 1320 544 tuum
1344 485 1527 545 Jesum
1575 485 1730 544 Chri-
1758 472 1778 486 ’

144 593 275 639 stum
305 592 616 639 creaturam
639 598 836 653 negare
866 601 879 638 :
914 582 1076 652 hujus
1101 599 1203 654 ego
1246 579 1483 637 nominis
1512 595 1738 636 consor-

143 676 265 731 tium
296 691 364 731 ne
384 674 440 733 in
462 685 653 732 sancto
677 676 892 748 quidem
915 676 1117 748 Spiritu
1133 687 1223 731 tuo
1240 674 1431 747 patiar,
1451 689 1520 731 ex
1537 682 1593 729 te
1616 688 1739 744 pro-

148 769 296 835 fecto,
318 776 373 823 et
401 783 500 838 per
522 784 644 825 eum
670 770 855 826 misso.
888 770 1075 843 Magna
1100 768 1264 843 “2
1291 771 1433 826 enim
1461 766 1592 822 mihi
1612 782 1738 838 erga

148 876 227 917 res
254 871 372 916 tuas
398 860 601 933 religio
625 871 728 917 est.
760 861 966 934 Neque,
997 863 1120 933 quia
1150 871 1203 918 te
1245 862 1419 917 solum
1450 860 1527 934 (a)
1557 860 1739 916 innas-

150 954 371 1019 cibilem,
405 964 462 1009 et
488 955 825 1025 unigenitum
861 970 926 1011 ex
971 965 1022 1011 te
1054 964 1238 1010 natum
1270 954 1467 1019 sciens,
1501 952 1740 1022 genitum

153 1045 219 1120 (ὁ)
247 1055 425 1101 tamen
453 1043 716 1116 Spiritum
746 1057 990 1101 sanctum
1010 1061 1118 1101 non
1142 1045 1382 1101 dicturus
1409 1044 1534 1111 sim,
1565 1040 1741 1098 dicam

154 1154 397 1210 umquam
427 1148 696 1195 creatum.
729 1138 901 1210 Hujus
926 1156 1026 1211 ego
1057 1138 1226 1207 dicti,
1259 1136 1402 1209 quod
1436 1136 1569 1192 mihi
1619 1151 1740 1191 cum

154 1232 352 1287 caeteris
378 1246 406 1282 a
455 1241 510 1286 te
550 1231 852 1287 substitutis
877 1248 1165 1288 commune
1189 1241 1293 1297 est,
1326 1232 1397 1303 (e)
1432 1230 1499 1286 ad
1528 1240 1579 1285 te
1604 1246 1740 1301 quo-

157 1340 251 1394 que
292 1333 651 1394 prorepentes
691 1326 856 1382 timeo
904 1327 1276 1382 contumelias.
1326 1323 1597 1380 Profunda
1652 1332 1741 1378 tua

156 1430 360 1474 sanctus
391 1418 629 1489 Spiritus
674 1428 830 1485 tuus,
874 1420 1168 1476 secundum
1197 1419 1515 1490 Apostolum
1545 1417 1590 1489 (Ι
1619 1414 1740 1472 Cor.

157 1525 213 1575 tl,
244 1508 331 1575 10)
354 1546 369 1575 ,
412 1518 691 1564 scrutatur
718 1517 774 1566 et
823 1511 994 1575 novit,
1035 1520 1090 1565 et
1129 1510 1500 1581 interpellator
1532 1523 1629 1580 pro
1656 1524 1745 1564 me

156 1611 268 1658 tuus
296 1601 679 1659 inenarrabilis
706 1620 735 1657 a
768 1620 855 1660 me
887 1605 980 1660 tibi
1011 1604 1248 1677 loquitur
1278 1621 1291 1658 :
1328 1611 1383 1659 et
1406 1618 1509 1674 ego
1536 1611 1745 1657 naturae

156 1712 255 1752 suae
282 1712 343 1752 ex
378 1706 432 1751 te
455 1694 543 1769 (ά)
575 1711 673 1767 per
703 1698 1035 1768 unigenitum
1086 1707 1233 1754 tuum
1259 1696 1526 1753 manentis
1556 1705 1747 1767 poten-

160 1791 272 1845 tiam
302 1790 599 1845 creationis
629 1792 847 1846 nomine
886 1808 991 1846 non
1045 1792 1207 1848 modo
1236 1789 1305 1864 (e)
1354 1791 1595 1861 eloquar,
1648 1790 1743 1846 sed
1773 1819 1821 1880 Β

155 1877 301 1932 etiam
328 1876 658 1933 infamabat
687 1877 845 1934 Nulla
872 1887 925 1935 te
949 1879 1052 1934 nisi
1084 1894 1173 1934 res
1204 1886 1293 1933 tua
1316 1886 1563 1947 penetrat
1597 1895 1608 1931 :
1644 1892 1744 1934 nec

153 1969 466 2040 profundum
499 1971 786 2027 immensae
814 1971 1113 2042 majestatis
1146 1980 1253 2026 tum
1274 2011 1289 2037 ,
1325 1971 1622 2040 peregrina:
1661 1977 1747 2025 at-

153 2079 245 2136 que
288 2065 480 2121 aliena
534 2080 570 2122 α
601 2075 653 2122 te
704 2063 919 2120 virtutis
975 2078 1135 2120 causa
1168 2064 1408 2119 metitur.
1442 2063 1614 2118 Tuum
1658 2072 1741 2118 est

153 2156 390 2227 quidquid
423 2167 477 2213 te
507 2157 651 2215 init:
680 2172 855 2229 neque
900 2155 1136 2212 alienum
1184 2170 1214 2209 a
1248 2164 1299 2211 te
1342 2164 1456 2224 est,
1487 2150 1745 2225 quidquid

154 2251 333 2308 virtute
354 2252 419 2324 (ι’)
440 2252 740 2307 scrutantis
761 2251 920 2307 inest.

216 2344 301 2400 56.
328 2344 711 2400 [neum-rabilis
740 2353 834 2399 est.
868 2373 937 2384 —
972 2342 1100 2399 Mihi
1139 2352 1318 2399 autem
1368 2336 1746 2400 inenarrabilis

154 2446 247 2505 est,
276 2437 425 2509 cujus
466 2452 574 2509 pro
610 2452 698 2495 me
736 2436 869 2493 mihi
902 2435 1291 2492 inenarrabiles
1320 2446 1447 2491 sunt
1490 2435 1744 2507 loquelae.

221 2618 293 2745 sa)
324 2618 476 2675 llunc
504 2618 689 2674 locum
720 2616 982 2675 Erasmus
1021 2617 1075 2673 in
1109 2617 1313 2687 praefat.
1348 2617 1594 2672 censoria
1628 2616 1743 2673 vir-

241 2706 265 2744 a
292 2691 520 2745 notavit.
554 2691 724 2745 auasi.
756 2689 925 2745 innuit
948 2733 964 2745 .
1011 2688 1240 2745 Spiritus
1271 2697 1476 2743 sanctus
1505 2698 1743 2744 nascatur

159 2688 520 2761 gnia'notavit,
554 2691 724 2760 quasi,
756 2689 964 2761 inquit,
1011 2688 1240 2761 Spiritus
1271 2697 1476 2761 sanctus
1505 2698 1748 2744 nascatur

159 2760 199 2816 it
222 2763 323 2830 ipse
348 2779 381 2817 α
406 2761 592 2817 Patre.
623 2762 729 2816 Sed
755 2777 878 2816 cum
911 2761 1148 2816 llilarius
1194 2760 1454 2830 Spiritum
1501 2770 1744 2815 sanctum

156 2836 379 2903 genitum
428 2850 540 2888 non
573 2847 695 2888 esse
724 2833 1010 2887 dicendum
1055 2832 1299 2903 proxime
1344 2831 1602 2903 affirmet;
1648 2832 1749 2887 Pa-

163 2900 283 2961 trem
314 2908 480 2961 solum
520 2904 879 2959 innascibilem
909 2907 1038 2958 satis
1072 2900 1383 2973 intelligitur
1411 2902 1703 2972 praedicare
1728 2946 1743 2969 ,

163 2991 254 3029 non
283 2978 402 3047 quia
430 2975 587 3031 solus
613 2976 682 3029 sit
713 2977 1002 3029 nativitatis
1030 2988 1257 3045 expers;
1310 2973 1405 3047 sed
1446 2973 1567 3044 quia
1597 2975 1747 3047 solus

164 3049 266 3103 sine
293 3046 579 3115 principio,
613 3047 756 3101 solus
787 3048 905 3101 sine
950 3054 1171 3100 auctore
1197 3088 1210 3107 ,
1265 3046 1412 3099 solus
1456 3046 1744 3100 essentiam

163 3132 298 3173 suam
328 3119 524 3175 habent
574 3117 643 3173 ab
673 3118 779 3171 alio
810 3135 915 3172 non
959 3128 1256 3181 acceptam,
1289 3131 1409 3181 seu,
1444 3123 1501 3170 ut
1530 3125 1743 3181 vocant,

165 3188 682 3246 incommunicatam.
714 3189 845 3257 Quae
873 3183 1123 3259 loquendi
1169 3188 1305 3241 ratio
1340 3186 1479 3259 apud
1508 3183 1746 3259 Thenlos

165 3276 247 3342 gos
274 3261 339 3342 ita
370 3261 671 3342 etiamnum
705 3268 920 3342 recepta
947 3257 1051 3342 est,
1106 3257 1579 3342 ut_iititascibilitas
1603 3258 1747 3340 apud

166 3329 271 3386 illos
287 3331 458 3420 lintris
490 3334 652 3420 nolit;
666 3329 1133 3420 ρειιρςεξειιιιι’..ἠὶδίοιέν
1145 3329 1434 3420 aliose‘nsu
1454 3330 1750 3420 §lrlltlgltse
1778 3355 1824 3420 ρ

164 3405 431 3459 concilium
461 3420 558 3458 an.
584 3402 711 3471 551,
738 3403 919 3457 anath.
946 3403 1014 3458 19
1046 3420 1058 3459 :
1095 3402 1154 3457 Si
1184 3404 1297 3465 quis
1325 3401 1580 3469 Spiritum
1611 3401 1744 3456 San-

167 3485 304 3599 ctam;
338 3474 670 3559 Paracletum
698 3470 935 3541 dicens,
986 3473 1337 3529 innascibilem
1381 3470 1547 3527 Deum
1588 3473 1747 3541 dicat,

169 3558 271 3599 anat
309 3565 414 3599 ema
438 3558 528 3599 sit.

169 3549 414 3601 anathema
438 3549 528 3601 sit.

234 3616 299 3689 (ὁ)
321 3618 431 3673 Non
461 3616 659 3673 leviter
679 3616 1085 3685 prmtercuntlus
1110 3622 1189 3670 est
1222 3613 1309 3669 hic
1340 3616 1508 3680 locus,
1540 3615 1627 3671 ubi
1658 3614 1750 3670 Hl-

171 3688 314 3743 lsrtus
340 3689 547 3745 diserte
591 3689 788 3744 fatetur
817 3690 1075 3759 Spiritum
1106 3697 1351 3741 sanetmn
1374 3702 1479 3743 non
1506 3701 1625 3759 esse
1652 3701 1749 3757 ge.

172 3761 345 3825 nilum,
366 3777 490 3815 cum
521 3769 700 3815 tamen
725 3761 819 3814 lib.
858 3758 951 3827 ru,
978 3776 1033 3814 n.
1068 3761 1157 3825 l5,
1188 3766 1397 3814 asserat
1425 3758 1567 3829 quod
1598 3770 1751 3813 natu-

172 3848 235 3902 ra:
258 3832 596 3902 aequalitatem
622 3832 733 3885 sola
759 3834 918 3902 possit
947 3843 1188 3898 praestare
1214 3830 1490 3893 nativitas;
1519 3838 1573 3883 et
1599 3846 1746 3902 num.

171 3900 233 3956 26
260 3919 271 3955 :
300 3900 422 3957 Sola
461 3904 510 3958 ei
543 3900 783 3973 nativitas
812 3903 909 3972 ﬁlii
936 3919 1036 3957 non
1075 3902 1228 3972 impie
1249 3917 1339 3973 per
1360 3901 1749 3955 similitudinem

172 3973 375 4027 creditur
398 3974 638 4045 (ementis.
673 3972 788 4045 imo
847 3977 897 4028 in
952 3973 1054 4028 hoc
1083 3974 1202 4045 ipso
1222 3972 1362 4045 libro
1394 3974 1636 4042 proxime
1656 3987 1751 4027 au-

171 4045 403 4111 divimus,
436 4042 492 4100 εἰ.
529 4044 589 4099 5i
620 4062 631 4098 :
658 4043 808 4098 Nihil
836 4048 970 4099 enim
996 4046 1050 4099 in
1079 4044 1229 4098 rebus
1259 4042 1358 4098 Dei
1382 4045 1478 4099 nisi
1502 4054 1677 4098 natum
1704 4052 1751 4099 et

172 4125 394 4171 aeternum
424 4116 748 4184 conﬁtemur.
797 4117 871 4169 Ex
912 4131 1019 4185 quo
1048 4115 1310 4185 sequitur,
1342 4116 1599 4185 Spiritum
1626 4129 1749 4168 san-

172 4194 297 4241 ctum
347 4203 449 4242 non
479 4202 602 4242 esse
636 4186 745 4241 Deo
775 4185 1057 4256 aequalem.
1093 4187 1239 4240 Illius
1283 4195 1456 4241 tamen
1485 4200 1606 4240 eum
1640 4185 1747 4240 Deo

172 4260 440 4329 unitatem,
473 4267 529 4311 et
563 4258 925 4329 tequalitntem
954 4272 1075 4313 cum
1107 4257 1268 4312 Patre
1313 4256 1397 4329 hic
1438 4265 1543 4310 tam
1600 4258 1749 4311 lucu-

172 4326 327 4384 lentor
365 4326 712 4389 dstruitJut
746 4328 1115 4399 superioribus
1155 4331 1207 4383 in
1249 4328 1381 4399 locis
1411 4330 1745 4384 nativitatem

172 4400 442 4456 conditioni
464 4401 553 4456 vel
583 4416 647 4456 ex
679 4398 868 4468 nihilo,
900 4403 981 4455 vel
1012 4417 1075 4456 ex
1098 4401 1272 4454 aliena
1297 4398 1620 4468 submantia,
1649 4401 1747 4454 du-

173 4467 247 4544 bio
277 4472 453 4544 procul
485 4466 866 4544 intelligendus
898 4471 975 4544 sit
998 4487 1289 4544 opponere.
1336 4466 1490 4526 Unde
1518 4478 1637 4543 post
1666 4472 1744 4526 al-

173 4490 247 4524 υΙΟ
277 4490 453 4541 ριόουι
485 4490 866 4544 ιιιιειιιεθηαυς
898 4490 966 4526 διι
998 4490 1066 4542 υρ
1106 4490 1289 4527 onere.
1339 4490 1490 4526 unae
1518 4490 1637 4543 ροει
1666 4490 1740 4526 αι-

173 4534 261 4595 lata
289 4558 351 4598 ex
379 4543 470 4598 lib.
506 4558 602 4604 vn.
654 4559 707 4597 n.
742 4543 834 4609 26,
868 4542 1033 4597 verba
1060 4490 1188 4598 gata
1215 4542 1262 4596 ei
1289 4543 1528 4597 nativitas
1553 4586 1567 4609 ,
1610 4552 1740 4609 etc.,

174 4614 639 4698 prosimensubjicit
666 4632 681 4667 :
714 4613 853 4698 Nam
878 4615 1128 4698 quidquid
1148 4624 1305 4698 extra.
1330 4631 1445 4698 eum
1468 4624 1541 4669 est
1561 4656 1577 4681 ,
1626 4631 1742 4668 cum

173 4686 455 4757 contumelia
484 4687 530 4739 ei
555 4686 820 4741 honorata:
849 4686 1049 4741 virtutis
1068 4687 1369 4754 azquabitur.
1398 4686 1579 4757 Neque
1610 4700 1740 4741 vero

175 4750 409 4823 Spiritum
440 4766 682 4810 sanctum
712 4767 803 4811 aut
826 4774 890 4812 ex
918 4757 1087 4813 nihilo
1105 4750 1194 4810 aut
1217 4773 1280 4811 ex
1300 4757 1472 4812 aliena
1492 4750 1741 4813 substan-

176 4823 237 4898 tia
262 4841 374 4880 esse
406 4830 582 4883 minus
602 4827 747 4883 clare
777 4837 955 4898 negat,
976 4828 1324 4898 quamipsum
1357 4827 1574 4883 Filium.
1608 4828 1740 4883 Nam

175 4894 297 4968 sicut
320 4899 387 4953 dc
415 4900 552 4955 Filio
570 4899 699 4954 dicit
731 4918 743 4953 :
775 4894 890 4953 Tu'a
920 4894 1052 4954 enim
1079 4916 1157 4954 res
1175 4894 1260 4953 ἐει
1289 4916 1308 4955 :
1341 4900 1410 4953 ita
1440 4907 1494 4953 ct
1518 4901 1585 4953 tle
1623 4901 1745 4968 Spi-

174 4966 473 5042 ritusaucto
496 4988 509 5025 :
544 4969 598 5024 Ν
604 4970 710 5025 ulla
736 4982 782 5026 te
814 4973 915 5026 nisi
938 4987 1018 5025 res
1044 4980 1132 5025 tua
1151 4980 1451 5042 penetrat...
1477 4979 1622 5026 tuum
1648 4966 1741 5042 est,

175 5038 400 5109 quidqttid
430 5054 478 5097 le
505 5044 601 5095 init
624 5058 642 5096 .'
670 5043 808 5098 sient
836 5042 1028 5097 Filiutn
1070 5038 1161 5095 lib;
1196 5058 1269 5104 γι,
1315 5057 1370 5096 n.
1406 5042 1473 5096 55
1502 5051 1555 5096 et
1593 5040 1742 5109 alibi,

179 5120 270 5182 non
296 5116 354 5182 ut
372 5123 512 5168 esset
537 5113 765 5182 cmpisse
797 5129 860 5169 ex
885 5112 1073 5177 nihilo,
1106 5112 1197 5168 sed
1218 5114 1413 5167 exiisse
1433 5130 1464 5166 a
1488 5121 1743 5179 manente,

179 5176 241 5232 ita
268 5192 318 5253 et
346 5181 429 5238 hic
456 5176 711 5253 Spiritum
755 5192 1001 5238 sanctum
1034 5176 1282 5238 manentis
1307 5197 1371 5237 ex
1408 5184 1518 5239 Deo
1547 5176 1747 5238 natura}

224 5252 464 5309 roﬂtetur.
494 5252 625 5311 lline
653 5256 883 5324 Spiritus
904 5259 1071 5310 sancti
1100 5255 1459 5310 contumelias
1489 5257 1539 5308 in
1571 5256 1743 5324 ipsum

217 5332 372 5379 atretu
393 5325 690 5383 redundare
714 5326 973 5388 declarat,
999 5326 1138 5380 sicut
1164 5326 1361 5381 docere
1375 5328 1511 5381 solet
1532 5325 1746 5383 Patrem

181 5390 239 5445 ab
263 5388 338 5447 his
365 5396 491 5466 ipsis
520 5392 853 5462 inhonorari,
887 5397 975 5467 qui
1002 5395 1193 5451 Filium
1220 5395 1567 5451 inhonorant.

243 5482 312 5557 (e)
338 5484 424 5542 Sic
457 5489 561 5545 duo
598 5505 728 5544 mss.
760 5486 942 5556 Colb.,
972 5506 1109 5545 unus
1140 5490 1324 5554 Sorb.,
1351 5499 1456 5546 etc.
1499 5486 1747 5561 Plerique

183 5553 259 5608 alii
285 5568 414 5632 cum
431 5559 576 5629 Lips.
602 5568 656 5616 et
676 5559 822 5630 Palu,
858 5561 925 5615 ad
951 5568 999 5615 te
1026 5578 1224 5632 quoque
1246 5563 1559 5632 prorepentis
1595 5564 1749 5616 timeo

185 5631 515 5685 contumeliam
541 5649 561 5686 :
589 5648 685 5700 pro
714 5635 910 5699 quibus
941 5631 1174 5702 pessime
1217 5631 1356 5702 apud
1385 5633 1515 5688 Bad.
1549 5644 1603 5689 et
1632 5636 1746 5702 Er.,

185 5702 475 5765 prietendisti
496 5704 666 5775 senfgti
689 5720 797 5775 meo
823 5706 1205 5760 contumeliam.
1230 5704 1409 5759 Prima
1431 5703 1607 5760 fronte
1639 5706 1753 5775 pla-

189 5764 390 5827 eetcum
420 5788 547 5831 mss.
580 5764 700 5831 Vat.
757 5772 872 5831 bas.
906 5785 961 5832 et
986 5774 1139 5831 Mart.
1160 5820 1175 5846 ,
1222 5793 1253 5831 α
1280 5783 1327 5830 te
1350 5791 1544 5846 quoque
1575 5764 1753 5847 proce-

1842 496 1967 544 tuus
1993 484 2069 560 (g)
2100 503 2168 544 ex
2211 496 2263 545 te
2297 496 2457 545 natus
2484 497 2588 557 est,
2621 498 2871 545 cessante
2911 489 3059 544 omni
3093 484 3445 564 ambiguitate

1842 578 2107 635 sermonis
2137 588 2298 651 atque
2327 578 2701 652 intelligentia:
2725 578 3063 649 difﬁcultate,
3093 580 3267 638 solum
3298 577 3441 656 quod

1842 683 2000 729 natus
2030 684 2113 729 est
2144 684 2325 730 manet
2356 691 2369 728 :
2405 675 2479 731 ita
2509 673 2651 748 quod
2695 691 2762 731 ex
2814 683 2866 731 te
2912 690 3009 748 per
3058 692 3182 732 eum
3224 688 3445 735 sanctus

1844 764 2077 836 Spiritus
2107 776 2229 824 tuus
2256 777 2357 834 est,
2387 769 2491 823 etsi
2522 782 2685 823 sensu
2712 767 2927 837 quidem
2976 776 3081 824 non
3111 769 3401 840 percipiam
3427 813 3442 838 ,

1844 859 1940 916 sed
1970 870 2147 916 tamen
2176 870 2332 916 teneo
2355 860 2707 917 conscientia.
2738 859 2795 916 In
2827 858 3160 932 spiritalibus
3181 860 3326 918 enim
3357 878 3445 919 rc-

1844 952 1944 1008 bus
1968 954 2072 1010 tuis
2100 955 2265 1011 hebes
2292 960 2433 1023 sum,
2469 956 2757 1027 Unigenito
2780 964 2875 1010 tuo
2898 954 3113 1012 dicente
3138 974 3151 1011 :
3184 953 3269 1013 Ne
3289 959 3446 1015 mire-

1843 1045 1916 1099 ris
1940 1047 2079 1119 quqd
2104 1046 2324 1102 dixerim
2348 1048 2459 1115 tibi,
2507 1058 2706 1120 oportet
2735 1064 2823 1103 vos
2850 1049 2996 1103 nasci
3039 1051 3227 1104 denuo.
3285 1044 3449 1124 M3

1846 1136 2075 1211 Spiritus
2105 1140 2191 1194 ubi
2220 1141 2326 1195 vult
2369 1142 2555 1211 spirat,
2600 1151 2646 1196 et
2673 1156 2846 1196 vocem
2867 1142 2977 1211 ejus
3004 1142 3191 1210 audis;
3240 1143 3329 1199 sed
3356 1160 3448 1198 ne-

1847 1232 1946 1286 scis
1972 1234 2108 1288 unde
2135 1236 2325 1301 veniat,
2352 1244 2517 1308 etquo
2546 1245 2647 1291 eat.
2679 1234 2771 1291 Sic
2795 1244 2867 1291 est
2893 1237 3056 1292 omnis
3080 1238 3167 1308 qui
3201 1247 3353 1293 natus
3379 1248 3452 1293 est

1850 1322 1928 1397 (Ii)
1959 1342 2022 1379 ea;
2049 1344 2184 1397 aqua
2215 1339 2261 1381 et
2294 1327 2493 1401 Spiritu
2542 1338 2719 1383 sancto
2744 1326 2923 1400 (Joan.
2956 1346 3036 1397 ut,
3064 1331 3120 1397 7,
3168 1331 3245 1404 8).
3278 1331 3451 1403 Rege.

1848 1416 2144 1473 nerationis
2169 1435 2301 1473 mea:
2325 1419 2487 1475 tidem
2514 1419 2769 1475 obtinens
2794 1420 2979 1475 nescio
3007 1438 3022 1475 :
3056 1430 3111 1476 et
3123 1422 3267 1493 quod
3297 1424 3451 1495 igno-

1849 1526 1934 1578 ro,
1956 1511 2067 1582 jam
2111 1521 2292 1569 teneo.
2338 1513 2470 1570 Sine
2495 1530 2658 1570 sensu
2696 1517 2841 1571 enim
2872 1528 2995 1573 meo
3022 1530 3299 1587 renascor,
3326 1533 3448 1575 cum

1852 1604 2145 1660 efficientia
2168 1607 2505 1662 renascendi.
2556 1607 2745 1663 Modus
2791 1616 2969 1664 autem
3014 1608 3232 1680 Spiritui
3268 1606 3451 1667 nullus

1850 1705 1955 1763 est,
1991 1695 2053 1769 (i)
2095 1696 2335 1769 loquenti
2379 1714 2505 1754 cum
2538 1700 2690 1766 velit,
2719 1700 2863 1770 quod
2895 1700 3048 1769 velit,
3081 1702 3173 1758 ubi
3199 1703 3351 1759 velit.
3385 1704 3454 1760 Et

1850 1789 2004 1859 cujus
2024 1790 2271 1845 adeuntis
2296 1799 2457 1862 atque
2486 1792 2737 1847 abeuntis
2773 1806 2936 1848 causa
2956 1834 2973 1862 ,
3018 1796 3119 1851 sub
3142 1798 3451 1856 assistentls

1850 1883 1977 1938 licet
2022 1883 2395 1952 conscientia,
2448 1885 2755 1953 nesciatur,
2810 1884 2971 1957 hujus
3012 1897 3260 1944 naturam
3310 1890 3453 1946 inter

1850 1984 2128 2033 creaturas
2153 1977 2408 2043 referam,
2434 1990 2490 2035 et
2509 1980 2738 2051 originis
2763 1998 2875 2037 suae
2893 1982 2965 2057 (j)
2990 1982 3306 2041 definitione
3329 2002 3451 2042 mo-

1850 2066 2116 2126 derabor?
2133 2062 2324 2126 Omnia
2348 2070 2564 2141 quidem
2592 2070 2735 2130 facta
2758 2064 3090 2144 perFitium,
3118 2076 3210 2145 qui
3230 2076 3371 2147 apud
3401 2086 3455 2133 te

1853 2159 2023 2218 Deum
2056 2164 2109 2218 in
2138 2164 2405 2235 principio
2430 2176 2547 2222 erat
2579 2166 2721 2222 Deus
2763 2166 3022 2237 Verbum,
3065 2167 3302 2225 Joannes
3329 2178 3454 2226 tuus

1850 2252 2090 2324 loquitur
2143 2253 2325 2326 (Joan.
2357 2270 2398 2322 ι,
2433 2257 2487 2322 l,
2534 2256 2615 2328 5).
2644 2256 2750 2313 Sed
2776 2265 2960 2313 creata
2991 2258 3174 2315 omnia
3218 2258 3272 2315 in
3303 2274 3369 2316 eo
3400 2263 3456 2317 in

1850 2342 2003 2401 etelis
2031 2355 2086 2401 et
2104 2342 2158 2401 in
2182 2350 2327 2402 terra
2348 2347 2581 2403 visibilia
2598 2357 2655 2403 et
2683 2348 2969 2405 invisibilia
2995 2350 3194 2407 Paulus
3221 2351 3300 2425 (lt)
3322 2368 3456 2409 enu-

1852 2448 2029 2496 merat
2060 2441 2283 2513 (Coloss.
2316 2458 2356 2509 ι,
2389 2440 2504 2513 16).
2534 2441 2751 2498 Etcum
2782 2443 3039 2500 universa
3067 2445 3121 2500 in
3150 2445 3371 2503 Christo
3397 2459 3452 2504 et

1851 2616 2018 2673 dentis
2046 2619 2199 2673 timeo
2244 2618 2651 2674 contumeliam.‘
2679 2612 2842 2675 Caro.
2874 2622 2930 2676 et
2951 2614 3112 2676 Vind.
3140 2612 3241 2677 hoc
3267 2616 3451 2679 faven-

1853 2690 2016 2756 tibus,
2050 2689 2192 2760 quod
2219 2690 2270 2744 in
2301 2689 2369 2745 iis
2392 2688 2716 2759 praeferatur
2752 2706 2785 2744 o
2815 2694 2881 2757 te,
2917 2704 3024 2746 non
3055 2691 3124 2745 ad
3153 2700 3220 2748 te.
3246 2691 3449 2749 Verum

1852 2762 1971 2817 hmc
1999 2762 2156 2816 lectio
2187 2776 2255 2817 eo
2279 2761 2448 2831 magis
2474 2768 2559 2816 est
2583 2771 2832 2830 suspecta
2855 2800 2871 2828 ,
2904 2778 3012 2832 quo
3033 2764 3086 2819 in
3110 2763 3348 2819 animum
3379 2763 3456 2821 ln-

1852 2834 2008 2889 cilius
2033 2833 2190 2888 cadat
2211 2848 2369 2902 quam
2402 2832 2567 2888 altera
2600 2850 2613 2886 :
2641 2832 2873 2902 maxime
2902 2848 3024 2889 cum
3063 2851 3172 2889 non
3200 2846 3449 2902 occurrat

1853 2904 1953 2959 nisi
1985 2903 2035 2957 in
2068 2902 2130 2957 iis
2168 2894 2297 2957 IIISS.
2336 2903 2400 2975 in
2430 2904 2621 2971 quibus
2671 2900 2888 2975 librarii
2908 2904 3162 2975 nonnulla
3192 2894 3293 2959 sibi
3322 2921 3446 2975 per-

1853 2975 2133 3046 miserunt.
2182 2974 2383 3029 Deinde
2412 2975 2669 3029 orationis
2698 2975 2840 3045 leges
2869 2972 2923 3029 in
2964 2972 3336 3046 procedentem
3361 2986 3453 3034 aut

1852 3045 2146 3118 procedenti
2195 3046 2484 3113 postulant,
2514 3061 2620 3101 non
2647 3046 2985 3118 procedentis.
3032 3048 3251 3103 Domum
3282 3049 3453 3118 partl-

1852 3117 1971 3174 Cula
2009 3133 2209 3186 quoque
2240 3117 2441 3171 indicat
2465 3118 2848 3189 contumeliam
2876 3117 3040 3189 dicti,
3068 3134 3175 3189 quo
3216 3117 3449 3188 Spiritus

1854 3184 2072 3244 sanctus
2103 3184 2315 3243 creatus~
2343 3189 2603 3242 asseritur
2624 3230 2638 3253 ,
2671 3204 2775 3241 non
2809 3188 2863 3242 in
2904 3184 3056 3244 illum
3084 3184 3273 3245 solum
3291 3193 3451 3246 cade-

1855 3274 1952 3322 re,
2000 3257 2094 3313 scd
2126 3267 2181 3313 et
2227 3260 2276 3312 in
2310 3272 2443 3329 eum,
2465 3257 2617 3327 cujus
2649 3266 2733 3313 est
2777 3258 3026 3329 Spiritus.
3057 3259 3210 3329 Quod
3244 3272 3310 3317 eo
3340 3260 3453 3318 ters

1855 3331 2016 3388 modo
2037 3332 2411 3394 demonstrare
2431 3328 2575 3392 licet.
2599 3344 2708 3400 quo
2727 3328 2888 3401 supra
2914 3344 3063 3386 num.
3086 3328 3149 3400 '6,
3175 3340 3450 3388 ostensum

1854 3403 2202 3475 estkPatrem
2228 3417 2351 3458 esse
2387 3411 2713 3468 creaturam,
2737 3403 2782 3456 si
2812 3412 3058 3458 creatura
3086 3405 3157 3458 sit
3186 3402 3375 3460 Filius.

1929 3496 2009 3567 (ά)
2040 3496 2298 3552 Pervorse
2320 3494 2463 3564 apud
2491 3495 2645 3563 Bad.,
2675 3512 2765 3565 per
2784 3497 2983 3551 unitam
3009 3506 3146 3552 tuam
3171 3499 3443 3555 manentis.

1854 3568 2008 3635 Quod
2056 3568 2312 3623 Erasmus
2357 3582 2462 3621 non
2492 3575 2705 3623 mutans
2729 3606 2746 3632 ,
2800 3578 3003 3623 tantum
3050 3568 3119 3624 ad
3146 3584 3296 3625 oram
3328 3571 3451 3627 libri

1854 3639 2152 3707 annotavit,
2181 3654 2299 3692 eum
2336 3635 2598 3709 unigenito
2623 3650 2733 3693 tuo.
2762 3636 2838 3692 Ex
2867 3654 2975 3709 quo
2997 3646 3180 3707 postea
3211 3640 3444 3698 coniecit

1853 3709 2098 3779 Lipsius,
2127 3724 2242 3763 eum
2269 3711 2532 3780 unigenito
2561 3720 2650 3765 tuo
2668 3709 2943 3764 manantis.
2975 3710 3361 3767 Rcl'ormatttur
3379 3722 3445 3769 ex

1856 3782 1977 3835 Par.
2005 3790 2059 3835 et
2081 3795 2211 3836 mss.
2244 3781 2300 3835 ln
2334 3780 2418 3835 his
2442 3781 2721 3846 docemur,
2750 3781 3009 3851 Spiritum
3054 3793 3297 3839 sanctum
3325 3798 3447 3840 esse

1852 3852 2132 3925 potentiam
2167 3863 2366 3907 natura:
2399 3867 2529 3925 suat,
2558 3854 2661 3925 hoc
2705 3862 2810 3921 est,
2836 3868 2956 3923 qua:
3002 3867 3097 3909 sua
3139 3854 3239 3925 psit,
3268 3868 3365 3925 per
3390 3870 3450 3912 se

1852 3920 2130 3987 Subsistat,
2163 3932 2219 3979 et
2248 3938 2353 3995 non
2381 3923 2533 3978 alteri
2586 3920 2877 3995 inhaereat;
2926 3932 3101 3995 neque
3137 3923 3209 3978 ita
3250 3920 3449 3995 natura:

1852 4010 1981 4066 suae,
2014 4001 2075 4048 ut
2103 4008 2213 4066 non
2238 4010 2267 4047 ε
2297 3993 2460 4049 Patre
2493 4009 2587 4065 per
2609 3992 2953 4066 Unigenitum
2983 3992 3149 4066 Ipsius
3181 3994 3444 4066 originem

1851 4064 2047 4120 habeat
2080 4083 2094 4119 :
2122 4065 2217 4121 sed
2247 4066 2317 4119 ita
2347 4063 2525 4120 tamen
2555 4080 2679 4122 esse
2704 4063 2774 4119 ab
2793 4063 3043 4134 utroque,
3072 4074 3131 4119 ut
3151 4063 3225 4120 sit
3247 4063 3447 4122 rituum

1851 4138 2122 4205 manentis,
2154 4137 2256 4194 hoc
2281 4147 2384 4203 est,
2413 4138 2566 4207 cujus
2595 4134 2872 4207 proprium
2895 4136 2967 4190 sit
2992 4150 3137 4207 esse,
3158 4137 3444 4207 etinitium

1849 4209 2079 4264 nescire.
2108 4204 2246 4263 Huc
2273 4204 2491 4274 attinet,
2515 4204 2663 4278 quod
2685 4204 2775 4260 lib.
2808 4221 2903 4278 vin
2924 4247 2939 4271 ,
2992 4205 3169 4278 n._l9,
3201 4204 3435 4278 Spiritus

1847 4280 2016 4335 sancti
2072 4278 2470 4351 processiouem
2522 4274 2843 4351 consistentis
2863 4274 3221 4351 egressionem
3245 4274 3445 4351 existi-

1848 4346 2096 4405 mundam
2142 4350 2313 4405 innuit
2344 4365 2356 4401 :
2387 4350 2724 4419 egressibuem
2750 4346 2968 4417 quidem
2989 4389 3003 4412 ,
3036 4346 3111 4419 ob
3140 4347 3442 4404 subsistem

1848 4424 1976 4476 tiam
2008 4422 2173 4492 ipsius
2199 4418 2506 4476 distinctam
2543 4421 2612 4474 ab
2638 4433 2706 4475 eo
2736 4418 2877 4492 unde
2921 4418 3196 4490 procedit;
3238 4420 3441 4492 consis-

1845 4494 1994 4547 tentis
2020 4490 2146 4549 vero
2168 4536 2191 4564 ,γ
2222 4493 2345 4564 quia
2375 4508 2479 4564 no_n
2508 4492 2712 4549 recedit
2737 4490 2807 4547 ab
2836 4506 2901 4564 eo
2929 4507 2994 4546 ex
3029 4505 3137 4564 quo
3170 4491 3434 4548 subsistit.

1921 4566 1992 4636 (e)
2023 4564 2143 4630 Eun,
2176 4558 2323 4635 Lips.
2351 4570 2405 4619 et
2426 4562 2578 4630 Pan,
2608 4580 2714 4618 non
2744 4558 2896 4617 modo
2918 4577 3019 4617 non
3040 4558 3248 4631 eloquor
3275 4580 3293 4616 :
3322 4578 3443 4619 cas-

1847 4635 2013 4705 tigant
2040 4651 2171 4691 mss.

1916 4710 1986 4778 (Ῑ)
2006 4707 2280 4763 Vetustior
2305 4722 2408 4762 ms.
2450 4704 2603 4761 Colb.
2635 4721 2760 4761 cum
2788 4704 3000 4778 (ἶφι-ιη..
3037 4703 3316 4759 scrutantis
3339 4713 3436 4762 est.

1847 4775 2000 4835 Alter
2029 4796 2149 4835 cum
2183 4795 2290 4834 uno
2317 4779 2575 4841 Sorbon.,
2602 4775 2875 4832 scrutantis
2904 4775 2958 4829 in
2984 4783 3034 4830 te
3057 4783 3153 4829 est.

1920 4850 1997 4973 $9)
2031 4851 2105 4905 Ex
2136 4865 2265 4905 mss.
2298 4840 2614 4904 revocamus
2645 4863 2708 4902 ea:
2745 4855 2791 4901 te
2819 4853 3009 4900 natus:
3035 4840 3178 4915 quod
3208 4842 3260 4901 in
3293 4845 3441 4917 prius

1942 4922 2079 4973 eatis
2107 4921 2533 4973 desiderabatur.

1848 4921 2079 4991 vulgatis
2107 4921 2533 4977 desiderabatur.

1921 4985 2005 5062 (7t)
2032 4993 2306 5056 Erasmus,
2336 5001 2485 5045 natus
2521 4997 2595 5044 est
2626 5003 2689 5062 ex
2710 4985 2920 5062 Spiritu
2959 4996 3133 5042 sancto
3156 5003 3176 5043 :
3199 4997 3353 5062 puto,
3382 5000 3441 5047 ut

1848 5058 2050 5118 noStris
2099 5062 2397 5131 Scriptura:
2429 5058 3213 5131 exemplaribnscongrueret.
3246 5060 3354 5117 Sed
3385 5063 3440 5118 in

1849 5135 2099 5189 omnibus
2129 5128 2316 5188 Hilarii
2360 5131 2490 5185 edit.
2526 5138 2582 5183 et
2605 5144 2736 5183 mss.
2774 5128 3037 5194 habetur,
3095 5139 3245 5186 natus
3273 5142 3347 5187 est
3376 5149 3440 5189 ea:

1850 5220 1983 5275 aqua
2002 5215 2051 5256 et
2069 5204 2269 5275 Spiritu
2290 5211 2484 5275 sancto.
2505 5198 2836 5275 Quamquam
2862 5212 2966 5275 non
2985 5209 3163 5275 exstat
3182 5210 3357 5257 sancto
3386 5198 3439 5259 in

1852 5270 1984 5331 mss.
2019 5270 2120 5329 nisi
2140 5275 2196 5329 in
2225 5273 2439 5337 Martio,
2469 5284 2576 5326 uno
2602 5270 2751 5325 Colb.
2782 5278 2839 5326 et
2862 5272 3032 5329 altero
3060 5273 3295 5329 Sorbon.

1925 5344 1988 5418 (i)
2022 5345 2075 5402 ln
2106 5359 2237 5418 mss.
2279 5343 2535 5418 loquendi.
2564 5341 2626 5418 ln
2653 5342 2905 5418 equidem
2931 5343 3223 5418 Scriptura:
3261 5345 3442 5418 locum

1855 5411 2056 5490 pariter
2082 5411 2641 5490 obsct'vat'Gregorius
2671 5411 2921 5490 Naciana.
2965 5411 3068 5472 Or;
3092 5431 3239 5481 sxtv,
3261 5432 3316 5471 n.
3345 5416 3439 5483 22.

1855 5484 2104 5544 testatum
2135 5503 2255 5544 esse
2276 5484 2507 5556 Spiritus
2536 5486 2703 5557 sancti
2722 5484 3077 5557 divinitatem,
3099 5503 3275 5557 nempe
3300 5503 3361 5542 ex
3380 5500 3441 5542 eo

1849 5563 1985 5688 quo;
2006 5560 2171 5686 [εἰν-υἱ,
2202 5576 2303 5613 non
2326 5568 2494 5612 autem
2509 5556 2676 5613 servili
2700 5556 2851 5611 modo
2875 5556 3438 5627 acceditﬁsoao‘rcncﬁc,

1851 5654 1911 5688 ου
1977 5654 2032 5686 συ
2066 5653 2204 5688 ικως.

1851 5635 1911 5689 οὐ
1946 5633 2204 5693 δουλικῶς.

1960 5707 1998 5774 ἱ)
2019 5704 2143 5774 Mss.
2172 5701 2288 5774 Vat.
2323 5701 2460 5769 bas.,
2484 5697 2636 5774 Colb.
2671 5713 2734 5754 ac
2758 5698 2938 5757 Germ.
2954 5741 2970 5769 ,
2995 5700 3362 5774 deﬁnitionem.

1958 5770 2011 5847 k)
2043 5772 2392 5831 Martinianus
2412 5770 2616 5839 codex,
2647 5778 2868 5826 enarrat.
