3936 6196
52 271 155 330 4τὸ

1490 267 1879 328 ΡῐὶιΕΡΔΤΙΟ.

3248 275 3354 333 474

57 388 186 461 apud
222 387 589 460 Epiphanium
618 385 750 444 liter.
778 402 970 453 tum,
1000 402 1055 441 n.
1087 386 1144 453 Ξ,
1181 400 1285 442 non
1309 386 1478 443 semel
1505 386 1657 442 testi-
1683 392 1737 453 Λ
1762 387 1865 443 nis.
1910 386 2115 444 Saltem
2161 387 2345 460 negari
2376 387 2564 460 nequit
2591 386 2942 446 Sirmiensem
2967 429 2983 454 ,
3016 403 3135 462 qum
3164 392 3355 461 prteci-

57 482 297 539 ficautur.
334 480 452 537 llos
496 481 637 537 enim
670 479 1007 551 potissimum
1034 478 1266 535 Hilarius
1294 479 1649 536 Orientalium

56 575 261 633 nomine
303 575 581 647 intelligit.
616 574 763 644 Quos
792 575 966 630 amice
991 573 1059 630 ad
1088 573 1368 630 veritatem
1394 588 1653 630 revocare

56 668 266 725 studens
287 711 301 732 ,
348 668 428 723 ita
460 667 647 723 laudat
689 683 805 732 eos,
838 667 928 739 qui
961 666 1099 722 avita
1130 676 1185 722 et
1210 667 1506 737 apostolica
1550 666 1652 724 fide

57 761 285 819 Contenti
313 763 547 831 scriptas
590 760 721 832 ﬁdes
764 762 1022 825 nesciunt,
1053 770 1112 815 ut
1154 770 1328 817 tamen
1362 760 1652 832 professio-

59 873 172 913 num
199 855 573 927 pluralitatem
604 864 852 921 excuset,
881 861 939 909 et
963 853 1227 926 quidquid
1249 855 1301 909 in
1331 855 1409 910 eis
1435 853 1650 911 defendi

60 957 220 1022 potest
283 947 527 1019 benigne
570 949 958 1019 interpretetur
1001 958 1163 1017 atque
1205 946 1480 1003 defendat.
1538 947 1650 1003 lmo

60 1040 299 1114 quidquid
338 1051 534 1096 contra
568 1040 843 1114 ὁμοούσιον
869 1042 1009 1095 solet
1042 1039 1277 1110 opponi,
1322 1056 1429 1095 non
1473 1045 1643 1106 tacet;

61 1149 148 1191 nec
169 1116 481 1188 dissimulat
504 1132 645 1203 quod
674 1133 728 1188 in
768 1132 996 1204 gratiam
1025 1132 1174 1189 verbi
1231 1131 1520 1206 ὁμοιούσιον
1551 1147 1649 1203 po-

60 1237 153 1284 test
178 1227 380 1283 ati‘erri.
414 1227 770 1285 Postmodum
797 1236 978 1284 tamen
1004 1227 1246 1298 subjecto
1264 1228 1482 1285 Nicaeae
1504 1244 1651 1301 sym-

58 1321 196 1389 bolo,
232 1319 592 1377 retiuendum
631 1334 752 1377 csse
793 1320 1065 1394 ὁμοούσιον
1095 1318 1443 1377 validissimis
1484 1321 1649 1377 ratio-

55 1431 167 1471 num
191 1415 490 1470 momentis
513 1413 732 1471 conficit
762 1423 924 1484 atque
948 1412 1240 1471 concludit.

116 1506 200 1564 1V.
242 1506 366 1563 Non
392 1508 502 1580 fuit
525 1522 701 1561 versus
728 1522 756 1561 e
791 1521 988 1578 graeco,
1018 1505 1106 1561 sed
1149 1515 1349 1561 tantum
1401 1505 1648 1578 Symbola

61 1599 403 1655 Orientalium.
438 1598 693 1671 Symbola
732 1597 827 1653 illa
852 1598 921 1652 ad
949 1598 1169 1653 litteram
1196 1599 1365 1654 vertit.
1393 1629 1464 1638 —
1490 1597 1647 1654 Haud

55 1691 153 1747 scio
210 1705 274 1747 an
331 1701 567 1761 propter
616 1690 903 1762 pra'dictas
958 1688 1084 1746 fidei
1139 1688 1513 1746 confessiones
1563 1689 1645 1745 ia~

1763 497 1927 553 puum
1957 480 2011 537 in
2040 480 2144 537 hoc
2174 481 2314 538 libro
2345 483 2521 538 locum
2548 482 2759 540 obtinet
2778 522 2793 550 ,
2838 496 2947 539 non
2974 491 3165 540 contra
3197 482 3355 539 Aria—

1756 588 1877 643 nos,
1909 574 2004 631 sed
2032 583 2220 632 contra
2246 575 2558 643 Pbotinum,
2589 574 2979 632 Antiochenam
3007 591 3137 632 vero
3166 582 3353 633 contra

1755 667 2137 734 Athanasium,
2166 682 2229 724 ac
2270 667 2486 724 demum
2521 666 3138 740 pseudo-Sardiceusem
3162 667 3357 724 adver-

1755 776 1848 817 sus
1888 760 2138 817 eumdem
2182 760 2424 833 aliosque
2468 760 2769 817 catholicos
2809 760 3149 817 convenisse.
3179 759 3353 816 Minus

1754 855 1894 912 male
1920 856 1974 911 iu
1995 854 2372 926 antiquissimo
2395 855 2631 911 basilica:
2651 855 2928 912 Vaticana:
2949 854 3136 911 codice
3159 854 3352 911 inseri.

1754 948 1899 1004 bitur
1914 966 1926 1003 :
1943 947 2095 1003 Liber
2117 948 2384 1003 catholica:
2406 947 2525 1017 ﬁdei
2932 960 3110 1003 contra
3130 947 3353 1002 Arianos

1753 1051 1799 1098 et
1825 1059 1983 1115 prmo.
2011 1043 2215 1097 Arionis
2231 1042 2606 1113 acquiescentes
2633 1059 2652 1096 :
2684 1042 2918 1098 maxime
2942 1055 3063 1097 cum
3091 1056 3196 1095 non
3222 1055 3354 1096 con-

1752 1136 2029 1194 tineatille
2044 1136 2237 1203 codex,
2262 1136 2363 1192 nisi
2395 1137 2624 1207 primam
2653 1134 2814 1207 hujus
2841 1134 2963 1193 libri
2992 1142 3195 1205 partem
3226 1150 3348 1191 cum

1750 1230 2056 1304 Aucyrana:
2091 1228 2217 1286 fidei
2260 1228 2694 1293 definitionibus,
2725 1228 2918 1300 quibus
2956 1236 3206 1285 auctores
3233 1227 3350 1284 Sir-

1751 1323 1975 1379 miensis
1999 1322 2349 1393 blasphemiae
2377 1321 2547 1393 iisque
2576 1320 2986 1393 acquiescentes
3009 1318 3347 1376 refelluntur.

1748 1416 1935 1488 Neque
1975 1414 2330 1472 sufficientem
2359 1415 2484 1471 libri
2514 1414 2674 1485 lntjus
2703 1415 2947 1471 notitiam
3003 1420 3224 1484 prmstat
3262 1411 3349 1467 in-

1749 1510 1974 1580 scriptio
1999 1510 2063 1564 de
2087 1507 2463 1580 Synodis,qu:e
2487 1508 2540 1563 in
2568 1522 2698 1563 mss.
2725 1508 2794 1563 ab
2814 1506 2970 1562 annis
2991 1505 3097 1562 500
3118 1504 3346 1561 obtinet.

1750 1603 1921 1674 Hujus
1946 1612 2221 1659 auctorem
2253 1616 2375 1657 esse
2407 1601 2776 1671 conjectamus
2804 1600 3225 1673 Hieronymum,
3257 1599 3349 1670 qui

1749 1709 1869 1751 cum
1904 1710 2008 1750 non
2032 1694 2254 1767 haberet
2281 1708 2386 1763 quo
2413 1694 2631 1749 nomine
2657 1693 2760 1749 hoc
2781 1692 2929 1763 Opus
2948 1690 3187 1749 breviter
3207 1689 3351 1746 indi-

60 1785 155 1839 tinc
202 1781 479 1857 redditas,
531 1797 561 1836 a
612 1782 858 1839 Sculteto
896 1790 1018 1851 post
1067 1781 1340 1838 Gillotium
1393 1782 1642 1854 (prtefat.
1676 1792 1931 1854 Bcarct,
1980 1785 2260 1857 appellarit
2292 1784 2356 1840 de
2397 1784 2656 1857 Synodis,
2701 1792 2829 1855 puta
2874 1783 2943 1839 ad
2991 1782 3349 1838 imitationem

58 1876 101 1929 in
151 1872 362 1947 Hilar.)
409 1875 630 1931 dicatur
686 1875 771 1931 hic
816 1874 953 1931 liber
1008 1891 1181 1930 versus
1248 1876 1310 1928 de
1364 1874 1525 1930 latino
1592 1877 1645 1930 in

60 1984 297 2040 gratum,
344 1985 454 2023 non
513 1970 756 2039 appensis
800 1968 999 2036 verbis,
1049 1968 1139 2024 sed
1188 1969 1391 2023 reddito
1443 1985 1648 2024 sensu:

63 2059 198 2131 longe
234 2060 418 2116 minus
459 2071 680 2117 constat
718 2076 785 2116 an
833 2062 1091 2117 Erasmus
1135 2061 1326 2116 eadem
1370 2060 1531 2117 etiam
1579 2061 1649 2117 dc

65 2167 199 2208 causa
243 2153 409 2209 veluti
461 2168 569 2225 pro
618 2161 901 2224 comperto
948 2162 1156 2210 asserat
1194 2170 1206 2207 :
1249 2151 1407 2207 Hunc
1450 2154 1647 2208 librum

63 2244 298 2312 Hilarius,
330 2256 389 2301 ut
418 2248 538 2317 ipse
577 2254 811 2316 testatur,
845 2246 993 2302 uertit
1020 2263 1047 2301 c
1086 2261 1277 2319 grteco,
1311 2247 1400 2301 sed
1444 2246 1539 2301 hac
1582 2246 1648 2301 li-

65 2337 256 2403 bertate,
286 2348 342 2395 ut
362 2340 558 2411 ubique
584 2340 822 2413 neglectis
849 2339 1011 2395 verbis
1032 2339 1331 2394 sententiam
1359 2338 1510 2393 modo
1534 2338 1652 2393 red-

66 2433 169 2497 dat,
196 2442 240 2487 et
278 2432 364 2488 ubi
412 2432 566 2489 locus
606 2433 821 2502 invitat,
854 2433 1051 2504 aliquid
1081 2432 1145 2486 dc
1189 2449 1283 2487 suo
1323 2431 1649 2488 admisceat:

67 2542 195 2598 quam
220 2526 510 2583 libertatem
550 2525 648 2581 sibi
688 2527 930 2596 permittit
971 2535 1017 2579 et
1060 2526 1113 2580 in
1159 2525 1371 2596 psalmis
1401 2524 1646 2579 scribens.

68 2618 163 2674 Non
185 2622 320 2677 enim
354 2622 460 2677 fert
492 2622 795 2678 communis
821 2620 1091 2675 sermonis
1123 2633 1284 2684 usus,
1321 2626 1380 2674 ut
1408 2633 1543 2689 opus
1574 2618 1651 2673 la-

71 2713 213 2767 tinum
241 2712 456 2769 dicatur
491 2727 521 2768 e
548 2727 726 2785 grzeco
754 2728 994 2778 versum,
1025 2710 1166 2777 quod
1199 2711 1442 2782 qumdam
1470 2709 1650 2765 moui-

72 2818 221 2861 menta
266 2808 551 2863 contineat
606 2822 637 2863 e
682 2822 857 2877 graeco
887 2807 1167 2861 translata.
1214 2805 1358 2873 Sed,
1403 2804 1652 2877 quamvis

74 2898 191 2953 aliud
211 2901 432 2955 omnino
455 2907 657 2955 sonent
683 2899 893 2955 Erasmi
924 2898 1223 2968 przesertim
1252 2897 1435 2964 verba,
1460 2899 1650 2953 demus

75 2999 226 3046 tamen
253 3006 346 3046 eos
387 2990 442 3046 in
495 3005 629 3045 unas
670 2989 1026 3045 Orientalium
1062 2989 1322 3043 formulas
1355 2988 1480 3043 huic
1510 2988 1651 3042 libro

76 3082 316 3139 admixtus
335 3085 675 3155 respexisse.
697 3082 850 3140 Unde
873 3082 1092 3146 habent,
1112 3081 1370 3137 Hilarium
1393 3081 1649 3153 neglectis

76 3174 247 3246 ubique
292 3176 481 3232 verbis
531 3175 907 3231 tantummodo
959 3173 1260 3230 reddidisse
1314 3173 1651 3229 sententias?

79 3267 290 3324 Afferunt
317 3270 540 3341 quidem
583 3268 724 3340 quod
760 3276 986 3323 testatur
1014 3283 1162 3321 num.
1193 3265 1246 3329 9,
1281 3280 1339 3320 se
1366 3265 1650 3327 Ancvrana

80 3360 267 3416 decreta
299 3362 492 3417 verbis
516 3376 676 3431 quam
706 3357 902 3430 poterit
931 3357 1348 3414 absolutissimis
1371 3357 1651 3428 expositu-

80 3465 206 3518 rum;
235 3468 336 3507 nou
368 3451 518 3524 quod
569 3468 675 3506 non
708 3451 774 3506 ab
804 3450 921 3505 aliis
948 3450 1058 3519 jam
1108 3448 1310 3505 fuerint
1354 3449 1493 3504 edita
1514 3490 1529 3514 ,
1562 3448 1654 3504 sed

82 3546 195 3613 quod
219 3562 278 3601 ea:
301 3562 476 3619 grch
512 3546 566 3599 in
597 3546 814 3599 latinum
838 3543 905 3597 ad
936 3544 1139 3598 verbum
1168 3560 1405 3615 expressa
1432 3544 1655 3598 transla-

86 3637 140 3689 tio
161 3635 297 3705 aﬂ'ert
320 3639 626 3710 plerumque
648 3636 1030 3697 obscuritatem,
1062 3635 1183 3689 dum
1206 3635 1459 3689 custodita
1478 3634 1655 3689 verbo-

85 3744 175 3781 rum
200 3730 394 3785 collatio
421 3732 657 3784 eumdem
682 3728 1053 3783 absolutionem
1088 3744 1191 3781 non
1219 3738 1382 3795 potest
1403 3729 1471 3780 ad
1498 3727 1653 3781 intel-

88 3818 274 3890 ligentia:
315 3822 699 3893 simplicitatem
739 3835 1058 3874 conservare.
1103 3820 1173 3874 At
1205 3820 1377 3889 primo
1406 3818 1475 3874 de
1523 3819 1656 3875 solis

89 3912 350 3984 Ancyrauae
376 3914 574 3987 synodi
603 3911 1004 3967 definitionibus
1026 3926 1331 3965 sermonem
1357 3910 1444 3965 hic
1468 3909 1650 3966 habet.

91 4001 261 4061 Deinde
283 4021 601 4078 expressam
627 4006 691 4060 ad
724 4006 948 4060 verbum
981 4005 1385 4059 translationem
1418 4003 1657 4073 plerum-

92 4109 174 4163 que
212 4098 490 4156 obscuram
544 4113 666 4155 csse
711 4099 986 4164 insinuat,
1040 4113 1146 4152 non
1196 4109 1462 4168 quatenus
1492 4099 1655 4152 verba

94 4188 267 4258 reddit,
309 4193 402 4248 sed
433 4201 708 4264 quatenus
736 4193 984 4248 eumdem
1014 4191 1301 4248 verborum
1337 4206 1655 4259 numerum,

96 4281 301 4338 ordinem
354 4285 883 4355 collocationemquc
948 4284 1317 4355 scrupulosius
1374 4283 1654 4339 custodit:

97 4373 210 4441 quod
239 4387 417 4446 aperte
448 4374 505 4432 in
533 4374 680 4432 Psal.
711 4394 876 4443 Lxm,
909 4393 964 4432 ιι.
997 4378 1087 4443 Ἡ,
1120 4377 1382 4443 declarat,
1414 4392 1471 4432 sc
1504 4377 1656 4431 uimi-

98 4476 189 4518 mm
208 4465 307 4535 jam
335 4469 633 4535 monuisse,
655 4467 1263 4542 plermnqueinterpretes
1282 4480 1510 4535 cunctos,
1535 4471 1659 4525 dum

1751 1880 1874 1937 libri
1922 1878 2205 1935 Athanasii
2254 1876 2444 1932 eadem
2494 1876 2710 1931 ratione
2757 1874 3034 1947 inscripti,
3081 1889 3203 1929 cum
3243 1887 3351 1944 quo

1750 1972 2037 2048 quamdam
2093 1970 2296 2026 habere
2349 1970 2565 2026 videtur
2625 1968 2966 2025 affinitatem.
3017 1967 3349 2038 Quamquam

1749 2066 1893 2137 apud
1934 2064 2286 2121 Athanasium
2339 2061 2591 2135 specialis
2643 2069 2729 2117 est
2781 2060 2965 2116 titulus
3010 2059 3075 2114 de
3127 2058 3354 2130 Synodis

1753 2160 2061 2215 Ariminensi
2083 2169 2131 2214 et
2156 2158 2473 2214 Seleuciensi
2487 2172 2507 2222 ,°
2530 2156 2600 2213 de
2619 2155 2815 2228 quibus
2838 2156 3071 2228 primum
3095 2154 3207 2226 agit
3226 2152 3354 2208 data

1752 2268 1946 2324 opera,
1990 2266 2054 2308 ac
2101 2261 2290 2322 postea
2335 2251 2485 2307 velut
2531 2265 2597 2307 ex
2644 2250 2931 2305 occasione
2960 2248 3143 2319 plures
3185 2245 3354 2303 refert

1754 2346 1877 2402 fidei
1906 2345 2277 2402 confessiones
2309 2361 2321 2398 :
2356 2359 2463 2399 non
2493 2352 2551 2397 ut
2585 2356 2679 2399 eas
2721 2341 2969 2414 quidem,
3003 2338 3354 2412 quemadmo-

1751 2442 1883 2498 dum
1909 2440 2168 2507 Hilarius,
2202 2437 2436 2509 benigue
2458 2445 2711 2502 excuset;
2739 2433 2834 2492 sed
2860 2443 2917 2489 nt
2944 2432 3268 2489 Arianorum
3297 2438 3350 2487 in

1755 2533 1860 2590 fide
1902 2532 2318 2589 inconstantiam
2356 2529 2714 2585 demonstret.
2759 2525 2911 2584 Unde
2943 2524 3023 2591 fit,
3051 2534 3110 2581 ut
3139 2525 3351 2580 etiamsi

1752 2629 2033 2698 utriusque
2062 2625 2208 2696 Opus
2235 2624 2287 2678 iu
2334 2623 2435 2678 hoc
2475 2622 2652 2677 simile
2679 2621 2779 2685 sit,
2810 2619 2952 2692 quod
2997 2619 3155 2676 ambo
3194 2620 3350 2676 exhi-

1754 2719 1919 2775 beant
1950 2718 2131 2788 plures
2156 2714 2508 2771 Orientalium
2548 2712 2669 2767 fidei
2700 2712 3043 2767 definitiones
3074 2730 3087 2764 :
3116 2726 3236 2768 cum
3267 2720 3350 2767 ta-

1754 2824 1879 2865 men
1918 2809 2197 2876 utrinsqne
2227 2804 2381 2861 valde
2407 2804 2677 2860 diversum
2709 2803 2781 2858 sit
2806 2802 3123 2868 consilium,
3156 2817 3255 2859 nec
3287 2804 3354 2858 ti-

1754 2902 1897 2965 tulus
1944 2898 2226 2957 Athanasii
2275 2898 2413 2954 libro
2457 2906 2791 2969 prmnmatus
2853 2895 2917 2950 ad
2968 2911 3085 2951 eam
3137 2896 3352 2966 proprie

1755 3004 1963 3067 partem
1992 2992 2285 3064 pertineat,
2314 3004 2435 3061 qum
2464 3003 2585 3044 cum
2614 2987 2717 3044 hoc
2747 2986 2931 3042 llilarii
2961 2986 3135 3057 Opere
3160 2986 3353 3042 similis

1753 3094 2008 3159 apparet;
2042 3086 2202 3141 unius
2243 3082 2522 3154 inscriptio
2548 3096 2657 3137 non
2687 3081 2880 3137 debeat
2906 3094 3027 3136 esse
3066 3094 3252 3135 norma
3275 3079 3353 3134 al-

1678 3182 1722 3245 C
1758 3181 1946 3236 terius.
1978 3177 2162 3247 Itaque
2193 3176 2299 3231 hoc
2328 3175 2474 3245 Opus
2505 3190 2611 3229 non
2642 3172 2748 3228 alio
2779 3171 2996 3227 nomine
3022 3170 3088 3225 ab
3114 3170 3231 3241 ipso
3259 3169 3353 3225 Hi-

1757 3274 1892 3330 lario
1914 3271 2230 3341 inscriptum
2263 3277 2510 3340 putamus
2529 3310 2543 3334 ,
2572 3283 2729 3338 quam
2757 3281 2945 3322 eorum
2967 3264 3032 3319 ad
3060 3278 3194 3335 quos
3221 3261 3353 3317 illud

1756 3368 1921 3424 misit.
1957 3365 2028 3421 Et
2052 3364 2267 3436 quidem
2301 3364 2352 3419 in
2394 3362 2645 3418 omnibus
2676 3359 2860 3432 proba:
2891 3370 3033 3414 noue
3061 3372 3193 3413 mss.
3224 3356 3355 3411 sim-

1756 3460 1969 3531 pliciter
1995 3456 2213 3528 epistola
2253 3462 2591 3526 nuncupatur
2615 3472 2627 3507 :
2664 3466 2838 3522 neque
2866 3452 3025 3505 aliter
3047 3447 3297 3503 laudatur
3322 3461 3352 3500 a

1757 3551 2012 3610 Facundo
2040 3549 2341 3614 flermian.,
2374 3547 2468 3601 lib.
2494 3562 2550 3611 κ,
2576 3560 2628 3601 c.
2654 3544 2687 3599 6
2717 3560 2729 3597 :
2762 3542 2825 3597 Β.
2856 3541 3125 3607 Hilarius,
3156 3539 3348 3609 inquit,

1756 3644 2073 3701 Arianorum
2103 3640 2482 3713 potentissimus
2523 3648 2670 3708 atque
2702 3635 2983 3690 acerrimus
3011 3642 3351 3705 expugnator,

1756 3748 1804 3795 et
1824 3736 2263 3793 constantissimus
2285 3733 2406 3803 ﬁdei
2432 3732 2738 3786 Christiana:
2758 3728 3015 3797 defensor,
3038 3727 3092 3780 in
3134 3724 3352 3796 epistola

1756 3849 1910 3902 quam
1940 3830 2003 3886 de
2032 3830 2211 3884 exsilio
2245 3828 2449 3900 scripsit
2492 3826 2744 3900 episcOpis
2784 3823 3072 3879 Germania:
3101 3823 3280 3893 prima:
3309 3830 3356 3876 et

1757 3922 2044 3979 Germania:
2069 3924 2328 3983 secundat,
2362 3928 2466 3975 etc.
2493 3919 2690 3974 Verum
2716 3927 2775 3972 ut
2800 3917 2941 3972 absit
2966 3915 3220 3971 novitatis
3240 3929 3357 3969 mo-

1758 4017 1912 4074 lestia
1934 4057 1948 4081 ,
1974 4015 2189 4070 titulum
2224 4022 2499 4083 receptum
2527 4012 2589 4066 de
2630 4009 2857 4081 Synodis
2901 4023 3007 4063 non
3040 4014 3308 4062 mutamus
3338 4023 3352 4060 :

1758 4111 1844 4169 cui
1879 4120 2055 4165 tamen
2084 4108 2399 4179 adjicimus,
2430 4122 2522 4160 seu
2548 4106 2610 4156 de
2638 4104 2742 4173 ﬁde
2788 4100 3159 4163 Orientalium,
3206 4109 3266 4153 ut
3301 4099 3356 4154 in

1761 4204 1938 4258 fronte
1983 4200 2180 4257 habeat
2225 4200 2394 4254 lector
2439 4196 2655 4250 brevem
2693 4208 2880 4248 cotttm
2928 4206 3049 4263 qua:
3081 4189 3354 4246 tractanda

1758 4304 1883 4351 sunt
1906 4294 2157 4349 indicem.

1835 4386 1920 4440 VI.
1941 4384 2210 4439 Tractatus
2237 4382 2319 4435 hic
2347 4381 2650 4435 auctoritate
2677 4377 3080 4433 commendatur.
3107 4406 3177 4418 —
3205 4374 3359 4431 Hunc

1764 4487 2072 4544 tractatum,
2102 4490 2261 4546 quem
2289 4473 2547 4529 orationis
2575 4472 2806 4527 fructum
2826 4514 2841 4534 .
2873 4470 3021 4541 pacis
3050 4484 3235 4526 semen
3257 4510 3273 4533 ,
3301 4477 3358 4524 et

99 4560 445 4619 collocationem
485 4564 817 4634 ordinemque
843 4563 1109 4618 verborum
1136 4564 1396 4617 demutare
1440 4581 1501 4619 ac
1528 4574 1656 4619 tem-
1683 4576 1736 4636 ι)
1763 4586 1983 4643 germen
2025 4569 2265 4623 caritatis
2309 4567 2694 4640 cognominare
2738 4566 2885 4629 licet,
2910 4561 3353 4635 Vigilium'l‘aps.

100 4666 249 4718 perure
268 4672 364 4710 non
390 4656 601 4724 audent,
650 4656 817 4709 minus
848 4655 1071 4709 dilucide
1100 4657 1458 4726 proprietatem
1488 4657 1661 4709 decla-

98 4758 212 4799 rasse
234 4747 498 4804 dictarunt.
529 4748 812 4803 Postremo
843 4748 931 4817 qui
958 4762 1131 4819 graeca
1160 4749 1402 4819 exempla
1433 4763 1554 4803 eum
1584 4748 1659 4802 la-

101 4833 190 4890 tina
215 4837 386 4895 Ililarii
416 4841 667 4896 versione
689 4839 1003 4904 contendet,
1036 4838 1191 4895 facile
1220 4839 1544 4894 assentietur
1570 4839 1657 4894 vix

103 4928 235 4984 ullam
260 4933 494 5000 potuisse
519 4932 712 4988 confici
738 4933 931 4988 littera:
961 4932 1288 4986 tenaciorem
1315 4950 1327 4987 :
1358 4941 1411 4986 et
1437 4932 1661 5003 perinde

105 5019 373 5092 Erasmum,
403 5025 680 5083 Gillotium
708 5033 868 5095 atque
898 5024 1193 5081 Scultetum
1225 5024 1293 5079 de
1330 5038 1389 5080 re
1418 5024 1521 5079 sibi
1554 5039 1658 5079 non

105 5128 344 5187 comperta
366 5122 525 5177 verba
558 5120 733 5177 facere
757 5121 1015 5177 voluisse.

162 5209 219 5266 γ.
247 5214 456 5272 Titulus.
486 5247 558 5261 —-
579 5218 635 5273 Si
659 5217 820 5272 etiam
872 5219 1092 5287 propius
1120 5218 1482 5289 inspexissent
1500 5220 1660 5275 totius

108 5297 241 5371 hujus
266 5304 451 5376 Operis
480 5308 773 5375 rationem,
809 5307 1175 5378 displicuisset
1213 5311 1293 5365 eis
1318 5311 1566 5381 vulgatus
1599 5311 1665 5365 ti-

113 5396 257 5462 tulus,
295 5398 373 5455 De
409 5404 620 5475 synodis
662 5403 786 5474 fidei
830 5403 1095 5458 catholica:
1136 5415 1312 5459 contra
1357 5406 1575 5460 Arianos
1620 5415 1663 5459 et

114 5491 487 5554 mararicatores
512 5494 723 5549 Arianis
743 5496 1133 5563 acquiescentes.
1176 5496 1340 5563 Quasi
1372 5512 1503 5552 vero
1537 5513 1665 5569 syn-

116 5578 212 5646 odi,
236 5598 447 5652 quarum
478 5587 843 5657 expositiones
885 5588 1285 5657 complectitur,
1317 5604 1346 5642 a
1374 5588 1665 5645 (Iutholiciu

116 5679 271 5754 contra
296 5676 522 5733 Arianos
548 5678 747 5755 habita:
792 5676 1026 5749 fuerint,
1056 5688 1111 5737 et
1138 5697 1244 5736 non
1278 5684 1454 5751 petius
1480 5682 1548 5738 ab
1588 5684 1667 5753 ip-

120 5759 271 5823 nudet
297 5759 579 5828 maxiniam
607 5762 814 5837 partem
846 5758 1059 5830 Avianio
1087 5764 1177 5829 aut
1202 5784 1349 5833 certe
1375 5773 1668 5831 Semiaria-

1759 4662 1962 4718 vidisse
1988 4661 2154 4732 liquet
2177 4675 2240 4716 ex
2271 4660 2410 4715 libro
2436 4660 2603 4729 ipsius
2625 4674 2656 4711 v
2672 4667 2857 4714 contra
2884 4654 3184 4728 Eutychen,
3204 4668 3352 4707 num.

1761 4758 1817 4823 5,
1846 4771 1946 4813 nec
1986 4755 2117 4810 satis
2161 4754 2458 4810 advertisse
2484 4767 2592 4825 quo
2631 4759 2916 4818 Spectaret.
2950 4746 3208 4804 Eumdem
3244 4745 3359 4800 lau-

1760 4851 1909 4906 davit
1952 4847 2240 4905 Facundos
2284 4863 2391 4901 non
2458 4847 2631 4899 solum
2683 4843 2777 4898 lib.
2816 4858 2885 4908 x,
2927 4857 3047 4912 cap.
3088 4842 3142 4908 6,
3172 4839 3265 4896 sed
3304 4849 3358 4895 et

1764 4944 1857 5000 lib.
1884 4958 1986 5008 xu,
2013 4956 2133 5009 cap.
2158 4941 2212 5007 '5,
2240 4937 2571 5011 Augustinus
2593 4952 2722 4991 vero
2748 4935 2908 5007 epist.
2937 4948 3091 4998 xcut,
3114 4948 3263 4987 nutu.
3288 4931 3352 4987 3|

1762 5050 1816 5097 et
1844 5040 1936 5107 '59.,
1967 5039 2227 5093 adversus
2276 5035 2620 5091 Vincentium
2668 5031 3000 5100 Rogatistam
3046 5026 3355 5083 vindicavit.

1764 5132 1924 5189 Tanti
1951 5139 2127 5184 autem
2159 5127 2308 5182 illum
2336 5127 2461 5181 fecit
2486 5125 2841 5195 Hieronymus
2862 5162 2876 5186 ,
2910 5131 2966 5176 nt
2996 5123 3207 5192 pr0pria
3235 5134 3358 5175 eum

1765 5237 1927 5277 manu
1958 5218 2325 5287 descripserit.
2369 5215 2643 5271 Proliaum
2667 5214 2845 5278 valde,
2880 5214 3053 5283 inquit
3082 5212 3242 5282 epist.
3284 5227 3356 5278 vt,

1765 5313 1832 5368 ad
1884 5310 2253 5374 Florentium,
2303 5309 2487 5363 librum
2531 5307 2593 5360 de
2642 5306 2868 5377 Synodis
2915 5309 3075 5359 sancti
3127 5303 3359 5370 Hilarii,

1764 5421 1911 5477 quem
1942 5403 1987 5458 ei
2014 5399 2155 5471 apud
2181 5398 2414 5454 Treviros
2455 5414 2611 5452 manu
2656 5413 2766 5451 mea
2808 5397 2915 5465 ipse
2956 5395 3323 5466 descripseram
3345 5436 3360 5462 ,

1766 5513 1910 5564 teque
1935 5506 1992 5550 ut
2018 5494 2143 5548 mihi
2174 5495 2458 5564 transferas
2484 5501 2619 5565 peto.

1840 5587 1951 5644 VII.
1981 5585 2264 5655 Speculum
2291 5595 2363 5640 est
2389 5587 2630 5639 virtutum
2674 5584 2883 5639 Hilarii.
2918 5583 3214 5639 Prtrsertim
3239 5586 3362 5640 leni-

1767 5684 1911 5738 tatis.
1937 5679 2213 5750 —-—Neque
2253 5678 2324 5733 ob
2360 5680 2462 5734 hoc
2508 5678 2683 5733 solum
2734 5677 3194 5733 commendandus
3240 5686 3366 5743 est,

1768 5774 1913 5848 quod
1944 5770 2097 5846 plura
2126 5760 2370 5828 continet
2398 5759 2547 5843 gesta
2587 5773 2709 5841 quae
2754 5768 3030 5825 historiam
3061 5765 3362 5833 illustrant,
