  <div class='ocr_page' id='page_1' title='image "/cluster/home/n/w/nwhite01/storage/ocr_20150623/10/uva.x000826522/245.png"; bbox 0 0 3936 6196; ppageno 0'>
   <div class='ocr_carea' id='block_1_1' title="bbox 494 107 545 117">
    <p class='ocr_par' dir='ltr' id='par_1_1' title="bbox 494 107 545 117">
     <span class='ocr_line' id='line_1_1' title="bbox 494 107 545 117; baseline 0.039 -2"><span class='ocrx_word' id='word_1_1' title='bbox 494 107 545 117; x_wconf 56' lang='grc' dir='ltr'><strong>..ινα</strong></span> 
     </span>
    </p>
   </div>
   <div class='ocr_carea' id='block_1_2' title="bbox 555 242 663 301">
    <p class='ocr_par' dir='ltr' id='par_1_2' title="bbox 555 242 663 301">
     <span class='ocr_line' id='line_1_2' title="bbox 555 242 663 301; baseline -0.028 0"><span class='ocrx_word' id='word_1_2' title='bbox 555 242 663 301; x_wconf 70' lang='grc'><strong>473</strong></span> 
     </span>
    </p>
   </div>
   <div class='ocr_carea' id='block_1_3' title="bbox 1789 234 2616 299">
    <p class='ocr_par' dir='ltr' id='par_1_3' title="bbox 1789 234 2616 299">
     <span class='ocr_line' id='line_1_3' title="bbox 1789 234 2616 299; baseline 0.002 -2"><span class='ocrx_word' id='word_1_3' title='bbox 1789 241 1853 298; x_wconf 83' lang='lat' dir='ltr'><strong>IN</strong></span> <span class='ocrx_word' id='word_1_4' title='bbox 1893 236 2151 296; x_wconf 75' lang='lat' dir='ltr'><strong>LIBRUM</strong></span> <span class='ocrx_word' id='word_1_5' title='bbox 2195 236 2281 295; x_wconf 86' lang='lat' dir='ltr'><strong>DE</strong></span> <span class='ocrx_word' id='word_1_6' title='bbox 2321 234 2616 299; x_wconf 76' lang='lat' dir='ltr'><strong>SYNODIS</strong></span> 
     </span>
    </p>
   </div>
   <div class='ocr_carea' id='block_1_4' title="bbox 3830 165 3855 177">
    <p class='ocr_par' dir='ltr' id='par_1_4' title="bbox 3830 165 3855 177">
     <span class='ocr_line' id='line_1_4' title="bbox 3830 165 3855 177; baseline 0 0"><span class='ocrx_word' id='word_1_7' title='bbox 3830 165 3855 177; x_wconf 57' lang='grc' dir='ltr'><strong><em>ρ</em></strong></span> 
     </span>
    </p>
   </div>
   <div class='ocr_carea' id='block_1_5' title="bbox 3732 249 3813 303">
    <p class='ocr_par' dir='ltr' id='par_1_5' title="bbox 3732 249 3813 303">
     <span class='ocr_line' id='line_1_5' title="bbox 3732 249 3813 303; baseline 0.025 -2"><span class='ocrx_word' id='word_1_8' title='bbox 3732 249 3813 303; x_wconf 68' lang='lat'><strong>476</strong></span> 
     </span>
    </p>
   </div>
   <div class='ocr_carea' id='block_1_6' title="bbox 559 351 3815 434">
    <p class='ocr_par' dir='ltr' id='par_1_6' title="bbox 559 351 3815 434">
     <span class='ocr_line' id='line_1_6' title="bbox 559 351 3815 434; baseline 0 -17"><span class='ocrx_word' id='word_1_9' title='bbox 559 360 654 417; x_wconf 86' lang='lat' dir='ltr'><strong>sed</strong></span> <span class='ocrx_word' id='word_1_10' title='bbox 682 366 738 416; x_wconf 88' lang='lat' dir='ltr'><strong>et</strong></span> <span class='ocrx_word' id='word_1_11' title='bbox 763 358 907 431; x_wconf 87' lang='lat' dir='ltr'><strong>quod</strong></span> <span class='ocrx_word' id='word_1_12' title='bbox 941 373 1118 414; x_wconf 85' lang='lat' dir='ltr'><strong>veram</strong></span> <span class='ocrx_word' id='word_1_13' title='bbox 1147 372 1210 414; x_wconf 89' lang='lat' dir='ltr'><strong>ac</strong></span> <span class='ocrx_word' id='word_1_14' title='bbox 1232 359 1407 414; x_wconf 83' lang='lat' dir='ltr'><strong>vivam</strong></span> <span class='ocrx_word' id='word_1_15' title='bbox 1441 370 1551 428; x_wconf 72' lang='lat' dir='ltr'><strong>przc</strong></span> <span class='ocrx_word' id='word_1_16' title='bbox 1575 371 1634 412; x_wconf 86' lang='lat' dir='ltr'><strong>se</strong></span> <span class='ocrx_word' id='word_1_17' title='bbox 1661 353 1798 411; x_wconf 87' lang='lat' dir='ltr'><strong>ferat</strong></span> <span class='ocrx_word' id='word_1_18' title='bbox 1823 353 2148 411; x_wconf 74' lang='lat' dir='ltr'><strong>sanctissimi</strong></span> <span class='ocrx_word' id='word_1_19' title='bbox 2177 356 2227 416; x_wconf 84' lang='grc' dir='ltr'><strong>Λ</strong></span> <span class='ocrx_word' id='word_1_20' title='bbox 2326 351 2395 408; x_wconf 78' lang='grc' dir='ltr'><strong>Χ.</strong></span> <span class='ocrx_word' id='word_1_21' title='bbox 2427 355 2505 411; x_wconf 79' lang='lat' dir='ltr'><strong>An</strong></span> <span class='ocrx_word' id='word_1_22' title='bbox 2533 356 2634 411; x_wconf 84' lang='lat' dir='ltr'><strong>sint</strong></span> <span class='ocrx_word' id='word_1_23' title='bbox 2662 359 2947 431; x_wconf 82' lang='lat' dir='ltr'><strong>fragmenta</strong></span> <span class='ocrx_word' id='word_1_24' title='bbox 2967 399 2982 425; x_wconf 85' lang='lat'><strong>,</strong></span> <span class='ocrx_word' id='word_1_25' title='bbox 3014 373 3080 413; x_wconf 84' lang='lat' dir='ltr'><strong>an</strong></span> <span class='ocrx_word' id='word_1_26' title='bbox 3120 366 3273 414; x_wconf 79' lang='lat' dir='ltr'><strong>noue.</strong></span> <span class='ocrx_word' id='word_1_27' title='bbox 3305 361 3381 414; x_wconf 84' lang='lat' dir='ltr'><strong>An</strong></span> <span class='ocrx_word' id='word_1_28' title='bbox 3414 361 3609 416; x_wconf 84' lang='lat' dir='ltr'><strong>nullum</strong></span> <span class='ocrx_word' id='word_1_29' title='bbox 3628 363 3815 434; x_wconf 69' lang='lat' dir='ltr'><strong>amplius</strong></span> 
     </span>
    </p>
   </div>
   <div class='ocr_carea' id='block_1_7' title="bbox 561 449 2151 522">
    <p class='ocr_par' dir='ltr' id='par_1_7' title="bbox 561 449 2151 522">
     <span class='ocr_line' id='line_1_7' title="bbox 561 449 2151 522; baseline -0.006 -11"><span class='ocrx_word' id='word_1_30' title='bbox 561 451 1111 522; x_wconf 61' lang='lat' dir='ltr'><strong>Praesens—efﬁgiem.</strong></span> <span class='ocrx_word' id='word_1_31' title='bbox 1146 452 1203 507; x_wconf 95' lang='lat' dir='ltr'><strong>ln</strong></span> <span class='ocrx_word' id='word_1_32' title='bbox 1231 466 1298 508; x_wconf 91' lang='lat' dir='ltr'><strong>eo</strong></span> <span class='ocrx_word' id='word_1_33' title='bbox 1326 452 1471 507; x_wconf 87' lang='lat' dir='ltr'><strong>enim</strong></span> <span class='ocrx_word' id='word_1_34' title='bbox 1503 465 1610 506; x_wconf 88' lang='lat' dir='ltr'><strong>uno</strong></span> <span class='ocrx_word' id='word_1_35' title='bbox 1652 458 1879 507; x_wconf 85' lang='lat' dir='ltr'><strong>tractatu</strong></span> <span class='ocrx_word' id='word_1_36' title='bbox 1921 449 2066 505; x_wconf 87' lang='lat' dir='ltr'><strong>velut</strong></span> <span class='ocrx_word' id='word_1_37' title='bbox 2099 449 2151 502; x_wconf 92' lang='lat' dir='ltr'><strong>in</strong></span> 
     </span>
    </p>
   </div>
   <div class='ocr_carea' id='block_1_8' title="bbox 563 542 2152 618">
    <p class='ocr_par' dir='ltr' id='par_1_8' title="bbox 563 542 2152 618">
     <span class='ocr_line' id='line_1_8' title="bbox 563 542 2152 618; baseline -0.004 -16"><span class='ocrx_word' id='word_1_38' title='bbox 563 544 782 618; x_wconf 87' lang='lat' dir='ltr'><strong>speculo</strong></span> <span class='ocrx_word' id='word_1_39' title='bbox 822 543 1167 615; x_wconf 76' lang='lat' dir='ltr'><strong>resplendent</strong></span> <span class='ocrx_word' id='word_1_40' title='bbox 1216 556 1385 614; x_wconf 81' lang='lat' dir='ltr'><strong>prope</strong></span> <span class='ocrx_word' id='word_1_41' title='bbox 1427 556 1617 599; x_wconf 85' lang='lat' dir='ltr'><strong>omnes</strong></span> <span class='ocrx_word' id='word_1_42' title='bbox 1666 542 1854 598; x_wconf 88' lang='lat' dir='ltr'><strong>Hilarii</strong></span> <span class='ocrx_word' id='word_1_43' title='bbox 1894 543 2152 608; x_wconf 86' lang='lat' dir='ltr'><strong>virtutes,</strong></span> 
     </span>
    </p>
   </div>
   <div class='ocr_carea' id='block_1_9' title="bbox 564 635 2155 710">
    <p class='ocr_par' dir='ltr' id='par_1_9' title="bbox 564 635 2155 710">
     <span class='ocr_line' id='line_1_9' title="bbox 564 635 2155 710; baseline -0.001 -19"><span class='ocrx_word' id='word_1_44' title='bbox 564 636 867 710; x_wconf 77' lang='lat' dir='ltr'><strong>prudentia,</strong></span> <span class='ocrx_word' id='word_1_45' title='bbox 896 638 1197 692; x_wconf 90' lang='lat' dir='ltr'><strong>constantia</strong></span> <span class='ocrx_word' id='word_1_46' title='bbox 1219 679 1235 705; x_wconf 90' lang='lat'><strong>,</strong></span> <span class='ocrx_word' id='word_1_47' title='bbox 1265 637 1427 692; x_wconf 90' lang='lat' dir='ltr'><strong>animi</strong></span> <span class='ocrx_word' id='word_1_48' title='bbox 1455 635 1766 708; x_wconf 76' lang='lat' dir='ltr'><strong>magnitudo</strong></span> <span class='ocrx_word' id='word_1_49' title='bbox 1795 636 1952 691; x_wconf 83' lang='lat' dir='ltr'><strong>simul</strong></span> <span class='ocrx_word' id='word_1_50' title='bbox 1978 642 2034 691; x_wconf 92' lang='lat' dir='ltr'><strong>et</strong></span> <span class='ocrx_word' id='word_1_51' title='bbox 2058 635 2155 690; x_wconf 85' lang='lat' dir='ltr'><strong>de-</strong></span> 
     </span>
    </p>
   </div>
   <div class='ocr_carea' id='block_1_10' title="bbox 564 727 2157 799">
    <p class='ocr_par' dir='ltr' id='par_1_10' title="bbox 564 727 2157 799">
     <span class='ocr_line' id='line_1_10' title="bbox 564 727 2157 799; baseline -0.001 -15"><span class='ocrx_word' id='word_1_52' title='bbox 564 729 753 784; x_wconf 86' lang='lat' dir='ltr'><strong>missio</strong></span> <span class='ocrx_word' id='word_1_53' title='bbox 782 743 877 783; x_wconf 88' lang='lat' dir='ltr'><strong>seu</strong></span> <span class='ocrx_word' id='word_1_54' title='bbox 906 727 1183 783; x_wconf 78' lang='lat' dir='ltr'><strong>humilitas</strong></span> <span class='ocrx_word' id='word_1_55' title='bbox 1209 727 1534 796; x_wconf 87' lang='lat' dir='ltr'><strong>Christiana,</strong></span> <span class='ocrx_word' id='word_1_56' title='bbox 1568 739 1748 785; x_wconf 86' lang='lat' dir='ltr'><strong>castus</strong></span> <span class='ocrx_word' id='word_1_57' title='bbox 1771 743 1924 783; x_wconf 88' lang='lat' dir='ltr'><strong>amor</strong></span> <span class='ocrx_word' id='word_1_58' title='bbox 1949 727 2157 799; x_wconf 79' lang='lat' dir='ltr'><strong>patriae,</strong></span> 
     </span>
    </p>
   </div>
   <div class='ocr_carea' id='block_1_11' title="bbox 563 820 2164 892">
    <p class='ocr_par' dir='ltr' id='par_1_11' title="bbox 563 820 2164 892">
     <span class='ocr_line' id='line_1_11' title="bbox 563 820 2164 892; baseline -0.001 -16"><span class='ocrx_word' id='word_1_59' title='bbox 563 835 830 876; x_wconf 90' lang='lat' dir='ltr'><strong>summum</strong></span> <span class='ocrx_word' id='word_1_60' title='bbox 864 821 1011 891; x_wconf 81' lang='lat' dir='ltr'><strong>pacis</strong></span> <span class='ocrx_word' id='word_1_61' title='bbox 1041 820 1277 876; x_wconf 86' lang='lat' dir='ltr'><strong>studium</strong></span> <span class='ocrx_word' id='word_1_62' title='bbox 1302 864 1317 886; x_wconf 84' lang='grc'>,</span> <span class='ocrx_word' id='word_1_63' title='bbox 1351 821 1475 877; x_wconf 84' lang='lat' dir='ltr'><strong>ﬁdei</strong></span> <span class='ocrx_word' id='word_1_64' title='bbox 1519 823 1806 878; x_wconf 79' lang='lat' dir='ltr'><strong>sinceritas</strong></span> <span class='ocrx_word' id='word_1_65' title='bbox 1836 830 1995 892; x_wconf 86' lang='lat' dir='ltr'><strong>atque</strong></span> <span class='ocrx_word' id='word_1_66' title='bbox 2022 820 2164 877; x_wconf 82' lang='lat' dir='ltr'><strong>inte-</strong></span> 
     </span>
    </p>
   </div>
   <div class='ocr_carea' id='block_1_12' title="bbox 563 910 2162 986">
    <p class='ocr_par' dir='ltr' id='par_1_12' title="bbox 563 910 2162 986">
     <span class='ocr_line' id='line_1_12' title="bbox 563 910 2162 986; baseline 0.001 -20"><span class='ocrx_word' id='word_1_67' title='bbox 563 914 761 985; x_wconf 87' lang='lat' dir='ltr'><strong>gritas,</strong></span> <span class='ocrx_word' id='word_1_68' title='bbox 800 923 906 968; x_wconf 88' lang='lat' dir='ltr'><strong>etc.</strong></span> <span class='ocrx_word' id='word_1_69' title='bbox 940 910 1169 970; x_wconf 73' lang='lat' dir='ltr'><strong>Maxime</strong></span> <span class='ocrx_word' id='word_1_70' title='bbox 1199 923 1379 970; x_wconf 83' lang='lat' dir='ltr'><strong>autem</strong></span> <span class='ocrx_word' id='word_1_71' title='bbox 1422 916 1635 986; x_wconf 81' lang='lat' dir='ltr'><strong>egregia</strong></span> <span class='ocrx_word' id='word_1_72' title='bbox 1682 913 1770 969; x_wconf 86' lang='lat' dir='ltr'><strong>illa</strong></span> <span class='ocrx_word' id='word_1_73' title='bbox 1807 912 2162 969; x_wconf 77' lang='lat' dir='ltr'><strong>conciliandis</strong></span> 
     </span>
    </p>
   </div>
   <div class='ocr_carea' id='block_1_13' title="bbox 563 1006 2161 1079">
    <p class='ocr_par' dir='ltr' id='par_1_13' title="bbox 563 1006 2161 1079">
     <span class='ocr_line' id='line_1_13' title="bbox 563 1006 2161 1079; baseline -0.003 -16"><span class='ocrx_word' id='word_1_74' title='bbox 563 1007 669 1063; x_wconf 84' lang='lat' dir='ltr'><strong>sibi</strong></span> <span class='ocrx_word' id='word_1_75' title='bbox 715 1008 956 1064; x_wconf 86' lang='lat' dir='ltr'><strong>omnium</strong></span> <span class='ocrx_word' id='word_1_76' title='bbox 1004 1008 1199 1064; x_wconf 85' lang='lat' dir='ltr'><strong>animis</strong></span> <span class='ocrx_word' id='word_1_77' title='bbox 1248 1019 1371 1063; x_wconf 81' lang='lat' dir='ltr'><strong>nata</strong></span> <span class='ocrx_word' id='word_1_78' title='bbox 1424 1008 1616 1064; x_wconf 91' lang='lat' dir='ltr'><strong>lenitas</strong></span> <span class='ocrx_word' id='word_1_79' title='bbox 1667 1018 1829 1079; x_wconf 87' lang='lat' dir='ltr'><strong>atque</strong></span> <span class='ocrx_word' id='word_1_80' title='bbox 1878 1006 2161 1074; x_wconf 82' lang='lat' dir='ltr'><strong>modestia,</strong></span> 
     </span>
    </p>
   </div>
   <div class='ocr_carea' id='block_1_14' title="bbox 567 1099 2163 1173">
    <p class='ocr_par' dir='ltr' id='par_1_14' title="bbox 567 1099 2163 1173">
     <span class='ocr_line' id='line_1_14' title="bbox 567 1099 2163 1173; baseline -0.001 -19"><span class='ocrx_word' id='word_1_81' title='bbox 567 1115 671 1172; x_wconf 85' lang='lat' dir='ltr'><strong>qua</strong></span> <span class='ocrx_word' id='word_1_82' title='bbox 717 1101 1000 1171; x_wconf 60' lang='lat' dir='ltr'><strong>praeditum</strong></span> <span class='ocrx_word' id='word_1_83' title='bbox 1048 1117 1172 1157; x_wconf 90' lang='lat' dir='ltr'><strong>eum</strong></span> <span class='ocrx_word' id='word_1_84' title='bbox 1235 1101 1400 1157; x_wconf 86' lang='lat' dir='ltr'><strong>luisse</strong></span> <span class='ocrx_word' id='word_1_85' title='bbox 1461 1110 1688 1156; x_wconf 87' lang='lat' dir='ltr'><strong>testatur</strong></span> <span class='ocrx_word' id='word_1_86' title='bbox 1738 1100 1966 1156; x_wconf 79' lang='lat' dir='ltr'><strong>Ruﬁnus</strong></span> <span class='ocrx_word' id='word_1_87' title='bbox 1996 1099 2163 1173; x_wconf 83' lang='lat' dir='ltr'><strong>(lib.t</strong></span> 
     </span>
    </p>
   </div>
   <div class='ocr_carea' id='block_1_15' title="bbox 575 1192 2167 1267">
    <p class='ocr_par' dir='ltr' id='par_1_15' title="bbox 575 1192 2167 1267">
     <span class='ocr_line' id='line_1_15' title="bbox 575 1192 2167 1267; baseline -0.002 -17"><span class='ocrx_word' id='word_1_88' title='bbox 575 1194 744 1258; x_wconf 82' lang='lat' dir='ltr'><strong>Hist..</strong></span> <span class='ocrx_word' id='word_1_89' title='bbox 772 1212 820 1249; x_wconf 88' lang='lat' dir='ltr'><strong>c.</strong></span> <span class='ocrx_word' id='word_1_90' title='bbox 851 1192 963 1267; x_wconf 76' lang='grc'><strong>51),</strong></span> <span class='ocrx_word' id='word_1_91' title='bbox 996 1198 1131 1251; x_wconf 85' lang='lat' dir='ltr'><strong>adeo</strong></span> <span class='ocrx_word' id='word_1_92' title='bbox 1156 1196 1354 1266; x_wconf 89' lang='lat' dir='ltr'><strong>ubique</strong></span> <span class='ocrx_word' id='word_1_93' title='bbox 1378 1196 1583 1261; x_wconf 87' lang='lat' dir='ltr'><strong>elucet,</strong></span> <span class='ocrx_word' id='word_1_94' title='bbox 1617 1203 1676 1250; x_wconf 90' lang='lat' dir='ltr'><strong>ut</strong></span> <span class='ocrx_word' id='word_1_95' title='bbox 1704 1195 1785 1249; x_wconf 89' lang='lat' dir='ltr'><strong>vel</strong></span> <span class='ocrx_word' id='word_1_96' title='bbox 1803 1194 2040 1249; x_wconf 90' lang='lat' dir='ltr'><strong>nondum</strong></span> <span class='ocrx_word' id='word_1_97' title='bbox 2073 1207 2167 1247; x_wconf 87' lang='lat' dir='ltr'><strong>au-</strong></span> 
     </span>
    </p>
   </div>
   <div class='ocr_carea' id='block_1_16' title="bbox 572 1286 2163 1359">
    <p class='ocr_par' dir='ltr' id='par_1_16' title="bbox 572 1286 2163 1359">
     <span class='ocr_line' id='line_1_16' title="bbox 572 1286 2163 1359; baseline -0.001 -16"><span class='ocrx_word' id='word_1_98' title='bbox 572 1287 685 1343; x_wconf 87' lang='lat' dir='ltr'><strong>dito</strong></span> <span class='ocrx_word' id='word_1_99' title='bbox 715 1288 891 1343; x_wconf 80' lang='lat' dir='ltr'><strong>Ruﬁni</strong></span> <span class='ocrx_word' id='word_1_100' title='bbox 924 1288 1266 1354; x_wconf 85' lang='lat' dir='ltr'><strong>testimonio,</strong></span> <span class='ocrx_word' id='word_1_101' title='bbox 1298 1294 1731 1359; x_wconf 75' lang='lat' dir='ltr'><strong>prmconceptam</strong></span> <span class='ocrx_word' id='word_1_102' title='bbox 1769 1286 1909 1356; x_wconf 85' lang='lat' dir='ltr'><strong>vulgi</strong></span> <span class='ocrx_word' id='word_1_103' title='bbox 1952 1286 2163 1355; x_wconf 83' lang='lat' dir='ltr'><strong>opinio-</strong></span> 
     </span>
    </p>
   </div>
   <div class='ocr_carea' id='block_1_17' title="bbox 572 1378 2167 1450">
    <p class='ocr_par' dir='ltr' id='par_1_17' title="bbox 572 1378 2167 1450">
     <span class='ocr_line' id='line_1_17' title="bbox 572 1378 2167 1450; baseline -0.001 -15"><span class='ocrx_word' id='word_1_104' title='bbox 572 1394 732 1445; x_wconf 91' lang='lat' dir='ltr'><strong>nem,</strong></span> <span class='ocrx_word' id='word_1_105' title='bbox 765 1394 869 1450; x_wconf 89' lang='lat' dir='ltr'><strong>qua</strong></span> <span class='ocrx_word' id='word_1_106' title='bbox 916 1379 1083 1434; x_wconf 78' lang='lat' dir='ltr'><strong>animi</strong></span> <span class='ocrx_word' id='word_1_107' title='bbox 1128 1394 1251 1435; x_wconf 89' lang='lat' dir='ltr'><strong>eum</strong></span> <span class='ocrx_word' id='word_1_108' title='bbox 1303 1378 1464 1450; x_wconf 89' lang='lat' dir='ltr'><strong>paulo</strong></span> <span class='ocrx_word' id='word_1_109' title='bbox 1507 1378 1874 1435; x_wconf 87' lang='lat' dir='ltr'><strong>concitatiorls</strong></span> <span class='ocrx_word' id='word_1_110' title='bbox 1912 1392 1974 1432; x_wconf 85' lang='lat' dir='ltr'><strong>ac</strong></span> <span class='ocrx_word' id='word_1_111' title='bbox 2001 1378 2167 1433; x_wconf 72' lang='lat' dir='ltr'><strong>vehe~</strong></span> 
     </span>
    </p>
   </div>
   <div class='ocr_carea' id='block_1_18' title="bbox 572 1471 2169 1542">
    <p class='ocr_par' dir='ltr' id='par_1_18' title="bbox 572 1471 2169 1542">
     <span class='ocr_line' id='line_1_18' title="bbox 572 1471 2169 1542; baseline 0 -15"><span class='ocrx_word' id='word_1_112' title='bbox 572 1474 853 1527; x_wconf 85' lang='lat' dir='ltr'><strong>mentieris</strong></span> <span class='ocrx_word' id='word_1_113' title='bbox 880 1471 1048 1529; x_wconf 81' lang='lat' dir='ltr'><strong>fuisse</strong></span> <span class='ocrx_word' id='word_1_114' title='bbox 1075 1480 1282 1542; x_wconf 88' lang='lat' dir='ltr'><strong>putant,</strong></span> <span class='ocrx_word' id='word_1_115' title='bbox 1318 1475 1500 1528; x_wconf 80' lang='lat' dir='ltr'><strong>statim</strong></span> <span class='ocrx_word' id='word_1_116' title='bbox 1531 1472 1933 1528; x_wconf 77' lang='lat' dir='ltr'><strong>excusserimus</strong></span> <span class='ocrx_word' id='word_1_117' title='bbox 1961 1473 2036 1527; x_wconf 92' lang='lat' dir='ltr'><strong>uti</strong></span> <span class='ocrx_word' id='word_1_118' title='bbox 2069 1472 2169 1527; x_wconf 79' lang='lat' dir='ltr'><strong>fal-</strong></span> 
     </span>
    </p>
   </div>
   <div class='ocr_carea' id='block_1_19' title="bbox 571 1566 2173 1640">
    <p class='ocr_par' dir='ltr' id='par_1_19' title="bbox 571 1566 2173 1640">
     <span class='ocr_line' id='line_1_19' title="bbox 571 1566 2173 1640; baseline 0.002 -19"><span class='ocrx_word' id='word_1_119' title='bbox 571 1580 686 1622; x_wconf 87' lang='lat' dir='ltr'><strong>sam</strong></span> <span class='ocrx_word' id='word_1_120' title='bbox 734 1576 789 1624; x_wconf 91' lang='lat' dir='ltr'><strong>et</strong></span> <span class='ocrx_word' id='word_1_121' title='bbox 819 1567 1073 1640; x_wconf 88' lang='lat' dir='ltr'><strong>iniquam.</strong></span> <span class='ocrx_word' id='word_1_122' title='bbox 1107 1566 1221 1638; x_wconf 88' lang='lat' dir='ltr'><strong>Qua</strong></span> <span class='ocrx_word' id='word_1_123' title='bbox 1268 1569 1319 1623; x_wconf 92' lang='lat' dir='ltr'><strong>in</strong></span> <span class='ocrx_word' id='word_1_124' title='bbox 1363 1568 1631 1624; x_wconf 91' lang='lat' dir='ltr'><strong>sententia</strong></span> <span class='ocrx_word' id='word_1_125' title='bbox 1673 1583 1779 1624; x_wconf 91' lang='lat' dir='ltr'><strong>non</strong></span> <span class='ocrx_word' id='word_1_126' title='bbox 1824 1567 2173 1624; x_wconf 89' lang='lat' dir='ltr'><strong>mediocriter</strong></span> 
     </span>
    </p>
   </div>
   <div class='ocr_carea' id='block_1_20' title="bbox 574 1658 2171 1733">
    <p class='ocr_par' dir='ltr' id='par_1_20' title="bbox 574 1658 2171 1733">
     <span class='ocr_line' id='line_1_20' title="bbox 574 1658 2171 1733; baseline 0 -16"><span class='ocrx_word' id='word_1_127' title='bbox 574 1661 961 1717; x_wconf 85' lang='lat' dir='ltr'><strong>cenflrmamur</strong></span> <span class='ocrx_word' id='word_1_128' title='bbox 975 1676 1041 1717; x_wconf 85' lang='lat' dir='ltr'><strong>ex</strong></span> <span class='ocrx_word' id='word_1_129' title='bbox 1065 1658 1266 1717; x_wconf 83' lang='lat' dir='ltr'><strong>sedatis</strong></span> <span class='ocrx_word' id='word_1_130' title='bbox 1282 1677 1344 1717; x_wconf 89' lang='lat' dir='ltr'><strong>ac</strong></span> <span class='ocrx_word' id='word_1_131' title='bbox 1363 1663 1521 1718; x_wconf 86' lang='lat' dir='ltr'><strong>melle</strong></span> <span class='ocrx_word' id='word_1_132' title='bbox 1548 1662 1780 1718; x_wconf 89' lang='lat' dir='ltr'><strong>conditis</strong></span> <span class='ocrx_word' id='word_1_133' title='bbox 1807 1663 2083 1733; x_wconf 84' lang='lat' dir='ltr'><strong>responsis</strong></span> <span class='ocrx_word' id='word_1_134' title='bbox 2105 1659 2171 1717; x_wconf 86' lang='lat' dir='ltr'><strong>ad</strong></span> 
     </span>
    </p>
   </div>
   <div class='ocr_carea' id='block_1_21' title="bbox 2258 444 3903 524">
    <p class='ocr_par' dir='ltr' id='par_1_21' title="bbox 2258 444 3903 524">
     <span class='ocr_line' id='line_1_21' title="bbox 2258 444 3903 524; baseline 0.009 -23"><span class='ocrx_word' id='word_1_135' title='bbox 2258 444 2674 505; x_wconf 68' lang='lat' dir='ltr'><strong>desiderantium.</strong></span> <span class='ocrx_word' id='word_1_136' title='bbox 2703 482 2775 491; x_wconf 97' lang='lat'><strong>—</strong></span> <span class='ocrx_word' id='word_1_137' title='bbox 2806 451 2881 507; x_wconf 91' lang='lat' dir='ltr'><strong>De</strong></span> <span class='ocrx_word' id='word_1_138' title='bbox 2926 449 3010 507; x_wconf 89' lang='lat' dir='ltr'><strong>his</strong></span> <span class='ocrx_word' id='word_1_139' title='bbox 3055 452 3328 524; x_wconf 76' lang='lat' dir='ltr'><strong>ambigere</strong></span> <span class='ocrx_word' id='word_1_140' title='bbox 3374 453 3534 517; x_wconf 89' lang='lat' dir='ltr'><strong>licet.</strong></span> <span class='ocrx_word' id='word_1_141' title='bbox 3586 457 3817 516; x_wconf 70' lang='lat' dir='ltr'><strong>seieckme</strong></span> 
     </span>
    </p>
   </div>
   <div class='ocr_carea' id='block_1_22' title="bbox 2259 539 3818 620">
    <p class='ocr_par' dir='ltr' id='par_1_22' title="bbox 2259 539 3818 620">
     <span class='ocr_line' id='line_1_22' title="bbox 2259 539 3818 620; baseline 0.008 -25"><span class='ocrx_word' id='word_1_142' title='bbox 2259 539 2368 595; x_wconf 92' lang='lat' dir='ltr'><strong>sint</strong></span> <span class='ocrx_word' id='word_1_143' title='bbox 2414 540 2691 612; x_wconf 84' lang='lat' dir='ltr'><strong>amplioris</strong></span> <span class='ocrx_word' id='word_1_144' title='bbox 2729 540 2992 616; x_wconf 82' lang='lat' dir='ltr'><strong>apologiae</strong></span> <span class='ocrx_word' id='word_1_145' title='bbox 3021 540 3315 615; x_wconf 81' lang='lat' dir='ltr'><strong>fragmenta</strong></span> <span class='ocrx_word' id='word_1_146' title='bbox 3342 559 3373 600; x_wconf 88' lang='lat' dir='ltr'><strong>a</strong></span> <span class='ocrx_word' id='word_1_147' title='bbox 3400 544 3645 603; x_wconf 89' lang='lat' dir='ltr'><strong>studioso</strong></span> <span class='ocrx_word' id='word_1_148' title='bbox 3671 551 3818 620; x_wconf 84' lang='lat' dir='ltr'><strong>aliquo</strong></span> 
     </span>
    </p>
   </div>
   <div class='ocr_carea' id='block_1_23' title="bbox 2260 632 3818 709">
    <p class='ocr_par' dir='ltr' id='par_1_23' title="bbox 2260 632 3818 709">
     <span class='ocr_line' id='line_1_23' title="bbox 2260 632 3818 709; baseline 0.003 -22"><span class='ocrx_word' id='word_1_149' title='bbox 2260 632 2374 688; x_wconf 88' lang='lat' dir='ltr'><strong>suis</strong></span> <span class='ocrx_word' id='word_1_150' title='bbox 2419 634 2553 690; x_wconf 91' lang='lat' dir='ltr'><strong>locis</strong></span> <span class='ocrx_word' id='word_1_151' title='bbox 2589 642 2801 705; x_wconf 87' lang='lat' dir='ltr'><strong>aptata,</strong></span> <span class='ocrx_word' id='word_1_152' title='bbox 2840 650 2908 690; x_wconf 91' lang='lat' dir='ltr'><strong>an</strong></span> <span class='ocrx_word' id='word_1_153' title='bbox 2945 648 3074 691; x_wconf 84' lang='lat' dir='ltr'><strong>vero</strong></span> <span class='ocrx_word' id='word_1_154' title='bbox 3103 635 3213 692; x_wconf 89' lang='lat' dir='ltr'><strong>sint</strong></span> <span class='ocrx_word' id='word_1_155' title='bbox 3257 644 3461 691; x_wconf 87' lang='lat' dir='ltr'><strong>tantum</strong></span> <span class='ocrx_word' id='word_1_156' title='bbox 3496 646 3639 693; x_wconf 78' lang='lat' dir='ltr'><strong>notze</strong></span> <span class='ocrx_word' id='word_1_157' title='bbox 3663 648 3712 694; x_wconf 89' lang='lat' dir='ltr'><strong>et</strong></span> <span class='ocrx_word' id='word_1_158' title='bbox 3746 656 3818 709; x_wconf 76' lang='lat' dir='ltr'><strong>ap.</strong></span> 
     </span>
    </p>
   </div>
   <div class='ocr_carea' id='block_1_24' title="bbox 2264 724 3824 803">
    <p class='ocr_par' dir='ltr' id='par_1_24' title="bbox 2264 724 3824 803">
     <span class='ocr_line' id='line_1_24' title="bbox 2264 724 3824 803; baseline 0.004 -22"><span class='ocrx_word' id='word_1_159' title='bbox 2264 724 2517 796; x_wconf 87' lang='lat' dir='ltr'><strong>pendices</strong></span> <span class='ocrx_word' id='word_1_160' title='bbox 2542 726 2609 783; x_wconf 89' lang='lat' dir='ltr'><strong>ad</strong></span> <span class='ocrx_word' id='word_1_161' title='bbox 2640 726 2984 784; x_wconf 90' lang='lat' dir='ltr'><strong>illustrandos</strong></span> <span class='ocrx_word' id='word_1_162' title='bbox 3014 729 3172 798; x_wconf 82' lang='lat' dir='ltr'><strong>hujus</strong></span> <span class='ocrx_word' id='word_1_163' title='bbox 3201 728 3319 784; x_wconf 90' lang='lat' dir='ltr'><strong>libri</strong></span> <span class='ocrx_word' id='word_1_164' title='bbox 3350 729 3532 793; x_wconf 84' lang='lat' dir='ltr'><strong>locos,</strong></span> <span class='ocrx_word' id='word_1_165' title='bbox 3562 732 3647 801; x_wconf 90' lang='lat' dir='ltr'><strong>qui</strong></span> <span class='ocrx_word' id='word_1_166' title='bbox 3676 747 3824 803; x_wconf 78' lang='lat' dir='ltr'><strong>reprc-</strong></span> 
     </span>
    </p>
   </div>
   <div class='ocr_carea' id='block_1_25' title="bbox 2264 818 3903 897">
    <p class='ocr_par' dir='ltr' id='par_1_25' title="bbox 2264 818 3903 897">
     <span class='ocr_line' id='line_1_25' title="bbox 2264 818 3903 897; baseline 0.005 -24"><span class='ocrx_word' id='word_1_167' title='bbox 2264 818 2513 875; x_wconf 89' lang='lat' dir='ltr'><strong>hensioni</strong></span> <span class='ocrx_word' id='word_1_168' title='bbox 2564 820 2735 875; x_wconf 88' lang='lat' dir='ltr'><strong>locum</strong></span> <span class='ocrx_word' id='word_1_169' title='bbox 2781 819 3072 888; x_wconf 87' lang='lat' dir='ltr'><strong>dederant,</strong></span> <span class='ocrx_word' id='word_1_170' title='bbox 3125 822 3192 878; x_wconf 89' lang='lat' dir='ltr'><strong>ab</strong></span> <span class='ocrx_word' id='word_1_171' title='bbox 3232 821 3463 895; x_wconf 88' lang='lat' dir='ltr'><strong>ipsomet</strong></span> <span class='ocrx_word' id='word_1_172' title='bbox 3512 822 3706 880; x_wconf 90' lang='lat' dir='ltr'><strong>llilario</strong></span> <span class='ocrx_word' id='word_1_173' title='bbox 3754 824 3826 881; x_wconf 84' lang='lat' dir='ltr'><strong>ad-</strong></span> <span class='ocrx_word' id='word_1_174' title='bbox 3902 852 3903 897; x_wconf 61' lang='grc' dir='ltr'><strong>ί</strong></span> 
     </span>
    </p>
   </div>
   <div class='ocr_carea' id='block_1_26' title="bbox 2267 913 3903 995">
    <p class='ocr_par' dir='ltr' id='par_1_26' title="bbox 2267 913 3903 995">
     <span class='ocr_line' id='line_1_26' title="bbox 2267 913 3903 995; baseline 0.006 -29"><span class='ocrx_word' id='word_1_175' title='bbox 2267 920 2459 978; x_wconf 79' lang='lat' dir='ltr'><strong>textae,</strong></span> <span class='ocrx_word' id='word_1_176' title='bbox 2511 922 2564 969; x_wconf 85' lang='lat' dir='ltr'><strong>ct</strong></span> <span class='ocrx_word' id='word_1_177' title='bbox 2592 913 2658 969; x_wconf 89' lang='lat' dir='ltr'><strong>ad</strong></span> <span class='ocrx_word' id='word_1_178' title='bbox 2686 926 2941 972; x_wconf 85' lang='lat' dir='ltr'><strong>censores</strong></span> <span class='ocrx_word' id='word_1_179' title='bbox 2981 929 3106 973; x_wconf 91' lang='lat' dir='ltr'><strong>suos</strong></span> <span class='ocrx_word' id='word_1_180' title='bbox 3137 930 3260 972; x_wconf 89' lang='lat' dir='ltr'><strong>cum</strong></span> <span class='ocrx_word' id='word_1_181' title='bbox 3304 916 3443 973; x_wconf 89' lang='lat' dir='ltr'><strong>libro</strong></span> <span class='ocrx_word' id='word_1_182' title='bbox 3484 917 3549 974; x_wconf 85' lang='lat' dir='ltr'><strong>iis</strong></span> <span class='ocrx_word' id='word_1_183' title='bbox 3577 922 3710 975; x_wconf 86' lang='lat' dir='ltr'><strong>notis</strong></span> <span class='ocrx_word' id='word_1_184' title='bbox 3734 922 3828 975; x_wconf 86' lang='lat' dir='ltr'><strong>illu-</strong></span> <span class='ocrx_word' id='word_1_185' title='bbox 3902 984 3903 995; x_wconf 13' lang='grc' dir='ltr'>χ</span> 
     </span>
    </p>
   </div>
   <div class='ocr_carea' id='block_1_27' title="bbox 2267 1006 3903 1082">
    <p class='ocr_par' dir='ltr' id='par_1_27' title="bbox 2267 1006 3903 1082">
     <span class='ocr_line' id='line_1_27' title="bbox 2267 1006 3903 1082; baseline 0.006 -23"><span class='ocrx_word' id='word_1_186' title='bbox 2267 1014 2438 1062; x_wconf 90' lang='lat' dir='ltr'><strong>strato</strong></span> <span class='ocrx_word' id='word_1_187' title='bbox 2489 1006 2690 1064; x_wconf 73' lang='lat' dir='ltr'><strong>missm.</strong></span> <span class='ocrx_word' id='word_1_188' title='bbox 2746 1008 3031 1066; x_wconf 85' lang='lat' dir='ltr'><strong>Probabile</strong></span> <span class='ocrx_word' id='word_1_189' title='bbox 3082 1020 3258 1065; x_wconf 87' lang='lat' dir='ltr'><strong>tamen</strong></span> <span class='ocrx_word' id='word_1_190' title='bbox 3310 1020 3591 1082; x_wconf 83' lang='lat' dir='ltr'><strong>putamus,</strong></span> <span class='ocrx_word' id='word_1_191' title='bbox 3639 1012 3767 1068; x_wconf 90' lang='lat' dir='ltr'><strong>illum</strong></span> <span class='ocrx_word' id='word_1_192' title='bbox 3808 1026 3831 1069; x_wconf 86' lang='lat' dir='ltr'><strong>a</strong></span> <span class='ocrx_word' id='word_1_193' title='bbox 3902 1070 3903 1081; x_wconf 19' lang='grc' dir='ltr'>χ</span> 
     </span>
    </p>
   </div>
   <div class='ocr_carea' id='block_1_28' title="bbox 2267 1097 3903 1173">
    <p class='ocr_par' dir='ltr' id='par_1_28' title="bbox 2267 1097 3903 1173">
     <span class='ocr_line' id='line_1_28' title="bbox 2267 1097 3903 1173; baseline 0.004 -20"><span class='ocrx_word' id='word_1_194' title='bbox 2267 1097 2518 1154; x_wconf 75' lang='lat' dir='ltr'><strong>Lucifero</strong></span> <span class='ocrx_word' id='word_1_195' title='bbox 2540 1099 2604 1156; x_wconf 89' lang='lat' dir='ltr'><strong>de</strong></span> <span class='ocrx_word' id='word_1_196' title='bbox 2628 1099 2695 1156; x_wconf 87' lang='lat' dir='ltr'><strong>iis</strong></span> <span class='ocrx_word' id='word_1_197' title='bbox 2715 1116 2835 1173; x_wconf 65' lang='lat' dir='ltr'><strong>quae</strong></span> <span class='ocrx_word' id='word_1_198' title='bbox 2860 1110 2970 1157; x_wconf 90' lang='lat' dir='ltr'><strong>tum</strong></span> <span class='ocrx_word' id='word_1_199' title='bbox 2991 1100 3115 1169; x_wconf 86' lang='lat' dir='ltr'><strong>sibi,</strong></span> <span class='ocrx_word' id='word_1_200' title='bbox 3143 1112 3254 1158; x_wconf 90' lang='lat' dir='ltr'><strong>tum</strong></span> <span class='ocrx_word' id='word_1_201' title='bbox 3279 1100 3398 1158; x_wconf 88' lang='lat' dir='ltr'><strong>aliis</strong></span> <span class='ocrx_word' id='word_1_202' title='bbox 3425 1102 3478 1158; x_wconf 91' lang='lat' dir='ltr'><strong>in</strong></span> <span class='ocrx_word' id='word_1_203' title='bbox 3504 1103 3603 1159; x_wconf 92' lang='lat' dir='ltr'><strong>hoc</strong></span> <span class='ocrx_word' id='word_1_204' title='bbox 3618 1103 3831 1161; x_wconf 83' lang='lat' dir='ltr'><strong>Tractatu</strong></span> <span class='ocrx_word' id='word_1_205' title='bbox 3902 1100 3903 1121; x_wconf 79' lang='lat'>‘</span> 
     </span>
    </p>
   </div>
   <div class='ocr_carea' id='block_1_29' title="bbox 2270 1190 3903 1266">
    <p class='ocr_par' dir='ltr' id='par_1_29' title="bbox 2270 1190 3903 1266">
     <span class='ocr_line' id='line_1_29' title="bbox 2270 1190 3903 1266; baseline 0.005 -20"><span class='ocrx_word' id='word_1_206' title='bbox 2270 1190 2654 1260; x_wconf 85' lang='lat' dir='ltr'><strong>displicuerant</strong></span> <span class='ocrx_word' id='word_1_207' title='bbox 2696 1191 3065 1259; x_wconf 88' lang='lat' dir='ltr'><strong>admonitutn,</strong></span> <span class='ocrx_word' id='word_1_208' title='bbox 3111 1195 3364 1251; x_wconf 91' lang='lat' dir='ltr'><strong>eumdem</strong></span> <span class='ocrx_word' id='word_1_209' title='bbox 3413 1194 3519 1266; x_wconf 82' lang='lat' dir='ltr'><strong>ipsi</strong></span> <span class='ocrx_word' id='word_1_210' title='bbox 3562 1192 3834 1253; x_wconf 81' lang='lat' dir='ltr'><strong>Tractatum</strong></span> <span class='ocrx_word' id='word_1_211' title='bbox 3902 1218 3903 1266; x_wconf 54' lang='lat'>;</span> 
     </span>
    </p>
   </div>
   <div class='ocr_carea' id='block_1_30' title="bbox 2273 1283 3903 1360">
    <p class='ocr_par' dir='ltr' id='par_1_30' title="bbox 2273 1283 3903 1360">
     <span class='ocr_line' id='line_1_30' title="bbox 2273 1283 3903 1360; baseline 0.006 -22"><span class='ocrx_word' id='word_1_212' title='bbox 2273 1283 2524 1339; x_wconf 87' lang='lat' dir='ltr'><strong>brevibus</strong></span> <span class='ocrx_word' id='word_1_213' title='bbox 2547 1285 2652 1341; x_wconf 88' lang='lat' dir='ltr'><strong>illis</strong></span> <span class='ocrx_word' id='word_1_214' title='bbox 2676 1285 2953 1356; x_wconf 88' lang='lat' dir='ltr'><strong>responsis</strong></span> <span class='ocrx_word' id='word_1_215' title='bbox 2975 1299 3190 1344; x_wconf 86' lang='lat' dir='ltr'><strong>auctum</strong></span> <span class='ocrx_word' id='word_1_216' title='bbox 3215 1289 3449 1355; x_wconf 89' lang='lat' dir='ltr'><strong>misisse,</strong></span> <span class='ocrx_word' id='word_1_217' title='bbox 3478 1288 3663 1360; x_wconf 87' lang='lat' dir='ltr'><strong>quibus</strong></span> <span class='ocrx_word' id='word_1_218' title='bbox 3682 1306 3836 1347; x_wconf 77' lang='lat' dir='ltr'><strong>uniues</strong></span> <span class='ocrx_word' id='word_1_219' title='bbox 3902 1283 3903 1360; x_wconf 52' lang='grc' dir='ltr'>ᾗ</span> 
     </span>
    </p>
   </div>
   <div class='ocr_carea' id='block_1_31' title="bbox 2273 1376 3903 1451">
    <p class='ocr_par' dir='ltr' id='par_1_31' title="bbox 2273 1376 3903 1451">
     <span class='ocr_line' id='line_1_31' title="bbox 2273 1376 3903 1451; baseline 0.003 -19"><span class='ocrx_word' id='word_1_220' title='bbox 2273 1376 2341 1433; x_wconf 91' lang='lat' dir='ltr'><strong>de</strong></span> <span class='ocrx_word' id='word_1_221' title='bbox 2370 1377 2495 1433; x_wconf 89' lang='lat' dir='ltr'><strong>ﬁdei</strong></span> <span class='ocrx_word' id='word_1_222' title='bbox 2522 1395 2632 1433; x_wconf 82' lang='lat' dir='ltr'><strong>suae</strong></span> <span class='ocrx_word' id='word_1_223' title='bbox 2662 1380 2974 1436; x_wconf 73' lang='lat' dir='ltr'><strong>sinceritate</strong></span> <span class='ocrx_word' id='word_1_224' title='bbox 3000 1382 3262 1437; x_wconf 88' lang='lat' dir='ltr'><strong>certiores</strong></span> <span class='ocrx_word' id='word_1_225' title='bbox 3288 1381 3515 1437; x_wconf 88' lang='lat' dir='ltr'><strong>faceret.</strong></span> <span class='ocrx_word' id='word_1_226' title='bbox 3546 1383 3624 1436; x_wconf 81' lang='lat' dir='ltr'><strong>An</strong></span> <span class='ocrx_word' id='word_1_227' title='bbox 3652 1398 3763 1447; x_wconf 78' lang='lat' dir='ltr'><strong>vero</strong></span> <span class='ocrx_word' id='word_1_228' title='bbox 3788 1398 3837 1437; x_wconf 78' lang='lat' dir='ltr'><strong>ex</strong></span> <span class='ocrx_word' id='word_1_229' title='bbox 3902 1376 3903 1451; x_wconf 60' lang='grc' dir='ltr'>ξ</span> 
     </span>
    </p>
   </div>
   <div class='ocr_carea' id='block_1_32' title="bbox 2274 1470 3903 1544">
    <p class='ocr_par' dir='ltr' id='par_1_32' title="bbox 2274 1470 3903 1544">
     <span class='ocr_line' id='line_1_32' title="bbox 2274 1470 3903 1544; baseline 0.002 -18"><span class='ocrx_word' id='word_1_230' title='bbox 2274 1470 2380 1526; x_wconf 88' lang='lat' dir='ltr'><strong>illis</strong></span> <span class='ocrx_word' id='word_1_231' title='bbox 2409 1471 2685 1541; x_wconf 86' lang='lat' dir='ltr'><strong>responsis</strong></span> <span class='ocrx_word' id='word_1_232' title='bbox 2716 1472 2922 1526; x_wconf 92' lang='lat' dir='ltr'><strong>nullmn</strong></span> <span class='ocrx_word' id='word_1_233' title='bbox 2949 1472 3179 1544; x_wconf 85' lang='lat' dir='ltr'><strong>amplius</strong></span> <span class='ocrx_word' id='word_1_234' title='bbox 3205 1472 3623 1529; x_wconf 85' lang='lat' dir='ltr'><strong>desiderandum</strong></span> <span class='ocrx_word' id='word_1_235' title='bbox 3651 1478 3730 1540; x_wconf 87' lang='lat' dir='ltr'><strong>sit,</strong></span> <span class='ocrx_word' id='word_1_236' title='bbox 3755 1490 3836 1530; x_wconf 87' lang='lat' dir='ltr'><strong>nun</strong></span> <span class='ocrx_word' id='word_1_237' title='bbox 3902 1496 3903 1509; x_wconf 57' lang='grc' dir='ltr'>ι</span> 
     </span>
    </p>
   </div>
   <div class='ocr_carea' id='block_1_33' title="bbox 2275 1552 3903 1638">
    <p class='ocr_par' dir='ltr' id='par_1_33' title="bbox 2275 1552 3903 1638">
     <span class='ocr_line' id='line_1_33' title="bbox 2275 1552 3903 1638; baseline 0.002 -20"><span class='ocrx_word' id='word_1_238' title='bbox 2275 1563 2444 1618; x_wconf 88' lang='lat' dir='ltr'><strong>ausim</strong></span> <span class='ocrx_word' id='word_1_239' title='bbox 2478 1579 2722 1620; x_wconf 90' lang='lat' dir='ltr'><strong>asserere</strong></span> <span class='ocrx_word' id='word_1_240' title='bbox 2753 1582 2766 1620; x_wconf 90' lang='lat'><strong>:</strong></span> <span class='ocrx_word' id='word_1_241' title='bbox 2800 1565 2842 1620; x_wconf 91' lang='lat' dir='ltr'><strong>si</strong></span> <span class='ocrx_word' id='word_1_242' title='bbox 2870 1562 3086 1637; x_wconf 84' lang='lat' dir='ltr'><strong>quidem</strong></span> <span class='ocrx_word' id='word_1_243' title='bbox 3117 1565 3198 1621; x_wconf 82' lang='lat' dir='ltr'><strong>vel</strong></span> <span class='ocrx_word' id='word_1_244' title='bbox 3229 1582 3292 1622; x_wconf 74' lang='lat' dir='ltr'><strong>ex</strong></span> <span class='ocrx_word' id='word_1_245' title='bbox 3327 1567 3416 1633; x_wconf 87' lang='lat' dir='ltr'><strong>iis,</strong></span> <span class='ocrx_word' id='word_1_246' title='bbox 3445 1583 3565 1638; x_wconf 78' lang='lat' dir='ltr'><strong>qua:</strong></span> <span class='ocrx_word' id='word_1_247' title='bbox 3595 1583 3725 1622; x_wconf 90' lang='lat' dir='ltr'><strong>nunc</strong></span> <span class='ocrx_word' id='word_1_248' title='bbox 3753 1568 3840 1637; x_wconf 85' lang='lat' dir='ltr'><strong>pri-</strong></span> <span class='ocrx_word' id='word_1_249' title='bbox 3902 1552 3903 1563; x_wconf 37' lang='grc'><em>“</em></span> 
     </span>
    </p>
   </div>
   <div class='ocr_carea' id='block_1_34' title="bbox 2278 1657 3841 1732">
    <p class='ocr_par' dir='ltr' id='par_1_34' title="bbox 2278 1657 3841 1732">
     <span class='ocr_line' id='line_1_34' title="bbox 2278 1657 3841 1732; baseline 0.002 -20"><span class='ocrx_word' id='word_1_250' title='bbox 2278 1670 2421 1712; x_wconf 91' lang='lat' dir='ltr'><strong>mum</strong></span> <span class='ocrx_word' id='word_1_251' title='bbox 2454 1657 2708 1725; x_wconf 89' lang='lat' dir='ltr'><strong>eduntur,</strong></span> <span class='ocrx_word' id='word_1_252' title='bbox 2752 1659 2969 1715; x_wconf 79' lang='lat' dir='ltr'><strong>codices</strong></span> <span class='ocrx_word' id='word_1_253' title='bbox 3012 1659 3105 1713; x_wconf 89' lang='lat' dir='ltr'><strong>alii</strong></span> <span class='ocrx_word' id='word_1_254' title='bbox 3148 1658 3251 1713; x_wconf 88' lang='lat' dir='ltr'><strong>alia</strong></span> <span class='ocrx_word' id='word_1_255' title='bbox 3299 1658 3542 1726; x_wconf 85' lang='lat' dir='ltr'><strong>habent,</strong></span> <span class='ocrx_word' id='word_1_256' title='bbox 3586 1658 3746 1715; x_wconf 88' lang='lat' dir='ltr'><strong>nullus</strong></span> <span class='ocrx_word' id='word_1_257' title='bbox 3770 1660 3841 1732; x_wconf 86' lang='lat' dir='ltr'><strong>qui</strong></span> 
     </span>
    </p>
   </div>
   <div class='ocr_carea' id='block_1_35' title="bbox 574 1746 3844 1826">
    <p class='ocr_par' dir='ltr' id='par_1_35' title="bbox 574 1746 3844 1826">
     <span class='ocr_line' id='line_1_35' title="bbox 574 1746 3844 1826; baseline -0 -16"><span class='ocrx_word' id='word_1_258' title='bbox 574 1770 659 1823; x_wconf 89' lang='lat' dir='ltr'><strong>ea,</strong></span> <span class='ocrx_word' id='word_1_259' title='bbox 690 1770 810 1826; x_wconf 62' lang='lat' dir='ltr'><strong>quae</strong></span> <span class='ocrx_word' id='word_1_260' title='bbox 842 1755 892 1809; x_wconf 92' lang='lat' dir='ltr'><strong>in</strong></span> <span class='ocrx_word' id='word_1_261' title='bbox 925 1753 1092 1812; x_wconf 87' lang='lat' dir='ltr'><strong>hocce</strong></span> <span class='ocrx_word' id='word_1_262' title='bbox 1130 1770 1229 1811; x_wconf 89' lang='lat' dir='ltr'><strong>suo</strong></span> <span class='ocrx_word' id='word_1_263' title='bbox 1261 1762 1489 1811; x_wconf 88' lang='lat' dir='ltr'><strong>tractatu</strong></span> <span class='ocrx_word' id='word_1_264' title='bbox 1530 1754 1775 1811; x_wconf 85' lang='lat' dir='ltr'><strong>nonnulli</strong></span> <span class='ocrx_word' id='word_1_265' title='bbox 1814 1755 1955 1810; x_wconf 88' lang='lat' dir='ltr'><strong>male</strong></span> <span class='ocrx_word' id='word_1_266' title='bbox 1996 1766 2179 1826; x_wconf 84' lang='lat' dir='ltr'><strong>repre-</strong></span> <span class='ocrx_word' id='word_1_267' title='bbox 2207 1756 2253 1817; x_wconf 79' lang='grc' dir='ltr'><strong>Β</strong></span> <span class='ocrx_word' id='word_1_268' title='bbox 2281 1749 2481 1805; x_wconf 88' lang='lat' dir='ltr'><strong>omnia.</strong></span> <span class='ocrx_word' id='word_1_269' title='bbox 2508 1749 2565 1804; x_wconf 89' lang='lat' dir='ltr'><strong>In</strong></span> <span class='ocrx_word' id='word_1_270' title='bbox 2591 1749 2770 1806; x_wconf 84' lang='lat' dir='ltr'><strong>multis</strong></span> <span class='ocrx_word' id='word_1_271' title='bbox 2790 1746 2996 1806; x_wconf 90' lang='lat' dir='ltr'><strong>nullum</strong></span> <span class='ocrx_word' id='word_1_272' title='bbox 3018 1753 3271 1807; x_wconf 89' lang='lat' dir='ltr'><strong>occurrit.</strong></span> <span class='ocrx_word' id='word_1_273' title='bbox 3299 1751 3354 1807; x_wconf 87' lang='lat' dir='ltr'><strong>In</strong></span> <span class='ocrx_word' id='word_1_274' title='bbox 3382 1752 3626 1825; x_wconf 87' lang='lat' dir='ltr'><strong>pluribus</strong></span> <span class='ocrx_word' id='word_1_275' title='bbox 3646 1753 3844 1825; x_wconf 78' lang='lat' dir='ltr'><strong>reperire</strong></span> 
     </span>
    </p>
   </div>
   <div class='ocr_carea' id='block_1_36' title="bbox 576 1845 2178 1919">
    <p class='ocr_par' dir='ltr' id='par_1_36' title="bbox 576 1845 2178 1919">
     <span class='ocr_line' id='line_1_36' title="bbox 576 1845 2178 1919; baseline -0.001 -15"><span class='ocrx_word' id='word_1_276' title='bbox 576 1847 903 1904; x_wconf 87' lang='lat' dir='ltr'><strong>hcmlerunt.</strong></span> <span class='ocrx_word' id='word_1_277' title='bbox 958 1845 1013 1902; x_wconf 88' lang='lat' dir='ltr'><strong>In</strong></span> <span class='ocrx_word' id='word_1_278' title='bbox 1064 1847 1129 1903; x_wconf 86' lang='lat' dir='ltr'><strong>iis</strong></span> <span class='ocrx_word' id='word_1_279' title='bbox 1174 1849 1319 1905; x_wconf 91' lang='lat' dir='ltr'><strong>enim</strong></span> <span class='ocrx_word' id='word_1_280' title='bbox 1368 1848 1515 1906; x_wconf 87' lang='lat' dir='ltr'><strong>clare</strong></span> <span class='ocrx_word' id='word_1_281' title='bbox 1563 1855 1789 1919; x_wconf 83' lang='lat' dir='ltr'><strong>apparet</strong></span> <span class='ocrx_word' id='word_1_282' title='bbox 1842 1846 2037 1903; x_wconf 86' lang='lat' dir='ltr'><strong>invicta</strong></span> <span class='ocrx_word' id='word_1_283' title='bbox 2091 1845 2178 1903; x_wconf 86' lang='lat' dir='ltr'><strong>illa</strong></span> 
     </span>
    </p>
   </div>
   <div class='ocr_carea' id='block_1_37' title="bbox 577 1939 2178 2011">
    <p class='ocr_par' dir='ltr' id='par_1_37' title="bbox 577 1939 2178 2011">
     <span class='ocr_line' id='line_1_37' title="bbox 577 1939 2178 2011; baseline 0 -16"><span class='ocrx_word' id='word_1_284' title='bbox 577 1939 742 1995; x_wconf 88' lang='lat' dir='ltr'><strong>animi</strong></span> <span class='ocrx_word' id='word_1_285' title='bbox 771 1939 1153 2011; x_wconf 79' lang='lat' dir='ltr'><strong>tranquillitas,</strong></span> <span class='ocrx_word' id='word_1_286' title='bbox 1184 1953 1288 2011; x_wconf 88' lang='lat' dir='ltr'><strong>qua</strong></span> <span class='ocrx_word' id='word_1_287' title='bbox 1317 1943 1489 2010; x_wconf 92' lang='lat' dir='ltr'><strong>potuit</strong></span> <span class='ocrx_word' id='word_1_288' title='bbox 1516 1942 1678 1995; x_wconf 89' lang='lat' dir='ltr'><strong>etiam</strong></span> <span class='ocrx_word' id='word_1_289' title='bbox 1713 1939 1902 2004; x_wconf 79' lang='lat' dir='ltr'><strong>hrsus,</strong></span> <span class='ocrx_word' id='word_1_290' title='bbox 1940 1948 2178 2010; x_wconf 87' lang='lat' dir='ltr'><strong>pacatam</strong></span> 
     </span>
    </p>
   </div>
   <div class='ocr_carea' id='block_1_38' title="bbox 578 2030 2180 2099">
    <p class='ocr_par' dir='ltr' id='par_1_38' title="bbox 578 2030 2180 2099">
     <span class='ocr_line' id='line_1_38' title="bbox 578 2030 2180 2099; baseline 0.001 -13"><span class='ocrx_word' id='word_1_291' title='bbox 578 2030 842 2087; x_wconf 90' lang='lat' dir='ltr'><strong>dictorum</strong></span> <span class='ocrx_word' id='word_1_292' title='bbox 876 2032 1141 2086; x_wconf 87' lang='lat' dir='ltr'><strong>rationem</strong></span> <span class='ocrx_word' id='word_1_293' title='bbox 1166 2030 1464 2098; x_wconf 87' lang='lat' dir='ltr'><strong>reddendo,</strong></span> <span class='ocrx_word' id='word_1_294' title='bbox 1496 2044 1623 2087; x_wconf 85' lang='lat' dir='ltr'><strong>sues</strong></span> <span class='ocrx_word' id='word_1_295' title='bbox 1652 2030 1881 2087; x_wconf 88' lang='lat' dir='ltr'><strong>delinire</strong></span> <span class='ocrx_word' id='word_1_296' title='bbox 1900 2044 2180 2099; x_wconf 87' lang='lat' dir='ltr'><strong>censores,</strong></span> 
     </span>
    </p>
   </div>
   <div class='ocr_carea' id='block_1_39' title="bbox 579 2122 2184 2196">
    <p class='ocr_par' dir='ltr' id='par_1_39' title="bbox 579 2122 2184 2196">
     <span class='ocr_line' id='line_1_39' title="bbox 579 2122 2184 2196; baseline -0.002 -17"><span class='ocrx_word' id='word_1_297' title='bbox 579 2125 740 2180; x_wconf 74' lang='lat' dir='ltr'><strong>irasci</strong></span> <span class='ocrx_word' id='word_1_298' title='bbox 770 2125 985 2196; x_wconf 86' lang='lat' dir='ltr'><strong>prepria</strong></span> <span class='ocrx_word' id='word_1_299' title='bbox 1018 2124 1069 2178; x_wconf 90' lang='lat' dir='ltr'><strong>in</strong></span> <span class='ocrx_word' id='word_1_300' title='bbox 1100 2132 1262 2180; x_wconf 82' lang='lat' dir='ltr'><strong>causa</strong></span> <span class='ocrx_word' id='word_1_301' title='bbox 1300 2134 1521 2195; x_wconf 84' lang='lat' dir='ltr'><strong>prorsus</strong></span> <span class='ocrx_word' id='word_1_302' title='bbox 1562 2123 1812 2178; x_wconf 78' lang='lat' dir='ltr'><strong>nescivit.</strong></span> <span class='ocrx_word' id='word_1_303' title='bbox 1846 2122 1952 2179; x_wconf 83' lang='lat' dir='ltr'><strong>Sed</strong></span> <span class='ocrx_word' id='word_1_304' title='bbox 1979 2122 2048 2177; x_wconf 89' lang='lat' dir='ltr'><strong>de</strong></span> <span class='ocrx_word' id='word_1_305' title='bbox 2074 2122 2184 2176; x_wconf 81' lang='lat' dir='ltr'><strong>illis</strong></span> 
     </span>
    </p>
   </div>
   <div class='ocr_carea' id='block_1_40' title="bbox 580 2214 2182 2288">
    <p class='ocr_par' dir='ltr' id='par_1_40' title="bbox 580 2214 2182 2288">
     <span class='ocr_line' id='line_1_40' title="bbox 580 2214 2182 2288; baseline -0.002 -15"><span class='ocrx_word' id='word_1_306' title='bbox 580 2217 893 2288; x_wconf 87' lang='lat' dir='ltr'><strong>responsis,</strong></span> <span class='ocrx_word' id='word_1_307' title='bbox 941 2229 1063 2288; x_wconf 70' lang='lat' dir='ltr'><strong>qua:</strong></span> <span class='ocrx_word' id='word_1_308' title='bbox 1108 2231 1248 2271; x_wconf 91' lang='lat' dir='ltr'><strong>nunc</strong></span> <span class='ocrx_word' id='word_1_309' title='bbox 1282 2216 1514 2287; x_wconf 88' lang='lat' dir='ltr'><strong>primum</strong></span> <span class='ocrx_word' id='word_1_310' title='bbox 1557 2230 1588 2272; x_wconf 90' lang='lat' dir='ltr'><strong>e</strong></span> <span class='ocrx_word' id='word_1_311' title='bbox 1618 2214 1859 2272; x_wconf 85' lang='lat' dir='ltr'><strong>tenebris</strong></span> <span class='ocrx_word' id='word_1_312' title='bbox 1897 2222 2182 2283; x_wconf 88' lang='lat' dir='ltr'><strong>eruuntur,</strong></span> 
     </span>
    </p>
   </div>
   <div class='ocr_carea' id='block_1_41' title="bbox 582 2308 1432 2388">
    <p class='ocr_par' dir='ltr' id='par_1_41' title="bbox 582 2308 1432 2388">
     <span class='ocr_line' id='line_1_41' title="bbox 582 2308 1432 2388; baseline -0.004 -22"><span class='ocrx_word' id='word_1_313' title='bbox 582 2309 831 2388; x_wconf 86' lang='lat' dir='ltr'><strong>nonnihil</strong></span> <span class='ocrx_word' id='word_1_314' title='bbox 856 2308 943 2366; x_wconf 90' lang='lat' dir='ltr'><strong>hic</strong></span> <span class='ocrx_word' id='word_1_315' title='bbox 968 2308 1432 2380; x_wconf 72' lang='lat' dir='ltr'><strong>prmluquendum.</strong></span> 
     </span>
    </p>
   </div>
   <div class='ocr_carea' id='block_1_42' title="bbox 658 2400 2188 2477">
    <p class='ocr_par' dir='ltr' id='par_1_42' title="bbox 658 2400 2188 2477">
     <span class='ocr_line' id='line_1_42' title="bbox 658 2400 2188 2477; baseline 0 -20"><span class='ocrx_word' id='word_1_316' title='bbox 658 2401 791 2459; x_wconf 82' lang='lat' dir='ltr'><strong>VIII.</strong></span> <span class='ocrx_word' id='word_1_317' title='bbox 838 2401 987 2459; x_wconf 83' lang='lat' dir='ltr'><strong>Unde</strong></span> <span class='ocrx_word' id='word_1_318' title='bbox 1022 2412 1171 2458; x_wconf 81' lang='lat' dir='ltr'><strong>eruta</strong></span> <span class='ocrx_word' id='word_1_319' title='bbox 1226 2404 1329 2457; x_wconf 65' lang='lat' dir='ltr'><strong>sint</strong></span> <span class='ocrx_word' id='word_1_320' title='bbox 1369 2403 1689 2474; x_wconf 81' lang='lat' dir='ltr'><strong>opologetlca</strong></span> <span class='ocrx_word' id='word_1_321' title='bbox 1740 2403 1898 2477; x_wconf 76' lang='lat' dir='ltr'><strong>lmjus</strong></span> <span class='ocrx_word' id='word_1_322' title='bbox 1944 2400 2060 2457; x_wconf 85' lang='lat' dir='ltr'><strong>libri</strong></span> <span class='ocrx_word' id='word_1_323' title='bbox 2106 2417 2188 2457; x_wconf 85' lang='lat' dir='ltr'><strong>re-</strong></span> 
     </span>
    </p>
   </div>
   <div class='ocr_carea' id='block_1_43' title="bbox 585 2494 2190 2568">
    <p class='ocr_par' dir='ltr' id='par_1_43' title="bbox 585 2494 2190 2568">
     <span class='ocr_line' id='line_1_43' title="bbox 585 2494 2190 2568; baseline 0 -17"><span class='ocrx_word' id='word_1_324' title='bbox 585 2510 792 2568; x_wconf 77' lang='lat' dir='ltr'><strong>sponsa.</strong></span> <span class='ocrx_word' id='word_1_325' title='bbox 838 2522 910 2537; x_wconf 81' lang='lat'><strong>-—</strong></span> <span class='ocrx_word' id='word_1_326' title='bbox 958 2495 1014 2551; x_wconf 93' lang='lat' dir='ltr'><strong>ln</strong></span> <span class='ocrx_word' id='word_1_327' title='bbox 1072 2494 1261 2552; x_wconf 87' lang='lat' dir='ltr'><strong>codice</strong></span> <span class='ocrx_word' id='word_1_328' title='bbox 1311 2495 1632 2551; x_wconf 85' lang='lat' dir='ltr'><strong>Carnotensi</strong></span> <span class='ocrx_word' id='word_1_329' title='bbox 1683 2495 1944 2552; x_wconf 80' lang='lat' dir='ltr'><strong>Romanis</strong></span> <span class='ocrx_word' id='word_1_330' title='bbox 1992 2495 2190 2552; x_wconf 84' lang='lat' dir='ltr'><strong>litteris</strong></span> 
     </span>
    </p>
   </div>
   <div class='ocr_carea' id='block_1_44' title="bbox 585 2587 2191 2660">
    <p class='ocr_par' dir='ltr' id='par_1_44' title="bbox 585 2587 2191 2660">
     <span class='ocr_line' id='line_1_44' title="bbox 585 2587 2191 2660; baseline -0.001 -14"><span class='ocrx_word' id='word_1_331' title='bbox 585 2587 789 2660; x_wconf 87' lang='lat' dir='ltr'><strong>scripto</strong></span> <span class='ocrx_word' id='word_1_332' title='bbox 811 2596 933 2644; x_wconf 85' lang='lat' dir='ltr'><strong>ante</strong></span> <span class='ocrx_word' id='word_1_333' title='bbox 955 2602 1147 2657; x_wconf 88' lang='lat' dir='ltr'><strong>annos,</strong></span> <span class='ocrx_word' id='word_1_334' title='bbox 1172 2588 1250 2644; x_wconf 89' lang='lat' dir='ltr'><strong>uti</strong></span> <span class='ocrx_word' id='word_1_335' title='bbox 1272 2587 1633 2658; x_wconf 87' lang='lat' dir='ltr'><strong>videtur,900,</strong></span> <span class='ocrx_word' id='word_1_336' title='bbox 1654 2604 1860 2646; x_wconf 91' lang='lat' dir='ltr'><strong>necnon</strong></span> <span class='ocrx_word' id='word_1_337' title='bbox 1885 2590 1939 2646; x_wconf 91' lang='lat' dir='ltr'><strong>in</strong></span> <span class='ocrx_word' id='word_1_338' title='bbox 1963 2589 2191 2646; x_wconf 79' lang='lat' dir='ltr'><strong>Michae-</strong></span> 
     </span>
    </p>
   </div>
   <div class='ocr_carea' id='block_1_45' title="bbox 585 2680 2183 2738">
    <p class='ocr_par' dir='ltr' id='par_1_45' title="bbox 585 2680 2183 2738">
     <span class='ocr_line' id='line_1_45' title="bbox 585 2680 2183 2738; baseline -0.003 0"><span class='ocrx_word' id='word_1_339' title='bbox 585 2683 699 2738; x_wconf 91' lang='lat' dir='ltr'><strong>lino</strong></span> <span class='ocrx_word' id='word_1_340' title='bbox 722 2681 862 2736; x_wconf 87' lang='lat' dir='ltr'><strong>hunc</strong></span> <span class='ocrx_word' id='word_1_341' title='bbox 885 2680 1080 2736; x_wconf 91' lang='lat' dir='ltr'><strong>librum</strong></span> <span class='ocrx_word' id='word_1_342' title='bbox 1107 2680 1412 2736; x_wconf 81' lang='lat' dir='ltr'><strong>invenimus</strong></span> <span class='ocrx_word' id='word_1_343' title='bbox 1435 2681 1600 2736; x_wconf 75' lang='lat' dir='ltr'><strong>Variis</strong></span> <span class='ocrx_word' id='word_1_344' title='bbox 1627 2682 1680 2736; x_wconf 92' lang='lat' dir='ltr'><strong>in</strong></span> <span class='ocrx_word' id='word_1_345' title='bbox 1705 2680 1837 2737; x_wconf 90' lang='lat' dir='ltr'><strong>locis</strong></span> <span class='ocrx_word' id='word_1_346' title='bbox 1864 2683 2183 2737; x_wconf 90' lang='lat' dir='ltr'><strong>auctiorem.</strong></span> 
     </span>
    </p>
   </div>
   <div class='ocr_carea' id='block_1_46' title="bbox 589 2775 2193 2847">
    <p class='ocr_par' dir='ltr' id='par_1_46' title="bbox 589 2775 2193 2847">
     <span class='ocr_line' id='line_1_46' title="bbox 589 2775 2193 2847; baseline -0.001 -16"><span class='ocrx_word' id='word_1_347' title='bbox 589 2776 697 2840; x_wconf 82' lang='lat' dir='ltr'><strong>Ea,</strong></span> <span class='ocrx_word' id='word_1_348' title='bbox 745 2776 938 2847; x_wconf 88' lang='lat' dir='ltr'><strong>quibus</strong></span> <span class='ocrx_word' id='word_1_349' title='bbox 979 2775 1247 2830; x_wconf 90' lang='lat' dir='ltr'><strong>auctiores</strong></span> <span class='ocrx_word' id='word_1_350' title='bbox 1271 2782 1428 2840; x_wconf 90' lang='lat' dir='ltr'><strong>sunt,</strong></span> <span class='ocrx_word' id='word_1_351' title='bbox 1464 2788 1643 2847; x_wconf 91' lang='lat' dir='ltr'><strong>neque</strong></span> <span class='ocrx_word' id='word_1_352' title='bbox 1688 2775 1919 2830; x_wconf 89' lang='lat' dir='ltr'><strong>orationi</strong></span> <span class='ocrx_word' id='word_1_353' title='bbox 1966 2775 2193 2846; x_wconf 73' lang='lat' dir='ltr'><strong>reliqua:</strong></span> 
     </span>
    </p>
   </div>
   <div class='ocr_carea' id='block_1_47' title="bbox 587 2862 2192 2941">
    <p class='ocr_par' dir='ltr' id='par_1_47' title="bbox 587 2862 2192 2941">
     <span class='ocr_line' id='line_1_47' title="bbox 587 2862 2192 2941; baseline -0.001 -17"><span class='ocrx_word' id='word_1_354' title='bbox 587 2869 718 2924; x_wconf 82' lang='lat' dir='ltr'><strong>satis</strong></span> <span class='ocrx_word' id='word_1_355' title='bbox 748 2868 1045 2936; x_wconf 72' lang='lat' dir='ltr'><strong>cohmrent,</strong></span> <span class='ocrx_word' id='word_1_356' title='bbox 1074 2882 1247 2939; x_wconf 91' lang='lat' dir='ltr'><strong>neque</strong></span> <span class='ocrx_word' id='word_1_357' title='bbox 1277 2868 1502 2923; x_wconf 89' lang='lat' dir='ltr'><strong>omnino</strong></span> <span class='ocrx_word' id='word_1_358' title='bbox 1554 2865 1619 2922; x_wconf 89' lang='lat' dir='ltr'><strong>ad</strong></span> <span class='ocrx_word' id='word_1_359' title='bbox 1674 2862 2025 2941; x_wconf 57' lang='grc'><strong>451-452</strong></span> <span class='ocrx_word' id='word_1_360' title='bbox 2072 2878 2192 2923; x_wconf 87' lang='lat' dir='ltr'><strong>eam</strong></span> 
     </span>
    </p>
   </div>
   <div class='ocr_carea' id='block_1_48' title="bbox 589 2959 2194 3033">
    <p class='ocr_par' dir='ltr' id='par_1_48' title="bbox 589 2959 2194 3033">
     <span class='ocr_line' id='line_1_48' title="bbox 589 2959 2194 3033; baseline -0.002 -16"><span class='ocrx_word' id='word_1_361' title='bbox 589 2976 696 3017; x_wconf 91' lang='lat' dir='ltr'><strong>nou</strong></span> <span class='ocrx_word' id='word_1_362' title='bbox 721 2962 1016 3032; x_wconf 88' lang='lat' dir='ltr'><strong>pertinent,</strong></span> <span class='ocrx_word' id='word_1_363' title='bbox 1055 2959 1315 3016; x_wconf 83' lang='lat' dir='ltr'><strong>Hilarium</strong></span> <span class='ocrx_word' id='word_1_364' title='bbox 1350 2976 1479 3016; x_wconf 86' lang='lat' dir='ltr'><strong>vero</strong></span> <span class='ocrx_word' id='word_1_365' title='bbox 1509 2974 1735 3033; x_wconf 84' lang='lat' dir='ltr'><strong>prorsus</strong></span> <span class='ocrx_word' id='word_1_366' title='bbox 1764 2961 2005 3031; x_wconf 88' lang='lat' dir='ltr'><strong>spirant,</strong></span> <span class='ocrx_word' id='word_1_367' title='bbox 2030 2972 2194 3032; x_wconf 83' lang='lat' dir='ltr'><strong>quem</strong></span> 
     </span>
    </p>
   </div>
   <div class='ocr_carea' id='block_1_49' title="bbox 588 3052 2197 3125">
    <p class='ocr_par' dir='ltr' id='par_1_49' title="bbox 588 3052 2197 3125">
     <span class='ocr_line' id='line_1_49' title="bbox 588 3052 2197 3125; baseline -0.002 -14"><span class='ocrx_word' id='word_1_368' title='bbox 588 3054 848 3111; x_wconf 77' lang='lat' dir='ltr'><strong>exhibent</strong></span> <span class='ocrx_word' id='word_1_369' title='bbox 883 3068 980 3124; x_wconf 89' lang='lat' dir='ltr'><strong>pro</strong></span> <span class='ocrx_word' id='word_1_370' title='bbox 1024 3069 1084 3109; x_wconf 88' lang='lat' dir='ltr'><strong>se</strong></span> <span class='ocrx_word' id='word_1_371' title='bbox 1114 3054 1333 3125; x_wconf 91' lang='lat' dir='ltr'><strong>proprio</strong></span> <span class='ocrx_word' id='word_1_372' title='bbox 1361 3053 1580 3110; x_wconf 87' lang='lat' dir='ltr'><strong>nomine</strong></span> <span class='ocrx_word' id='word_1_373' title='bbox 1610 3053 2045 3125; x_wconf 81' lang='lat' dir='ltr'><strong>respondentem.</strong></span> <span class='ocrx_word' id='word_1_374' title='bbox 2093 3052 2197 3109; x_wconf 80' lang='lat' dir='ltr'><strong>Ea-</strong></span> 
     </span>
    </p>
   </div>
   <div class='ocr_carea' id='block_1_50' title="bbox 2281 1840 3843 1911">
    <p class='ocr_par' dir='ltr' id='par_1_50' title="bbox 2281 1840 3843 1911">
     <span class='ocr_line' id='line_1_50' title="bbox 2281 1840 3843 1911; baseline 0.001 -13"><span class='ocrx_word' id='word_1_375' title='bbox 2281 1850 2366 1898; x_wconf 90' lang='lat' dir='ltr'><strong>est</strong></span> <span class='ocrx_word' id='word_1_376' title='bbox 2414 1840 2642 1911; x_wconf 82' lang='lat' dir='ltr'><strong>primum</strong></span> <span class='ocrx_word' id='word_1_377' title='bbox 2695 1842 2814 1898; x_wconf 86' lang='lat' dir='ltr'><strong>sine</strong></span> <span class='ocrx_word' id='word_1_378' title='bbox 2859 1842 2976 1898; x_wconf 79' lang='lat' dir='ltr'><strong>aliis</strong></span> <span class='ocrx_word' id='word_1_379' title='bbox 3021 1841 3373 1900; x_wconf 88' lang='lat' dir='ltr'><strong>:seeundum</strong></span> <span class='ocrx_word' id='word_1_380' title='bbox 3424 1852 3600 1899; x_wconf 89' lang='lat' dir='ltr'><strong>autem</strong></span> <span class='ocrx_word' id='word_1_381' title='bbox 3648 1846 3725 1899; x_wconf 86' lang='lat' dir='ltr'><strong>nni</strong></span> <span class='ocrx_word' id='word_1_382' title='bbox 3764 1860 3843 1899; x_wconf 82' lang='lat' dir='ltr'><strong>ins.</strong></span> 
     </span>
    </p>
   </div>
   <div class='ocr_carea' id='block_1_51' title="bbox 2279 1932 3848 2009">
    <p class='ocr_par' dir='ltr' id='par_1_51' title="bbox 2279 1932 3848 2009">
     <span class='ocr_line' id='line_1_51' title="bbox 2279 1932 3848 2009; baseline 0.001 -18"><span class='ocrx_word' id='word_1_383' title='bbox 2279 1932 2336 1991; x_wconf 87' lang='lat' dir='ltr'><strong>S.</strong></span> <span class='ocrx_word' id='word_1_384' title='bbox 2372 1933 2514 1989; x_wconf 81' lang='lat' dir='ltr'><strong>l‘etri</strong></span> <span class='ocrx_word' id='word_1_385' title='bbox 2541 1933 2609 1989; x_wconf 89' lang='lat' dir='ltr'><strong>de</strong></span> <span class='ocrx_word' id='word_1_386' title='bbox 2634 1932 2780 1991; x_wconf 89' lang='lat' dir='ltr'><strong>Urbe</strong></span> <span class='ocrx_word' id='word_1_387' title='bbox 2806 1932 3065 1992; x_wconf 84' lang='lat' dir='ltr'><strong>debemus</strong></span> <span class='ocrx_word' id='word_1_388' title='bbox 3098 1954 3110 1990; x_wconf 92' lang='lat'><strong>:</strong></span> <span class='ocrx_word' id='word_1_389' title='bbox 3144 1936 3381 2009; x_wconf 77' lang='lat' dir='ltr'><strong>denique</strong></span> <span class='ocrx_word' id='word_1_390' title='bbox 3412 1940 3465 1993; x_wconf 93' lang='lat' dir='ltr'><strong>in</strong></span> <span class='ocrx_word' id='word_1_391' title='bbox 3494 1935 3787 1993; x_wconf 81' lang='lat' dir='ltr'><strong>Carnutensi</strong></span> <span class='ocrx_word' id='word_1_392' title='bbox 3808 1949 3848 1993; x_wconf 86' lang='lat' dir='ltr'><strong>ct</strong></span> 
     </span>
    </p>
   </div>
   <div class='ocr_carea' id='block_1_52' title="bbox 2282 2026 3844 2101">
    <p class='ocr_par' dir='ltr' id='par_1_52' title="bbox 2282 2026 3844 2101">
     <span class='ocr_line' id='line_1_52' title="bbox 2282 2026 3844 2101; baseline 0.001 -19"><span class='ocrx_word' id='word_1_393' title='bbox 2282 2026 2423 2090; x_wconf 87' lang='lat' dir='ltr'><strong>aliis,</strong></span> <span class='ocrx_word' id='word_1_394' title='bbox 2441 2026 2493 2081; x_wconf 91' lang='lat' dir='ltr'><strong>in</strong></span> <span class='ocrx_word' id='word_1_395' title='bbox 2507 2028 2701 2097; x_wconf 90' lang='lat' dir='ltr'><strong>quibus</strong></span> <span class='ocrx_word' id='word_1_396' title='bbox 2713 2034 2908 2085; x_wconf 63' lang='lat' dir='ltr'><strong>caetera</strong></span> <span class='ocrx_word' id='word_1_397' title='bbox 2922 2039 3155 2097; x_wconf 74' lang='lat' dir='ltr'><strong>exstant,</strong></span> <span class='ocrx_word' id='word_1_398' title='bbox 3173 2029 3554 2086; x_wconf 87' lang='lat' dir='ltr'><strong>desiderantur</strong></span> <span class='ocrx_word' id='word_1_399' title='bbox 3567 2032 3667 2086; x_wconf 89' lang='lat' dir='ltr'><strong>duo</strong></span> <span class='ocrx_word' id='word_1_400' title='bbox 3681 2032 3844 2101; x_wconf 83' lang='lat' dir='ltr'><strong>priora.</strong></span> 
     </span>
    </p>
   </div>
   <div class='ocr_carea' id='block_1_53' title="bbox 2357 2116 3848 2195">
    <p class='ocr_par' dir='ltr' id='par_1_53' title="bbox 2357 2116 3848 2195">
     <span class='ocr_line' id='line_1_53' title="bbox 2357 2116 3848 2195; baseline 0.002 -21"><span class='ocrx_word' id='word_1_401' title='bbox 2357 2118 2450 2175; x_wconf 80' lang='lat' dir='ltr'><strong>XI.</strong></span> <span class='ocrx_word' id='word_1_402' title='bbox 2497 2116 2647 2176; x_wconf 82' lang='lat' dir='ltr'><strong>Unde</strong></span> <span class='ocrx_word' id='word_1_403' title='bbox 2681 2138 2734 2176; x_wconf 81' lang='lat' dir='ltr'><strong>se</strong></span> <span class='ocrx_word' id='word_1_404' title='bbox 2761 2132 2944 2194; x_wconf 79' lang='lat' dir='ltr'><strong>purget</strong></span> <span class='ocrx_word' id='word_1_405' title='bbox 2980 2116 3233 2178; x_wconf 78' lang='lat' dir='ltr'><strong>Hilarius.</strong></span> <span class='ocrx_word' id='word_1_406' title='bbox 3266 2154 3334 2165; x_wconf 89' lang='lat'><strong>-—-</strong></span> <span class='ocrx_word' id='word_1_407' title='bbox 3367 2123 3587 2195; x_wconf 79' lang='lat' dir='ltr'><strong>Singula</strong></span> <span class='ocrx_word' id='word_1_408' title='bbox 3617 2134 3773 2179; x_wconf 75' lang='lat' dir='ltr'><strong>autem</strong></span> <span class='ocrx_word' id='word_1_409' title='bbox 3798 2123 3848 2177; x_wconf 86' lang='lat' dir='ltr'><strong>ad</strong></span> 
     </span>
    </p>
   </div>
   <div class='ocr_carea' id='block_1_54' title="bbox 2284 2212 3848 2286">
    <p class='ocr_par' dir='ltr' id='par_1_54' title="bbox 2284 2212 3848 2286">
     <span class='ocr_line' id='line_1_54' title="bbox 2284 2212 3848 2286; baseline 0.001 -18"><span class='ocrx_word' id='word_1_410' title='bbox 2284 2212 2623 2284; x_wconf 89' lang='lat' dir='ltr'><strong>suspiciones</strong></span> <span class='ocrx_word' id='word_1_411' title='bbox 2650 2212 2978 2269; x_wconf 77' lang='lat' dir='ltr'><strong>amovendos</strong></span> <span class='ocrx_word' id='word_1_412' title='bbox 3023 2228 3089 2270; x_wconf 88' lang='lat' dir='ltr'><strong>eo</strong></span> <span class='ocrx_word' id='word_1_413' title='bbox 3137 2215 3308 2286; x_wconf 85' lang='lat' dir='ltr'><strong>magis</strong></span> <span class='ocrx_word' id='word_1_414' title='bbox 3339 2220 3471 2271; x_wconf 89' lang='lat' dir='ltr'><strong>sunt</strong></span> <span class='ocrx_word' id='word_1_415' title='bbox 3499 2215 3710 2282; x_wconf 88' lang='lat' dir='ltr'><strong>idonea,</strong></span> <span class='ocrx_word' id='word_1_416' title='bbox 3736 2213 3848 2286; x_wconf 59' lang='lat' dir='ltr'><strong>quod</strong></span> 
     </span>
    </p>
   </div>
   <div class='ocr_carea' id='block_1_55' title="bbox 2285 2298 3849 2380">
    <p class='ocr_par' dir='ltr' id='par_1_55' title="bbox 2285 2298 3849 2380">
     <span class='ocr_line' id='line_1_55' title="bbox 2285 2298 3849 2380; baseline 0.001 -20"><span class='ocrx_word' id='word_1_417' title='bbox 2285 2316 2353 2360; x_wconf 81' lang='lat' dir='ltr'><strong>ex</strong></span> <span class='ocrx_word' id='word_1_418' title='bbox 2385 2303 2451 2361; x_wconf 91' lang='lat' dir='ltr'><strong>iis</strong></span> <span class='ocrx_word' id='word_1_419' title='bbox 2479 2304 2610 2377; x_wconf 90' lang='lat' dir='ltr'><strong>ipsis</strong></span> <span class='ocrx_word' id='word_1_420' title='bbox 2651 2304 2786 2361; x_wconf 91' lang='lat' dir='ltr'><strong>locis</strong></span> <span class='ocrx_word' id='word_1_421' title='bbox 2818 2321 2939 2362; x_wconf 90' lang='lat' dir='ltr'><strong>sese</strong></span> <span class='ocrx_word' id='word_1_422' title='bbox 2970 2298 3162 2379; x_wconf 78' lang='lat' dir='ltr'><strong>purget</strong></span> <span class='ocrx_word' id='word_1_423' title='bbox 3193 2306 3467 2376; x_wconf 86' lang='lat' dir='ltr'><strong>Hilarius,</strong></span> <span class='ocrx_word' id='word_1_424' title='bbox 3501 2310 3553 2363; x_wconf 91' lang='lat' dir='ltr'><strong>in</strong></span> <span class='ocrx_word' id='word_1_425' title='bbox 3584 2310 3757 2380; x_wconf 86' lang='lat' dir='ltr'><strong>quibus</strong></span> <span class='ocrx_word' id='word_1_426' title='bbox 3783 2323 3849 2361; x_wconf 80' lang='lat' dir='ltr'><strong>re-</strong></span> 
     </span>
    </p>
   </div>
   <div class='ocr_carea' id='block_1_56' title="bbox 2287 2396 3849 2470">
    <p class='ocr_par' dir='ltr' id='par_1_56' title="bbox 2287 2396 3849 2470">
     <span class='ocr_line' id='line_1_56' title="bbox 2287 2396 3849 2470; baseline -0.002 -16"><span class='ocrx_word' id='word_1_427' title='bbox 2287 2396 2585 2470; x_wconf 83' lang='lat' dir='ltr'><strong>prehensus</strong></span> <span class='ocrx_word' id='word_1_428' title='bbox 2615 2398 2812 2455; x_wconf 84' lang='lat' dir='ltr'><strong>fuerat.</strong></span> <span class='ocrx_word' id='word_1_429' title='bbox 2842 2400 3220 2457; x_wconf 87' lang='lat' dir='ltr'><strong>Necessarium</strong></span> <span class='ocrx_word' id='word_1_430' title='bbox 3260 2410 3412 2457; x_wconf 87' lang='lat' dir='ltr'><strong>certe</strong></span> <span class='ocrx_word' id='word_1_431' title='bbox 3456 2410 3573 2456; x_wconf 89' lang='lat' dir='ltr'><strong>erat</strong></span> <span class='ocrx_word' id='word_1_432' title='bbox 3610 2396 3703 2455; x_wconf 90' lang='lat' dir='ltr'><strong>huc</strong></span> <span class='ocrx_word' id='word_1_433' title='bbox 3725 2415 3849 2454; x_wconf 82' lang='lat' dir='ltr'><strong>scan-</strong></span> 
     </span>
    </p>
   </div>
   <div class='ocr_carea' id='block_1_57' title="bbox 2289 2488 3850 2567">
    <p class='ocr_par' dir='ltr' id='par_1_57' title="bbox 2289 2488 3850 2567">
     <span class='ocr_line' id='line_1_57' title="bbox 2289 2488 3850 2567; baseline -0.004 -17"><span class='ocrx_word' id='word_1_434' title='bbox 2289 2494 2471 2550; x_wconf 89' lang='lat' dir='ltr'><strong>dalum</strong></span> <span class='ocrx_word' id='word_1_435' title='bbox 2504 2508 2518 2551; x_wconf 89' lang='lat'>:</span> <span class='ocrx_word' id='word_1_436' title='bbox 2551 2503 2608 2550; x_wconf 91' lang='lat' dir='ltr'><strong>ut</strong></span> <span class='ocrx_word' id='word_1_437' title='bbox 2636 2494 2702 2550; x_wconf 91' lang='lat' dir='ltr'><strong>ab</strong></span> <span class='ocrx_word' id='word_1_438' title='bbox 2749 2497 2866 2566; x_wconf 90' lang='lat' dir='ltr'><strong>ipso</strong></span> <span class='ocrx_word' id='word_1_439' title='bbox 2896 2510 3015 2551; x_wconf 90' lang='lat' dir='ltr'><strong>cum</strong></span> <span class='ocrx_word' id='word_1_440' title='bbox 3058 2492 3298 2567; x_wconf 76' lang='lat' dir='ltr'><strong>jucunda</strong></span> <span class='ocrx_word' id='word_1_441' title='bbox 3340 2492 3574 2566; x_wconf 88' lang='lat' dir='ltr'><strong>quadam</strong></span> <span class='ocrx_word' id='word_1_442' title='bbox 3615 2492 3760 2550; x_wconf 86' lang='lat' dir='ltr'><strong>animi</strong></span> <span class='ocrx_word' id='word_1_443' title='bbox 3783 2488 3850 2545; x_wconf 82' lang='lat' dir='ltr'><strong>ad-</strong></span> 
     </span>
    </p>
   </div>
   <div class='ocr_carea' id='block_1_58' title="bbox 2292 2586 3850 2661">
    <p class='ocr_par' dir='ltr' id='par_1_58' title="bbox 2292 2586 3850 2661">
     <span class='ocr_line' id='line_1_58' title="bbox 2292 2586 3850 2661; baseline -0.003 -18"><span class='ocrx_word' id='word_1_444' title='bbox 2292 2588 2576 2645; x_wconf 90' lang='lat' dir='ltr'><strong>miratloue</strong></span> <span class='ocrx_word' id='word_1_445' title='bbox 2597 2590 2931 2654; x_wconf 84' lang='lat' dir='ltr'><strong>audiremus,</strong></span> <span class='ocrx_word' id='word_1_446' title='bbox 2956 2600 3157 2661; x_wconf 89' lang='lat' dir='ltr'><strong>quanta</strong></span> <span class='ocrx_word' id='word_1_447' title='bbox 3183 2589 3233 2644; x_wconf 93' lang='lat' dir='ltr'><strong>in</strong></span> <span class='ocrx_word' id='word_1_448' title='bbox 3261 2587 3629 2661; x_wconf 88' lang='lat' dir='ltr'><strong>temperandis</strong></span> <span class='ocrx_word' id='word_1_449' title='bbox 3647 2586 3850 2642; x_wconf 81' lang='lat' dir='ltr'><strong>omnibus</strong></span> 
     </span>
    </p>
   </div>
   <div class='ocr_carea' id='block_1_59' title="bbox 2293 2678 3849 2753">
    <p class='ocr_par' dir='ltr' id='par_1_59' title="bbox 2293 2678 3849 2753">
     <span class='ocr_line' id='line_1_59' title="bbox 2293 2678 3849 2753; baseline -0.006 -16"><span class='ocrx_word' id='word_1_450' title='bbox 2293 2681 2415 2737; x_wconf 91' lang='lat' dir='ltr'><strong>libri</strong></span> <span class='ocrx_word' id='word_1_451' title='bbox 2442 2679 2525 2737; x_wconf 90' lang='lat' dir='ltr'><strong>sui</strong></span> <span class='ocrx_word' id='word_1_452' title='bbox 2558 2680 2736 2738; x_wconf 87' lang='lat' dir='ltr'><strong>verbis</strong></span> <span class='ocrx_word' id='word_1_453' title='bbox 2776 2681 3058 2753; x_wconf 88' lang='lat' dir='ltr'><strong>prudentia</strong></span> <span class='ocrx_word' id='word_1_454' title='bbox 3100 2697 3229 2737; x_wconf 88' lang='lat' dir='ltr'><strong>usus</strong></span> <span class='ocrx_word' id='word_1_455' title='bbox 3256 2689 3428 2737; x_wconf 84' lang='lat' dir='ltr'><strong>esset.</strong></span> <span class='ocrx_word' id='word_1_456' title='bbox 3459 2682 3589 2749; x_wconf 85' lang='lat' dir='ltr'><strong>Quis</strong></span> <span class='ocrx_word' id='word_1_457' title='bbox 3616 2679 3743 2734; x_wconf 88' lang='lat' dir='ltr'><strong>enim</strong></span> <span class='ocrx_word' id='word_1_458' title='bbox 3768 2678 3849 2747; x_wconf 82' lang='lat' dir='ltr'><strong>jam</strong></span> 
     </span>
    </p>
   </div>
   <div class='ocr_carea' id='block_1_60' title="bbox 2295 2770 3855 2838">
    <p class='ocr_par' dir='ltr' id='par_1_60' title="bbox 2295 2770 3855 2838">
     <span class='ocr_line' id='line_1_60' title="bbox 2295 2770 3855 2838; baseline -0.006 -9"><span class='ocrx_word' id='word_1_459' title='bbox 2295 2788 2399 2829; x_wconf 91' lang='lat' dir='ltr'><strong>non</strong></span> <span class='ocrx_word' id='word_1_460' title='bbox 2429 2774 2656 2830; x_wconf 86' lang='lat' dir='ltr'><strong>miretur</strong></span> <span class='ocrx_word' id='word_1_461' title='bbox 2684 2774 2843 2829; x_wconf 90' lang='lat' dir='ltr'><strong>simul</strong></span> <span class='ocrx_word' id='word_1_462' title='bbox 2868 2782 2919 2829; x_wconf 89' lang='lat' dir='ltr'><strong>et</strong></span> <span class='ocrx_word' id='word_1_463' title='bbox 2945 2785 3090 2830; x_wconf 90' lang='lat' dir='ltr'><strong>amet</strong></span> <span class='ocrx_word' id='word_1_464' title='bbox 3112 2774 3603 2838; x_wconf 87' lang='lat' dir='ltr'><strong>demonstrantem,</strong></span> <span class='ocrx_word' id='word_1_465' title='bbox 3634 2787 3687 2825; x_wconf 87' lang='lat' dir='ltr'><strong>se</strong></span> <span class='ocrx_word' id='word_1_466' title='bbox 3706 2770 3855 2826; x_wconf 74' lang='lat' dir='ltr'><strong>Oricu-</strong></span> 
     </span>
    </p>
   </div>
   <div class='ocr_carea' id='block_1_61' title="bbox 2298 2861 3852 2938">
    <p class='ocr_par' dir='ltr' id='par_1_61' title="bbox 2298 2861 3852 2938">
     <span class='ocr_line' id='line_1_61' title="bbox 2298 2861 3852 2938; baseline -0.007 -18"><span class='ocrx_word' id='word_1_467' title='bbox 2298 2867 2432 2922; x_wconf 88' lang='lat' dir='ltr'><strong>tales</strong></span> <span class='ocrx_word' id='word_1_468' title='bbox 2465 2867 2684 2937; x_wconf 87' lang='lat' dir='ltr'><strong>quidem</strong></span> <span class='ocrx_word' id='word_1_469' title='bbox 2713 2866 2998 2934; x_wconf 86' lang='lat' dir='ltr'><strong>laudasse,</strong></span> <span class='ocrx_word' id='word_1_470' title='bbox 3033 2867 3127 2921; x_wconf 89' lang='lat' dir='ltr'><strong>sed</strong></span> <span class='ocrx_word' id='word_1_471' title='bbox 3156 2866 3362 2938; x_wconf 89' lang='lat' dir='ltr'><strong>absque</strong></span> <span class='ocrx_word' id='word_1_472' title='bbox 3394 2863 3709 2921; x_wconf 73' lang='lat' dir='ltr'><strong>adulationis</strong></span> <span class='ocrx_word' id='word_1_473' title='bbox 3736 2861 3852 2923; x_wconf 72' lang='lat' dir='ltr'><strong>vitio,</strong></span> 
     </span>
    </p>
   </div>
   <div class='ocr_carea' id='block_1_62' title="bbox 2299 2952 3854 3030">
    <p class='ocr_par' dir='ltr' id='par_1_62' title="bbox 2299 2952 3854 3030">
     <span class='ocr_line' id='line_1_62' title="bbox 2299 2952 3854 3030; baseline -0.007 -17"><span class='ocrx_word' id='word_1_474' title='bbox 2299 2966 2487 3030; x_wconf 81' lang='lat' dir='ltr'><strong>atpote</strong></span> <span class='ocrx_word' id='word_1_475' title='bbox 2515 2973 2652 3029; x_wconf 93' lang='lat' dir='ltr'><strong>quos</strong></span> <span class='ocrx_word' id='word_1_476' title='bbox 2682 2958 2967 3030; x_wconf 80' lang='lat' dir='ltr'><strong>objurgare</strong></span> <span class='ocrx_word' id='word_1_477' title='bbox 3012 2970 3112 3013; x_wconf 88' lang='lat' dir='ltr'><strong>suo</strong></span> <span class='ocrx_word' id='word_1_478' title='bbox 3140 2952 3259 3013; x_wconf 89' lang='lat' dir='ltr'><strong>loco</strong></span> <span class='ocrx_word' id='word_1_479' title='bbox 3304 2972 3412 3013; x_wconf 87' lang='lat' dir='ltr'><strong>non</strong></span> <span class='ocrx_word' id='word_1_480' title='bbox 3463 2954 3854 3029; x_wconf 58' lang='lat' dir='ltr'><strong>prwterieritmc</strong></span> 
     </span>
    </p>
   </div>
   <div class='ocr_carea' id='block_1_63' title="bbox 2300 3048 3853 3117">
    <p class='ocr_par' dir='ltr' id='par_1_63' title="bbox 2300 3048 3853 3117">
     <span class='ocr_line' id='line_1_63' title="bbox 2300 3048 3853 3117; baseline -0.008 -10"><span class='ocrx_word' id='word_1_481' title='bbox 2300 3051 2426 3107; x_wconf 90' lang='lat' dir='ltr'><strong>licet</strong></span> <span class='ocrx_word' id='word_1_482' title='bbox 2452 3050 2674 3105; x_wconf 87' lang='lat' dir='ltr'><strong>blandos</strong></span> <span class='ocrx_word' id='word_1_483' title='bbox 2699 3064 2794 3106; x_wconf 91' lang='lat' dir='ltr'><strong>eos</strong></span> <span class='ocrx_word' id='word_1_484' title='bbox 2818 3065 3072 3106; x_wconf 90' lang='lat' dir='ltr'><strong>sermone</strong></span> <span class='ocrx_word' id='word_1_485' title='bbox 3100 3048 3366 3106; x_wconf 77' lang='lat' dir='ltr'><strong>allocutus</strong></span> <span class='ocrx_word' id='word_1_486' title='bbox 3390 3051 3483 3116; x_wconf 91' lang='lat' dir='ltr'><strong>sit,</strong></span> <span class='ocrx_word' id='word_1_487' title='bbox 3517 3048 3565 3104; x_wconf 95' lang='lat' dir='ltr'><strong>id</strong></span> <span class='ocrx_word' id='word_1_488' title='bbox 3595 3062 3649 3102; x_wconf 91' lang='lat' dir='ltr'><strong>se</strong></span> <span class='ocrx_word' id='word_1_489' title='bbox 3673 3056 3853 3117; x_wconf 68' lang='lat' dir='ltr'><strong>proser-</strong></span> 
     </span>
    </p>
   </div>
   <div class='ocr_carea' id='block_1_64' title="bbox 590 3136 3854 3217">
    <p class='ocr_par' dir='ltr' id='par_1_64' title="bbox 590 3136 3854 3217">
     <span class='ocr_line' id='line_1_64' title="bbox 590 3136 3854 3217; baseline -0.003 -17"><span class='ocrx_word' id='word_1_490' title='bbox 590 3146 715 3200; x_wconf 89' lang='lat' dir='ltr'><strong>dem</strong></span> <span class='ocrx_word' id='word_1_491' title='bbox 743 3145 1110 3200; x_wconf 84' lang='lat' dir='ltr'><strong>additamenta</strong></span> <span class='ocrx_word' id='word_1_492' title='bbox 1144 3145 1331 3200; x_wconf 89' lang='lat' dir='ltr'><strong>iisdem</strong></span> <span class='ocrx_word' id='word_1_493' title='bbox 1363 3146 1413 3201; x_wconf 91' lang='lat' dir='ltr'><strong>in</strong></span> <span class='ocrx_word' id='word_1_494' title='bbox 1447 3146 1581 3200; x_wconf 88' lang='lat' dir='ltr'><strong>locis</strong></span> <span class='ocrx_word' id='word_1_495' title='bbox 1620 3156 1733 3217; x_wconf 86' lang='lat' dir='ltr'><strong>prae</strong></span> <span class='ocrx_word' id='word_1_496' title='bbox 1762 3158 1823 3202; x_wconf 89' lang='lat' dir='ltr'><strong>se</strong></span> <span class='ocrx_word' id='word_1_497' title='bbox 1855 3145 2032 3201; x_wconf 87' lang='lat' dir='ltr'><strong>ferunt</strong></span> <span class='ocrx_word' id='word_1_498' title='bbox 2060 3157 2191 3201; x_wconf 83' lang='lat' dir='ltr'><strong>mss.</strong></span> <span class='ocrx_word' id='word_1_499' title='bbox 2224 3140 2271 3205; x_wconf 88' lang='lat' dir='ltr'>C</span> <span class='ocrx_word' id='word_1_500' title='bbox 2305 3144 2397 3197; x_wconf 89' lang='lat' dir='ltr'><strong>tim</strong></span> <span class='ocrx_word' id='word_1_501' title='bbox 2432 3142 2623 3198; x_wconf 91' lang='lat' dir='ltr'><strong>fecisse</strong></span> <span class='ocrx_word' id='word_1_502' title='bbox 2645 3185 2658 3210; x_wconf 90' lang='lat'><strong>,</strong></span> <span class='ocrx_word' id='word_1_503' title='bbox 2693 3148 2750 3197; x_wconf 91' lang='lat' dir='ltr'><strong>ut</strong></span> <span class='ocrx_word' id='word_1_504' title='bbox 2793 3142 3039 3213; x_wconf 88' lang='lat' dir='ltr'><strong>procacia</strong></span> <span class='ocrx_word' id='word_1_505' title='bbox 3082 3140 3345 3213; x_wconf 72' lang='lat' dir='ltr'><strong>effugiens</strong></span> <span class='ocrx_word' id='word_1_506' title='bbox 3375 3141 3648 3205; x_wconf 86' lang='lat' dir='ltr'><strong>convicia,</strong></span> <span class='ocrx_word' id='word_1_507' title='bbox 3689 3136 3854 3191; x_wconf 75' lang='lat' dir='ltr'><strong>aconita</strong></span> 
     </span>
    </p>
   </div>
   <div class='ocr_carea' id='block_1_65' title="bbox 593 3235 2198 3309">
    <p class='ocr_par' dir='ltr' id='par_1_65' title="bbox 593 3235 2198 3309">
     <span class='ocr_line' id='line_1_65' title="bbox 593 3235 2198 3309; baseline 0 -19"><span class='ocrx_word' id='word_1_508' title='bbox 593 3236 927 3291; x_wconf 88' lang='lat' dir='ltr'><strong>&#39;l‘ellerianus</strong></span> <span class='ocrx_word' id='word_1_509' title='bbox 968 3244 1020 3293; x_wconf 88' lang='lat' dir='ltr'><strong>et</strong></span> <span class='ocrx_word' id='word_1_510' title='bbox 1050 3239 1320 3292; x_wconf 88' lang='lat' dir='ltr'><strong>recentior</strong></span> <span class='ocrx_word' id='word_1_511' title='bbox 1349 3238 1730 3305; x_wconf 88' lang='lat' dir='ltr'><strong>Carnuteusis,</strong></span> <span class='ocrx_word' id='word_1_512' title='bbox 1766 3235 1863 3294; x_wconf 88' lang='lat' dir='ltr'><strong>sed</strong></span> <span class='ocrx_word' id='word_1_513' title='bbox 1905 3237 1972 3293; x_wconf 89' lang='lat' dir='ltr'><strong>ad</strong></span> <span class='ocrx_word' id='word_1_514' title='bbox 2001 3236 2198 3309; x_wconf 50' lang='lat' dir='ltr'><strong>margin</strong></span> 
     </span>
    </p>
   </div>
   <div class='ocr_carea' id='block_1_66' title="bbox 594 3328 2196 3400">
    <p class='ocr_par' dir='ltr' id='par_1_66' title="bbox 594 3328 2196 3400">
     <span class='ocr_line' id='line_1_66' title="bbox 594 3328 2196 3400; baseline 0 -15"><span class='ocrx_word' id='word_1_515' title='bbox 594 3345 716 3385; x_wconf 89' lang='lat' dir='ltr'><strong>nem</strong></span> <span class='ocrx_word' id='word_1_516' title='bbox 755 3328 1033 3383; x_wconf 77' lang='lat' dir='ltr'><strong>dumtaxat</strong></span> <span class='ocrx_word' id='word_1_517' title='bbox 1081 3329 1371 3400; x_wconf 77' lang='lat' dir='ltr'><strong>adscripta.</strong></span> <span class='ocrx_word' id='word_1_518' title='bbox 1421 3328 1768 3399; x_wconf 79' lang='lat' dir='ltr'><strong>Itemigianua</strong></span> <span class='ocrx_word' id='word_1_519' title='bbox 1810 3344 1941 3386; x_wconf 88' lang='lat' dir='ltr'><strong>vero</strong></span> <span class='ocrx_word' id='word_1_520' title='bbox 1984 3330 2087 3384; x_wconf 89' lang='lat' dir='ltr'><strong>alia</strong></span> <span class='ocrx_word' id='word_1_521' title='bbox 2144 3330 2196 3385; x_wconf 88' lang='lat' dir='ltr'><strong>in</strong></span> 
     </span>
    </p>
   </div>
   <div class='ocr_carea' id='block_1_67' title="bbox 593 3421 2200 3495">
    <p class='ocr_par' dir='ltr' id='par_1_67' title="bbox 593 3421 2200 3495">
     <span class='ocr_line' id='line_1_67' title="bbox 593 3421 2200 3495; baseline -0.002 -15"><span class='ocrx_word' id='word_1_522' title='bbox 593 3424 712 3495; x_wconf 84' lang='lat' dir='ltr'><strong>ipso</strong></span> <span class='ocrx_word' id='word_1_523' title='bbox 745 3431 914 3489; x_wconf 88' lang='lat' dir='ltr'><strong>textu,</strong></span> <span class='ocrx_word' id='word_1_524' title='bbox 944 3424 1050 3479; x_wconf 86' lang='lat' dir='ltr'><strong>alia</strong></span> <span class='ocrx_word' id='word_1_525' title='bbox 1078 3423 1133 3478; x_wconf 90' lang='lat' dir='ltr'><strong>in</strong></span> <span class='ocrx_word' id='word_1_526' title='bbox 1161 3439 1253 3478; x_wconf 90' lang='lat' dir='ltr'><strong>ora</strong></span> <span class='ocrx_word' id='word_1_527' title='bbox 1288 3423 1409 3478; x_wconf 89' lang='lat' dir='ltr'><strong>libri</strong></span> <span class='ocrx_word' id='word_1_528' title='bbox 1436 3421 1616 3486; x_wconf 88' lang='lat' dir='ltr'><strong>habet,</strong></span> <span class='ocrx_word' id='word_1_529' title='bbox 1650 3423 1927 3493; x_wconf 68' lang='lat' dir='ltr'><strong>praemissa</strong></span> <span class='ocrx_word' id='word_1_530' title='bbox 1954 3422 2200 3477; x_wconf 70' lang='lat' dir='ltr'><strong>admoni~</strong></span> 
     </span>
    </p>
   </div>
   <div class='ocr_carea' id='block_1_68' title="bbox 596 3512 2193 3587">
    <p class='ocr_par' dir='ltr' id='par_1_68' title="bbox 596 3512 2193 3587">
     <span class='ocr_line' id='line_1_68' title="bbox 596 3512 2193 3587; baseline 0 -16"><span class='ocrx_word' id='word_1_531' title='bbox 596 3517 741 3572; x_wconf 88' lang='lat' dir='ltr'><strong>tione</strong></span> <span class='ocrx_word' id='word_1_532' title='bbox 783 3515 928 3587; x_wconf 89' lang='lat' dir='ltr'><strong>quod</strong></span> <span class='ocrx_word' id='word_1_533' title='bbox 960 3530 1022 3572; x_wconf 87' lang='lat' dir='ltr'><strong>ea</strong></span> <span class='ocrx_word' id='word_1_534' title='bbox 1055 3524 1268 3572; x_wconf 80' lang='lat' dir='ltr'><strong>exstent</strong></span> <span class='ocrx_word' id='word_1_535' title='bbox 1314 3515 1366 3569; x_wconf 90' lang='lat' dir='ltr'><strong>in</strong></span> <span class='ocrx_word' id='word_1_536' title='bbox 1408 3513 1727 3585; x_wconf 86' lang='lat' dir='ltr'><strong>quibusdam</strong></span> <span class='ocrx_word' id='word_1_537' title='bbox 1774 3512 2193 3585; x_wconf 75' lang='lat' dir='ltr'><strong>exemplaribus.</strong></span> 
     </span>
    </p>
   </div>
   <div class='ocr_carea' id='block_1_69' title="bbox 606 3606 2196 3680">
    <p class='ocr_par' dir='ltr' id='par_1_69' title="bbox 606 3606 2196 3680">
     <span class='ocr_line' id='line_1_69' title="bbox 606 3606 2196 3680; baseline 0 -17"><span class='ocrx_word' id='word_1_538' title='bbox 606 3608 845 3680; x_wconf 88' lang='lat' dir='ltr'><strong>Denique</strong></span> <span class='ocrx_word' id='word_1_539' title='bbox 872 3609 925 3663; x_wconf 89' lang='lat' dir='ltr'><strong>in</strong></span> <span class='ocrx_word' id='word_1_540' title='bbox 966 3616 1276 3679; x_wconf 82' lang='lat' dir='ltr'><strong>pervetusto</strong></span> <span class='ocrx_word' id='word_1_541' title='bbox 1306 3606 1541 3662; x_wconf 80' lang='lat' dir='ltr'><strong>basilica:</strong></span> <span class='ocrx_word' id='word_1_542' title='bbox 1571 3606 1841 3663; x_wconf 75' lang='lat' dir='ltr'><strong>Vaticana:</strong></span> <span class='ocrx_word' id='word_1_543' title='bbox 1870 3608 2196 3679; x_wconf 81' lang='lat' dir='ltr'><strong>exemplari,</strong></span> 
     </span>
    </p>
   </div>
   <div class='ocr_carea' id='block_1_70' title="bbox 603 3700 2199 3772">
    <p class='ocr_par' dir='ltr' id='par_1_70' title="bbox 603 3700 2199 3772">
     <span class='ocr_line' id='line_1_70' title="bbox 603 3700 2199 3772; baseline 0.002 -17"><span class='ocrx_word' id='word_1_544' title='bbox 603 3703 743 3772; x_wconf 90' lang='lat' dir='ltr'><strong>quod</strong></span> <span class='ocrx_word' id='word_1_545' title='bbox 786 3702 1013 3772; x_wconf 87' lang='lat' dir='ltr'><strong>primam</strong></span> <span class='ocrx_word' id='word_1_546' title='bbox 1046 3707 1251 3755; x_wconf 90' lang='lat' dir='ltr'><strong>tantum</strong></span> <span class='ocrx_word' id='word_1_547' title='bbox 1301 3700 1458 3770; x_wconf 82' lang='lat' dir='ltr'><strong>hujus</strong></span> <span class='ocrx_word' id='word_1_548' title='bbox 1500 3700 1622 3756; x_wconf 90' lang='lat' dir='ltr'><strong>libri</strong></span> <span class='ocrx_word' id='word_1_549' title='bbox 1675 3707 1877 3771; x_wconf 89' lang='lat' dir='ltr'><strong>partetu</strong></span> <span class='ocrx_word' id='word_1_550' title='bbox 1922 3703 2199 3758; x_wconf 86' lang='lat' dir='ltr'><strong>continere</strong></span> 
     </span>
    </p>
   </div>
   <div class='ocr_carea' id='block_1_71' title="bbox 598 3792 2200 3866">
    <p class='ocr_par' dir='ltr' id='par_1_71' title="bbox 598 3792 2200 3866">
     <span class='ocr_line' id='line_1_71' title="bbox 598 3792 2200 3866; baseline 0.002 -19"><span class='ocrx_word' id='word_1_551' title='bbox 598 3793 708 3865; x_wconf 85' lang='lat' dir='ltr'><strong>jam</strong></span> <span class='ocrx_word' id='word_1_552' title='bbox 737 3793 1001 3861; x_wconf 83' lang='lat' dir='ltr'><strong>diximus,</strong></span> <span class='ocrx_word' id='word_1_553' title='bbox 1046 3793 1154 3847; x_wconf 92' lang='lat' dir='ltr'><strong>duo</strong></span> <span class='ocrx_word' id='word_1_554' title='bbox 1199 3792 1502 3864; x_wconf 77' lang='lat' dir='ltr'><strong>hujusmodi</strong></span> <span class='ocrx_word' id='word_1_555' title='bbox 1546 3792 1909 3850; x_wconf 85' lang='lat' dir='ltr'><strong>additamenta</strong></span> <span class='ocrx_word' id='word_1_556' title='bbox 1958 3794 2200 3866; x_wconf 87' lang='lat' dir='ltr'><strong>reperire</strong></span> 
     </span>
    </p>
   </div>
   <div class='ocr_carea' id='block_1_72' title="bbox 599 3884 1499 3957">
    <p class='ocr_par' dir='ltr' id='par_1_72' title="bbox 599 3884 1499 3957">
     <span class='ocr_line' id='line_1_72' title="bbox 599 3884 1499 3957; baseline 0.001 -16"><span class='ocrx_word' id='word_1_557' title='bbox 599 3894 680 3941; x_wconf 90' lang='lat' dir='ltr'><strong>est</strong></span> <span class='ocrx_word' id='word_1_558' title='bbox 712 3884 810 3955; x_wconf 85' lang='lat' dir='ltr'><strong>ipsi</strong></span> <span class='ocrx_word' id='word_1_559' title='bbox 845 3886 1009 3940; x_wconf 79' lang='lat' dir='ltr'><strong>textui</strong></span> <span class='ocrx_word' id='word_1_560' title='bbox 1041 3886 1242 3957; x_wconf 88' lang='lat' dir='ltr'><strong>pariter</strong></span> <span class='ocrx_word' id='word_1_561' title='bbox 1274 3887 1499 3942; x_wconf 87' lang='lat' dir='ltr'><strong>inserta.</strong></span> 
     </span>
    </p>
   </div>
   <div class='ocr_carea' id='block_1_73' title="bbox 676 3976 2199 4042">
    <p class='ocr_par' dir='ltr' id='par_1_73' title="bbox 676 3976 2199 4042">
     <span class='ocr_line' id='line_1_73' title="bbox 676 3976 2199 4042; baseline 0.003 -6"><span class='ocrx_word' id='word_1_562' title='bbox 676 3981 763 4036; x_wconf 82' lang='lat' dir='ltr'><strong>IX.</strong></span> <span class='ocrx_word' id='word_1_563' title='bbox 810 3976 1006 4036; x_wconf 83' lang='lat' dir='ltr'><strong>Eorum</strong></span> <span class='ocrx_word' id='word_1_564' title='bbox 1057 3980 1275 4036; x_wconf 78' lang='lat' dir='ltr'><strong>utilitas.</strong></span> <span class='ocrx_word' id='word_1_565' title='bbox 1319 4011 1390 4023; x_wconf 91' lang='lat'><strong>--</strong></span> <span class='ocrx_word' id='word_1_566' title='bbox 1425 3982 1500 4038; x_wconf 87' lang='lat' dir='ltr'><strong>Ea</strong></span> <span class='ocrx_word' id='word_1_567' title='bbox 1553 3991 1733 4039; x_wconf 89' lang='lat' dir='ltr'><strong>autem</strong></span> <span class='ocrx_word' id='word_1_568' title='bbox 1780 3986 1959 4042; x_wconf 85' lang='lat' dir='ltr'><strong>omnia</strong></span> <span class='ocrx_word' id='word_1_569' title='bbox 2013 3980 2199 4042; x_wconf 86' lang='lat' dir='ltr'><strong>llilaril</strong></span> 
     </span>
    </p>
   </div>
   <div class='ocr_carea' id='block_1_74' title="bbox 601 4072 2202 4148">
    <p class='ocr_par' dir='ltr' id='par_1_74' title="bbox 601 4072 2202 4148">
     <span class='ocr_line' id='line_1_74' title="bbox 601 4072 2202 4148; baseline 0.001 -17"><span class='ocrx_word' id='word_1_570' title='bbox 601 4088 723 4131; x_wconf 82' lang='lat' dir='ltr'><strong>esse</strong></span> <span class='ocrx_word' id='word_1_571' title='bbox 752 4081 860 4129; x_wconf 89' lang='lat' dir='ltr'><strong>tam</strong></span> <span class='ocrx_word' id='word_1_572' title='bbox 894 4073 1240 4144; x_wconf 87' lang='lat' dir='ltr'><strong>perspicuum</strong></span> <span class='ocrx_word' id='word_1_573' title='bbox 1279 4083 1394 4142; x_wconf 90' lang='lat' dir='ltr'><strong>est,</strong></span> <span class='ocrx_word' id='word_1_574' title='bbox 1426 4082 1484 4131; x_wconf 91' lang='lat' dir='ltr'><strong>ut</strong></span> <span class='ocrx_word' id='word_1_575' title='bbox 1515 4072 1570 4131; x_wconf 88' lang='lat' dir='ltr'><strong>id</strong></span> <span class='ocrx_word' id='word_1_576' title='bbox 1597 4075 1825 4146; x_wconf 87' lang='lat' dir='ltr'><strong>probare</strong></span> <span class='ocrx_word' id='word_1_577' title='bbox 1850 4078 1988 4133; x_wconf 81' lang='lat' dir='ltr'><strong>velle</strong></span> <span class='ocrx_word' id='word_1_578' title='bbox 2012 4090 2202 4148; x_wconf 86' lang='lat' dir='ltr'><strong>supcr-</strong></span> 
     </span>
    </p>
   </div>
   <div class='ocr_carea' id='block_1_75' title="bbox 601 4168 2199 4241">
    <p class='ocr_par' dir='ltr' id='par_1_75' title="bbox 601 4168 2199 4241">
     <span class='ocr_line' id='line_1_75' title="bbox 601 4168 2199 4241; baseline 0 -17"><span class='ocrx_word' id='word_1_579' title='bbox 601 4182 896 4224; x_wconf 86' lang='lat' dir='ltr'><strong>vacaneum</strong></span> <span class='ocrx_word' id='word_1_580' title='bbox 946 4168 1212 4224; x_wconf 82' lang='lat' dir='ltr'><strong>videatur.</strong></span> <span class='ocrx_word' id='word_1_581' title='bbox 1246 4169 1317 4225; x_wconf 87' lang='lat' dir='ltr'><strong>At</strong></span> <span class='ocrx_word' id='word_1_582' title='bbox 1361 4170 1500 4226; x_wconf 88' lang='lat' dir='ltr'><strong>sicut</strong></span> <span class='ocrx_word' id='word_1_583' title='bbox 1548 4169 1677 4241; x_wconf 92' lang='lat' dir='ltr'><strong>ipsis</strong></span> <span class='ocrx_word' id='word_1_584' title='bbox 1726 4170 1846 4226; x_wconf 87' lang='lat' dir='ltr'><strong>libri</strong></span> <span class='ocrx_word' id='word_1_585' title='bbox 1900 4171 2059 4228; x_wconf 82' lang='lat' dir='ltr'><strong>dictis</strong></span> <span class='ocrx_word' id='word_1_586' title='bbox 2104 4173 2199 4227; x_wconf 79' lang='lat' dir='ltr'><strong>im-</strong></span> 
     </span>
    </p>
   </div>
   <div class='ocr_carea' id='block_1_76' title="bbox 604 4264 2217 4334">
    <p class='ocr_par' dir='ltr' id='par_1_76' title="bbox 604 4264 2217 4334">
     <span class='ocr_line' id='line_1_76' title="bbox 604 4264 2217 4334; baseline 0.002 -15"><span class='ocrx_word' id='word_1_587' title='bbox 604 4266 792 4330; x_wconf 80' lang='lat' dir='ltr'><strong>mixta,</strong></span> <span class='ocrx_word' id='word_1_588' title='bbox 827 4280 1013 4320; x_wconf 90' lang='lat' dir='ltr'><strong>eorum</strong></span> <span class='ocrx_word' id='word_1_589' title='bbox 1046 4264 1288 4320; x_wconf 90' lang='lat' dir='ltr'><strong>ordinem</strong></span> <span class='ocrx_word' id='word_1_590' title='bbox 1334 4264 1711 4334; x_wconf 60' lang='lat' dir='ltr'><strong>confundunt;</strong></span> <span class='ocrx_word' id='word_1_591' title='bbox 1732 4266 1801 4321; x_wconf 86' lang='lat' dir='ltr'><strong>ita</strong></span> <span class='ocrx_word' id='word_1_592' title='bbox 1831 4266 2059 4322; x_wconf 86' lang='lat' dir='ltr'><strong>seorsim</strong></span> <span class='ocrx_word' id='word_1_593' title='bbox 2092 4267 2217 4322; x_wconf 25' lang='lat' dir='ltr'><strong>suis.</strong></span> 
     </span>
    </p>
   </div>
   <div class='ocr_carea' id='block_1_77' title="bbox 604 4356 2204 4428">
    <p class='ocr_par' dir='ltr' id='par_1_77' title="bbox 604 4356 2204 4428">
     <span class='ocr_line' id='line_1_77' title="bbox 604 4356 2204 4428; baseline 0.001 -15"><span class='ocrx_word' id='word_1_594' title='bbox 604 4356 737 4413; x_wconf 90' lang='lat' dir='ltr'><strong>locis</strong></span> <span class='ocrx_word' id='word_1_595' title='bbox 782 4358 989 4427; x_wconf 73' lang='lat' dir='ltr'><strong>posita,</strong></span> <span class='ocrx_word' id='word_1_596' title='bbox 1045 4371 1241 4427; x_wconf 83' lang='lat' dir='ltr'><strong>magno</strong></span> <span class='ocrx_word' id='word_1_597' title='bbox 1294 4358 1546 4428; x_wconf 70' lang='lat' dir='ltr'><strong>prmsidio</strong></span> <span class='ocrx_word' id='word_1_598' title='bbox 1597 4367 1725 4414; x_wconf 90' lang='lat' dir='ltr'><strong>sunt</strong></span> <span class='ocrx_word' id='word_1_599' title='bbox 1771 4357 1838 4414; x_wconf 87' lang='lat' dir='ltr'><strong>ad</strong></span> <span class='ocrx_word' id='word_1_600' title='bbox 1892 4360 2204 4416; x_wconf 87' lang='lat' dir='ltr'><strong>enodandas</strong></span> 
     </span>
    </p>
   </div>
   <div class='ocr_carea' id='block_1_78' title="bbox 603 4450 2191 4525">
    <p class='ocr_par' dir='ltr' id='par_1_78' title="bbox 603 4450 2191 4525">
     <span class='ocr_line' id='line_1_78' title="bbox 603 4450 2191 4525; baseline 0.004 -21"><span class='ocrx_word' id='word_1_601' title='bbox 603 4450 931 4521; x_wconf 71' lang='lat' dir='ltr'><strong>quaestiones</strong></span> <span class='ocrx_word' id='word_1_602' title='bbox 974 4451 1281 4519; x_wconf 89' lang='lat' dir='ltr'><strong>nonnullas,</strong></span> <span class='ocrx_word' id='word_1_603' title='bbox 1313 4451 1379 4508; x_wconf 92' lang='lat' dir='ltr'><strong>de</strong></span> <span class='ocrx_word' id='word_1_604' title='bbox 1409 4452 1604 4523; x_wconf 87' lang='lat' dir='ltr'><strong>quibus</strong></span> <span class='ocrx_word' id='word_1_605' title='bbox 1629 4454 1926 4509; x_wconf 87' lang='lat' dir='ltr'><strong>etiamnum</strong></span> <span class='ocrx_word' id='word_1_606' title='bbox 1956 4455 2191 4525; x_wconf 60' lang='lat' dir='ltr'><strong>diaputav</strong></span> 
     </span>
    </p>
   </div>
   <div class='ocr_carea' id='block_1_79' title="bbox 606 4541 2207 4618">
    <p class='ocr_par' dir='ltr' id='par_1_79' title="bbox 606 4541 2207 4618">
     <span class='ocr_line' id='line_1_79' title="bbox 606 4541 2207 4618; baseline 0.003 -20"><span class='ocrx_word' id='word_1_607' title='bbox 606 4551 714 4598; x_wconf 91' lang='lat' dir='ltr'><strong>tur.</strong></span> <span class='ocrx_word' id='word_1_608' title='bbox 746 4541 938 4613; x_wconf 83' lang='lat' dir='ltr'><strong>Aliqua</strong></span> <span class='ocrx_word' id='word_1_609' title='bbox 977 4544 1139 4601; x_wconf 84' lang='lat' dir='ltr'><strong>etiam</strong></span> <span class='ocrx_word' id='word_1_610' title='bbox 1188 4558 1284 4599; x_wconf 86' lang='lat' dir='ltr'><strong>nos</strong></span> <span class='ocrx_word' id='word_1_611' title='bbox 1330 4544 1527 4601; x_wconf 88' lang='lat' dir='ltr'><strong>docent</strong></span> <span class='ocrx_word' id='word_1_612' title='bbox 1561 4544 1743 4602; x_wconf 86' lang='lat' dir='ltr'><strong>llilarii</strong></span> <span class='ocrx_word' id='word_1_613' title='bbox 1776 4554 1925 4618; x_wconf 87' lang='lat' dir='ltr'><strong>gesta</strong></span> <span class='ocrx_word' id='word_1_614' title='bbox 1957 4549 2094 4603; x_wconf 83' lang='lat' dir='ltr'><strong>scitu</strong></span> <span class='ocrx_word' id='word_1_615' title='bbox 2125 4547 2207 4602; x_wconf 85' lang='lat' dir='ltr'><strong>di-</strong></span> 
     </span>
    </p>
   </div>
   <div class='ocr_carea' id='block_1_80' title="bbox 604 4637 2205 4717">
    <p class='ocr_par' dir='ltr' id='par_1_80' title="bbox 604 4637 2205 4717">
     <span class='ocr_line' id='line_1_80' title="bbox 604 4637 2205 4717; baseline 0.003 -25"><span class='ocrx_word' id='word_1_616' title='bbox 604 4637 886 4711; x_wconf 88' lang='lat' dir='ltr'><strong>gnissima,</strong></span> <span class='ocrx_word' id='word_1_617' title='bbox 904 4648 1022 4717; x_wconf 80' lang='lat' dir='ltr'><strong>qua:</strong></span> <span class='ocrx_word' id='word_1_618' title='bbox 1042 4638 1298 4694; x_wconf 84' lang='lat' dir='ltr'><strong>hactenus</strong></span> <span class='ocrx_word' id='word_1_619' title='bbox 1321 4638 1609 4706; x_wconf 89' lang='lat' dir='ltr'><strong>latuerant,</strong></span> <span class='ocrx_word' id='word_1_620' title='bbox 1627 4640 1880 4696; x_wconf 90' lang='lat' dir='ltr'><strong>nimirum</strong></span> <span class='ocrx_word' id='word_1_621' title='bbox 1907 4640 2205 4712; x_wconf 91' lang='lat' dir='ltr'><strong>piissimum</strong></span> 
     </span>
    </p>
   </div>
   <div class='ocr_carea' id='block_1_81' title="bbox 606 4730 2207 4801">
    <p class='ocr_par' dir='ltr' id='par_1_81' title="bbox 606 4730 2207 4801">
     <span class='ocr_line' id='line_1_81' title="bbox 606 4730 2207 4801; baseline 0 -13"><span class='ocrx_word' id='word_1_622' title='bbox 606 4730 901 4788; x_wconf 62' lang='lat' dir='ltr'><strong>Praisulem</strong></span> <span class='ocrx_word' id='word_1_623' title='bbox 949 4731 1089 4786; x_wconf 89' lang='lat' dir='ltr'><strong>male</strong></span> <span class='ocrx_word' id='word_1_624' title='bbox 1130 4731 1271 4801; x_wconf 89' lang='lat' dir='ltr'><strong>apud</strong></span> <span class='ocrx_word' id='word_1_625' title='bbox 1316 4731 1576 4801; x_wconf 87' lang='lat' dir='ltr'><strong>quosdam</strong></span> <span class='ocrx_word' id='word_1_626' title='bbox 1626 4730 1696 4786; x_wconf 94' lang='lat' dir='ltr'><strong>ob</strong></span> <span class='ocrx_word' id='word_1_627' title='bbox 1728 4732 1870 4787; x_wconf 81' lang='lat' dir='ltr'><strong>hunc</strong></span> <span class='ocrx_word' id='word_1_628' title='bbox 1918 4737 2207 4788; x_wconf 90' lang='lat' dir='ltr'><strong>tractatum</strong></span> 
     </span>
    </p>
   </div>
   <div class='ocr_carea' id='block_1_82' title="bbox 607 4820 2208 4895">
    <p class='ocr_par' dir='ltr' id='par_1_82' title="bbox 607 4820 2208 4895">
     <span class='ocr_line' id='line_1_82' title="bbox 607 4820 2208 4895; baseline 0.001 -15"><span class='ocrx_word' id='word_1_629' title='bbox 607 4825 864 4892; x_wconf 86' lang='lat' dir='ltr'><strong>audiisse,</strong></span> <span class='ocrx_word' id='word_1_630' title='bbox 899 4837 1130 4895; x_wconf 86' lang='lat' dir='ltr'><strong>ettmque</strong></span> <span class='ocrx_word' id='word_1_631' title='bbox 1159 4824 1474 4880; x_wconf 92' lang='lat' dir='ltr'><strong>nominatim</strong></span> <span class='ocrx_word' id='word_1_632' title='bbox 1507 4839 1536 4878; x_wconf 88' lang='lat' dir='ltr'><strong>a</strong></span> <span class='ocrx_word' id='word_1_633' title='bbox 1566 4822 1837 4892; x_wconf 85' lang='lat' dir='ltr'><strong>Lucifero,</strong></span> <span class='ocrx_word' id='word_1_634' title='bbox 1873 4821 2019 4879; x_wconf 89' lang='lat' dir='ltr'><strong>haud</strong></span> <span class='ocrx_word' id='word_1_635' title='bbox 2043 4820 2208 4882; x_wconf 88' lang='lat' dir='ltr'><strong>dubie</strong></span> 
     </span>
    </p>
   </div>
   <div class='ocr_carea' id='block_1_83' title="bbox 607 4914 2209 4993">
    <p class='ocr_par' dir='ltr' id='par_1_83' title="bbox 607 4914 2209 4993">
     <span class='ocr_line' id='line_1_83' title="bbox 607 4914 2209 4993; baseline 0.001 -19"><span class='ocrx_word' id='word_1_636' title='bbox 607 4916 917 4975; x_wconf 83' lang='lat' dir='ltr'><strong>Calaritano</strong></span> <span class='ocrx_word' id='word_1_637' title='bbox 944 4919 1125 4993; x_wconf 90' lang='lat' dir='ltr'><strong>(quem</strong></span> <span class='ocrx_word' id='word_1_638' title='bbox 1160 4918 1360 4974; x_wconf 86' lang='lat' dir='ltr'><strong>indolis</strong></span> <span class='ocrx_word' id='word_1_639' title='bbox 1393 4917 1551 4987; x_wconf 85' lang='lat' dir='ltr'><strong>paulo</strong></span> <span class='ocrx_word' id='word_1_640' title='bbox 1582 4914 1816 4974; x_wconf 88' lang='lat' dir='ltr'><strong>durioris</strong></span> <span class='ocrx_word' id='word_1_641' title='bbox 1845 4928 2005 4990; x_wconf 90' lang='lat' dir='ltr'><strong>atque</strong></span> <span class='ocrx_word' id='word_1_642' title='bbox 2030 4928 2209 4976; x_wconf 86' lang='lat' dir='ltr'><strong>auste-</strong></span> 
     </span>
    </p>
   </div>
   <div class='ocr_carea' id='block_1_84' title="bbox 607 5008 2205 5085">
    <p class='ocr_par' dir='ltr' id='par_1_84' title="bbox 607 5008 2205 5085">
     <span class='ocr_line' id='line_1_84' title="bbox 607 5008 2205 5085; baseline 0.001 -16"><span class='ocrx_word' id='word_1_643' title='bbox 607 5012 770 5069; x_wconf 87' lang='lat' dir='ltr'><strong>rioris</strong></span> <span class='ocrx_word' id='word_1_644' title='bbox 802 5010 966 5067; x_wconf 85' lang='lat' dir='ltr'><strong>fuisse</strong></span> <span class='ocrx_word' id='word_1_645' title='bbox 994 5026 1152 5068; x_wconf 90' lang='lat' dir='ltr'><strong>nemo</strong></span> <span class='ocrx_word' id='word_1_646' title='bbox 1183 5008 1397 5084; x_wconf 88' lang='lat' dir='ltr'><strong>nescit),</strong></span> <span class='ocrx_word' id='word_1_647' title='bbox 1430 5010 1701 5082; x_wconf 88' lang='lat' dir='ltr'><strong>culpatum</strong></span> <span class='ocrx_word' id='word_1_648' title='bbox 1736 5011 1903 5068; x_wconf 85' lang='lat' dir='ltr'><strong>fuisse</strong></span> <span class='ocrx_word' id='word_1_649' title='bbox 1934 5022 2205 5085; x_wconf 76' lang='lat' dir='ltr'><strong>taquam</strong></span> 
     </span>
    </p>
   </div>
   <div class='ocr_carea' id='block_1_85' title="bbox 609 5103 2205 5180">
    <p class='ocr_par' dir='ltr' id='par_1_85' title="bbox 609 5103 2205 5180">
     <span class='ocr_line' id='line_1_85' title="bbox 609 5103 2205 5180; baseline 0.001 -20"><span class='ocrx_word' id='word_1_650' title='bbox 609 5103 759 5161; x_wconf 87' lang='lat' dir='ltr'><strong>verbi</strong></span> <span class='ocrx_word' id='word_1_651' title='bbox 820 5106 1110 5180; x_wconf 80' lang='grc' dir='ltr'><strong>ὁμοιούσιον</strong></span> <span class='ocrx_word' id='word_1_652' title='bbox 1150 5106 1598 5177; x_wconf 86' lang='lat' dir='ltr'><strong>approbatorem,</strong></span> <span class='ocrx_word' id='word_1_653' title='bbox 1649 5112 1703 5160; x_wconf 92' lang='lat' dir='ltr'><strong>et</strong></span> <span class='ocrx_word' id='word_1_654' title='bbox 1732 5103 2068 5163; x_wconf 89' lang='lat' dir='ltr'><strong>adulatorem</strong></span> <span class='ocrx_word' id='word_1_655' title='bbox 2120 5107 2205 5162; x_wconf 78' lang='lat' dir='ltr'><strong>lli-</strong></span> 
     </span>
    </p>
   </div>
   <div class='ocr_carea' id='block_1_86' title="bbox 608 5198 2211 5283">
    <p class='ocr_par' dir='ltr' id='par_1_86' title="bbox 608 5198 2211 5283">
     <span class='ocr_line' id='line_1_86' title="bbox 608 5198 2211 5283; baseline 0.001 -29"><span class='ocrx_word' id='word_1_656' title='bbox 608 5200 885 5270; x_wconf 85' lang='lat' dir='ltr'><strong>miumque</strong></span> <span class='ocrx_word' id='word_1_657' title='bbox 915 5198 1245 5254; x_wconf 86' lang='lat' dir='ltr'><strong>laudatorem</strong></span> <span class='ocrx_word' id='word_1_658' title='bbox 1270 5198 1642 5265; x_wconf 84' lang='lat' dir='ltr'><strong>Orientalium,</strong></span> <span class='ocrx_word' id='word_1_659' title='bbox 1669 5198 1988 5283; x_wconf 73' lang='lat' dir='ltr'><strong>quibuscpm</strong></span> <span class='ocrx_word' id='word_1_660' title='bbox 2018 5201 2211 5257; x_wconf 84' lang='lat' dir='ltr'><strong>remis-</strong></span> 
     </span>
    </p>
   </div>
   <div class='ocr_carea' id='block_1_87' title="bbox 610 5290 2212 5364">
    <p class='ocr_par' dir='ltr' id='par_1_87' title="bbox 610 5290 2212 5364">
     <span class='ocr_line' id='line_1_87' title="bbox 610 5290 2212 5364; baseline 0.002 -18"><span class='ocrx_word' id='word_1_661' title='bbox 610 5290 723 5346; x_wconf 87' lang='lat' dir='ltr'><strong>sius</strong></span> <span class='ocrx_word' id='word_1_662' title='bbox 746 5304 944 5363; x_wconf 83' lang='lat' dir='ltr'><strong>agens,</strong></span> <span class='ocrx_word' id='word_1_663' title='bbox 980 5291 1098 5347; x_wconf 92' lang='lat' dir='ltr'><strong>illos</strong></span> <span class='ocrx_word' id='word_1_664' title='bbox 1130 5291 1291 5346; x_wconf 88' lang='lat' dir='ltr'><strong>veluti</strong></span> <span class='ocrx_word' id='word_1_665' title='bbox 1325 5307 1466 5347; x_wconf 74' lang='lat' dir='ltr'><strong>verte</strong></span> <span class='ocrx_word' id='word_1_666' title='bbox 1498 5290 1622 5349; x_wconf 88' lang='lat' dir='ltr'><strong>ﬁdei</strong></span> <span class='ocrx_word' id='word_1_667' title='bbox 1653 5290 2040 5364; x_wconf 75' lang='lat' dir='ltr'><strong>prtediCatores</strong></span> <span class='ocrx_word' id='word_1_668' title='bbox 2067 5292 2212 5350; x_wconf 79' lang='lat' dir='ltr'><strong>Cele-</strong></span> 
     </span>
    </p>
   </div>
   <div class='ocr_carea' id='block_1_88' title="bbox 608 5380 2208 5463">
    <p class='ocr_par' dir='ltr' id='par_1_88' title="bbox 608 5380 2208 5463">
     <span class='ocr_line' id='line_1_88' title="bbox 608 5380 2208 5463; baseline 0.003 -26"><span class='ocrx_word' id='word_1_669' title='bbox 608 5381 842 5437; x_wconf 87' lang='lat' dir='ltr'><strong>brasset.</strong></span> <span class='ocrx_word' id='word_1_670' title='bbox 873 5380 1057 5452; x_wconf 79' lang='lat' dir='ltr'><strong>Neque</strong></span> <span class='ocrx_word' id='word_1_671' title='bbox 1084 5397 1114 5436; x_wconf 88' lang='lat' dir='ltr'><strong>a</strong></span> <span class='ocrx_word' id='word_1_672' title='bbox 1153 5382 1451 5463; x_wconf 84' lang='lat' dir='ltr'><strong>majoribus</strong></span> <span class='ocrx_word' id='word_1_673' title='bbox 1481 5383 1719 5440; x_wconf 90' lang='lat' dir='ltr'><strong>auditum</strong></span> <span class='ocrx_word' id='word_1_674' title='bbox 1748 5390 1895 5455; x_wconf 89' lang='lat' dir='ltr'><strong>erat,</strong></span> <span class='ocrx_word' id='word_1_675' title='bbox 1925 5398 2046 5442; x_wconf 89' lang='lat' dir='ltr'><strong>eum</strong></span> <span class='ocrx_word' id='word_1_676' title='bbox 2075 5398 2208 5457; x_wconf 86' lang='lat' dir='ltr'><strong>apo-</strong></span> 
     </span>
    </p>
   </div>
   <div class='ocr_carea' id='block_1_89' title="bbox 609 5474 2211 5553">
    <p class='ocr_par' dir='ltr' id='par_1_89' title="bbox 609 5474 2211 5553">
     <span class='ocr_line' id='line_1_89' title="bbox 609 5474 2211 5553; baseline 0.004 -25"><span class='ocrx_word' id='word_1_677' title='bbox 609 5474 900 5544; x_wconf 89' lang='lat' dir='ltr'><strong>logeticmn</strong></span> <span class='ocrx_word' id='word_1_678' title='bbox 952 5489 1088 5546; x_wconf 83' lang='lat' dir='ltr'><strong>Opus</strong></span> <span class='ocrx_word' id='word_1_679' title='bbox 1135 5475 1480 5531; x_wconf 70' lang='lat' dir='ltr'><strong>instituisse:</strong></span> <span class='ocrx_word' id='word_1_680' title='bbox 1521 5476 1664 5547; x_wconf 87' lang='lat' dir='ltr'><strong>quod</strong></span> <span class='ocrx_word' id='word_1_681' title='bbox 1712 5474 1904 5532; x_wconf 88' lang='lat' dir='ltr'><strong>saltem</strong></span> <span class='ocrx_word' id='word_1_682' title='bbox 1952 5488 2017 5534; x_wconf 74' lang='lat' dir='ltr'><strong>ex</strong></span> <span class='ocrx_word' id='word_1_683' title='bbox 2059 5488 2211 5553; x_wconf 85' lang='lat' dir='ltr'><strong>parte</strong></span> 
     </span>
    </p>
   </div>
   <div class='ocr_carea' id='block_1_90' title="bbox 614 5569 2213 5645">
    <p class='ocr_par' dir='ltr' id='par_1_90' title="bbox 614 5569 2213 5645">
     <span class='ocr_line' id='line_1_90' title="bbox 614 5569 2213 5645; baseline 0.003 -22"><span class='ocrx_word' id='word_1_684' title='bbox 614 5569 769 5625; x_wconf 88' lang='lat' dir='ltr'><strong>nobis</strong></span> <span class='ocrx_word' id='word_1_685' title='bbox 806 5578 1196 5639; x_wconf 59' lang='lat' dir='ltr'><strong>repraesentant</strong></span> <span class='ocrx_word' id='word_1_686' title='bbox 1232 5570 1487 5641; x_wconf 66' lang='lat' dir='ltr'><strong>praedicta</strong></span> <span class='ocrx_word' id='word_1_687' title='bbox 1520 5570 1805 5628; x_wconf 83' lang='lat' dir='ltr'><strong>corollaria</strong></span> <span class='ocrx_word' id='word_1_688' title='bbox 1829 5616 1843 5639; x_wconf 92' lang='lat'><strong>,</strong></span> <span class='ocrx_word' id='word_1_689' title='bbox 1877 5589 1998 5645; x_wconf 67' lang='lat' dir='ltr'><strong>qua:</strong></span> <span class='ocrx_word' id='word_1_690' title='bbox 2029 5575 2213 5640; x_wconf 83' lang='lat' dir='ltr'><strong>apolo-</strong></span> 
     </span>
    </p>
   </div>
   <div class='ocr_carea' id='block_1_91' title="bbox 625 5665 2215 5751">
    <p class='ocr_par' dir='ltr' id='par_1_91' title="bbox 625 5665 2215 5751">
     <span class='ocr_line' id='line_1_91' title="bbox 625 5665 2215 5751; baseline 0.005 -35"><span class='ocrx_word' id='word_1_691' title='bbox 625 5665 788 5733; x_wconf 84' lang='lat' dir='ltr'><strong>getica</strong></span> <span class='ocrx_word' id='word_1_692' title='bbox 815 5665 883 5725; x_wconf 81' lang='lat' dir='ltr'><strong>ad</strong></span> <span class='ocrx_word' id='word_1_693' title='bbox 906 5665 1292 5736; x_wconf 74' lang='lat' dir='ltr'><strong>reprehensores</strong></span> <span class='ocrx_word' id='word_1_694' title='bbox 1319 5666 1435 5725; x_wconf 82' lang='lat' dir='ltr'><strong>libri</strong></span> <span class='ocrx_word' id='word_1_695' title='bbox 1464 5668 1527 5723; x_wconf 80' lang='lat' dir='ltr'><strong>de</strong></span> <span class='ocrx_word' id='word_1_696' title='bbox 1556 5666 1783 5750; x_wconf 68' lang='lat' dir='ltr'><strong>Synodia</strong></span> <span class='ocrx_word' id='word_1_697' title='bbox 1812 5684 2056 5751; x_wconf 77' lang='lat' dir='ltr'><strong>responsa</strong></span> <span class='ocrx_word' id='word_1_698' title='bbox 2080 5684 2215 5725; x_wconf 88' lang='lat' dir='ltr'><strong>nun-</strong></span> 
     </span>
    </p>
   </div>
   <div class='ocr_carea' id='block_1_92' title="bbox 620 5755 1045 5825">
    <p class='ocr_par' dir='ltr' id='par_1_92' title="bbox 620 5755 1045 5825">
     <span class='ocr_line' id='line_1_92' title="bbox 620 5755 1045 5825; baseline 0 -15"><span class='ocrx_word' id='word_1_699' title='bbox 620 5767 819 5824; x_wconf 87' lang='lat' dir='ltr'><strong>cupare</strong></span> <span class='ocrx_word' id='word_1_700' title='bbox 848 5755 1045 5825; x_wconf 85' lang='lat' dir='ltr'><strong>placet.</strong></span> 
     </span>
    </p>
   </div>
   <div class='ocr_carea' id='block_1_93' title="bbox 2302 3226 3853 3305">
    <p class='ocr_par' dir='ltr' id='par_1_93' title="bbox 2302 3226 3853 3305">
     <span class='ocr_line' id='line_1_93' title="bbox 2302 3226 3853 3305; baseline -0.008 -15"><span class='ocrx_word' id='word_1_701' title='bbox 2302 3250 2489 3290; x_wconf 90' lang='lat' dir='ltr'><strong>eorum</strong></span> <span class='ocrx_word' id='word_1_702' title='bbox 2531 3235 2928 3305; x_wconf 78' lang='lat' dir='ltr'><strong>expositionum</strong></span> <span class='ocrx_word' id='word_1_703' title='bbox 2971 3233 3223 3290; x_wconf 88' lang='lat' dir='ltr'><strong>scandala</strong></span> <span class='ocrx_word' id='word_1_704' title='bbox 3256 3232 3443 3290; x_wconf 85' lang='lat' dir='ltr'><strong>utilius</strong></span> <span class='ocrx_word' id='word_1_705' title='bbox 3476 3231 3662 3289; x_wconf 84' lang='lat' dir='ltr'><strong>deinde</strong></span> <span class='ocrx_word' id='word_1_706' title='bbox 3700 3226 3853 3300; x_wconf 82' lang='lat' dir='ltr'><strong>prude-</strong></span> 
     </span>
    </p>
   </div>
   <div class='ocr_carea' id='block_1_94' title="bbox 2304 3324 3856 3402">
    <p class='ocr_par' dir='ltr' id='par_1_94' title="bbox 2304 3324 3856 3402">
     <span class='ocr_line' id='line_1_94' title="bbox 2304 3324 3856 3402; baseline -0.008 -15"><span class='ocrx_word' id='word_1_707' title='bbox 2304 3338 2387 3387; x_wconf 89' lang='lat' dir='ltr'><strong>ret</strong></span> <span class='ocrx_word' id='word_1_708' title='bbox 2418 3348 2430 3386; x_wconf 91' lang='lat'><strong>:</strong></span> <span class='ocrx_word' id='word_1_709' title='bbox 2465 3344 2639 3402; x_wconf 87' lang='lat' dir='ltr'><strong>neque</strong></span> <span class='ocrx_word' id='word_1_710' title='bbox 2672 3344 2798 3387; x_wconf 85' lang='lat' dir='ltr'><strong>vero</strong></span> <span class='ocrx_word' id='word_1_711' title='bbox 2828 3345 2887 3386; x_wconf 90' lang='lat' dir='ltr'><strong>se</strong></span> <span class='ocrx_word' id='word_1_712' title='bbox 2925 3343 3139 3387; x_wconf 84' lang='lat' dir='ltr'><strong>omnem</strong></span> <span class='ocrx_word' id='word_1_713' title='bbox 3171 3331 3238 3386; x_wconf 90' lang='lat' dir='ltr'><strong>ah</strong></span> <span class='ocrx_word' id='word_1_714' title='bbox 3266 3332 3346 3387; x_wconf 89' lang='lat' dir='ltr'><strong>eis</strong></span> <span class='ocrx_word' id='word_1_715' title='bbox 3387 3329 3736 3401; x_wconf 83' lang='lat' dir='ltr'><strong>suspicionem</strong></span> <span class='ocrx_word' id='word_1_716' title='bbox 3762 3324 3856 3377; x_wconf 82' lang='lat' dir='ltr'><strong>adu-</strong></span> 
     </span>
    </p>
   </div>
   <div class='ocr_carea' id='block_1_95' title="bbox 2303 3414 3855 3495">
    <p class='ocr_par' dir='ltr' id='par_1_95' title="bbox 2303 3414 3855 3495">
     <span class='ocr_line' id='line_1_95' title="bbox 2303 3414 3855 3495; baseline -0.003 -17"><span class='ocrx_word' id='word_1_717' title='bbox 2303 3425 2496 3491; x_wconf 85' lang='lat' dir='ltr'><strong>missc,</strong></span> <span class='ocrx_word' id='word_1_718' title='bbox 2531 3434 2667 3495; x_wconf 87' lang='lat' dir='ltr'><strong>quos</strong></span> <span class='ocrx_word' id='word_1_719' title='bbox 2698 3438 2799 3479; x_wconf 82' lang='lat' dir='ltr'><strong>non</strong></span> <span class='ocrx_word' id='word_1_720' title='bbox 2830 3436 2999 3479; x_wconf 77' lang='lat' dir='ltr'><strong>verum</strong></span> <span class='ocrx_word' id='word_1_721' title='bbox 3027 3425 3210 3493; x_wconf 75' lang='lat' dir='ltr'><strong>fidem,</strong></span> <span class='ocrx_word' id='word_1_722' title='bbox 3248 3423 3343 3480; x_wconf 88' lang='lat' dir='ltr'><strong>sed</strong></span> <span class='ocrx_word' id='word_1_723' title='bbox 3379 3432 3585 3479; x_wconf 88' lang='lat' dir='ltr'><strong>tantum</strong></span> <span class='ocrx_word' id='word_1_724' title='bbox 3627 3434 3743 3475; x_wconf 69' lang='lat' dir='ltr'><strong>verte</strong></span> <span class='ocrx_word' id='word_1_725' title='bbox 3766 3414 3855 3486; x_wconf 70' lang='grc' dir='ltr'><strong>11(ίεὶ</strong></span> 
     </span>
    </p>
   </div>
   <div class='ocr_carea' id='block_1_96' title="bbox 2300 3512 3857 3590">
    <p class='ocr_par' dir='ltr' id='par_1_96' title="bbox 2300 3512 3857 3590">
     <span class='ocr_line' id='line_1_96' title="bbox 2300 3512 3857 3590; baseline -0.012 -12"><span class='ocrx_word' id='word_1_726' title='bbox 2300 3522 2598 3578; x_wconf 80' lang='lat' dir='ltr'><strong>revocanda:</strong></span> <span class='ocrx_word' id='word_1_727' title='bbox 2622 3537 2763 3590; x_wconf 81' lang='lat' dir='ltr'><strong>spem</strong></span> <span class='ocrx_word' id='word_1_728' title='bbox 2792 3520 3025 3575; x_wconf 79' lang='lat' dir='ltr'><strong>attulisse</strong></span> <span class='ocrx_word' id='word_1_729' title='bbox 3051 3519 3249 3575; x_wconf 81' lang='lat' dir='ltr'><strong>dixerit</strong></span> <span class='ocrx_word' id='word_1_730' title='bbox 3276 3539 3289 3575; x_wconf 91' lang='lat'><strong>:</strong></span> <span class='ocrx_word' id='word_1_731' title='bbox 3323 3535 3384 3576; x_wconf 88' lang='lat' dir='ltr'><strong>se</strong></span> <span class='ocrx_word' id='word_1_732' title='bbox 3415 3512 3646 3588; x_wconf 86' lang='lat' dir='ltr'><strong>denique</strong></span> <span class='ocrx_word' id='word_1_733' title='bbox 3674 3512 3857 3568; x_wconf 73' lang='lat' dir='ltr'><strong>Itullltl’ll-</strong></span> 
     </span>
    </p>
   </div>
   <div class='ocr_carea' id='block_1_97' title="bbox 2300 3603 3857 3683">
    <p class='ocr_par' dir='ltr' id='par_1_97' title="bbox 2300 3603 3857 3683">
     <span class='ocr_line' id='line_1_97' title="bbox 2300 3603 3857 3683; baseline -0.009 -12"><span class='ocrx_word' id='word_1_734' title='bbox 2300 3616 2412 3671; x_wconf 78' lang='lat' dir='ltr'><strong>sion</strong></span> <span class='ocrx_word' id='word_1_735' title='bbox 2444 3615 2670 3670; x_wconf 90' lang='lat' dir='ltr'><strong>invitum</strong></span> <span class='ocrx_word' id='word_1_736' title='bbox 2703 3629 2766 3670; x_wconf 86' lang='lat' dir='ltr'><strong>ac</strong></span> <span class='ocrx_word' id='word_1_737' title='bbox 2795 3613 2912 3669; x_wconf 92' lang='lat' dir='ltr'><strong>solo</strong></span> <span class='ocrx_word' id='word_1_738' title='bbox 2945 3614 3091 3683; x_wconf 89' lang='lat' dir='ltr'><strong>pacis</strong></span> <span class='ocrx_word' id='word_1_739' title='bbox 3120 3610 3321 3682; x_wconf 90' lang='lat' dir='ltr'><strong>studio,</strong></span> <span class='ocrx_word' id='word_1_740' title='bbox 3354 3629 3423 3669; x_wconf 91' lang='lat' dir='ltr'><strong>nc</strong></span> <span class='ocrx_word' id='word_1_741' title='bbox 3458 3611 3696 3669; x_wconf 73' lang='lat' dir='ltr'><strong>videlicet</strong></span> <span class='ocrx_word' id='word_1_742' title='bbox 3723 3621 3748 3660; x_wconf 84' lang='lat' dir='ltr'><strong>a</strong></span> <span class='ocrx_word' id='word_1_743' title='bbox 3774 3603 3857 3658; x_wconf 87' lang='lat' dir='ltr'><strong>Lu-</strong></span> 
     </span>
    </p>
   </div>
   <div class='ocr_carea' id='block_1_98' title="bbox 2301 3700 3903 3779">
    <p class='ocr_par' dir='ltr' id='par_1_98' title="bbox 2301 3700 3903 3779">
     <span class='ocr_line' id='line_1_98' title="bbox 2301 3700 3903 3779; baseline -0.004 -16"><span class='ocrx_word' id='word_1_744' title='bbox 2301 3708 2470 3763; x_wconf 88' lang='lat' dir='ltr'><strong>cifero</strong></span> <span class='ocrx_word' id='word_1_745' title='bbox 2518 3704 2648 3762; x_wconf 91' lang='lat' dir='ltr'><strong>illud</strong></span> <span class='ocrx_word' id='word_1_746' title='bbox 2702 3706 3031 3779; x_wconf 63' lang='lat' dir='ltr'><strong>praedicante</strong></span> <span class='ocrx_word' id='word_1_747' title='bbox 3080 3705 3405 3777; x_wconf 82' lang='lat' dir='ltr'><strong>dissideret,</strong></span> <span class='ocrx_word' id='word_1_748' title='bbox 3455 3701 3657 3763; x_wconf 85' lang='lat' dir='ltr'><strong>cautela</strong></span> <span class='ocrx_word' id='word_1_749' title='bbox 3700 3700 3856 3770; x_wconf 59' lang='lat' dir='ltr'><strong>quam</strong></span> <span class='ocrx_word' id='word_1_750' title='bbox 3902 3700 3903 3777; x_wconf 51' lang='grc'><strong>1</strong></span> 
     </span>
    </p>
   </div>
   <div class='ocr_carea' id='block_1_99' title="bbox 2302 3799 2900 3869">
    <p class='ocr_par' dir='ltr' id='par_1_99' title="bbox 2302 3799 2900 3869">
     <span class='ocr_line' id='line_1_99' title="bbox 2302 3799 2900 3869; baseline -0.008 -12"><span class='ocrx_word' id='word_1_751' title='bbox 2302 3800 2536 3857; x_wconf 77' lang='lat' dir='ltr'><strong>maxima</strong></span> <span class='ocrx_word' id='word_1_752' title='bbox 2558 3799 2900 3869; x_wconf 81' lang='lat' dir='ltr'><strong>suscepisse?</strong></span> 
     </span>
    </p>
   </div>
   <div class='ocr_carea' id='block_1_100' title="bbox 2374 3876 3903 3947">
    <p class='ocr_par' dir='ltr' id='par_1_100' title="bbox 2374 3876 3903 3947">
     <span class='ocr_line' id='line_1_100' title="bbox 2374 3876 3903 3947; baseline -0.012 0"><span class='ocrx_word' id='word_1_753' title='bbox 2374 3886 2488 3947; x_wconf 78' lang='lat' dir='ltr'><strong>XII.</strong></span> <span class='ocrx_word' id='word_1_754' title='bbox 2537 3884 2694 3945; x_wconf 80' lang='lat' dir='ltr'><strong>Falso</strong></span> <span class='ocrx_word' id='word_1_755' title='bbox 2742 3889 2967 3944; x_wconf 80' lang='lat' dir='ltr'><strong>creditur</strong></span> <span class='ocrx_word' id='word_1_756' title='bbox 3018 3887 3308 3945; x_wconf 81' lang='lat' dir='ltr'><strong>Orientales</strong></span> <span class='ocrx_word' id='word_1_757' title='bbox 3354 3890 3410 3942; x_wconf 83' lang='lat' dir='ltr'><strong>ut</strong></span> <span class='ocrx_word' id='word_1_758' title='bbox 3457 3880 3748 3944; x_wconf 71' lang='lat' dir='ltr'><strong>orthodoxa:</strong></span> <span class='ocrx_word' id='word_1_759' title='bbox 3785 3876 3855 3929; x_wconf 70' lang='lat' dir='ltr'><strong>lia-</strong></span> <span class='ocrx_word' id='word_1_760' title='bbox 3902 3876 3903 3925; x_wconf 65' lang='grc'><strong>1</strong></span> 
     </span>
    </p>
   </div>
   <div class='ocr_carea' id='block_1_101' title="bbox 2306 3969 3903 4053">
    <p class='ocr_par' dir='ltr' id='par_1_101' title="bbox 2306 3969 3903 4053">
     <span class='ocr_line' id='line_1_101' title="bbox 2306 3969 3903 4053; baseline -0.012 -14"><span class='ocrx_word' id='word_1_761' title='bbox 2306 3978 2491 4040; x_wconf 80' lang='lat' dir='ltr'><strong>(misse.</strong></span> <span class='ocrx_word' id='word_1_762' title='bbox 2520 4013 2591 4023; x_wconf 90' lang='lat'><strong><em>—</em></strong></span> <span class='ocrx_word' id='word_1_763' title='bbox 2617 3981 2696 4037; x_wconf 82' lang='lat' dir='ltr'><strong>Ex</strong></span> <span class='ocrx_word' id='word_1_764' title='bbox 2724 3981 2920 4053; x_wconf 88' lang='lat' dir='ltr'><strong>quibus</strong></span> <span class='ocrx_word' id='word_1_765' title='bbox 2949 3981 3056 4052; x_wconf 82' lang='lat' dir='ltr'><strong>jam</strong></span> <span class='ocrx_word' id='word_1_766' title='bbox 3095 3980 3382 4037; x_wconf 83' lang='lat' dir='ltr'><strong>manifeste</strong></span> <span class='ocrx_word' id='word_1_767' title='bbox 3427 3976 3683 4036; x_wconf 86' lang='lat' dir='ltr'><strong>refellitur</strong></span> <span class='ocrx_word' id='word_1_768' title='bbox 3708 3969 3856 4037; x_wconf 52' lang='lat' dir='ltr'><strong>Vulg.»</strong></span> <span class='ocrx_word' id='word_1_769' title='bbox 3902 3974 3903 3977; x_wconf 68' lang='lat'>‘</span> 
     </span>
    </p>
   </div>
   <div class='ocr_carea' id='block_1_102' title="bbox 2304 4056 3856 4148">
    <p class='ocr_par' dir='ltr' id='par_1_102' title="bbox 2304 4056 3856 4148">
     <span class='ocr_line' id='line_1_102' title="bbox 2304 4056 3856 4148; baseline -0.013 -15"><span class='ocrx_word' id='word_1_770' title='bbox 2304 4077 2381 4133; x_wconf 85' lang='lat' dir='ltr'><strong>ris</strong></span> <span class='ocrx_word' id='word_1_771' title='bbox 2411 4074 2617 4148; x_wconf 86' lang='lat' dir='ltr'><strong>Opinio,</strong></span> <span class='ocrx_word' id='word_1_772' title='bbox 2650 4088 2755 4146; x_wconf 84' lang='lat' dir='ltr'><strong>qua</strong></span> <span class='ocrx_word' id='word_1_773' title='bbox 2799 4073 3030 4129; x_wconf 83' lang='lat' dir='ltr'><strong>Ililarius</strong></span> <span class='ocrx_word' id='word_1_774' title='bbox 3070 4072 3377 4129; x_wconf 85' lang='lat' dir='ltr'><strong>Orientales</strong></span> <span class='ocrx_word' id='word_1_775' title='bbox 3398 4116 3413 4142; x_wconf 87' lang='lat'><strong>,</strong></span> <span class='ocrx_word' id='word_1_776' title='bbox 3465 4071 3551 4145; x_wconf 87' lang='lat' dir='ltr'><strong>qui</strong></span> <span class='ocrx_word' id='word_1_777' title='bbox 3584 4056 3856 4125; x_wconf 82' lang='lat' dir='ltr'><strong>Semiariaui</strong></span> 
     </span>
    </p>
   </div>
   <div class='ocr_carea' id='block_1_103' title="bbox 2304 4157 3853 4244">
    <p class='ocr_par' dir='ltr' id='par_1_103' title="bbox 2304 4157 3853 4244">
     <span class='ocr_line' id='line_1_103' title="bbox 2304 4157 3853 4244; baseline -0.01 -17"><span class='ocrx_word' id='word_1_778' title='bbox 2304 4171 2464 4244; x_wconf 77' lang='lat' dir='ltr'><strong>Vulgo</strong></span> <span class='ocrx_word' id='word_1_779' title='bbox 2515 4173 2988 4242; x_wconf 85' lang='lat' dir='ltr'><strong>cognominantur,</strong></span> <span class='ocrx_word' id='word_1_780' title='bbox 3038 4167 3184 4222; x_wconf 87' lang='lat' dir='ltr'><strong>velut</strong></span> <span class='ocrx_word' id='word_1_781' title='bbox 3236 4164 3571 4223; x_wconf 85' lang='lat' dir='ltr'><strong>orthodoxos</strong></span> <span class='ocrx_word' id='word_1_782' title='bbox 3616 4157 3853 4215; x_wconf 79' lang='lat' dir='ltr'><strong>habuisse.</strong></span> 
     </span>
    </p>
   </div>
   <div class='ocr_carea' id='block_1_104' title="bbox 2306 4249 3857 4335">
    <p class='ocr_par' dir='ltr' id='par_1_104' title="bbox 2306 4249 3857 4335">
     <span class='ocr_line' id='line_1_104' title="bbox 2306 4249 3857 4335; baseline -0.014 -13"><span class='ocrx_word' id='word_1_783' title='bbox 2306 4280 2605 4335; x_wconf 88' lang='lat' dir='ltr'><strong>eorumque</strong></span> <span class='ocrx_word' id='word_1_784' title='bbox 2640 4263 2899 4319; x_wconf 89' lang='lat' dir='ltr'><strong>formulas</strong></span> <span class='ocrx_word' id='word_1_785' title='bbox 2938 4268 3211 4332; x_wconf 80' lang='lat' dir='ltr'><strong>tamquam</strong></span> <span class='ocrx_word' id='word_1_786' title='bbox 3255 4259 3550 4319; x_wconf 86' lang='lat' dir='ltr'><strong>catholicas</strong></span> <span class='ocrx_word' id='word_1_787' title='bbox 3578 4249 3857 4328; x_wconf 54' lang='lat' dir='ltr'><strong>approba-sc</strong></span> 
     </span>
    </p>
   </div>
   <div class='ocr_carea' id='block_1_105' title="bbox 2309 4339 3856 4426">
    <p class='ocr_par' dir='ltr' id='par_1_105' title="bbox 2309 4339 3856 4426">
     <span class='ocr_line' id='line_1_105' title="bbox 2309 4339 3856 4426; baseline -0.007 -13"><span class='ocrx_word' id='word_1_788' title='bbox 2309 4359 2668 4414; x_wconf 78' lang='lat' dir='ltr'><strong>existimatur.</strong></span> <span class='ocrx_word' id='word_1_789' title='bbox 2697 4353 2842 4411; x_wconf 84' lang='lat' dir='ltr'><strong>Vidit</strong></span> <span class='ocrx_word' id='word_1_790' title='bbox 2883 4339 3097 4426; x_wconf 84' lang='lat' dir='ltr'><strong>quidem</strong></span> <span class='ocrx_word' id='word_1_791' title='bbox 3128 4370 3223 4411; x_wconf 89' lang='lat' dir='ltr'><strong>eos</strong></span> <span class='ocrx_word' id='word_1_792' title='bbox 3254 4354 3321 4409; x_wconf 88' lang='lat' dir='ltr'><strong>ad</strong></span> <span class='ocrx_word' id='word_1_793' title='bbox 3364 4370 3546 4411; x_wconf 84' lang='lat' dir='ltr'><strong>veram</strong></span> <span class='ocrx_word' id='word_1_794' title='bbox 3582 4344 3725 4406; x_wconf 87' lang='lat' dir='ltr'><strong>fidem</strong></span> <span class='ocrx_word' id='word_1_795' title='bbox 3763 4352 3856 4411; x_wconf 68' lang='grc' dir='ltr'><strong>ιντο·</strong></span> 
     </span>
    </p>
   </div>
   <div class='ocr_carea' id='block_1_106' title="bbox 2311 4431 3857 4522">
    <p class='ocr_par' dir='ltr' id='par_1_106' title="bbox 2311 4431 3857 4522">
     <span class='ocr_line' id='line_1_106' title="bbox 2311 4431 3857 4522; baseline -0.012 -17"><span class='ocrx_word' id='word_1_796' title='bbox 2311 4465 2552 4522; x_wconf 85' lang='lat' dir='ltr'><strong>gressum</strong></span> <span class='ocrx_word' id='word_1_797' title='bbox 2586 4450 2794 4515; x_wconf 85' lang='lat' dir='ltr'><strong>facere,</strong></span> <span class='ocrx_word' id='word_1_798' title='bbox 2829 4448 2960 4502; x_wconf 78' lang='lat' dir='ltr'><strong>vidit</strong></span> <span class='ocrx_word' id='word_1_799' title='bbox 3000 4463 3187 4502; x_wconf 86' lang='lat' dir='ltr'><strong>eorum</strong></span> <span class='ocrx_word' id='word_1_800' title='bbox 3231 4444 3493 4502; x_wconf 88' lang='lat' dir='ltr'><strong>formulas</strong></span> <span class='ocrx_word' id='word_1_801' title='bbox 3522 4456 3670 4500; x_wconf 87' lang='lat' dir='ltr'><strong>sensu</strong></span> <span class='ocrx_word' id='word_1_802' title='bbox 3708 4431 3857 4522; x_wconf 76' lang='lat' dir='ltr'><strong>catin-</strong></span> 
     </span>
    </p>
   </div>
   <div class='ocr_carea' id='block_1_107' title="bbox 2230 4521 3903 4621">
    <p class='ocr_par' dir='ltr' id='par_1_107' title="bbox 2230 4521 3903 4621">
     <span class='ocr_line' id='line_1_107' title="bbox 2230 4521 3903 4621; baseline -0.008 -21"><span class='ocrx_word' id='word_1_803' title='bbox 2230 4540 2285 4604; x_wconf 86' lang='lat' dir='ltr'><strong>D</strong></span> <span class='ocrx_word' id='word_1_804' title='bbox 2311 4521 2414 4600; x_wconf 88' lang='lat' dir='ltr'><strong>lico</strong></span> <span class='ocrx_word' id='word_1_805' title='bbox 2441 4543 2757 4621; x_wconf 20' lang='lat' dir='ltr'><strong>intellectas.</strong></span> <span class='ocrx_word' id='word_1_806' title='bbox 2779 4536 3011 4613; x_wconf 90' lang='lat' dir='ltr'><strong>quodam</strong></span> <span class='ocrx_word' id='word_1_807' title='bbox 3055 4538 3213 4595; x_wconf 90' lang='lat' dir='ltr'><strong>modo</strong></span> <span class='ocrx_word' id='word_1_808' title='bbox 3243 4536 3376 4594; x_wconf 86' lang='lat' dir='ltr'><strong>ferri</strong></span> <span class='ocrx_word' id='word_1_809' title='bbox 3406 4548 3593 4610; x_wconf 83' lang='lat' dir='ltr'><strong>posse;</strong></span> <span class='ocrx_word' id='word_1_810' title='bbox 3626 4521 3850 4586; x_wconf 50' lang='lat' dir='ltr'><strong>laudavit,</strong></span> <span class='ocrx_word' id='word_1_811' title='bbox 3902 4584 3903 4587; x_wconf 44' lang='grc' dir='ltr'><strong>η</strong></span> 
     </span>
    </p>
   </div>
   <div class='ocr_carea' id='block_1_108' title="bbox 2312 4624 3852 4715">
    <p class='ocr_par' dir='ltr' id='par_1_108' title="bbox 2312 4624 3852 4715">
     <span class='ocr_line' id='line_1_108' title="bbox 2312 4624 3852 4715; baseline -0.01 -24"><span class='ocrx_word' id='word_1_812' title='bbox 2312 4642 2367 4691; x_wconf 87' lang='lat' dir='ltr'><strong>ct</strong></span> <span class='ocrx_word' id='word_1_813' title='bbox 2386 4644 2643 4707; x_wconf 87' lang='lat' dir='ltr'><strong>quantum</strong></span> <span class='ocrx_word' id='word_1_814' title='bbox 2668 4637 2844 4705; x_wconf 87' lang='lat' dir='ltr'><strong>potuit</strong></span> <span class='ocrx_word' id='word_1_815' title='bbox 2867 4630 3133 4704; x_wconf 84' lang='lat' dir='ltr'><strong>promovit</strong></span> <span class='ocrx_word' id='word_1_816' title='bbox 3157 4629 3502 4694; x_wconf 86' lang='lat' dir='ltr'><strong>accedentes,</strong></span> <span class='ocrx_word' id='word_1_817' title='bbox 3529 4629 3684 4695; x_wconf 87' lang='lat' dir='ltr'><strong>iisque</strong></span> <span class='ocrx_word' id='word_1_818' title='bbox 3704 4624 3852 4715; x_wconf 44' lang='lat' dir='ltr'><strong>venit&quot;</strong></span> 
     </span>
    </p>
   </div>
   <div class='ocr_carea' id='block_1_109' title="bbox 2311 4710 3903 4798">
    <p class='ocr_par' dir='ltr' id='par_1_109' title="bbox 2311 4710 3903 4798">
     <span class='ocr_line' id='line_1_109' title="bbox 2311 4710 3903 4798; baseline -0.008 -13"><span class='ocrx_word' id='word_1_819' title='bbox 2311 4729 2713 4785; x_wconf 84' lang='lat' dir='ltr'><strong>confessionum</strong></span> <span class='ocrx_word' id='word_1_820' title='bbox 2744 4742 2963 4785; x_wconf 78' lang='lat' dir='ltr'><strong>suarum</strong></span> <span class='ocrx_word' id='word_1_821' title='bbox 2987 4740 3202 4782; x_wconf 89' lang='lat' dir='ltr'><strong>sensum</strong></span> <span class='ocrx_word' id='word_1_822' title='bbox 3232 4722 3317 4798; x_wconf 89' lang='lat' dir='ltr'><strong>(ut</strong></span> <span class='ocrx_word' id='word_1_823' title='bbox 3348 4726 3416 4778; x_wconf 89' lang='lat' dir='ltr'><strong>ita</strong></span> <span class='ocrx_word' id='word_1_824' title='bbox 3439 4716 3630 4789; x_wconf 86' lang='lat' dir='ltr'><strong>dicam)</strong></span> <span class='ocrx_word' id='word_1_825' title='bbox 3655 4710 3849 4782; x_wconf 50' lang='lat'><strong>(138055“,</strong></span> <span class='ocrx_word' id='word_1_826' title='bbox 3902 4726 3903 4731; x_wconf 78' lang='lat'>‘</span> 
     </span>
    </p>
   </div>
   <div class='ocr_carea' id='block_1_110' title="bbox 2313 4805 3853 4892">
    <p class='ocr_par' dir='ltr' id='par_1_110' title="bbox 2313 4805 3853 4892">
     <span class='ocr_line' id='line_1_110' title="bbox 2313 4805 3853 4892; baseline -0.023 -13"><span class='ocrx_word' id='word_1_827' title='bbox 2313 4830 2368 4879; x_wconf 89' lang='lat' dir='ltr'><strong>et</strong></span> <span class='ocrx_word' id='word_1_828' title='bbox 2401 4821 2550 4892; x_wconf 90' lang='lat' dir='ltr'><strong>quasi</strong></span> <span class='ocrx_word' id='word_1_829' title='bbox 2586 4818 2845 4891; x_wconf 87' lang='lat' dir='ltr'><strong>liquatum</strong></span> <span class='ocrx_word' id='word_1_830' title='bbox 2887 4814 3081 4873; x_wconf 87' lang='lat' dir='ltr'><strong>blande</strong></span> <span class='ocrx_word' id='word_1_831' title='bbox 3127 4814 3431 4887; x_wconf 84' lang='lat' dir='ltr'><strong>propinavit</strong></span> <span class='ocrx_word' id='word_1_832' title='bbox 3464 4832 3477 4868; x_wconf 90' lang='lat'><strong>:</strong></span> <span class='ocrx_word' id='word_1_833' title='bbox 3511 4820 3563 4867; x_wconf 89' lang='lat' dir='ltr'><strong>at</strong></span> <span class='ocrx_word' id='word_1_834' title='bbox 3602 4814 3647 4862; x_wconf 91' lang='lat' dir='ltr'><strong>ut</strong></span> <span class='ocrx_word' id='word_1_835' title='bbox 3678 4805 3853 4892; x_wconf 69' lang='lat' dir='ltr'><strong>prorsus</strong></span> 
     </span>
    </p>
   </div>
   <div class='ocr_carea' id='block_1_111' title="bbox 2313 4882 3855 4987">
    <p class='ocr_par' dir='ltr' id='par_1_111' title="bbox 2313 4882 3855 4987">
     <span class='ocr_line' id='line_1_111' title="bbox 2313 4882 3855 4987; baseline -0.019 -15"><span class='ocrx_word' id='word_1_836' title='bbox 2313 4912 2609 4973; x_wconf 82' lang='lat' dir='ltr'><strong>catholicos</strong></span> <span class='ocrx_word' id='word_1_837' title='bbox 2654 4914 2841 4971; x_wconf 89' lang='lat' dir='ltr'><strong>habuit</strong></span> <span class='ocrx_word' id='word_1_838' title='bbox 2879 4928 3165 4984; x_wconf 86' lang='lat' dir='ltr'><strong>numquam</strong></span> <span class='ocrx_word' id='word_1_839' title='bbox 3189 4953 3202 4979; x_wconf 90' lang='lat'><strong>,</strong></span> <span class='ocrx_word' id='word_1_840' title='bbox 3236 4926 3409 4987; x_wconf 88' lang='lat' dir='ltr'><strong>neque</strong></span> <span class='ocrx_word' id='word_1_841' title='bbox 3455 4902 3778 4981; x_wconf 87' lang='lat' dir='ltr'><strong>suspicionem</strong></span> <span class='ocrx_word' id='word_1_842' title='bbox 3804 4882 3855 4939; x_wconf 80' lang='lat' dir='ltr'><strong>ab</strong></span> 
     </span>
    </p>
   </div>
   <div class='ocr_carea' id='block_1_112' title="bbox 2313 5010 2872 5066">
    <p class='ocr_par' dir='ltr' id='par_1_112' title="bbox 2313 5010 2872 5066">
     <span class='ocr_line' id='line_1_112' title="bbox 2313 5010 2872 5066; baseline -0.011 1"><span class='ocrx_word' id='word_1_843' title='bbox 2313 5010 2394 5066; x_wconf 88' lang='lat' dir='ltr'><strong>eis</strong></span> <span class='ocrx_word' id='word_1_844' title='bbox 2420 5010 2661 5065; x_wconf 87' lang='lat' dir='ltr'><strong>adimere</strong></span> <span class='ocrx_word' id='word_1_845' title='bbox 2687 5010 2872 5065; x_wconf 84' lang='lat' dir='ltr'><strong>voluit.</strong></span> 
     </span>
    </p>
   </div>
   <div class='ocr_carea' id='block_1_113' title="bbox 2383 5072 3853 5179">
    <p class='ocr_par' dir='ltr' id='par_1_113' title="bbox 2383 5072 3853 5179">
     <span class='ocr_line' id='line_1_113' title="bbox 2383 5072 3853 5179; baseline -0.039 5"><span class='ocrx_word' id='word_1_846' title='bbox 2383 5102 2756 5179; x_wconf 58' lang='lat'><strong>£535.54.</strong></span> <span class='ocrx_word' id='word_1_847' title='bbox 2803 5100 2939 5157; x_wconf 85' lang='lat' dir='ltr'><strong>xm.</strong></span> <span class='ocrx_word' id='word_1_848' title='bbox 2995 5094 3153 5155; x_wconf 84' lang='lat' dir='ltr'><strong>Falso</strong></span> <span class='ocrx_word' id='word_1_849' title='bbox 3199 5096 3429 5153; x_wconf 82' lang='lat' dir='ltr'><strong>creditur</strong></span> <span class='ocrx_word' id='word_1_850' title='bbox 3479 5097 3538 5151; x_wconf 79' lang='lat' dir='ltr'><strong>de</strong></span> <span class='ocrx_word' id='word_1_851' title='bbox 3581 5096 3729 5179; x_wconf 76' lang='lat' dir='ltr'><strong>eorum</strong></span> <span class='ocrx_word' id='word_1_852' title='bbox 3770 5072 3853 5179; x_wconf 50' lang='lat' dir='ltr'><strong>{ar-</strong></span> 
     </span>
    </p>
   </div>
   <div class='ocr_carea' id='block_1_114' title="bbox 2311 5163 3852 5256">
    <p class='ocr_par' dir='ltr' id='par_1_114' title="bbox 2311 5163 3852 5256">
     <span class='ocr_line' id='line_1_114' title="bbox 2311 5163 3852 5256; baseline -0.019 0"><span class='ocrx_word' id='word_1_853' title='bbox 2311 5163 2488 5256; x_wconf 58' lang='lat' dir='ltr'><strong>mil—iri:</strong></span> <span class='ocrx_word' id='word_1_854' title='bbox 2505 5199 2705 5254; x_wconf 80' lang='lat' dir='ltr'><strong>diversa</strong></span> <span class='ocrx_word' id='word_1_855' title='bbox 2746 5198 2809 5251; x_wconf 88' lang='lat' dir='ltr'><strong>ab</strong></span> <span class='ocrx_word' id='word_1_856' title='bbox 2848 5192 3132 5249; x_wconf 78' lang='lat' dir='ltr'><strong>Athanasio</strong></span> <span class='ocrx_word' id='word_1_857' title='bbox 3184 5191 3421 5247; x_wconf 76' lang='lat' dir='ltr'><strong>sensisse.</strong></span> <span class='ocrx_word' id='word_1_858' title='bbox 3475 5174 3756 5243; x_wconf 83' lang='lat' dir='ltr'><strong>Conciliatur</strong></span> <span class='ocrx_word' id='word_1_859' title='bbox 3792 5163 3852 5215; x_wconf 67' lang='grc' dir='ltr'><strong>άτ-</strong></span> 
     </span>
    </p>
   </div>
   <div class='ocr_carea' id='block_1_115' title="bbox 2313 5258 3846 5360">
    <p class='ocr_par' dir='ltr' id='par_1_115' title="bbox 2313 5258 3846 5360">
     <span class='ocr_line' id='line_1_115' title="bbox 2313 5258 3846 5360; baseline 0.01 -15"><span class='ocrx_word' id='word_1_860' title='bbox 2313 5308 2457 5348; x_wconf 80' lang='lat' dir='ltr'><strong>versa</strong></span> <span class='ocrx_word' id='word_1_861' title='bbox 2509 5292 2773 5360; x_wconf 77' lang='lat' dir='ltr'><strong>utriusque</strong></span> <span class='ocrx_word' id='word_1_862' title='bbox 2819 5282 3057 5355; x_wconf 70' lang='lat' dir='ltr'><strong>loquthi</strong></span> <span class='ocrx_word' id='word_1_863' title='bbox 3105 5285 3238 5338; x_wconf 73' lang='grc' dir='ltr'><strong>ναιδο</strong></span> <span class='ocrx_word' id='word_1_864' title='bbox 3286 5299 3349 5338; x_wconf 63' lang='grc' dir='ltr'><strong>επ</strong></span> <span class='ocrx_word' id='word_1_865' title='bbox 3416 5280 3555 5351; x_wconf 69' lang='grc' dir='ltr'><strong><em>δευρί</em></strong></span> <span class='ocrx_word' id='word_1_866' title='bbox 3590 5258 3846 5360; x_wconf 32' lang='lat' dir='ltr'><strong>damni”?</strong></span> 
     </span>
    </p>
   </div>
   <div class='ocr_carea' id='block_1_116' title="bbox 2312 5354 3847 5451">
    <p class='ocr_par' dir='ltr' id='par_1_116' title="bbox 2312 5354 3847 5451">
     <span class='ocr_line' id='line_1_116' title="bbox 2312 5354 3847 5451; baseline -0.027 -8"><span class='ocrx_word' id='word_1_867' title='bbox 2312 5414 2387 5426; x_wconf 89' lang='lat'><strong>—-</strong></span> <span class='ocrx_word' id='word_1_868' title='bbox 2411 5380 2545 5439; x_wconf 86' lang='lat' dir='ltr'><strong>ilinc</strong></span> <span class='ocrx_word' id='word_1_869' title='bbox 2585 5354 2799 5451; x_wconf 82' lang='lat' dir='ltr'><strong>quoque</strong></span> <span class='ocrx_word' id='word_1_870' title='bbox 2834 5354 3129 5440; x_wconf 76' lang='lat' dir='ltr'><strong>evanescit,</strong></span> <span class='ocrx_word' id='word_1_871' title='bbox 3176 5373 3320 5446; x_wconf 88' lang='lat' dir='ltr'><strong>quod</strong></span> <span class='ocrx_word' id='word_1_872' title='bbox 3374 5378 3538 5444; x_wconf 84' lang='lat' dir='ltr'><strong>prope</strong></span> <span class='ocrx_word' id='word_1_873' title='bbox 3571 5369 3617 5420; x_wconf 90' lang='lat' dir='ltr'><strong>in</strong></span> <span class='ocrx_word' id='word_1_874' title='bbox 3656 5354 3847 5451; x_wconf 63' lang='lat' dir='ltr'><strong>conmitti</strong></span> 
     </span>
    </p>
   </div>
   <div class='ocr_carea' id='block_1_117' title="bbox 2320 5432 3850 5539">
    <p class='ocr_par' dir='ltr' id='par_1_117' title="bbox 2320 5432 3850 5539">
     <span class='ocr_line' id='line_1_117' title="bbox 2320 5432 3850 5539; baseline -0.027 -10"><span class='ocrx_word' id='word_1_875' title='bbox 2320 5474 2518 5529; x_wconf 87' lang='lat' dir='ltr'><strong>animis</strong></span> <span class='ocrx_word' id='word_1_876' title='bbox 2549 5432 2857 5539; x_wconf 56' lang='lat' dir='ltr'><strong>insederat,</strong></span> <span class='ocrx_word' id='word_1_877' title='bbox 2894 5463 3153 5523; x_wconf 88' lang='lat' dir='ltr'><strong>Ililarium</strong></span> <span class='ocrx_word' id='word_1_878' title='bbox 3195 5432 3249 5521; x_wconf 81' lang='lat' dir='ltr'><strong>in</strong></span> <span class='ocrx_word' id='word_1_879' title='bbox 3294 5432 3397 5521; x_wconf 75' lang='lat' dir='ltr'><strong>hoc</strong></span> <span class='ocrx_word' id='word_1_880' title='bbox 3443 5460 3654 5520; x_wconf 85' lang='lat' dir='ltr'><strong>tractatu</strong></span> <span class='ocrx_word' id='word_1_881' title='bbox 3681 5444 3736 5503; x_wconf 89' lang='lat' dir='ltr'><strong>de</strong></span> <span class='ocrx_word' id='word_1_882' title='bbox 3768 5432 3850 5492; x_wconf 82' lang='lat' dir='ltr'><strong>fur-</strong></span> 
     </span>
    </p>
   </div>
   <div class='ocr_carea' id='block_1_118' title="bbox 2322 5541 3845 5622">
    <p class='ocr_par' dir='ltr' id='par_1_118' title="bbox 2322 5541 3845 5622">
     <span class='ocr_line' id='line_1_118' title="bbox 2322 5541 3845 5622; baseline -0.02 0"><span class='ocrx_word' id='word_1_883' title='bbox 2322 5562 2486 5622; x_wconf 78' lang='lat' dir='ltr'><strong>mulis</strong></span> <span class='ocrx_word' id='word_1_884' title='bbox 2518 5565 2873 5622; x_wconf 88' lang='lat' dir='ltr'><strong>Orientalium</strong></span> <span class='ocrx_word' id='word_1_885' title='bbox 2901 5559 3116 5617; x_wconf 71' lang='lat' dir='ltr'><strong>diVersa</strong></span> <span class='ocrx_word' id='word_1_886' title='bbox 3144 5558 3211 5615; x_wconf 87' lang='lat' dir='ltr'><strong>ab</strong></span> <span class='ocrx_word' id='word_1_887' title='bbox 3245 5548 3541 5613; x_wconf 76' lang='lat' dir='ltr'><strong>Athanasio</strong></span> <span class='ocrx_word' id='word_1_888' title='bbox 3570 5551 3615 5605; x_wconf 90' lang='lat' dir='ltr'><strong>in</strong></span> <span class='ocrx_word' id='word_1_889' title='bbox 3640 5541 3754 5598; x_wconf 86' lang='lat' dir='ltr'><strong>libro</strong></span> <span class='ocrx_word' id='word_1_890' title='bbox 3779 5541 3845 5596; x_wconf 68' lang='grc' dir='ltr'><strong>ιίιο</strong></span> 
     </span>
    </p>
   </div>
   <div class='ocr_carea' id='block_1_119' title="bbox 2336 5626 3848 5729">
    <p class='ocr_par' dir='ltr' id='par_1_119' title="bbox 2336 5626 3848 5729">
     <span class='ocr_line' id='line_1_119' title="bbox 2336 5626 3848 5729; baseline -0.021 -13"><span class='ocrx_word' id='word_1_891' title='bbox 2336 5661 2470 5716; x_wconf 89' lang='lat' dir='ltr'><strong>riter</strong></span> <span class='ocrx_word' id='word_1_892' title='bbox 2496 5657 2558 5713; x_wconf 80' lang='lat' dir='ltr'><strong>de</strong></span> <span class='ocrx_word' id='word_1_893' title='bbox 2577 5655 2802 5729; x_wconf 72' lang='lat' dir='ltr'><strong>Synodis</strong></span> <span class='ocrx_word' id='word_1_894' title='bbox 2824 5655 3085 5725; x_wconf 89' lang='lat' dir='ltr'><strong>inscripto</strong></span> <span class='ocrx_word' id='word_1_895' title='bbox 3106 5648 3363 5718; x_wconf 88' lang='lat' dir='ltr'><strong>sensisse,</strong></span> <span class='ocrx_word' id='word_1_896' title='bbox 3389 5662 3443 5707; x_wconf 90' lang='lat' dir='ltr'><strong>et</strong></span> <span class='ocrx_word' id='word_1_897' title='bbox 3463 5642 3594 5722; x_wconf 88' lang='lat' dir='ltr'><strong>quod</strong></span> <span class='ocrx_word' id='word_1_898' title='bbox 3611 5626 3848 5729; x_wconf 28' lang='grc' dir='ltr'><strong>111ρριιικξι.Β</strong></span> 
     </span>
    </p>
   </div>
   <div class='ocr_carea' id='block_1_120' title="bbox 2336 5724 3846 5816">
    <p class='ocr_par' dir='ltr' id='par_1_120' title="bbox 2336 5724 3846 5816">
     <span class='ocr_line' id='line_1_120' title="bbox 2336 5724 3846 5816; baseline -0.019 -4"><span class='ocrx_word' id='word_1_899' title='bbox 2336 5733 2559 5810; x_wconf 83' lang='lat' dir='ltr'><strong>damnat</strong></span> <span class='ocrx_word' id='word_1_900' title='bbox 2598 5724 2866 5807; x_wconf 74' lang='lat' dir='ltr'><strong>laudasse.</strong></span> <span class='ocrx_word' id='word_1_901' title='bbox 2902 5746 2959 5804; x_wconf 89' lang='lat' dir='ltr'><strong>Si</strong></span> <span class='ocrx_word' id='word_1_902' title='bbox 2991 5724 3135 5804; x_wconf 81' lang='lat' dir='ltr'><strong>enim</strong></span> <span class='ocrx_word' id='word_1_903' title='bbox 3163 5756 3290 5816; x_wconf 84' lang='lat' dir='ltr'><strong>eos,</strong></span> <span class='ocrx_word' id='word_1_904' title='bbox 3322 5742 3412 5816; x_wconf 90' lang='lat' dir='ltr'><strong>qui</strong></span> <span class='ocrx_word' id='word_1_905' title='bbox 3437 5739 3643 5810; x_wconf 70' lang='lat' dir='ltr'><strong>Ancyra:</strong></span> <span class='ocrx_word' id='word_1_906' title='bbox 3671 5724 3846 5787; x_wconf 53' lang='lat' dir='ltr'><strong>congii“</strong></span> 
     </span>
    </p>
   </div>
   <div class='ocr_carea' id='block_1_121' title="bbox 3897 84 3908 779">
    <p class='ocr_par' dir='ltr' id='par_1_121' title="bbox 3902 84 3903 163">
     <span class='ocr_line' id='line_1_121' title="bbox 3902 84 3903 163; baseline 0 -10"><span class='ocrx_word' id='word_1_907' title='bbox 3902 84 3903 163; x_wconf 65' lang='lat'>1</span> 
     </span>
    </p>
   </div>
  </div>
