  <div class='ocr_page' id='page_1' title='image "/cluster/home/n/w/nwhite01/storage/ocr_20150623/10/uva.x000826522/246.png"; bbox 0 0 3936 6196; ppageno 0'>
   <div class='ocr_carea' id='block_1_1' title="bbox 89 323 177 378">
    <p class='ocr_par' dir='ltr' id='par_1_1' title="bbox 89 323 177 378">
     <span class='ocr_line' id='line_1_1' title="bbox 89 323 177 378; baseline -0.011 0"><span class='ocrx_word' id='word_1_1' title='bbox 89 323 177 378; x_wconf 68' lang='grc' dir='ltr'><strong>ιῗῖ</strong></span> 
     </span>
    </p>
   </div>
   <div class='ocr_carea' id='block_1_2' title="bbox 1490 306 1884 369">
    <p class='ocr_par' dir='ltr' id='par_1_2' title="bbox 1490 306 1884 369">
     <span class='ocr_line' id='line_1_2' title="bbox 1490 306 1884 369; baseline -0.015 0"><span class='ocrx_word' id='word_1_2' title='bbox 1490 306 1884 369; x_wconf 62' lang='lat' dir='ltr'><strong>PHEFATlO.</strong></span> 
     </span>
    </p>
   </div>
   <div class='ocr_carea' id='block_1_3' title="bbox 3252 308 3357 363">
    <p class='ocr_par' dir='ltr' id='par_1_3' title="bbox 3252 308 3357 363">
     <span class='ocr_line' id='line_1_3' title="bbox 3252 308 3357 363; baseline 0.019 -2"><span class='ocrx_word' id='word_1_3' title='bbox 3252 308 3357 363; x_wconf 63' lang='lat'><strong>4&#39;8</strong></span> 
     </span>
    </p>
   </div>
   <div class='ocr_carea' id='block_1_4' title="bbox 88 423 3357 511">
    <p class='ocr_par' dir='ltr' id='par_1_4' title="bbox 88 423 3357 511">
     <span class='ocr_line' id='line_1_4' title="bbox 88 423 3357 511; baseline -0.004 -21"><span class='ocrx_word' id='word_1_4' title='bbox 88 437 183 511; x_wconf 66' lang='lat' dir='ltr'><strong>gati</strong></span> <span class='ocrx_word' id='word_1_5' title='bbox 204 434 475 491; x_wconf 66' lang='lat' dir='ltr'><strong>Atto-teis</strong></span> <span class='ocrx_word' id='word_1_6' title='bbox 498 434 698 490; x_wconf 63' lang='lat' dir='ltr'><strong>utiliter</strong></span> <span class='ocrx_word' id='word_1_7' title='bbox 725 433 1060 499; x_wconf 79' lang='lat' dir='ltr'><strong>restiterunt,</strong></span> <span class='ocrx_word' id='word_1_8' title='bbox 1090 428 1319 502; x_wconf 75' lang='lat' dir='ltr'><strong>Filiiqtte</strong></span> <span class='ocrx_word' id='word_1_9' title='bbox 1341 440 1467 486; x_wconf 83' lang='lat' dir='ltr'><strong>cum</strong></span> <span class='ocrx_word' id='word_1_10' title='bbox 1496 427 1659 484; x_wconf 82' lang='lat' dir='ltr'><strong>Patre</strong></span> <span class='ocrx_word' id='word_1_11' title='bbox 1685 430 1739 491; x_wconf 73' lang='grc' dir='ltr'>Α</span> <span class='ocrx_word' id='word_1_12' title='bbox 1764 426 1854 481; x_wconf 78' lang='lat' dir='ltr'><strong>ltus</strong></span> <span class='ocrx_word' id='word_1_13' title='bbox 1882 426 1926 481; x_wconf 87' lang='lat' dir='ltr'><strong><em>si</em></strong></span> <span class='ocrx_word' id='word_1_14' title='bbox 1951 424 2076 494; x_wconf 73' lang='lat' dir='ltr'><strong>quid</strong></span> <span class='ocrx_word' id='word_1_15' title='bbox 2105 426 2283 480; x_wconf 79' lang='lat' dir='ltr'><strong>vitiose</strong></span> <span class='ocrx_word' id='word_1_16' title='bbox 2306 425 2471 480; x_wconf 81' lang='lat' dir='ltr'><strong>inesse</strong></span> <span class='ocrx_word' id='word_1_17' title='bbox 2503 423 2826 498; x_wconf 72' lang='lat' dir='ltr'><strong>intelligitur,</strong></span> <span class='ocrx_word' id='word_1_18' title='bbox 2858 440 3003 478; x_wconf 82' lang='lat' dir='ltr'><strong>nemo</strong></span> <span class='ocrx_word' id='word_1_19' title='bbox 3030 424 3155 479; x_wconf 85' lang='lat' dir='ltr'><strong>mihi</strong></span> <span class='ocrx_word' id='word_1_20' title='bbox 3182 424 3357 478; x_wconf 79' lang='lat' dir='ltr'><strong><em>vitium</em></strong></span> 
     </span>
    </p>
   </div>
   <div class='ocr_carea' id='block_1_5' title="bbox 90 523 1656 588">
    <p class='ocr_par' dir='ltr' id='par_1_5' title="bbox 90 523 1656 588">
     <span class='ocr_line' id='line_1_5' title="bbox 90 523 1656 588; baseline -0.008 -1"><span class='ocrx_word' id='word_1_21' title='bbox 90 533 135 587; x_wconf 87' lang='lat' dir='ltr'><strong>in</strong></span> <span class='ocrx_word' id='word_1_22' title='bbox 160 527 443 584; x_wconf 62' lang='lat' dir='ltr'><strong>«abstantia</strong></span> <span class='ocrx_word' id='word_1_23' title='bbox 474 523 880 583; x_wconf 70' lang='lat' dir='ltr'><strong>similitudinem</strong></span> <span class='ocrx_word' id='word_1_24' title='bbox 929 528 1010 580; x_wconf 75' lang='lat' dir='ltr'><strong>tot</strong></span> <span class='ocrx_word' id='word_1_25' title='bbox 1052 524 1287 580; x_wconf 81' lang='lat' dir='ltr'><strong>decretis</strong></span> <span class='ocrx_word' id='word_1_26' title='bbox 1318 528 1656 588; x_wconf 77' lang='lat' dir='ltr'><strong>sanxerunt,</strong></span> 
     </span>
    </p>
   </div>
   <div class='ocr_carea' id='block_1_6' title="bbox 92 615 1660 693">
    <p class='ocr_par' dir='ltr' id='par_1_6' title="bbox 92 615 1660 693">
     <span class='ocr_line' id='line_1_6' title="bbox 92 615 1660 693; baseline -0.008 -13"><span class='ocrx_word' id='word_1_27' title='bbox 92 636 248 693; x_wconf 73' lang='lat' dir='ltr'><strong>neque</strong></span> <span class='ocrx_word' id='word_1_28' title='bbox 268 634 437 676; x_wconf 71' lang='lat' dir='ltr'><strong>seruis</strong></span> <span class='ocrx_word' id='word_1_29' title='bbox 461 619 621 689; x_wconf 67' lang='grc' dir='ltr'><strong>μω</strong></span> <span class='ocrx_word' id='word_1_30' title='bbox 642 619 873 675; x_wconf 71' lang='lat' dir='ltr'><strong>attulisse</strong></span> <span class='ocrx_word' id='word_1_31' title='bbox 894 617 1107 682; x_wconf 82' lang='lat' dir='ltr'><strong>sensit;</strong></span> <span class='ocrx_word' id='word_1_32' title='bbox 1156 616 1317 688; x_wconf 68' lang='lat' dir='ltr'><strong>longe</strong></span> <span class='ocrx_word' id='word_1_33' title='bbox 1358 615 1538 669; x_wconf 85' lang='lat' dir='ltr'><strong>minus</strong></span> <span class='ocrx_word' id='word_1_34' title='bbox 1561 626 1660 668; x_wconf 82' lang='lat' dir='ltr'><strong>eos</strong></span> 
     </span>
    </p>
   </div>
   <div class='ocr_carea' id='block_1_7' title="bbox 90 707 1656 785">
    <p class='ocr_par' dir='ltr' id='par_1_7' title="bbox 90 707 1656 785">
     <span class='ocr_line' id='line_1_7' title="bbox 90 707 1656 785; baseline -0.006 -13"><span class='ocrx_word' id='word_1_35' title='bbox 90 717 310 773; x_wconf 79' lang='lat' dir='ltr'><strong>sttulisse</strong></span> <span class='ocrx_word' id='word_1_36' title='bbox 334 713 595 782; x_wconf 76' lang='lat' dir='ltr'><strong>senserit,</strong></span> <span class='ocrx_word' id='word_1_37' title='bbox 610 711 703 785; x_wconf 90' lang='lat' dir='ltr'><strong>qui</strong></span> <span class='ocrx_word' id='word_1_38' title='bbox 720 720 816 768; x_wconf 80' lang='lat' dir='ltr'><strong>aut</strong></span> <span class='ocrx_word' id='word_1_39' title='bbox 828 711 1151 778; x_wconf 60' lang='lat' dir='ltr'><strong>Antiochiet,</strong></span> <span class='ocrx_word' id='word_1_40' title='bbox 1167 721 1258 767; x_wconf 79' lang='lat' dir='ltr'><strong>aut</strong></span> <span class='ocrx_word' id='word_1_41' title='bbox 1274 707 1656 780; x_wconf 86' lang='lat' dir='ltr'><strong>Philippopoll,</strong></span> 
     </span>
    </p>
   </div>
   <div class='ocr_carea' id='block_1_8' title="bbox 94 802 1664 877">
    <p class='ocr_par' dir='ltr' id='par_1_8' title="bbox 94 802 1664 877">
     <span class='ocr_line' id='line_1_8' title="bbox 94 802 1664 877; baseline -0.004 -14"><span class='ocrx_word' id='word_1_42' title='bbox 94 821 171 863; x_wconf 83' lang='lat' dir='ltr'><strong>aut</strong></span> <span class='ocrx_word' id='word_1_43' title='bbox 192 807 364 865; x_wconf 87' lang='lat' dir='ltr'><strong>Sirmii</strong></span> <span class='ocrx_word' id='word_1_44' title='bbox 394 806 636 861; x_wconf 90' lang='lat' dir='ltr'><strong>nondum</strong></span> <span class='ocrx_word' id='word_1_45' title='bbox 668 808 738 860; x_wconf 87' lang='lat' dir='ltr'><strong>ita</strong></span> <span class='ocrx_word' id='word_1_46' title='bbox 773 819 937 877; x_wconf 85' lang='lat' dir='ltr'><strong>prope</strong></span> <span class='ocrx_word' id='word_1_47' title='bbox 965 804 1034 861; x_wconf 74' lang='lat' dir='ltr'><strong>sd</strong></span> <span class='ocrx_word' id='word_1_48' title='bbox 1075 818 1261 861; x_wconf 78' lang='lat' dir='ltr'><strong>veram</strong></span> <span class='ocrx_word' id='word_1_49' title='bbox 1293 802 1452 859; x_wconf 85' lang='lat' dir='ltr'><strong>fidem</strong></span> <span class='ocrx_word' id='word_1_50' title='bbox 1480 814 1664 857; x_wconf 82' lang='lat' dir='ltr'><strong>acces-</strong></span> 
     </span>
    </p>
   </div>
   <div class='ocr_carea' id='block_1_9' title="bbox 95 894 1661 969">
    <p class='ocr_par' dir='ltr' id='par_1_9' title="bbox 95 894 1661 969">
     <span class='ocr_line' id='line_1_9' title="bbox 95 894 1661 969; baseline -0.005 -12"><span class='ocrx_word' id='word_1_51' title='bbox 95 907 267 958; x_wconf 78' lang='lat' dir='ltr'><strong>serant.</strong></span> <span class='ocrx_word' id='word_1_52' title='bbox 291 899 350 956; x_wconf 81' lang='lat' dir='ltr'><strong>Si</strong></span> <span class='ocrx_word' id='word_1_53' title='bbox 382 905 570 954; x_wconf 75' lang='lat' dir='ltr'><strong>autem</strong></span> <span class='ocrx_word' id='word_1_54' title='bbox 610 898 734 969; x_wconf 82' lang='lat' dir='ltr'><strong>quis</strong></span> <span class='ocrx_word' id='word_1_55' title='bbox 758 908 1003 969; x_wconf 72' lang='lat' dir='ltr'><strong>quaerat,</strong></span> <span class='ocrx_word' id='word_1_56' title='bbox 1030 912 1133 953; x_wconf 82' lang='lat' dir='ltr'><strong>cur</strong></span> <span class='ocrx_word' id='word_1_57' title='bbox 1162 912 1268 953; x_wconf 82' lang='lat' dir='ltr'><strong>non</strong></span> <span class='ocrx_word' id='word_1_58' title='bbox 1295 894 1513 951; x_wconf 82' lang='lat' dir='ltr'><strong>diversa</strong></span> <span class='ocrx_word' id='word_1_59' title='bbox 1538 908 1661 948; x_wconf 76' lang='lat' dir='ltr'><strong>sen—</strong></span> 
     </span>
    </p>
   </div>
   <div class='ocr_carea' id='block_1_10' title="bbox 96 989 1663 1062">
    <p class='ocr_par' dir='ltr' id='par_1_10' title="bbox 96 989 1663 1062">
     <span class='ocr_line' id='line_1_10' title="bbox 96 989 1663 1062; baseline -0.005 -14"><span class='ocrx_word' id='word_1_60' title='bbox 96 997 231 1057; x_wconf 90' lang='lat' dir='ltr'><strong>tiens,</strong></span> <span class='ocrx_word' id='word_1_61' title='bbox 264 1000 369 1046; x_wconf 86' lang='lat' dir='ltr'><strong>tam</strong></span> <span class='ocrx_word' id='word_1_62' title='bbox 405 991 621 1061; x_wconf 80' lang='lat' dir='ltr'><strong>diversa</strong></span> <span class='ocrx_word' id='word_1_63' title='bbox 650 989 890 1060; x_wconf 80' lang='lat' dir='ltr'><strong>loquitur</strong></span> <span class='ocrx_word' id='word_1_64' title='bbox 915 1008 927 1045; x_wconf 91' lang='lat'>:</span> <span class='ocrx_word' id='word_1_65' title='bbox 969 990 1020 1045; x_wconf 88' lang='lat' dir='ltr'><strong>in</strong></span> <span class='ocrx_word' id='word_1_66' title='bbox 1046 997 1300 1062; x_wconf 89' lang='lat' dir='ltr'><strong>promptu</strong></span> <span class='ocrx_word' id='word_1_67' title='bbox 1324 994 1409 1053; x_wconf 87' lang='lat' dir='ltr'><strong>est</strong></span> <span class='ocrx_word' id='word_1_68' title='bbox 1436 1002 1663 1056; x_wconf 78' lang='lat' dir='ltr'><strong>respon-</strong></span> 
     </span>
    </p>
   </div>
   <div class='ocr_carea' id='block_1_11' title="bbox 96 1080 1659 1157">
    <p class='ocr_par' dir='ltr' id='par_1_11' title="bbox 96 1080 1659 1157">
     <span class='ocr_line' id='line_1_11' title="bbox 96 1080 1659 1157; baseline -0.005 -15"><span class='ocrx_word' id='word_1_69' title='bbox 96 1089 179 1142; x_wconf 86' lang='lat' dir='ltr'><strong>sio.</strong></span> <span class='ocrx_word' id='word_1_70' title='bbox 214 1082 466 1143; x_wconf 74' lang='lat' dir='ltr'><strong>Attendat</strong></span> <span class='ocrx_word' id='word_1_71' title='bbox 489 1082 631 1149; x_wconf 56' lang='lat' dir='ltr'><strong>etim</strong></span> <span class='ocrx_word' id='word_1_72' title='bbox 664 1084 949 1157; x_wconf 72' lang='lat' dir='ltr'><strong>utriusque</strong></span> <span class='ocrx_word' id='word_1_73' title='bbox 974 1096 1233 1153; x_wconf 77' lang='lat' dir='ltr'><strong>scopum:</strong></span> <span class='ocrx_word' id='word_1_74' title='bbox 1260 1088 1320 1138; x_wconf 82' lang='lat' dir='ltr'><strong>et</strong></span> <span class='ocrx_word' id='word_1_75' title='bbox 1346 1080 1501 1139; x_wconf 81' lang='lat' dir='ltr'><strong>facile</strong></span> <span class='ocrx_word' id='word_1_76' title='bbox 1526 1092 1659 1134; x_wconf 88' lang='lat' dir='ltr'><strong>con-</strong></span> 
     </span>
    </p>
   </div>
   <div class='ocr_carea' id='block_1_12' title="bbox 97 1170 1664 1248">
    <p class='ocr_par' dir='ltr' id='par_1_12' title="bbox 97 1170 1664 1248">
     <span class='ocr_line' id='line_1_12' title="bbox 97 1170 1664 1248; baseline -0.005 -14"><span class='ocrx_word' id='word_1_77' title='bbox 97 1178 269 1235; x_wconf 86' lang='lat' dir='ltr'><strong>ciliabit</strong></span> <span class='ocrx_word' id='word_1_78' title='bbox 318 1176 599 1248; x_wconf 79' lang='lat' dir='ltr'><strong>utriusque</strong></span> <span class='ocrx_word' id='word_1_79' title='bbox 668 1190 996 1232; x_wconf 81' lang='lat' dir='ltr'><strong>sermOuem.</strong></span> <span class='ocrx_word' id='word_1_80' title='bbox 1060 1176 1191 1245; x_wconf 85' lang='lat' dir='ltr'><strong>Quis</strong></span> <span class='ocrx_word' id='word_1_81' title='bbox 1254 1173 1397 1231; x_wconf 90' lang='lat' dir='ltr'><strong>enim</strong></span> <span class='ocrx_word' id='word_1_82' title='bbox 1455 1170 1664 1228; x_wconf 88' lang='lat' dir='ltr'><strong>nesciat</strong></span> 
     </span>
    </p>
   </div>
   <div class='ocr_carea' id='block_1_13' title="bbox 97 1267 1660 1341">
    <p class='ocr_par' dir='ltr' id='par_1_13' title="bbox 97 1267 1660 1341">
     <span class='ocr_line' id='line_1_13' title="bbox 97 1267 1660 1341; baseline -0.004 -13"><span class='ocrx_word' id='word_1_83' title='bbox 97 1270 261 1328; x_wconf 79' lang='lat' dir='ltr'><strong>iisdem</strong></span> <span class='ocrx_word' id='word_1_84' title='bbox 283 1269 348 1327; x_wconf 90' lang='lat' dir='ltr'><strong>de</strong></span> <span class='ocrx_word' id='word_1_85' title='bbox 382 1270 585 1339; x_wconf 83' lang='lat' dir='ltr'><strong>rebus,</strong></span> <span class='ocrx_word' id='word_1_86' title='bbox 629 1285 726 1341; x_wconf 87' lang='lat' dir='ltr'><strong>pro</strong></span> <span class='ocrx_word' id='word_1_87' title='bbox 758 1270 971 1327; x_wconf 87' lang='lat' dir='ltr'><strong>consilii</strong></span> <span class='ocrx_word' id='word_1_88' title='bbox 1004 1269 1317 1326; x_wconf 86' lang='lat' dir='ltr'><strong>diversitate</strong></span> <span class='ocrx_word' id='word_1_89' title='bbox 1340 1309 1356 1335; x_wconf 88' lang='lat'><strong>,</strong></span> <span class='ocrx_word' id='word_1_90' title='bbox 1390 1267 1660 1323; x_wconf 86' lang='lat' dir='ltr'><strong>diversam</strong></span> 
     </span>
    </p>
   </div>
   <div class='ocr_carea' id='block_1_14' title="bbox 97 1360 1670 1434">
    <p class='ocr_par' dir='ltr' id='par_1_14' title="bbox 97 1360 1670 1434">
     <span class='ocr_line' id='line_1_14' title="bbox 97 1360 1670 1434; baseline -0.003 -11"><span class='ocrx_word' id='word_1_91' title='bbox 97 1368 333 1423; x_wconf 84' lang='lat' dir='ltr'><strong>sermonis</strong></span> <span class='ocrx_word' id='word_1_92' title='bbox 359 1366 652 1422; x_wconf 88' lang='lat' dir='ltr'><strong>ineundam</strong></span> <span class='ocrx_word' id='word_1_93' title='bbox 675 1379 799 1422; x_wconf 82' lang='lat' dir='ltr'><strong>esse</strong></span> <span class='ocrx_word' id='word_1_94' title='bbox 823 1362 1132 1429; x_wconf 80' lang='lat' dir='ltr'><strong>rationeml</strong></span> <span class='ocrx_word' id='word_1_95' title='bbox 1153 1364 1448 1427; x_wconf 77' lang='lat' dir='ltr'><strong>Athanasio</strong></span> <span class='ocrx_word' id='word_1_96' title='bbox 1475 1360 1670 1434; x_wconf 83' lang='lat' dir='ltr'><strong>itaque</strong></span> 
     </span>
    </p>
   </div>
   <div class='ocr_carea' id='block_1_15' title="bbox 98 1456 1660 1533">
    <p class='ocr_par' dir='ltr' id='par_1_15' title="bbox 98 1456 1660 1533">
     <span class='ocr_line' id='line_1_15' title="bbox 98 1456 1660 1533; baseline -0.003 -19"><span class='ocrx_word' id='word_1_97' title='bbox 98 1458 407 1533; x_wconf 71' lang='lat' dir='ltr'><strong>quibussibi</strong></span> <span class='ocrx_word' id='word_1_98' title='bbox 451 1472 556 1514; x_wconf 91' lang='lat' dir='ltr'><strong>suo</strong></span> <span class='ocrx_word' id='word_1_99' title='bbox 584 1458 723 1515; x_wconf 80' lang='lat' dir='ltr'><strong>libro</strong></span> <span class='ocrx_word' id='word_1_100' title='bbox 754 1457 1164 1527; x_wconf 74' lang='lat' dir='ltr'><strong>przcseripserat</strong></span> <span class='ocrx_word' id='word_1_101' title='bbox 1187 1496 1200 1521; x_wconf 90' lang='lat'><strong>,</strong></span> <span class='ocrx_word' id='word_1_102' title='bbox 1236 1462 1295 1510; x_wconf 90' lang='lat' dir='ltr'><strong>ut</strong></span> <span class='ocrx_word' id='word_1_103' title='bbox 1328 1456 1560 1510; x_wconf 82' lang='lat' dir='ltr'><strong>Arianus</strong></span> <span class='ocrx_word' id='word_1_104' title='bbox 1594 1470 1660 1510; x_wconf 81' lang='lat' dir='ltr'><strong>ex</strong></span> 
     </span>
    </p>
   </div>
   <div class='ocr_carea' id='block_1_16' title="bbox 100 1546 1660 1620">
    <p class='ocr_par' dir='ltr' id='par_1_16' title="bbox 100 1546 1660 1620">
     <span class='ocr_line' id='line_1_16' title="bbox 100 1546 1660 1620; baseline -0.003 -14"><span class='ocrx_word' id='word_1_105' title='bbox 100 1552 203 1607; x_wconf 84' lang='lat' dir='ltr'><strong>ﬁdei</strong></span> <span class='ocrx_word' id='word_1_106' title='bbox 230 1550 466 1607; x_wconf 90' lang='lat' dir='ltr'><strong>formulis</strong></span> <span class='ocrx_word' id='word_1_107' title='bbox 494 1552 658 1606; x_wconf 90' lang='lat' dir='ltr'><strong>toties</strong></span> <span class='ocrx_word' id='word_1_108' title='bbox 685 1549 846 1606; x_wconf 89' lang='lat' dir='ltr'><strong>editis</strong></span> <span class='ocrx_word' id='word_1_109' title='bbox 881 1551 1153 1620; x_wconf 88' lang='lat' dir='ltr'><strong>totiesque</strong></span> <span class='ocrx_word' id='word_1_110' title='bbox 1182 1546 1434 1614; x_wconf 76' lang='lat' dir='ltr'><strong>mutatis,</strong></span> <span class='ocrx_word' id='word_1_111' title='bbox 1470 1547 1660 1601; x_wconf 80' lang='lat' dir='ltr'><strong>incon-</strong></span> 
     </span>
    </p>
   </div>
   <div class='ocr_carea' id='block_1_17' title="bbox 97 1638 1664 1713">
    <p class='ocr_par' dir='ltr' id='par_1_17' title="bbox 97 1638 1664 1713">
     <span class='ocr_line' id='line_1_17' title="bbox 97 1638 1664 1713; baseline -0.004 -15"><span class='ocrx_word' id='word_1_112' title='bbox 97 1643 260 1698; x_wconf 77' lang='lat' dir='ltr'><strong>Stantis</strong></span> <span class='ocrx_word' id='word_1_113' title='bbox 277 1641 518 1713; x_wconf 84' lang='lat' dir='ltr'><strong>adeoque</strong></span> <span class='ocrx_word' id='word_1_114' title='bbox 544 1656 816 1712; x_wconf 68' lang='lat' dir='ltr'><strong>perversa:</strong></span> <span class='ocrx_word' id='word_1_115' title='bbox 842 1639 967 1696; x_wconf 88' lang='lat' dir='ltr'><strong>lidei</strong></span> <span class='ocrx_word' id='word_1_116' title='bbox 990 1639 1373 1711; x_wconf 74' lang='lat' dir='ltr'><strong>convinceret,</strong></span> <span class='ocrx_word' id='word_1_117' title='bbox 1403 1638 1577 1708; x_wconf 86' lang='lat' dir='ltr'><strong>palam</strong></span> <span class='ocrx_word' id='word_1_118' title='bbox 1606 1647 1664 1699; x_wconf 78' lang='lat' dir='ltr'><strong>et</strong></span> 
     </span>
    </p>
   </div>
   <div class='ocr_carea' id='block_1_18' title="bbox 100 1726 1657 1808">
    <p class='ocr_par' dir='ltr' id='par_1_18' title="bbox 100 1726 1657 1808">
     <span class='ocr_line' id='line_1_18' title="bbox 100 1726 1657 1808; baseline -0.003 -17"><span class='ocrx_word' id='word_1_119' title='bbox 100 1746 253 1808; x_wconf 82' lang='lat' dir='ltr'><strong>aperte</strong></span> <span class='ocrx_word' id='word_1_120' title='bbox 279 1737 629 1806; x_wconf 86' lang='lat' dir='ltr'><strong>improbanda</strong></span> <span class='ocrx_word' id='word_1_121' title='bbox 669 1742 789 1791; x_wconf 86' lang='lat' dir='ltr'><strong>erat</strong></span> <span class='ocrx_word' id='word_1_122' title='bbox 826 1742 972 1790; x_wconf 82' lang='lat' dir='ltr'><strong>tanta</strong></span> <span class='ocrx_word' id='word_1_123' title='bbox 1016 1733 1369 1789; x_wconf 77' lang='lat' dir='ltr'><strong>formularum</strong></span> <span class='ocrx_word' id='word_1_124' title='bbox 1404 1726 1657 1787; x_wconf 79' lang='lat' dir='ltr'><strong>varietas.</strong></span> 
     </span>
    </p>
   </div>
   <div class='ocr_carea' id='block_1_19' title="bbox 1763 514 3362 591">
    <p class='ocr_par' dir='ltr' id='par_1_19' title="bbox 1763 514 3362 591">
     <span class='ocr_line' id='line_1_19' title="bbox 1763 514 3362 591; baseline -0.002 -19"><span class='ocrx_word' id='word_1_125' title='bbox 1763 526 1924 589; x_wconf 82' lang='lat' dir='ltr'><strong>potest</strong></span> <span class='ocrx_word' id='word_1_126' title='bbox 1945 518 2210 591; x_wconf 80' lang='lat' dir='ltr'><strong>assignare</strong></span> <span class='ocrx_word' id='word_1_127' title='bbox 2236 519 2508 584; x_wconf 76' lang='lat' dir='ltr'><strong>dictorum,</strong></span> <span class='ocrx_word' id='word_1_128' title='bbox 2541 518 2887 573; x_wconf 72' lang='lat' dir='ltr'><strong>internuntius</strong></span> <span class='ocrx_word' id='word_1_129' title='bbox 2915 516 3072 586; x_wconf 81' lang='lat' dir='ltr'><strong>enim,</strong></span> <span class='ocrx_word' id='word_1_130' title='bbox 3112 524 3163 571; x_wconf 85' lang='lat' dir='ltr'><strong>ut</strong></span> <span class='ocrx_word' id='word_1_131' title='bbox 3195 514 3362 572; x_wconf 78' lang='lat' dir='ltr'><strong>volui-</strong></span> 
     </span>
    </p>
   </div>
   <div class='ocr_carea' id='block_1_20' title="bbox 1756 609 3361 685">
    <p class='ocr_par' dir='ltr' id='par_1_20' title="bbox 1756 609 3361 685">
     <span class='ocr_line' id='line_1_20' title="bbox 1756 609 3361 685; baseline -0.003 -16"><span class='ocrx_word' id='word_1_132' title='bbox 1756 614 1872 680; x_wconf 85' lang='lat' dir='ltr'><strong>stis,</strong></span> <span class='ocrx_word' id='word_1_133' title='bbox 1914 629 2023 668; x_wconf 86' lang='lat' dir='ltr'><strong>sum</strong></span> <span class='ocrx_word' id='word_1_134' title='bbox 2059 615 2190 685; x_wconf 75' lang='lat' dir='ltr'><strong>ipse,</strong></span> <span class='ocrx_word' id='word_1_135' title='bbox 2241 630 2341 669; x_wconf 81' lang='lat' dir='ltr'><strong>non</strong></span> <span class='ocrx_word' id='word_1_136' title='bbox 2370 613 2646 680; x_wconf 78' lang='lat' dir='ltr'><strong>conditor;</strong></span> <span class='ocrx_word' id='word_1_137' title='bbox 2690 613 2735 668; x_wconf 87' lang='lat' dir='ltr'><strong>si</strong></span> <span class='ocrx_word' id='word_1_138' title='bbox 2778 611 2898 667; x_wconf 88' lang='lat' dir='ltr'><strong>illas</strong></span> <span class='ocrx_word' id='word_1_139' title='bbox 2935 611 3004 666; x_wconf 86' lang='lat' dir='ltr'><strong>ab</strong></span> <span class='ocrx_word' id='word_1_140' title='bbox 3042 609 3188 667; x_wconf 87' lang='lat' dir='ltr'><strong>omni</strong></span> <span class='ocrx_word' id='word_1_141' title='bbox 3229 610 3361 665; x_wconf 72' lang='lat' dir='ltr'><strong>vitio</strong></span> 
     </span>
    </p>
   </div>
   <div class='ocr_carea' id='block_1_21' title="bbox 1760 703 3361 779">
    <p class='ocr_par' dir='ltr' id='par_1_21' title="bbox 1760 703 3361 779">
     <span class='ocr_line' id='line_1_21' title="bbox 1760 703 3361 779; baseline -0.002 -17"><span class='ocrx_word' id='word_1_142' title='bbox 1760 722 1924 779; x_wconf 84' lang='lat' dir='ltr'><strong>puras</strong></span> <span class='ocrx_word' id='word_1_143' title='bbox 1952 706 2353 764; x_wconf 78' lang='lat' dir='ltr'><strong>exlstimasset?</strong></span> <span class='ocrx_word' id='word_1_144' title='bbox 2378 707 2515 775; x_wconf 82' lang='lat' dir='ltr'><strong><em>Quid</em></strong></span> <span class='ocrx_word' id='word_1_145' title='bbox 2552 705 2654 763; x_wconf 86' lang='lat' dir='ltr'><strong>sibi</strong></span> <span class='ocrx_word' id='word_1_146' title='bbox 2684 706 2796 761; x_wconf 83' lang='lat' dir='ltr'><strong>vult</strong></span> <span class='ocrx_word' id='word_1_147' title='bbox 2820 704 2963 775; x_wconf 85' lang='lat' dir='ltr'><strong>quod</strong></span> <span class='ocrx_word' id='word_1_148' title='bbox 2992 703 3075 760; x_wconf 89' lang='lat' dir='ltr'><strong>his</strong></span> <span class='ocrx_word' id='word_1_149' title='bbox 3116 704 3361 775; x_wconf 73' lang='lat' dir='ltr'><strong>proxime</strong></span> 
     </span>
    </p>
   </div>
   <div class='ocr_carea' id='block_1_22' title="bbox 1760 798 3354 875">
    <p class='ocr_par' dir='ltr' id='par_1_22' title="bbox 1760 798 3354 875">
     <span class='ocr_line' id='line_1_22' title="bbox 1760 798 3354 875; baseline -0.004 -19"><span class='ocrx_word' id='word_1_150' title='bbox 1760 801 2000 871; x_wconf 75' lang='lat' dir='ltr'><strong>subiicit,</strong></span> <span class='ocrx_word' id='word_1_151' title='bbox 2037 800 2147 875; x_wconf 79' lang='lat' dir='ltr'><strong>Ego</strong></span> <span class='ocrx_word' id='word_1_152' title='bbox 2162 815 2275 870; x_wconf 75' lang='lat' dir='ltr'><strong>qua</strong></span> <span class='ocrx_word' id='word_1_153' title='bbox 2301 810 2442 873; x_wconf 83' lang='lat' dir='ltr'><strong>gesta</strong></span> <span class='ocrx_word' id='word_1_154' title='bbox 2467 809 2582 854; x_wconf 84' lang='lat' dir='ltr'><strong>sunt</strong></span> <span class='ocrx_word' id='word_1_155' title='bbox 2602 798 2821 870; x_wconf 80' lang='lat' dir='ltr'><strong>ﬁdeliter</strong></span> <span class='ocrx_word' id='word_1_156' title='bbox 2846 799 3141 853; x_wconf 82' lang='lat' dir='ltr'><strong>transmisi:</strong></span> <span class='ocrx_word' id='word_1_157' title='bbox 3170 812 3257 853; x_wconf 76' lang='lat' dir='ltr'><strong>vos</strong></span> <span class='ocrx_word' id='word_1_158' title='bbox 3287 810 3354 851; x_wconf 80' lang='lat' dir='ltr'><strong>att</strong></span> 
     </span>
    </p>
   </div>
   <div class='ocr_carea' id='block_1_23' title="bbox 1759 892 3363 968">
    <p class='ocr_par' dir='ltr' id='par_1_23' title="bbox 1759 892 3363 968">
     <span class='ocr_line' id='line_1_23' title="bbox 1759 892 3363 968; baseline -0.006 -17"><span class='ocrx_word' id='word_1_159' title='bbox 1759 896 2036 965; x_wconf 78' lang='lat' dir='ltr'><strong>catholica,</strong></span> <span class='ocrx_word' id='word_1_160' title='bbox 2058 912 2127 951; x_wconf 80' lang='lat' dir='ltr'><strong>att</strong></span> <span class='ocrx_word' id='word_1_161' title='bbox 2149 896 2385 952; x_wconf 66' lang='lat' dir='ltr'><strong>haeretica</strong></span> <span class='ocrx_word' id='word_1_162' title='bbox 2406 898 2527 960; x_wconf 85' lang='lat' dir='ltr'><strong>sint,</strong></span> <span class='ocrx_word' id='word_1_163' title='bbox 2551 895 2671 965; x_wconf 75' lang='lat' dir='ltr'><strong>ﬁdei</strong></span> <span class='ocrx_word' id='word_1_164' title='bbox 2690 904 2869 949; x_wconf 72' lang='lat' dir='ltr'><strong>vestrae</strong></span> <span class='ocrx_word' id='word_1_165' title='bbox 2905 892 3109 968; x_wconf 82' lang='lat' dir='ltr'><strong>judicio</strong></span> <span class='ocrx_word' id='word_1_166' title='bbox 3130 907 3363 964; x_wconf 80' lang='lat' dir='ltr'><strong>compro-</strong></span> 
     </span>
    </p>
   </div>
   <div class='ocr_carea' id='block_1_24' title="bbox 1763 988 3360 1063">
    <p class='ocr_par' dir='ltr' id='par_1_24' title="bbox 1763 988 3360 1063">
     <span class='ocr_line' id='line_1_24' title="bbox 1763 988 3360 1063; baseline -0.006 -10"><span class='ocrx_word' id='word_1_167' title='bbox 1763 994 1913 1060; x_wconf 73' lang='lat' dir='ltr'><strong>bata;</strong></span> <span class='ocrx_word' id='word_1_168' title='bbox 1958 993 2064 1055; x_wconf 83' lang='lat' dir='ltr'><strong>nisi</strong></span> <span class='ocrx_word' id='word_1_169' title='bbox 2104 1009 2163 1048; x_wconf 86' lang='lat' dir='ltr'><strong>se</strong></span> <span class='ocrx_word' id='word_1_170' title='bbox 2204 1008 2265 1059; x_wconf 80' lang='lat' dir='ltr'><strong>ea</strong></span> <span class='ocrx_word' id='word_1_171' title='bbox 2317 1008 2384 1051; x_wconf 88' lang='lat' dir='ltr'><strong>ne</strong></span> <span class='ocrx_word' id='word_1_172' title='bbox 2418 993 2487 1049; x_wconf 83' lang='lat' dir='ltr'><strong>ab</strong></span> <span class='ocrx_word' id='word_1_173' title='bbox 2527 991 2750 1049; x_wconf 69' lang='lat' dir='ltr'><strong>haeresis</strong></span> <span class='ocrx_word' id='word_1_174' title='bbox 2795 990 3011 1063; x_wconf 80' lang='lat' dir='ltr'><strong>quidem</strong></span> <span class='ocrx_word' id='word_1_175' title='bbox 3052 988 3360 1054; x_wconf 68' lang='lat' dir='ltr'><strong>suspicione</strong></span> 
     </span>
    </p>
   </div>
   <div class='ocr_carea' id='block_1_25' title="bbox 1764 1081 3366 1158">
    <p class='ocr_par' dir='ltr' id='par_1_25' title="bbox 1764 1081 3366 1158">
     <span class='ocr_line' id='line_1_25' title="bbox 1764 1081 3366 1158; baseline -0.007 -15"><span class='ocrx_word' id='word_1_176' title='bbox 1764 1088 1936 1145; x_wconf 85' lang='lat' dir='ltr'><strong>aliena</strong></span> <span class='ocrx_word' id='word_1_177' title='bbox 1963 1086 2207 1158; x_wconf 73' lang='lat' dir='ltr'><strong>judicare</strong></span> <span class='ocrx_word' id='word_1_178' title='bbox 2233 1084 2257 1143; x_wconf 64' lang='grc' dir='ltr'>ἲ</span> <span class='ocrx_word' id='word_1_179' title='bbox 2300 1086 2500 1144; x_wconf 80' lang='lat' dir='ltr'><strong>Verum</strong></span> <span class='ocrx_word' id='word_1_180' title='bbox 2531 1084 2793 1155; x_wconf 57' lang='lat' dir='ltr'><strong>expositis</strong></span> <span class='ocrx_word' id='word_1_181' title='bbox 2838 1085 3086 1139; x_wconf 82' lang='lat' dir='ltr'><strong>omnibus</strong></span> <span class='ocrx_word' id='word_1_182' title='bbox 3116 1081 3366 1138; x_wconf 71' lang='lat' dir='ltr'><strong>Orienta-</strong></span> 
     </span>
    </p>
   </div>
   <div class='ocr_carea' id='block_1_26' title="bbox 1762 1176 3366 1248">
    <p class='ocr_par' dir='ltr' id='par_1_26' title="bbox 1762 1176 3366 1248">
     <span class='ocr_line' id='line_1_26' title="bbox 1762 1176 3366 1248; baseline -0.006 -12"><span class='ocrx_word' id='word_1_183' title='bbox 1762 1182 1892 1237; x_wconf 89' lang='lat' dir='ltr'><strong>lium</strong></span> <span class='ocrx_word' id='word_1_184' title='bbox 1922 1180 2190 1248; x_wconf 83' lang='lat' dir='ltr'><strong>formulis,</strong></span> <span class='ocrx_word' id='word_1_185' title='bbox 2220 1180 2422 1235; x_wconf 77' lang='lat' dir='ltr'><strong>nullam</strong></span> <span class='ocrx_word' id='word_1_186' title='bbox 2453 1194 2637 1234; x_wconf 86' lang='lat' dir='ltr'><strong>earum</strong></span> <span class='ocrx_word' id='word_1_187' title='bbox 2677 1176 2780 1233; x_wconf 87' lang='lat' dir='ltr'><strong>sibi</strong></span> <span class='ocrx_word' id='word_1_188' title='bbox 2815 1176 3028 1248; x_wconf 84' lang='lat' dir='ltr'><strong>probari</strong></span> <span class='ocrx_word' id='word_1_189' title='bbox 3068 1176 3366 1230; x_wconf 82' lang='lat' dir='ltr'><strong>luculenter</strong></span> 
     </span>
    </p>
   </div>
   <div class='ocr_carea' id='block_1_27' title="bbox 1765 1267 3368 1343">
    <p class='ocr_par' dir='ltr' id='par_1_27' title="bbox 1765 1267 3368 1343">
     <span class='ocr_line' id='line_1_27' title="bbox 1765 1267 3368 1343; baseline -0.004 -13"><span class='ocrx_word' id='word_1_190' title='bbox 1765 1274 1986 1343; x_wconf 79' lang='lat' dir='ltr'><strong>indicat,</strong></span> <span class='ocrx_word' id='word_1_191' title='bbox 2017 1290 2164 1328; x_wconf 89' lang='lat' dir='ltr'><strong>num.</strong></span> <span class='ocrx_word' id='word_1_192' title='bbox 2190 1273 2282 1343; x_wconf 77' lang='grc'><strong>65,</strong></span> <span class='ocrx_word' id='word_1_193' title='bbox 2307 1273 2391 1328; x_wconf 89' lang='lat' dir='ltr'><strong>ubi</strong></span> <span class='ocrx_word' id='word_1_194' title='bbox 2422 1272 2681 1328; x_wconf 85' lang='lat' dir='ltr'><strong>miserum</strong></span> <span class='ocrx_word' id='word_1_195' title='bbox 2707 1271 2942 1327; x_wconf 83' lang='lat' dir='ltr'><strong>Orientis</strong></span> <span class='ocrx_word' id='word_1_196' title='bbox 2961 1276 3157 1323; x_wconf 86' lang='lat' dir='ltr'><strong>statum</strong></span> <span class='ocrx_word' id='word_1_197' title='bbox 3182 1267 3368 1340; x_wconf 86' lang='lat' dir='ltr'><strong>deplo—</strong></span> 
     </span>
    </p>
   </div>
   <div class='ocr_carea' id='block_1_28' title="bbox 1763 1362 3368 1437">
    <p class='ocr_par' dir='ltr' id='par_1_28' title="bbox 1763 1362 3368 1437">
     <span class='ocr_line' id='line_1_28' title="bbox 1763 1362 3368 1437; baseline -0.004 -14"><span class='ocrx_word' id='word_1_198' title='bbox 1763 1382 1909 1437; x_wconf 86' lang='lat' dir='ltr'><strong>rans,</strong></span> <span class='ocrx_word' id='word_1_199' title='bbox 1945 1364 2188 1428; x_wconf 81' lang='lat' dir='ltr'><strong>Tantum.</strong></span> <span class='ocrx_word' id='word_1_200' title='bbox 2231 1367 2434 1437; x_wconf 88' lang='lat' dir='ltr'><strong>inquit,</strong></span> <span class='ocrx_word' id='word_1_201' title='bbox 2482 1364 2829 1420; x_wconf 83' lang='lat' dir='ltr'><strong>Eccleslarum</strong></span> <span class='ocrx_word' id='word_1_202' title='bbox 2862 1362 3205 1417; x_wconf 81' lang='lat' dir='ltr'><strong>Orientalium</strong></span> <span class='ocrx_word' id='word_1_203' title='bbox 3231 1364 3368 1434; x_wconf 85' lang='lat' dir='ltr'><strong>peri-</strong></span> 
     </span>
    </p>
   </div>
   <div class='ocr_carea' id='block_1_29' title="bbox 1764 1452 3366 1528">
    <p class='ocr_par' dir='ltr' id='par_1_29' title="bbox 1764 1452 3366 1528">
     <span class='ocr_line' id='line_1_29' title="bbox 1764 1452 3366 1528; baseline -0.005 -14"><span class='ocrx_word' id='word_1_204' title='bbox 1764 1460 1937 1514; x_wconf 85' lang='lat' dir='ltr'><strong>culum</strong></span> <span class='ocrx_word' id='word_1_205' title='bbox 1967 1468 2060 1527; x_wconf 89' lang='lat' dir='ltr'><strong>est,</strong></span> <span class='ocrx_word' id='word_1_206' title='bbox 2088 1466 2143 1513; x_wconf 85' lang='lat' dir='ltr'><strong>ut</strong></span> <span class='ocrx_word' id='word_1_207' title='bbox 2172 1474 2345 1511; x_wconf 85' lang='lat' dir='ltr'><strong>rarum</strong></span> <span class='ocrx_word' id='word_1_208' title='bbox 2372 1456 2437 1512; x_wconf 84' lang='lat' dir='ltr'><strong><em>sit</em></strong></span> <span class='ocrx_word' id='word_1_209' title='bbox 2478 1457 2631 1527; x_wconf 83' lang='lat' dir='ltr'><strong>hujus</strong></span> <span class='ocrx_word' id='word_1_210' title='bbox 2658 1452 2778 1526; x_wconf 75' lang='lat' dir='ltr'><strong>ﬁdei</strong></span> <span class='ocrx_word' id='word_1_211' title='bbox 2802 1454 2949 1528; x_wconf 76' lang='lat' dir='ltr'><strong>(qtttB_</strong></span> <span class='ocrx_word' id='word_1_212' title='bbox 2969 1453 3137 1524; x_wconf 81' lang='lat' dir='ltr'><strong>qualis</strong></span> <span class='ocrx_word' id='word_1_213' title='bbox 3162 1454 3249 1520; x_wconf 88' lang='lat' dir='ltr'><strong>sit,</strong></span> <span class='ocrx_word' id='word_1_214' title='bbox 3279 1468 3366 1506; x_wconf 80' lang='lat' dir='ltr'><strong>vos</strong></span> 
     </span>
    </p>
   </div>
   <div class='ocr_carea' id='block_1_30' title="bbox 1757 1546 3367 1625">
    <p class='ocr_par' dir='ltr' id='par_1_30' title="bbox 1757 1546 3367 1625">
     <span class='ocr_line' id='line_1_30' title="bbox 1757 1546 3367 1625; baseline -0.004 -17"><span class='ocrx_word' id='word_1_215' title='bbox 1757 1554 1991 1625; x_wconf 86' lang='lat' dir='ltr'><strong>jttdicate</strong></span> <span class='ocrx_word' id='word_1_216' title='bbox 2016 1552 2036 1622; x_wconf 87' lang='lat'>)</span> <span class='ocrx_word' id='word_1_217' title='bbox 2059 1561 2147 1607; x_wconf 87' lang='lat' dir='ltr'><strong>aut</strong></span> <span class='ocrx_word' id='word_1_218' title='bbox 2173 1553 2465 1608; x_wconf 78' lang='lat' dir='ltr'><strong>sacerdotes</strong></span> <span class='ocrx_word' id='word_1_219' title='bbox 2488 1561 2575 1605; x_wconf 85' lang='lat' dir='ltr'><strong>aut</strong></span> <span class='ocrx_word' id='word_1_220' title='bbox 2598 1551 2846 1621; x_wconf 74' lang='lat' dir='ltr'><strong>pepulttm</strong></span> <span class='ocrx_word' id='word_1_221' title='bbox 2869 1549 3104 1603; x_wconf 84' lang='lat' dir='ltr'><strong>inveniri.</strong></span> <span class='ocrx_word' id='word_1_222' title='bbox 3138 1546 3367 1602; x_wconf 78' lang='lat' dir='ltr'><strong>Maxime</strong></span> 
     </span>
    </p>
   </div>
   <div class='ocr_carea' id='block_1_31' title="bbox 1763 1639 3369 1715">
    <p class='ocr_par' dir='ltr' id='par_1_31' title="bbox 1763 1639 3369 1715">
     <span class='ocr_line' id='line_1_31' title="bbox 1763 1639 3369 1715; baseline -0.004 -12"><span class='ocrx_word' id='word_1_223' title='bbox 1763 1650 1885 1703; x_wconf 79' lang='lat' dir='ltr'><strong>Cum</strong></span> <span class='ocrx_word' id='word_1_224' title='bbox 1915 1644 1967 1700; x_wconf 89' lang='lat' dir='ltr'><strong>id</strong></span> <span class='ocrx_word' id='word_1_225' title='bbox 2000 1646 2173 1715; x_wconf 86' lang='lat' dir='ltr'><strong>ipsum</strong></span> <span class='ocrx_word' id='word_1_226' title='bbox 2204 1642 2404 1712; x_wconf 83' lang='lat' dir='ltr'><strong>denuo,</strong></span> <span class='ocrx_word' id='word_1_227' title='bbox 2428 1658 2574 1697; x_wconf 91' lang='lat' dir='ltr'><strong>num.</strong></span> <span class='ocrx_word' id='word_1_228' title='bbox 2606 1640 2695 1709; x_wconf 88' lang='lat'><strong>66,</strong></span> <span class='ocrx_word' id='word_1_229' title='bbox 2724 1656 2845 1696; x_wconf 92' lang='lat' dir='ltr'><strong>cum</strong></span> <span class='ocrx_word' id='word_1_230' title='bbox 2874 1639 3103 1711; x_wconf 85' lang='lat' dir='ltr'><strong>quadam</strong></span> <span class='ocrx_word' id='word_1_231' title='bbox 3125 1640 3369 1710; x_wconf 85' lang='lat' dir='ltr'><strong>emphasi</strong></span> 
     </span>
    </p>
   </div>
   <div class='ocr_carea' id='block_1_32' title="bbox 1765 1730 3369 1808">
    <p class='ocr_par' dir='ltr' id='par_1_32' title="bbox 1765 1730 3369 1808">
     <span class='ocr_line' id='line_1_32' title="bbox 1765 1730 3369 1808; baseline -0.004 -16"><span class='ocrx_word' id='word_1_232' title='bbox 1765 1745 1991 1808; x_wconf 88' lang='lat' dir='ltr'><strong>repetat.</strong></span> <span class='ocrx_word' id='word_1_233' title='bbox 2017 1734 2153 1803; x_wconf 82' lang='lat' dir='ltr'><strong>Quid</strong></span> <span class='ocrx_word' id='word_1_234' title='bbox 2180 1738 2455 1805; x_wconf 80' lang='lat' dir='ltr'><strong>postremo</strong></span> <span class='ocrx_word' id='word_1_235' title='bbox 2475 1742 2631 1789; x_wconf 88' lang='lat' dir='ltr'><strong>sonat</strong></span> <span class='ocrx_word' id='word_1_236' title='bbox 2661 1732 2793 1787; x_wconf 88' lang='lat' dir='ltr'><strong>illud</strong></span> <span class='ocrx_word' id='word_1_237' title='bbox 2818 1749 2966 1787; x_wconf 89' lang='lat' dir='ltr'><strong>nunt.</strong></span> <span class='ocrx_word' id='word_1_238' title='bbox 2991 1732 3045 1795; x_wconf 81' lang='grc'><strong>5,</strong></span> <span class='ocrx_word' id='word_1_239' title='bbox 3068 1731 3209 1801; x_wconf 89' lang='lat' dir='ltr'><strong>quod</strong></span> <span class='ocrx_word' id='word_1_240' title='bbox 3239 1730 3369 1787; x_wconf 73' lang='lat' dir='ltr'><strong>Gal-</strong></span> 
     </span>
    </p>
   </div>
   <div class='ocr_carea' id='block_1_33' title="bbox 99 1823 3368 1899">
    <p class='ocr_par' dir='ltr' id='par_1_33' title="bbox 99 1823 3368 1899">
     <span class='ocr_line' id='line_1_33' title="bbox 99 1823 3368 1899; baseline -0.002 -15"><span class='ocrx_word' id='word_1_241' title='bbox 99 1831 155 1884; x_wconf 81' lang='lat' dir='ltr'><strong>At</strong></span> <span class='ocrx_word' id='word_1_242' title='bbox 176 1844 291 1885; x_wconf 81' lang='lat' dir='ltr'><strong>vero</strong></span> <span class='ocrx_word' id='word_1_243' title='bbox 317 1828 546 1897; x_wconf 82' lang='lat' dir='ltr'><strong>Hilario,</strong></span> <span class='ocrx_word' id='word_1_244' title='bbox 579 1831 670 1899; x_wconf 91' lang='lat' dir='ltr'><strong>qui</strong></span> <span class='ocrx_word' id='word_1_245' title='bbox 694 1826 799 1883; x_wconf 86' lang='lat' dir='ltr'><strong>hoc</strong></span> <span class='ocrx_word' id='word_1_246' title='bbox 817 1825 918 1882; x_wconf 91' lang='lat' dir='ltr'><strong>sibi</strong></span> <span class='ocrx_word' id='word_1_247' title='bbox 941 1827 1174 1882; x_wconf 84' lang='lat' dir='ltr'><strong>maxime</strong></span> <span class='ocrx_word' id='word_1_248' title='bbox 1200 1830 1579 1897; x_wconf 76' lang='lat' dir='ltr'><strong>proposuerat,</strong></span> <span class='ocrx_word' id='word_1_249' title='bbox 1603 1829 1663 1879; x_wconf 88' lang='lat' dir='ltr'><strong>ut</strong></span> <span class='ocrx_word' id='word_1_250' title='bbox 1693 1823 1737 1883; x_wconf 86' lang='grc' dir='ltr'>Β</span> <span class='ocrx_word' id='word_1_251' title='bbox 1766 1829 1942 1884; x_wconf 87' lang='lat' dir='ltr'><strong>lorum</strong></span> <span class='ocrx_word' id='word_1_252' title='bbox 1973 1824 2095 1884; x_wconf 86' lang='lat' dir='ltr'><strong>ﬁdei</strong></span> <span class='ocrx_word' id='word_1_253' title='bbox 2124 1824 2265 1882; x_wconf 87' lang='lat' dir='ltr'><strong>fama</strong></span> <span class='ocrx_word' id='word_1_254' title='bbox 2294 1826 2541 1897; x_wconf 85' lang='lat' dir='ltr'><strong>quosdam</strong></span> <span class='ocrx_word' id='word_1_255' title='bbox 2582 1824 2921 1880; x_wconf 82' lang='lat' dir='ltr'><strong>Orientalium</strong></span> <span class='ocrx_word' id='word_1_256' title='bbox 2951 1825 3217 1895; x_wconf 81' lang='lat' dir='ltr'><strong>episcopos</strong></span> <span class='ocrx_word' id='word_1_257' title='bbox 3254 1840 3368 1878; x_wconf 87' lang='lat' dir='ltr'><strong>sero</strong></span> 
     </span>
    </p>
   </div>
   <div class='ocr_carea' id='block_1_34' title="bbox 100 1918 1665 1990">
    <p class='ocr_par' dir='ltr' id='par_1_34' title="bbox 100 1918 1665 1990">
     <span class='ocr_line' id='line_1_34' title="bbox 100 1918 1665 1990; baseline -0.003 -12"><span class='ocrx_word' id='word_1_258' title='bbox 100 1930 143 1978; x_wconf 86' lang='lat' dir='ltr'><strong>et</strong></span> <span class='ocrx_word' id='word_1_259' title='bbox 164 1920 501 1978; x_wconf 84' lang='lat' dir='ltr'><strong>Orientalium</strong></span> <span class='ocrx_word' id='word_1_260' title='bbox 526 1919 963 1977; x_wconf 85' lang='lat' dir='ltr'><strong>benevolentiam</strong></span> <span class='ocrx_word' id='word_1_261' title='bbox 994 1918 1285 1990; x_wconf 77' lang='lat' dir='ltr'><strong>captanda,</strong></span> <span class='ocrx_word' id='word_1_262' title='bbox 1312 1926 1366 1974; x_wconf 91' lang='lat' dir='ltr'><strong>et</strong></span> <span class='ocrx_word' id='word_1_263' title='bbox 1393 1918 1447 1972; x_wconf 91' lang='lat' dir='ltr'><strong>in</strong></span> <span class='ocrx_word' id='word_1_264' title='bbox 1474 1932 1665 1973; x_wconf 86' lang='lat' dir='ltr'><strong>eorum</strong></span> 
     </span>
    </p>
   </div>
   <div class='ocr_carea' id='block_1_35' title="bbox 101 2007 1666 2081">
    <p class='ocr_par' dir='ltr' id='par_1_35' title="bbox 101 2007 1666 2081">
     <span class='ocr_line' id='line_1_35' title="bbox 101 2007 1666 2081; baseline -0.001 -16"><span class='ocrx_word' id='word_1_265' title='bbox 101 2011 305 2067; x_wconf 61' lang='lat' dir='ltr'><strong>livorem</strong></span> <span class='ocrx_word' id='word_1_266' title='bbox 340 2009 591 2076; x_wconf 75' lang='lat' dir='ltr'><strong>nonnihil</strong></span> <span class='ocrx_word' id='word_1_267' title='bbox 631 2009 901 2073; x_wconf 85' lang='lat' dir='ltr'><strong>ﬂectendo</strong></span> <span class='ocrx_word' id='word_1_268' title='bbox 939 2007 1315 2067; x_wconf 76' lang='lat' dir='ltr'><strong>Occidentales</strong></span> <span class='ocrx_word' id='word_1_269' title='bbox 1338 2050 1354 2074; x_wconf 96' lang='lat'><strong>,</strong></span> <span class='ocrx_word' id='word_1_270' title='bbox 1409 2018 1666 2081; x_wconf 84' lang='lat' dir='ltr'><strong>utrosque</strong></span> 
     </span>
    </p>
   </div>
   <div class='ocr_carea' id='block_1_36' title="bbox 102 2098 1664 2176">
    <p class='ocr_par' dir='ltr' id='par_1_36' title="bbox 102 2098 1664 2176">
     <span class='ocr_line' id='line_1_36' title="bbox 102 2098 1664 2176; baseline -0.004 -17"><span class='ocrx_word' id='word_1_271' title='bbox 102 2105 152 2160; x_wconf 80' lang='lat' dir='ltr'><strong>ad</strong></span> <span class='ocrx_word' id='word_1_272' title='bbox 179 2100 508 2165; x_wconf 77' lang='lat' dir='ltr'><strong>Concordiam</strong></span> <span class='ocrx_word' id='word_1_273' title='bbox 542 2110 601 2160; x_wconf 87' lang='lat' dir='ltr'><strong>et</strong></span> <span class='ocrx_word' id='word_1_274' title='bbox 630 2118 817 2176; x_wconf 85' lang='lat' dir='ltr'><strong>pacem</strong></span> <span class='ocrx_word' id='word_1_275' title='bbox 848 2102 902 2158; x_wconf 89' lang='lat' dir='ltr'><strong>in</strong></span> <span class='ocrx_word' id='word_1_276' title='bbox 932 2102 1157 2175; x_wconf 80' lang='lat' dir='ltr'><strong>synodis</strong></span> <span class='ocrx_word' id='word_1_277' title='bbox 1189 2101 1299 2174; x_wconf 82' lang='lat' dir='ltr'><strong>jam</strong></span> <span class='ocrx_word' id='word_1_278' title='bbox 1332 2098 1547 2157; x_wconf 85' lang='lat' dir='ltr'><strong>indictis</strong></span> <span class='ocrx_word' id='word_1_279' title='bbox 1580 2098 1664 2154; x_wconf 87' lang='lat' dir='ltr'><strong>in-</strong></span> 
     </span>
    </p>
   </div>
   <div class='ocr_carea' id='block_1_37' title="bbox 101 2192 1664 2275">
    <p class='ocr_par' dir='ltr' id='par_1_37' title="bbox 101 2192 1664 2275">
     <span class='ocr_line' id='line_1_37' title="bbox 101 2192 1664 2275; baseline -0.006 -21"><span class='ocrx_word' id='word_1_280' title='bbox 101 2198 298 2254; x_wconf 86' lang='lat' dir='ltr'><strong>euudam</strong></span> <span class='ocrx_word' id='word_1_281' title='bbox 316 2204 671 2275; x_wconf 66' lang='lat' dir='ltr'><strong>praepararet,</strong></span> <span class='ocrx_word' id='word_1_282' title='bbox 688 2196 855 2252; x_wconf 89' lang='lat' dir='ltr'><strong>multa</strong></span> <span class='ocrx_word' id='word_1_283' title='bbox 886 2194 1103 2251; x_wconf 68' lang='lat' dir='ltr'><strong>fuerunt</strong></span> <span class='ocrx_word' id='word_1_284' title='bbox 1127 2192 1536 2260; x_wconf 88' lang='lat' dir='ltr'><strong>dissimulanda,</strong></span> <span class='ocrx_word' id='word_1_285' title='bbox 1555 2192 1664 2246; x_wconf 81' lang='lat' dir='ltr'><strong>l’or-</strong></span> 
     </span>
    </p>
   </div>
   <div class='ocr_carea' id='block_1_38' title="bbox 103 2283 1664 2367">
    <p class='ocr_par' dir='ltr' id='par_1_38' title="bbox 103 2283 1664 2367">
     <span class='ocr_line' id='line_1_38' title="bbox 103 2283 1664 2367; baseline -0.002 -21"><span class='ocrx_word' id='word_1_286' title='bbox 103 2290 330 2353; x_wconf 86' lang='lat' dir='ltr'><strong>mularum</strong></span> <span class='ocrx_word' id='word_1_287' title='bbox 375 2291 576 2345; x_wconf 88' lang='lat' dir='ltr'><strong>iterato</strong></span> <span class='ocrx_word' id='word_1_288' title='bbox 606 2284 1010 2347; x_wconf 86' lang='lat' dir='ltr'><strong>condcndarum</strong></span> <span class='ocrx_word' id='word_1_289' title='bbox 1048 2283 1418 2367; x_wconf 69' lang='lat' dir='ltr'><strong>excogitanda:</strong></span> <span class='ocrx_word' id='word_1_290' title='bbox 1455 2300 1664 2351; x_wconf 69' lang='lat' dir='ltr'><strong>causm,</strong></span> 
     </span>
    </p>
   </div>
   <div class='ocr_carea' id='block_1_39' title="bbox 102 2380 1667 2469">
    <p class='ocr_par' dir='ltr' id='par_1_39' title="bbox 102 2380 1667 2469">
     <span class='ocr_line' id='line_1_39' title="bbox 102 2380 1667 2469; baseline -0.002 -32"><span class='ocrx_word' id='word_1_291' title='bbox 102 2396 151 2437; x_wconf 80' lang='lat' dir='ltr'><strong>ac</strong></span> <span class='ocrx_word' id='word_1_292' title='bbox 171 2384 384 2469; x_wconf 81' lang='lat' dir='ltr'><strong>denique</strong></span> <span class='ocrx_word' id='word_1_293' title='bbox 408 2383 553 2443; x_wconf 87' lang='lat' dir='ltr'><strong>dicta</strong></span> <span class='ocrx_word' id='word_1_294' title='bbox 576 2382 772 2467; x_wconf 84' lang='lat' dir='ltr'><strong>quibus</strong></span> <span class='ocrx_word' id='word_1_295' title='bbox 791 2380 1216 2441; x_wconf 83' lang='lat' dir='ltr'><strong>enuntiabantur</strong></span> <span class='ocrx_word' id='word_1_296' title='bbox 1239 2381 1468 2463; x_wconf 67' lang='lat' dir='ltr'><strong>benigne</strong></span> <span class='ocrx_word' id='word_1_297' title='bbox 1496 2381 1667 2436; x_wconf 85' lang='lat' dir='ltr'><strong>inter-</strong></span> 
     </span>
    </p>
   </div>
   <div class='ocr_carea' id='block_1_40' title="bbox 101 2474 345 2557">
    <p class='ocr_par' dir='ltr' id='par_1_40' title="bbox 101 2474 345 2557">
     <span class='ocr_line' id='line_1_40' title="bbox 101 2474 345 2557; baseline 0.004 -28"><span class='ocrx_word' id='word_1_298' title='bbox 101 2474 345 2557; x_wconf 81' lang='lat' dir='ltr'><strong>pretanda.</strong></span> 
     </span>
    </p>
   </div>
   <div class='ocr_carea' id='block_1_41' title="bbox 157 2562 1668 2642">
    <p class='ocr_par' dir='ltr' id='par_1_41' title="bbox 157 2562 1668 2642">
     <span class='ocr_line' id='line_1_41' title="bbox 157 2562 1668 2642; baseline -0.001 -20"><span class='ocrx_word' id='word_1_299' title='bbox 157 2564 277 2623; x_wconf 78' lang='lat' dir='ltr'><strong>XIV.</strong></span> <span class='ocrx_word' id='word_1_300' title='bbox 339 2564 666 2631; x_wconf 83' lang='lat' dir='ltr'><strong>Conciliatur</strong></span> <span class='ocrx_word' id='word_1_301' title='bbox 735 2582 799 2622; x_wconf 78' lang='lat' dir='ltr'><strong>ea:</strong></span> <span class='ocrx_word' id='word_1_302' title='bbox 852 2565 1140 2623; x_wconf 82' lang='lat' dir='ltr'><strong>diversitate</strong></span> <span class='ocrx_word' id='word_1_303' title='bbox 1199 2562 1459 2642; x_wconf 80' lang='lat' dir='ltr'><strong>temporis.</strong></span> <span class='ocrx_word' id='word_1_304' title='bbox 1526 2564 1668 2622; x_wconf 85' lang='lat' dir='ltr'><strong><em>Libri</em></strong></span> 
     </span>
    </p>
   </div>
   <div class='ocr_carea' id='block_1_42' title="bbox 103 2658 1669 2732">
    <p class='ocr_par' dir='ltr' id='par_1_42' title="bbox 103 2658 1669 2732">
     <span class='ocr_line' id='line_1_42' title="bbox 103 2658 1669 2732; baseline -0.002 -17"><span class='ocrx_word' id='word_1_305' title='bbox 103 2660 156 2715; x_wconf 76' lang='lat' dir='ltr'><strong>ad</strong></span> <span class='ocrx_word' id='word_1_306' title='bbox 201 2658 550 2727; x_wconf 75' lang='lat' dir='ltr'><strong>Constantium</strong></span> <span class='ocrx_word' id='word_1_307' title='bbox 604 2659 734 2716; x_wconf 82' lang='lat' dir='ltr'><strong>nihil</strong></span> <span class='ocrx_word' id='word_1_308' title='bbox 786 2660 975 2715; x_wconf 87' lang='lat' dir='ltr'><strong>habent</strong></span> <span class='ocrx_word' id='word_1_309' title='bbox 1022 2659 1161 2732; x_wconf 83' lang='lat' dir='ltr'><strong>quod</strong></span> <span class='ocrx_word' id='word_1_310' title='bbox 1228 2675 1341 2713; x_wconf 87' lang='lat' dir='ltr'><strong>cum</strong></span> <span class='ocrx_word' id='word_1_311' title='bbox 1394 2659 1490 2713; x_wconf 88' lang='lat' dir='ltr'><strong>hoc</strong></span> <span class='ocrx_word' id='word_1_312' title='bbox 1539 2677 1669 2730; x_wconf 83' lang='lat' dir='ltr'><strong>pug-</strong></span> 
     </span>
    </p>
   </div>
   <div class='ocr_carea' id='block_1_43' title="bbox 103 2744 1667 2823">
    <p class='ocr_par' dir='ltr' id='par_1_43' title="bbox 103 2744 1667 2823">
     <span class='ocr_line' id='line_1_43' title="bbox 103 2744 1667 2823; baseline 0.001 -17"><span class='ocrx_word' id='word_1_313' title='bbox 103 2761 262 2813; x_wconf 79' lang='lat' dir='ltr'><strong>ntl.-</strong></span> <span class='ocrx_word' id='word_1_314' title='bbox 282 2744 544 2813; x_wconf 63' lang='lat' dir='ltr'><strong>Prmterea</strong></span> <span class='ocrx_word' id='word_1_315' title='bbox 574 2750 641 2813; x_wconf 87' lang='lat' dir='ltr'><strong>iis</strong></span> <span class='ocrx_word' id='word_1_316' title='bbox 670 2762 775 2821; x_wconf 87' lang='lat' dir='ltr'><strong>non</strong></span> <span class='ocrx_word' id='word_1_317' title='bbox 804 2767 912 2808; x_wconf 88' lang='lat' dir='ltr'><strong>una</strong></span> <span class='ocrx_word' id='word_1_318' title='bbox 942 2755 1152 2809; x_wconf 86' lang='lat' dir='ltr'><strong>ratione</strong></span> <span class='ocrx_word' id='word_1_319' title='bbox 1182 2751 1511 2823; x_wconf 91' lang='lat' dir='ltr'><strong>loquendum</strong></span> <span class='ocrx_word' id='word_1_320' title='bbox 1546 2749 1667 2819; x_wconf 86' lang='lat' dir='ltr'><strong>fuit,</strong></span> 
     </span>
    </p>
   </div>
   <div class='ocr_carea' id='block_1_44' title="bbox 104 2844 1670 2927">
    <p class='ocr_par' dir='ltr' id='par_1_44' title="bbox 104 2844 1670 2927">
     <span class='ocr_line' id='line_1_44' title="bbox 104 2844 1670 2927; baseline -0.001 -26"><span class='ocrx_word' id='word_1_321' title='bbox 104 2848 175 2927; x_wconf 80' lang='lat' dir='ltr'><strong>qui</strong></span> <span class='ocrx_word' id='word_1_322' title='bbox 215 2862 313 2910; x_wconf 86' lang='lat' dir='ltr'><strong>non</strong></span> <span class='ocrx_word' id='word_1_323' title='bbox 362 2861 468 2904; x_wconf 91' lang='lat' dir='ltr'><strong>uno</strong></span> <span class='ocrx_word' id='word_1_324' title='bbox 514 2855 763 2920; x_wconf 83' lang='lat' dir='ltr'><strong>tempore</strong></span> <span class='ocrx_word' id='word_1_325' title='bbox 825 2846 1183 2921; x_wconf 86' lang='lat' dir='ltr'><strong>scripserunt.</strong></span> <span class='ocrx_word' id='word_1_326' title='bbox 1234 2844 1466 2919; x_wconf 84' lang='lat' dir='ltr'><strong>Scripsit</strong></span> <span class='ocrx_word' id='word_1_327' title='bbox 1519 2859 1670 2905; x_wconf 89' lang='lat' dir='ltr'><strong>nam-</strong></span> 
     </span>
    </p>
   </div>
   <div class='ocr_carea' id='block_1_45' title="bbox 104 2938 1670 3015">
    <p class='ocr_par' dir='ltr' id='par_1_45' title="bbox 104 2938 1670 3015">
     <span class='ocr_line' id='line_1_45' title="bbox 104 2938 1670 3015; baseline 0.001 -21"><span class='ocrx_word' id='word_1_328' title='bbox 104 2956 183 3015; x_wconf 82' lang='lat' dir='ltr'><strong>que</strong></span> <span class='ocrx_word' id='word_1_329' title='bbox 204 2938 420 2997; x_wconf 83' lang='lat' dir='ltr'><strong>Hilarius</strong></span> <span class='ocrx_word' id='word_1_330' title='bbox 440 2947 572 2997; x_wconf 90' lang='lat' dir='ltr'><strong>ante</strong></span> <span class='ocrx_word' id='word_1_331' title='bbox 598 2940 990 2999; x_wconf 76' lang='lat' dir='ltr'><strong>Ariminensem</strong></span> <span class='ocrx_word' id='word_1_332' title='bbox 1018 2938 1308 3015; x_wconf 81' lang='lat' dir='ltr'><strong>synodum,</strong></span> <span class='ocrx_word' id='word_1_333' title='bbox 1330 2955 1450 2994; x_wconf 91' lang='lat' dir='ltr'><strong>cum</strong></span> <span class='ocrx_word' id='word_1_334' title='bbox 1473 2940 1522 2996; x_wconf 89' lang='lat' dir='ltr'><strong><em>ei</em></strong></span> <span class='ocrx_word' id='word_1_335' title='bbox 1546 2955 1670 3011; x_wconf 88' lang='lat' dir='ltr'><strong>spes</strong></span> 
     </span>
    </p>
   </div>
   <div class='ocr_carea' id='block_1_46' title="bbox 104 3028 1670 3107">
    <p class='ocr_par' dir='ltr' id='par_1_46' title="bbox 104 3028 1670 3107">
     <span class='ocr_line' id='line_1_46' title="bbox 104 3028 1670 3107; baseline 0.001 -19"><span class='ocrx_word' id='word_1_336' title='bbox 104 3044 215 3101; x_wconf 81' lang='lat' dir='ltr'><strong>erat,</strong></span> <span class='ocrx_word' id='word_1_337' title='bbox 229 3042 283 3093; x_wconf 91' lang='lat' dir='ltr'><strong>ut</strong></span> <span class='ocrx_word' id='word_1_338' title='bbox 300 3032 754 3107; x_wconf 89' lang='lat' dir='ltr'><strong>quemadmodum</strong></span> <span class='ocrx_word' id='word_1_339' title='bbox 777 3031 1079 3089; x_wconf 78' lang='lat' dir='ltr'><strong>Orientales</strong></span> <span class='ocrx_word' id='word_1_340' title='bbox 1097 3028 1362 3091; x_wconf 85' lang='lat' dir='ltr'><strong>adversus</strong></span> <span class='ocrx_word' id='word_1_341' title='bbox 1376 3031 1670 3090; x_wconf 77' lang='lat' dir='ltr'><strong>AllOllllPOS</strong></span> 
     </span>
    </p>
   </div>
   <div class='ocr_carea' id='block_1_47' title="bbox 104 3122 1662 3198">
    <p class='ocr_par' dir='ltr' id='par_1_47' title="bbox 104 3122 1662 3198">
     <span class='ocr_line' id='line_1_47' title="bbox 104 3122 1662 3198; baseline 0 -19"><span class='ocrx_word' id='word_1_342' title='bbox 104 3139 127 3179; x_wconf 83' lang='lat' dir='ltr'><strong>a</strong></span> <span class='ocrx_word' id='word_1_343' title='bbox 147 3124 472 3183; x_wconf 83' lang='lat' dir='ltr'><strong>Constantino</strong></span> <span class='ocrx_word' id='word_1_344' title='bbox 497 3124 672 3185; x_wconf 87' lang='lat' dir='ltr'><strong>auditi</strong></span> <span class='ocrx_word' id='word_1_345' title='bbox 697 3132 886 3193; x_wconf 88' lang='lat' dir='ltr'><strong>erant,</strong></span> <span class='ocrx_word' id='word_1_346' title='bbox 912 3126 983 3189; x_wconf 87' lang='lat' dir='ltr'><strong>ita</strong></span> <span class='ocrx_word' id='word_1_347' title='bbox 1013 3126 1161 3198; x_wconf 82' lang='lat' dir='ltr'><strong>ipse,</strong></span> <span class='ocrx_word' id='word_1_348' title='bbox 1207 3122 1350 3197; x_wconf 90' lang='lat' dir='ltr'><strong>quod</strong></span> <span class='ocrx_word' id='word_1_349' title='bbox 1384 3125 1434 3178; x_wconf 86' lang='lat' dir='ltr'><strong>lu</strong></span> <span class='ocrx_word' id='word_1_350' title='bbox 1460 3125 1662 3197; x_wconf 68' lang='lat' dir='ltr'><strong>optitis</strong></span> 
     </span>
    </p>
   </div>
   <div class='ocr_carea' id='block_1_48' title="bbox 1767 1917 3368 1993">
    <p class='ocr_par' dir='ltr' id='par_1_48' title="bbox 1767 1917 3368 1993">
     <span class='ocr_line' id='line_1_48' title="bbox 1767 1917 3368 1993; baseline -0.003 -17"><span class='ocrx_word' id='word_1_351' title='bbox 1767 1926 1875 1993; x_wconf 67' lang='lat' dir='ltr'><strong>iam</strong></span> <span class='ocrx_word' id='word_1_352' title='bbox 1902 1922 1971 1976; x_wconf 85' lang='lat' dir='ltr'><strong>ad</strong></span> <span class='ocrx_word' id='word_1_353' title='bbox 2012 1922 2230 1993; x_wconf 82' lang='lat' dir='ltr'><strong>aliquem</strong></span> <span class='ocrx_word' id='word_1_354' title='bbox 2270 1920 2518 1992; x_wconf 84' lang='lat' dir='ltr'><strong>pudorem</strong></span> <span class='ocrx_word' id='word_1_355' title='bbox 2548 1920 2752 1973; x_wconf 68' lang='lat' dir='ltr'><strong>nutritae</strong></span> <span class='ocrx_word' id='word_1_356' title='bbox 2775 1918 2961 1972; x_wconf 76' lang='lat' dir='ltr'><strong>exinde</strong></span> <span class='ocrx_word' id='word_1_357' title='bbox 2990 1917 3245 1973; x_wconf 75' lang='lat' dir='ltr'><strong>htereseas</strong></span> <span class='ocrx_word' id='word_1_358' title='bbox 3274 1934 3368 1971; x_wconf 88' lang='lat' dir='ltr'><strong>au-</strong></span> 
     </span>
    </p>
   </div>
   <div class='ocr_carea' id='block_1_49' title="bbox 1767 2009 3372 2088">
    <p class='ocr_par' dir='ltr' id='par_1_49' title="bbox 1767 2009 3372 2088">
     <span class='ocr_line' id='line_1_49' title="bbox 1767 2009 3372 2088; baseline -0.004 -17"><span class='ocrx_word' id='word_1_359' title='bbox 1767 2025 1957 2088; x_wconf 76' lang='lat' dir='ltr'><strong>rta&#39;qtte</strong></span> <span class='ocrx_word' id='word_1_360' title='bbox 1996 2014 2301 2080; x_wconf 79' lang='lat' dir='ltr'><strong>commovit;</strong></span> <span class='ocrx_word' id='word_1_361' title='bbox 2343 2013 2442 2073; x_wconf 87' lang='lat' dir='ltr'><strong>nisi</strong></span> <span class='ocrx_word' id='word_1_362' title='bbox 2474 2011 2543 2069; x_wconf 84' lang='lat' dir='ltr'><strong>ab</strong></span> <span class='ocrx_word' id='word_1_363' title='bbox 2581 2009 2769 2067; x_wconf 88' lang='lat' dir='ltr'><strong>iisdem</strong></span> <span class='ocrx_word' id='word_1_364' title='bbox 2806 2009 3174 2068; x_wconf 76' lang='lat' dir='ltr'><strong>Orientalibus</strong></span> <span class='ocrx_word' id='word_1_365' title='bbox 3205 2023 3372 2081; x_wconf 86' lang='lat' dir='ltr'><strong>usque</strong></span> 
     </span>
    </p>
   </div>
   <div class='ocr_carea' id='block_1_50' title="bbox 1767 2100 3372 2180">
    <p class='ocr_par' dir='ltr' id='par_1_50' title="bbox 1767 2100 3372 2180">
     <span class='ocr_line' id='line_1_50' title="bbox 1767 2100 3372 2180; baseline -0.004 -19"><span class='ocrx_word' id='word_1_366' title='bbox 1767 2105 1834 2165; x_wconf 85' lang='lat' dir='ltr'><strong>ad</strong></span> <span class='ocrx_word' id='word_1_367' title='bbox 1859 2106 2204 2180; x_wconf 79' lang='lat' dir='ltr'><strong>Ancyranam</strong></span> <span class='ocrx_word' id='word_1_368' title='bbox 2232 2104 2518 2178; x_wconf 83' lang='lat' dir='ltr'><strong>synodum,</strong></span> <span class='ocrx_word' id='word_1_369' title='bbox 2552 2103 2889 2176; x_wconf 83' lang='lat' dir='ltr'><strong>prointleque</strong></span> <span class='ocrx_word' id='word_1_370' title='bbox 2915 2109 2970 2159; x_wconf 89' lang='lat' dir='ltr'><strong>et</strong></span> <span class='ocrx_word' id='word_1_371' title='bbox 2996 2100 3296 2161; x_wconf 65' lang='lat' dir='ltr'><strong>Antiochiae</strong></span> <span class='ocrx_word' id='word_1_372' title='bbox 3318 2108 3372 2155; x_wconf 91' lang='lat' dir='ltr'><strong>ct</strong></span> 
     </span>
    </p>
   </div>
   <div class='ocr_carea' id='block_1_51' title="bbox 1769 2194 3372 2271">
    <p class='ocr_par' dir='ltr' id='par_1_51' title="bbox 1769 2194 3372 2271">
     <span class='ocr_line' id='line_1_51' title="bbox 1769 2194 3372 2271; baseline -0.004 -15"><span class='ocrx_word' id='word_1_373' title='bbox 1769 2200 2028 2271; x_wconf 86' lang='lat' dir='ltr'><strong>Philippis</strong></span> <span class='ocrx_word' id='word_1_374' title='bbox 2062 2207 2118 2255; x_wconf 87' lang='lat' dir='ltr'><strong>et</strong></span> <span class='ocrx_word' id='word_1_375' title='bbox 2158 2198 2360 2263; x_wconf 88' lang='lat' dir='ltr'><strong>Sirmii,</strong></span> <span class='ocrx_word' id='word_1_376' title='bbox 2405 2198 2665 2255; x_wconf 83' lang='lat' dir='ltr'><strong>nutritam</strong></span> <span class='ocrx_word' id='word_1_377' title='bbox 2711 2196 2875 2253; x_wconf 87' lang='lat' dir='ltr'><strong>luisse</strong></span> <span class='ocrx_word' id='word_1_378' title='bbox 2916 2194 3163 2251; x_wconf 82' lang='lat' dir='ltr'><strong>haeresim</strong></span> <span class='ocrx_word' id='word_1_379' title='bbox 3210 2203 3372 2264; x_wconf 80' lang='lat' dir='ltr'><strong>atque</strong></span> 
     </span>
    </p>
   </div>
   <div class='ocr_carea' id='block_1_52' title="bbox 1767 2289 3369 2372">
    <p class='ocr_par' dir='ltr' id='par_1_52' title="bbox 1767 2289 3369 2372">
     <span class='ocr_line' id='line_1_52' title="bbox 1767 2289 3369 2372; baseline -0.004 -21"><span class='ocrx_word' id='word_1_380' title='bbox 1767 2293 2019 2352; x_wconf 85' lang='lat' dir='ltr'><strong>auctam?</strong></span> <span class='ocrx_word' id='word_1_381' title='bbox 2056 2290 2414 2372; x_wconf 68' lang='grc'><strong>455-456</strong></span> <span class='ocrx_word' id='word_1_382' title='bbox 2452 2291 2563 2349; x_wconf 89' lang='lat' dir='ltr'><strong>lmo</strong></span> <span class='ocrx_word' id='word_1_383' title='bbox 2615 2289 2759 2363; x_wconf 88' lang='lat' dir='ltr'><strong>quod</strong></span> <span class='ocrx_word' id='word_1_384' title='bbox 2807 2289 2861 2344; x_wconf 90' lang='lat' dir='ltr'><strong>in</strong></span> <span class='ocrx_word' id='word_1_385' title='bbox 2919 2290 3031 2360; x_wconf 84' lang='lat' dir='ltr'><strong>ipsa</strong></span> <span class='ocrx_word' id='word_1_386' title='bbox 3082 2291 3369 2360; x_wconf 80' lang='lat' dir='ltr'><strong>Ancyrana</strong></span> 
     </span>
    </p>
   </div>
   <div class='ocr_carea' id='block_1_53' title="bbox 1768 2379 3373 2461">
    <p class='ocr_par' dir='ltr' id='par_1_53' title="bbox 1768 2379 3373 2461">
     <span class='ocr_line' id='line_1_53' title="bbox 1768 2379 3373 2461; baseline -0.004 -18"><span class='ocrx_word' id='word_1_387' title='bbox 1768 2386 1976 2461; x_wconf 82' lang='lat' dir='ltr'><strong>synodo</strong></span> <span class='ocrx_word' id='word_1_388' title='bbox 2027 2387 2144 2447; x_wconf 84' lang='lat' dir='ltr'><strong>ausi</strong></span> <span class='ocrx_word' id='word_1_389' title='bbox 2196 2396 2341 2453; x_wconf 81' lang='lat' dir='ltr'><strong>sunt,</strong></span> <span class='ocrx_word' id='word_1_390' title='bbox 2373 2384 2588 2457; x_wconf 82' lang='lat' dir='ltr'><strong>impium</strong></span> <span class='ocrx_word' id='word_1_391' title='bbox 2623 2397 2745 2441; x_wconf 88' lang='lat' dir='ltr'><strong>esse</strong></span> <span class='ocrx_word' id='word_1_392' title='bbox 2775 2396 2885 2441; x_wconf 88' lang='lat' dir='ltr'><strong>non</strong></span> <span class='ocrx_word' id='word_1_393' title='bbox 2916 2380 3035 2443; x_wconf 87' lang='lat' dir='ltr'><strong>sine</strong></span> <span class='ocrx_word' id='word_1_394' title='bbox 3061 2380 3262 2439; x_wconf 86' lang='lat' dir='ltr'><strong>doloris</strong></span> <span class='ocrx_word' id='word_1_395' title='bbox 3287 2379 3373 2437; x_wconf 91' lang='lat' dir='ltr'><strong>sui</strong></span> 
     </span>
    </p>
   </div>
   <div class='ocr_carea' id='block_1_54' title="bbox 1770 2476 2663 2543">
    <p class='ocr_par' dir='ltr' id='par_1_54' title="bbox 1770 2476 2663 2543">
     <span class='ocr_line' id='line_1_54' title="bbox 1770 2476 2663 2543; baseline -0.007 -6"><span class='ocrx_word' id='word_1_396' title='bbox 1770 2479 2149 2543; x_wconf 77' lang='lat' dir='ltr'><strong>teStilieatione</strong></span> <span class='ocrx_word' id='word_1_397' title='bbox 2170 2478 2408 2537; x_wconf 82' lang='lat' dir='ltr'><strong>declarat</strong></span> <span class='ocrx_word' id='word_1_398' title='bbox 2435 2493 2580 2534; x_wconf 89' lang='lat' dir='ltr'><strong>num.</strong></span> <span class='ocrx_word' id='word_1_399' title='bbox 2609 2476 2663 2535; x_wconf 88' lang='grc'><strong>9.</strong></span> 
     </span>
    </p>
   </div>
   <div class='ocr_carea' id='block_1_55' title="bbox 1841 2566 3369 2645">
    <p class='ocr_par' dir='ltr' id='par_1_55' title="bbox 1841 2566 3369 2645">
     <span class='ocr_line' id='line_1_55' title="bbox 1841 2566 3369 2645; baseline -0.007 -12"><span class='ocrx_word' id='word_1_400' title='bbox 1841 2574 1979 2645; x_wconf 74' lang='lat' dir='ltr'><strong>XVI.</strong></span> <span class='ocrx_word' id='word_1_401' title='bbox 2014 2572 2223 2631; x_wconf 80' lang='lat' dir='ltr'><strong>Falsaut</strong></span> <span class='ocrx_word' id='word_1_402' title='bbox 2252 2571 2504 2644; x_wconf 77' lang='lat' dir='ltr'><strong>synodum</strong></span> <span class='ocrx_word' id='word_1_403' title='bbox 2538 2569 2895 2626; x_wconf 78' lang='lat' dir='ltr'><strong>Sardicensem</strong></span> <span class='ocrx_word' id='word_1_404' title='bbox 2923 2583 3023 2623; x_wconf 87' lang='lat' dir='ltr'><strong>nou</strong></span> <span class='ocrx_word' id='word_1_405' title='bbox 3066 2566 3241 2622; x_wconf 88' lang='lat' dir='ltr'><strong>habuit</strong></span> <span class='ocrx_word' id='word_1_406' title='bbox 3272 2584 3369 2636; x_wconf 82' lang='lat' dir='ltr'><strong>pro</strong></span> 
     </span>
    </p>
   </div>
   <div class='ocr_carea' id='block_1_56' title="bbox 1771 2660 3372 2735">
    <p class='ocr_par' dir='ltr' id='par_1_56' title="bbox 1771 2660 3372 2735">
     <span class='ocr_line' id='line_1_56' title="bbox 1771 2660 3372 2735; baseline -0.006 -10"><span class='ocrx_word' id='word_1_407' title='bbox 1771 2684 1909 2727; x_wconf 83' lang='lat' dir='ltr'><strong>vera.</strong></span> <span class='ocrx_word' id='word_1_408' title='bbox 1930 2666 2145 2735; x_wconf 71' lang='grc' dir='ltr'><strong>-Οιιεε</strong></span> <span class='ocrx_word' id='word_1_409' title='bbox 2167 2681 2286 2721; x_wconf 89' lang='lat' dir='ltr'><strong>cum</strong></span> <span class='ocrx_word' id='word_1_410' title='bbox 2317 2667 2388 2720; x_wconf 89' lang='lat' dir='ltr'><strong>ita</strong></span> <span class='ocrx_word' id='word_1_411' title='bbox 2416 2666 2548 2730; x_wconf 86' lang='lat' dir='ltr'><strong>sint,</strong></span> <span class='ocrx_word' id='word_1_412' title='bbox 2576 2678 2681 2717; x_wconf 90' lang='lat' dir='ltr'><strong>nou</strong></span> <span class='ocrx_word' id='word_1_413' title='bbox 2713 2662 2946 2718; x_wconf 89' lang='lat' dir='ltr'><strong>occurrit</strong></span> <span class='ocrx_word' id='word_1_414' title='bbox 2970 2660 3126 2715; x_wconf 88' lang='lat' dir='ltr'><strong>nobis</strong></span> <span class='ocrx_word' id='word_1_415' title='bbox 3154 2676 3260 2731; x_wconf 88' lang='lat' dir='ltr'><strong>qua</strong></span> <span class='ocrx_word' id='word_1_416' title='bbox 3286 2676 3372 2716; x_wconf 89' lang='lat' dir='ltr'><strong>ra-</strong></span> 
     </span>
    </p>
   </div>
   <div class='ocr_carea' id='block_1_57' title="bbox 1772 2752 3371 2829">
    <p class='ocr_par' dir='ltr' id='par_1_57' title="bbox 1772 2752 3371 2829">
     <span class='ocr_line' id='line_1_57' title="bbox 1772 2752 3371 2829; baseline -0.003 -16"><span class='ocrx_word' id='word_1_417' title='bbox 1772 2761 1919 2816; x_wconf 88' lang='lat' dir='ltr'><strong>tione</strong></span> <span class='ocrx_word' id='word_1_418' title='bbox 1949 2759 2207 2825; x_wconf 86' lang='lat' dir='ltr'><strong>nitantur,</strong></span> <span class='ocrx_word' id='word_1_419' title='bbox 2231 2757 2321 2829; x_wconf 92' lang='lat' dir='ltr'><strong>qui</strong></span> <span class='ocrx_word' id='word_1_420' title='bbox 2348 2755 2534 2812; x_wconf 84' lang='lat' dir='ltr'><strong>volunt</strong></span> <span class='ocrx_word' id='word_1_421' title='bbox 2563 2761 2806 2813; x_wconf 86' lang='lat' dir='ltr'><strong>sanctum</strong></span> <span class='ocrx_word' id='word_1_422' title='bbox 2828 2752 3219 2812; x_wconf 85' lang='lat' dir='ltr'><strong>confessorem.</strong></span> <span class='ocrx_word' id='word_1_423' title='bbox 3247 2766 3371 2809; x_wconf 90' lang='lat' dir='ltr'><strong>cum</strong></span> 
     </span>
    </p>
   </div>
   <div class='ocr_carea' id='block_1_58' title="bbox 1772 2845 3369 2920">
    <p class='ocr_par' dir='ltr' id='par_1_58' title="bbox 1772 2845 3369 2920">
     <span class='ocr_line' id='line_1_58' title="bbox 1772 2845 3369 2920; baseline -0.006 -12"><span class='ocrx_word' id='word_1_424' title='bbox 1772 2852 1913 2909; x_wconf 89' lang='lat' dir='ltr'><strong>hunc</strong></span> <span class='ocrx_word' id='word_1_425' title='bbox 1940 2853 2134 2909; x_wconf 85' lang='lat' dir='ltr'><strong>librum</strong></span> <span class='ocrx_word' id='word_1_426' title='bbox 2160 2852 2445 2917; x_wconf 86' lang='lat' dir='ltr'><strong>scriberet,</strong></span> <span class='ocrx_word' id='word_1_427' title='bbox 2478 2848 2664 2905; x_wconf 85' lang='lat' dir='ltr'><strong>falsam</strong></span> <span class='ocrx_word' id='word_1_428' title='bbox 2695 2846 2959 2920; x_wconf 89' lang='lat' dir='ltr'><strong>synodum</strong></span> <span class='ocrx_word' id='word_1_429' title='bbox 2993 2845 3369 2901; x_wconf 73' lang='lat' dir='ltr'><strong>Sardiccnsem</strong></span> 
     </span>
    </p>
   </div>
   <div class='ocr_carea' id='block_1_59' title="bbox 1775 2940 3370 3021">
    <p class='ocr_par' dir='ltr' id='par_1_59' title="bbox 1775 2940 3370 3021">
     <span class='ocr_line' id='line_1_59' title="bbox 1775 2940 3370 3021; baseline -0.007 -16"><span class='ocrx_word' id='word_1_430' title='bbox 1775 2965 1872 3021; x_wconf 89' lang='lat' dir='ltr'><strong>pro</strong></span> <span class='ocrx_word' id='word_1_431' title='bbox 1899 2963 2024 3017; x_wconf 77' lang='lat' dir='ltr'><strong>vera</strong></span> <span class='ocrx_word' id='word_1_432' title='bbox 2052 2946 2324 3005; x_wconf 82' lang='lat' dir='ltr'><strong>habuisse.</strong></span> <span class='ocrx_word' id='word_1_433' title='bbox 2358 2946 2438 3000; x_wconf 85' lang='lat' dir='ltr'><strong>An</strong></span> <span class='ocrx_word' id='word_1_434' title='bbox 2466 2946 2607 3016; x_wconf 89' lang='lat' dir='ltr'><strong>quod</strong></span> <span class='ocrx_word' id='word_1_435' title='bbox 2631 2942 2791 2998; x_wconf 86' lang='lat' dir='ltr'><strong>ﬁdem</strong></span> <span class='ocrx_word' id='word_1_436' title='bbox 2821 2940 2968 3001; x_wconf 87' lang='lat' dir='ltr'><strong>illius</strong></span> <span class='ocrx_word' id='word_1_437' title='bbox 3007 2955 3113 2996; x_wconf 91' lang='lat' dir='ltr'><strong>non</strong></span> <span class='ocrx_word' id='word_1_438' title='bbox 3137 2953 3370 2994; x_wconf 83' lang='lat' dir='ltr'><strong>vocave-</strong></span> 
     </span>
    </p>
   </div>
   <div class='ocr_carea' id='block_1_60' title="bbox 1770 3032 3370 3111">
    <p class='ocr_par' dir='ltr' id='par_1_60' title="bbox 1770 3032 3370 3111">
     <span class='ocr_line' id='line_1_60' title="bbox 1770 3032 3370 3111; baseline -0.006 -13"><span class='ocrx_word' id='word_1_439' title='bbox 1770 3044 1845 3098; x_wconf 86' lang='lat' dir='ltr'><strong>rit</strong></span> <span class='ocrx_word' id='word_1_440' title='bbox 1886 3036 2481 3111; x_wconf 81' lang='lat' dir='ltr'><strong>Philippopolitauam&#39;l</strong></span> <span class='ocrx_word' id='word_1_441' title='bbox 2524 3036 2596 3094; x_wconf 86' lang='lat' dir='ltr'><strong>At</strong></span> <span class='ocrx_word' id='word_1_442' title='bbox 2639 3036 2741 3090; x_wconf 91' lang='lat' dir='ltr'><strong>hoc</strong></span> <span class='ocrx_word' id='word_1_443' title='bbox 2784 3033 3088 3105; x_wconf 65' lang='lat' dir='ltr'><strong>prudentia:</strong></span> <span class='ocrx_word' id='word_1_444' title='bbox 3131 3032 3250 3098; x_wconf 91' lang='lat' dir='ltr'><strong>fuit,</strong></span> <span class='ocrx_word' id='word_1_445' title='bbox 3303 3047 3370 3088; x_wconf 89' lang='lat' dir='ltr'><strong>ne</strong></span> 
     </span>
    </p>
   </div>
   <div class='ocr_carea' id='block_1_61' title="bbox 1773 3122 3370 3205">
    <p class='ocr_par' dir='ltr' id='par_1_61' title="bbox 1773 3122 3370 3205">
     <span class='ocr_line' id='line_1_61' title="bbox 1773 3122 3370 3205; baseline -0.006 -16"><span class='ocrx_word' id='word_1_446' title='bbox 1773 3150 1908 3205; x_wconf 89' lang='lat' dir='ltr'><strong>quos</strong></span> <span class='ocrx_word' id='word_1_447' title='bbox 1937 3133 2227 3193; x_wconf 88' lang='lat' dir='ltr'><strong>conciliare</strong></span> <span class='ocrx_word' id='word_1_448' title='bbox 2256 3129 2574 3203; x_wconf 87' lang='lat' dir='ltr'><strong>peroptabat</strong></span> <span class='ocrx_word' id='word_1_449' title='bbox 2602 3127 2909 3184; x_wconf 87' lang='lat' dir='ltr'><strong>Orientales</strong></span> <span class='ocrx_word' id='word_1_450' title='bbox 2948 3127 3227 3182; x_wconf 86' lang='lat' dir='ltr'><strong>alienaret.</strong></span> <span class='ocrx_word' id='word_1_451' title='bbox 3261 3122 3370 3179; x_wconf 88' lang='lat' dir='ltr'><strong>Sed</strong></span> 
     </span>
    </p>
   </div>
   <div class='ocr_carea' id='block_1_62' title="bbox 104 3212 1663 3297">
    <p class='ocr_par' dir='ltr' id='par_1_62' title="bbox 104 3212 1663 3297">
     <span class='ocr_line' id='line_1_62' title="bbox 104 3212 1663 3297; baseline 0.001 -26"><span class='ocrx_word' id='word_1_452' title='bbox 104 3231 282 3293; x_wconf 82' lang='lat' dir='ltr'><strong>semper</strong></span> <span class='ocrx_word' id='word_1_453' title='bbox 325 3218 610 3297; x_wconf 78' lang='lat' dir='ltr'><strong>habuerat,</strong></span> <span class='ocrx_word' id='word_1_454' title='bbox 659 3217 923 3277; x_wconf 85' lang='lat' dir='ltr'><strong>adversus</strong></span> <span class='ocrx_word' id='word_1_455' title='bbox 964 3212 1244 3275; x_wconf 82' lang='lat' dir='ltr'><strong>Valentem</strong></span> <span class='ocrx_word' id='word_1_456' title='bbox 1284 3225 1339 3272; x_wconf 89' lang='lat' dir='ltr'><strong>et</strong></span> <span class='ocrx_word' id='word_1_457' title='bbox 1379 3214 1663 3275; x_wconf 88' lang='lat' dir='ltr'><strong>Ursacium</strong></span> 
     </span>
    </p>
   </div>
   <div class='ocr_carea' id='block_1_63' title="bbox 1769 3212 3371 3297">
    <p class='ocr_par' dir='ltr' id='par_1_63' title="bbox 1772 3216 3371 3297">
     <span class='ocr_line' id='line_1_63' title="bbox 1772 3216 3371 3297; baseline -0.007 -15"><span class='ocrx_word' id='word_1_458' title='bbox 1772 3242 1945 3297; x_wconf 82' lang='lat' dir='ltr'><strong>neque</strong></span> <span class='ocrx_word' id='word_1_459' title='bbox 1973 3242 2090 3280; x_wconf 83' lang='lat' dir='ltr'><strong>eam</strong></span> <span class='ocrx_word' id='word_1_460' title='bbox 2120 3224 2497 3285; x_wconf 84' lang='lat' dir='ltr'><strong>Sardicensem</strong></span> <span class='ocrx_word' id='word_1_461' title='bbox 2531 3221 2687 3288; x_wconf 79' lang='lat' dir='ltr'><strong>dixit,</strong></span> <span class='ocrx_word' id='word_1_462' title='bbox 2717 3237 2784 3277; x_wconf 90' lang='lat' dir='ltr'><strong>ne</strong></span> <span class='ocrx_word' id='word_1_463' title='bbox 2811 3220 3087 3289; x_wconf 87' lang='lat' dir='ltr'><strong>deciperet</strong></span> <span class='ocrx_word' id='word_1_464' title='bbox 3107 3216 3371 3274; x_wconf 88' lang='lat' dir='ltr'><strong>Occiden-</strong></span> 
     </span>
    </p>
   </div>
   <div class='ocr_carea' id='block_1_64' title="bbox 104 3304 1662 3385">
    <p class='ocr_par' dir='ltr' id='par_1_64' title="bbox 104 3304 1662 3385">
     <span class='ocr_line' id='line_1_64' title="bbox 104 3304 1662 3385; baseline 0.002 -23"><span class='ocrx_word' id='word_1_465' title='bbox 104 3308 297 3382; x_wconf 78' lang='lat' dir='ltr'><strong>benigue</strong></span> <span class='ocrx_word' id='word_1_466' title='bbox 320 3312 623 3369; x_wconf 84' lang='lat' dir='ltr'><strong>audiretur.</strong></span> <span class='ocrx_word' id='word_1_467' title='bbox 658 3310 770 3366; x_wconf 89' lang='lat' dir='ltr'><strong>Hoc</strong></span> <span class='ocrx_word' id='word_1_468' title='bbox 795 3321 975 3367; x_wconf 90' lang='lat' dir='ltr'><strong>autem</strong></span> <span class='ocrx_word' id='word_1_469' title='bbox 1010 3310 1053 3365; x_wconf 89' lang='lat' dir='ltr'><strong>si</strong></span> <span class='ocrx_word' id='word_1_470' title='bbox 1084 3304 1188 3367; x_wconf 88' lang='lat' dir='ltr'><strong>sibi</strong></span> <span class='ocrx_word' id='word_1_471' title='bbox 1225 3325 1478 3385; x_wconf 84' lang='lat' dir='ltr'><strong>umquam</strong></span> <span class='ocrx_word' id='word_1_472' title='bbox 1501 3306 1662 3365; x_wconf 87' lang='lat' dir='ltr'><strong>dare-</strong></span> 
     </span>
    </p>
   </div>
   <div class='ocr_carea' id='block_1_65' title="bbox 107 3401 1661 3475">
    <p class='ocr_par' dir='ltr' id='par_1_65' title="bbox 107 3401 1661 3475">
     <span class='ocr_line' id='line_1_65' title="bbox 107 3401 1661 3475; baseline 0.002 -19"><span class='ocrx_word' id='word_1_473' title='bbox 107 3410 201 3471; x_wconf 89' lang='lat' dir='ltr'><strong>tur,</strong></span> <span class='ocrx_word' id='word_1_474' title='bbox 238 3405 361 3462; x_wconf 88' lang='lat' dir='ltr'><strong>duos</strong></span> <span class='ocrx_word' id='word_1_475' title='bbox 398 3406 526 3463; x_wconf 88' lang='lat' dir='ltr'><strong>illos</strong></span> <span class='ocrx_word' id='word_1_476' title='bbox 564 3406 778 3461; x_wconf 68' lang='lat' dir='ltr'><strong>Arianae</strong></span> <span class='ocrx_word' id='word_1_477' title='bbox 819 3409 982 3460; x_wconf 73' lang='lat' dir='ltr'><strong>secta:</strong></span> <span class='ocrx_word' id='word_1_478' title='bbox 1025 3401 1223 3471; x_wconf 90' lang='lat' dir='ltr'><strong>duces,</strong></span> <span class='ocrx_word' id='word_1_479' title='bbox 1263 3403 1352 3475; x_wconf 91' lang='lat' dir='ltr'><strong>qui</strong></span> <span class='ocrx_word' id='word_1_480' title='bbox 1389 3402 1661 3460; x_wconf 88' lang='lat' dir='ltr'><strong>Orientem</strong></span> 
     </span>
    </p>
   </div>
   <div class='ocr_carea' id='block_1_66' title="bbox 108 3494 1666 3571">
    <p class='ocr_par' dir='ltr' id='par_1_66' title="bbox 108 3494 1666 3571">
     <span class='ocr_line' id='line_1_66' title="bbox 108 3494 1666 3571; baseline 0.001 -20"><span class='ocrx_word' id='word_1_481' title='bbox 108 3494 520 3571; x_wconf 81' lang='lat' dir='ltr'><strong>Occidentemque</strong></span> <span class='ocrx_word' id='word_1_482' title='bbox 564 3506 734 3557; x_wconf 87' lang='lat' dir='ltr'><strong>totum</strong></span> <span class='ocrx_word' id='word_1_483' title='bbox 780 3496 1234 3565; x_wconf 70' lang='lat' dir='ltr'><strong>commovebant,</strong></span> <span class='ocrx_word' id='word_1_484' title='bbox 1284 3497 1443 3557; x_wconf 86' lang='lat' dir='ltr'><strong>facile</strong></span> <span class='ocrx_word' id='word_1_485' title='bbox 1477 3497 1666 3554; x_wconf 83' lang='lat' dir='ltr'><strong>devin-</strong></span> 
     </span>
    </p>
   </div>
   <div class='ocr_carea' id='block_1_67' title="bbox 106 3588 1662 3661">
    <p class='ocr_par' dir='ltr' id='par_1_67' title="bbox 106 3588 1662 3661">
     <span class='ocr_line' id='line_1_67' title="bbox 106 3588 1662 3661; baseline 0 -18"><span class='ocrx_word' id='word_1_486' title='bbox 106 3589 299 3657; x_wconf 82' lang='lat' dir='ltr'><strong>cendos,</strong></span> <span class='ocrx_word' id='word_1_487' title='bbox 319 3597 375 3647; x_wconf 79' lang='lat' dir='ltr'><strong>et</strong></span> <span class='ocrx_word' id='word_1_488' title='bbox 412 3589 804 3661; x_wconf 76' lang='lat' dir='ltr'><strong>imperatorem</strong></span> <span class='ocrx_word' id='word_1_489' title='bbox 831 3589 1009 3660; x_wconf 82' lang='lat' dir='ltr'><strong>ipsum</strong></span> <span class='ocrx_word' id='word_1_490' title='bbox 1038 3588 1256 3645; x_wconf 82' lang='lat' dir='ltr'><strong>tandem</strong></span> <span class='ocrx_word' id='word_1_491' title='bbox 1291 3588 1360 3643; x_wconf 89' lang='lat' dir='ltr'><strong>ad</strong></span> <span class='ocrx_word' id='word_1_492' title='bbox 1388 3604 1566 3645; x_wconf 79' lang='lat' dir='ltr'><strong>veram</strong></span> <span class='ocrx_word' id='word_1_493' title='bbox 1598 3590 1662 3643; x_wconf 86' lang='lat' dir='ltr'><strong>Ii-</strong></span> 
     </span>
    </p>
   </div>
   <div class='ocr_carea' id='block_1_68' title="bbox 108 3678 1663 3752">
    <p class='ocr_par' dir='ltr' id='par_1_68' title="bbox 108 3678 1663 3752">
     <span class='ocr_line' id='line_1_68' title="bbox 108 3678 1663 3752; baseline 0.001 -19"><span class='ocrx_word' id='word_1_494' title='bbox 108 3680 203 3734; x_wconf 82' lang='lat' dir='ltr'><strong>dem</strong></span> <span class='ocrx_word' id='word_1_495' title='bbox 220 3683 573 3739; x_wconf 77' lang='lat' dir='ltr'><strong>revocandum</strong></span> <span class='ocrx_word' id='word_1_496' title='bbox 602 3691 727 3745; x_wconf 81' lang='lat' dir='ltr'><strong>esse</strong></span> <span class='ocrx_word' id='word_1_497' title='bbox 756 3679 1083 3738; x_wconf 87' lang='lat' dir='ltr'><strong>conﬁdebat.</strong></span> <span class='ocrx_word' id='word_1_498' title='bbox 1118 3678 1271 3748; x_wconf 85' lang='lat' dir='ltr'><strong>Quod</strong></span> <span class='ocrx_word' id='word_1_499' title='bbox 1305 3694 1428 3735; x_wconf 82' lang='lat' dir='ltr'><strong>cum</strong></span> <span class='ocrx_word' id='word_1_500' title='bbox 1458 3681 1663 3752; x_wconf 80' lang='lat' dir='ltr'><strong>cogita-</strong></span> 
     </span>
    </p>
   </div>
   <div class='ocr_carea' id='block_1_69' title="bbox 108 3768 1666 3845">
    <p class='ocr_par' dir='ltr' id='par_1_69' title="bbox 108 3768 1666 3845">
     <span class='ocr_line' id='line_1_69' title="bbox 108 3768 1666 3845; baseline 0.001 -16"><span class='ocrx_word' id='word_1_501' title='bbox 108 3778 191 3843; x_wconf 82' lang='lat' dir='ltr'><strong>ret,</strong></span> <span class='ocrx_word' id='word_1_502' title='bbox 228 3773 348 3835; x_wconf 80' lang='lat' dir='ltr'><strong>fides</strong></span> <span class='ocrx_word' id='word_1_503' title='bbox 397 3772 806 3845; x_wconf 81' lang='lat' dir='ltr'><strong>Orientalium,</strong></span> <span class='ocrx_word' id='word_1_504' title='bbox 862 3770 1058 3844; x_wconf 81' lang='lat' dir='ltr'><strong>quibus</strong></span> <span class='ocrx_word' id='word_1_505' title='bbox 1116 3782 1227 3835; x_wconf 87' lang='lat' dir='ltr'><strong>tum</strong></span> <span class='ocrx_word' id='word_1_506' title='bbox 1276 3771 1410 3833; x_wconf 86' lang='lat' dir='ltr'><strong>mire</strong></span> <span class='ocrx_word' id='word_1_507' title='bbox 1452 3768 1666 3831; x_wconf 83' lang='lat' dir='ltr'><strong>favebat</strong></span> 
     </span>
    </p>
   </div>
   <div class='ocr_carea' id='block_1_70' title="bbox 108 3863 1662 3936">
    <p class='ocr_par' dir='ltr' id='par_1_70' title="bbox 108 3863 1662 3936">
     <span class='ocr_line' id='line_1_70' title="bbox 108 3863 1662 3936; baseline 0.001 -16"><span class='ocrx_word' id='word_1_508' title='bbox 108 3865 442 3935; x_wconf 78' lang='lat' dir='ltr'><strong>Constantius,</strong></span> <span class='ocrx_word' id='word_1_509' title='bbox 483 3865 796 3929; x_wconf 80' lang='lat' dir='ltr'><strong>damnanda</strong></span> <span class='ocrx_word' id='word_1_510' title='bbox 836 3867 886 3923; x_wconf 83' lang='lat' dir='ltr'><strong><em>ei</em></strong></span> <span class='ocrx_word' id='word_1_511' title='bbox 918 3882 1024 3925; x_wconf 89' lang='lat' dir='ltr'><strong>non</strong></span> <span class='ocrx_word' id='word_1_512' title='bbox 1054 3872 1193 3930; x_wconf 85' lang='lat' dir='ltr'><strong>erat,</strong></span> <span class='ocrx_word' id='word_1_513' title='bbox 1224 3863 1318 3921; x_wconf 87' lang='lat' dir='ltr'><strong>sed</strong></span> <span class='ocrx_word' id='word_1_514' title='bbox 1339 3905 1356 3934; x_wconf 93' lang='lat'><strong>,</strong></span> <span class='ocrx_word' id='word_1_515' title='bbox 1405 3872 1662 3936; x_wconf 87' lang='lat' dir='ltr'><strong>quantum</strong></span> 
     </span>
    </p>
   </div>
   <div class='ocr_carea' id='block_1_71' title="bbox 109 3956 1665 4031">
    <p class='ocr_par' dir='ltr' id='par_1_71' title="bbox 109 3956 1665 4031">
     <span class='ocr_line' id='line_1_71' title="bbox 109 3956 1665 4031; baseline 0.001 -20"><span class='ocrx_word' id='word_1_516' title='bbox 109 3956 286 4027; x_wconf 74' lang='lat' dir='ltr'><strong>licebat,</strong></span> <span class='ocrx_word' id='word_1_517' title='bbox 313 3960 578 4017; x_wconf 74' lang='lat' dir='ltr'><strong>laudanda</strong></span> <span class='ocrx_word' id='word_1_518' title='bbox 600 3967 657 4016; x_wconf 86' lang='lat' dir='ltr'><strong>et</strong></span> <span class='ocrx_word' id='word_1_519' title='bbox 677 3958 1041 4031; x_wconf 74' lang='lat' dir='ltr'><strong>approbando.</strong></span> <span class='ocrx_word' id='word_1_520' title='bbox 1079 3959 1148 4013; x_wconf 73' lang='lat' dir='ltr'><strong>At</strong></span> <span class='ocrx_word' id='word_1_521' title='bbox 1169 3970 1300 4014; x_wconf 78' lang='lat' dir='ltr'><strong>vero</strong></span> <span class='ocrx_word' id='word_1_522' title='bbox 1329 3956 1665 4015; x_wconf 84' lang='lat' dir='ltr'><strong>Athanasius</strong></span> 
     </span>
    </p>
   </div>
   <div class='ocr_carea' id='block_1_72' title="bbox 110 4052 1666 4127">
    <p class='ocr_par' dir='ltr' id='par_1_72' title="bbox 110 4052 1666 4127">
     <span class='ocr_line' id='line_1_72' title="bbox 110 4052 1666 4127; baseline 0.001 -22"><span class='ocrx_word' id='word_1_523' title='bbox 110 4053 284 4122; x_wconf 81' lang='lat' dir='ltr'><strong>scripsit</strong></span> <span class='ocrx_word' id='word_1_524' title='bbox 305 4064 420 4127; x_wconf 83' lang='lat' dir='ltr'><strong>post</strong></span> <span class='ocrx_word' id='word_1_525' title='bbox 446 4053 762 4126; x_wconf 68' lang='lat' dir='ltr'><strong>praedictam</strong></span> <span class='ocrx_word' id='word_1_526' title='bbox 791 4052 1079 4126; x_wconf 81' lang='lat' dir='ltr'><strong>synodum,</strong></span> <span class='ocrx_word' id='word_1_527' title='bbox 1103 4053 1318 4123; x_wconf 87' lang='lat' dir='ltr'><strong>quando</strong></span> <span class='ocrx_word' id='word_1_528' title='bbox 1335 4052 1445 4123; x_wconf 78' lang='lat' dir='ltr'><strong>jam</strong></span> <span class='ocrx_word' id='word_1_529' title='bbox 1478 4066 1666 4122; x_wconf 86' lang='lat' dir='ltr'><strong>posce-</strong></span> 
     </span>
    </p>
   </div>
   <div class='ocr_carea' id='block_1_73' title="bbox 111 4142 1664 4219">
    <p class='ocr_par' dir='ltr' id='par_1_73' title="bbox 111 4142 1664 4219">
     <span class='ocr_line' id='line_1_73' title="bbox 111 4142 1664 4219; baseline 0.001 -24"><span class='ocrx_word' id='word_1_530' title='bbox 111 4142 181 4199; x_wconf 74' lang='lat' dir='ltr'><strong>ltat</strong></span> <span class='ocrx_word' id='word_1_531' title='bbox 215 4142 455 4217; x_wconf 67' lang='lat' dir='ltr'><strong>Ecclesia</strong></span> <span class='ocrx_word' id='word_1_532' title='bbox 479 4144 718 4217; x_wconf 85' lang='lat' dir='ltr'><strong>utilitas,</strong></span> <span class='ocrx_word' id='word_1_533' title='bbox 755 4152 813 4204; x_wconf 90' lang='lat' dir='ltr'><strong>ut</strong></span> <span class='ocrx_word' id='word_1_534' title='bbox 846 4142 989 4219; x_wconf 87' lang='lat' dir='ltr'><strong>quod</strong></span> <span class='ocrx_word' id='word_1_535' title='bbox 1020 4148 1074 4203; x_wconf 90' lang='lat' dir='ltr'><strong>in</strong></span> <span class='ocrx_word' id='word_1_536' title='bbox 1104 4153 1183 4201; x_wconf 90' lang='lat' dir='ltr'><strong>tot</strong></span> <span class='ocrx_word' id='word_1_537' title='bbox 1217 4144 1339 4201; x_wconf 89' lang='lat' dir='ltr'><strong>ﬁdei</strong></span> <span class='ocrx_word' id='word_1_538' title='bbox 1370 4144 1664 4209; x_wconf 84' lang='lat' dir='ltr'><strong>confessio-</strong></span> 
     </span>
    </p>
   </div>
   <div class='ocr_carea' id='block_1_74' title="bbox 112 4235 1666 4308">
    <p class='ocr_par' dir='ltr' id='par_1_74' title="bbox 112 4235 1666 4308">
     <span class='ocr_line' id='line_1_74' title="bbox 112 4235 1666 4308; baseline 0 -13"><span class='ocrx_word' id='word_1_539' title='bbox 112 4235 236 4295; x_wconf 74' lang='lat' dir='ltr'><strong>nibus</strong></span> <span class='ocrx_word' id='word_1_540' title='bbox 253 4239 496 4299; x_wconf 77' lang='lat' dir='ltr'><strong>vitiosum</strong></span> <span class='ocrx_word' id='word_1_541' title='bbox 527 4248 680 4305; x_wconf 80' lang='lat' dir='ltr'><strong>erat,</strong></span> <span class='ocrx_word' id='word_1_542' title='bbox 724 4253 832 4297; x_wconf 81' lang='lat' dir='ltr'><strong>non</strong></span> <span class='ocrx_word' id='word_1_543' title='bbox 869 4237 1335 4303; x_wconf 82' lang='lat' dir='ltr'><strong>dissimularetur,</strong></span> <span class='ocrx_word' id='word_1_544' title='bbox 1364 4245 1421 4294; x_wconf 88' lang='lat' dir='ltr'><strong>et</strong></span> <span class='ocrx_word' id='word_1_545' title='bbox 1447 4235 1666 4308; x_wconf 82' lang='lat' dir='ltr'><strong>quando</strong></span> 
     </span>
    </p>
   </div>
   <div class='ocr_carea' id='block_1_75' title="bbox 112 4327 1661 4409">
    <p class='ocr_par' dir='ltr' id='par_1_75' title="bbox 112 4327 1661 4409">
     <span class='ocr_line' id='line_1_75' title="bbox 112 4327 1661 4409; baseline -0.003 -21"><span class='ocrx_word' id='word_1_546' title='bbox 112 4327 199 4399; x_wconf 77' lang='lat' dir='ltr'><strong>ipso</strong></span> <span class='ocrx_word' id='word_1_547' title='bbox 230 4334 380 4390; x_wconf 70' lang='lat' dir='ltr'><strong>etiam</strong></span> <span class='ocrx_word' id='word_1_548' title='bbox 418 4334 656 4391; x_wconf 79' lang='lat' dir='ltr'><strong>Hilarius</strong></span> <span class='ocrx_word' id='word_1_549' title='bbox 699 4344 801 4390; x_wconf 83' lang='lat' dir='ltr'><strong>nec</strong></span> <span class='ocrx_word' id='word_1_550' title='bbox 833 4332 1228 4398; x_wconf 82' lang='lat' dir='ltr'><strong>dissimulavit,</strong></span> <span class='ocrx_word' id='word_1_551' title='bbox 1261 4344 1359 4385; x_wconf 86' lang='lat' dir='ltr'><strong>nec</strong></span> <span class='ocrx_word' id='word_1_552' title='bbox 1401 4329 1661 4409; x_wconf 82' lang='lat' dir='ltr'><strong>pepercit.</strong></span> 
     </span>
    </p>
   </div>
   <div class='ocr_carea' id='block_1_76' title="bbox 110 4414 1665 4499">
    <p class='ocr_par' dir='ltr' id='par_1_76' title="bbox 110 4414 1665 4499">
     <span class='ocr_line' id='line_1_76' title="bbox 110 4414 1665 4499; baseline 0.003 -24"><span class='ocrx_word' id='word_1_553' title='bbox 110 4414 215 4478; x_wconf 74' lang='lat' dir='ltr'><strong>Tum</strong></span> <span class='ocrx_word' id='word_1_554' title='bbox 241 4426 372 4491; x_wconf 86' lang='lat' dir='ltr'><strong>enim</strong></span> <span class='ocrx_word' id='word_1_555' title='bbox 401 4424 586 4495; x_wconf 77' lang='lat' dir='ltr'><strong>libello</strong></span> <span class='ocrx_word' id='word_1_556' title='bbox 624 4425 691 4481; x_wconf 85' lang='lat' dir='ltr'><strong>ad</strong></span> <span class='ocrx_word' id='word_1_557' title='bbox 729 4422 1104 4481; x_wconf 87' lang='lat' dir='ltr'><strong>Constantium</strong></span> <span class='ocrx_word' id='word_1_558' title='bbox 1126 4465 1143 4499; x_wconf 82' lang='lat'><strong>,</strong></span> <span class='ocrx_word' id='word_1_559' title='bbox 1176 4436 1498 4495; x_wconf 83' lang='lat' dir='ltr'><strong>rursumque</strong></span> <span class='ocrx_word' id='word_1_560' title='bbox 1526 4421 1665 4480; x_wconf 85' lang='lat' dir='ltr'><strong>libro</strong></span> 
     </span>
    </p>
   </div>
   <div class='ocr_carea' id='block_1_77' title="bbox 109 4514 1662 4589">
    <p class='ocr_par' dir='ltr' id='par_1_77' title="bbox 109 4514 1662 4589">
     <span class='ocr_line' id='line_1_77' title="bbox 109 4514 1662 4589; baseline 0.001 -18"><span class='ocrx_word' id='word_1_561' title='bbox 109 4514 247 4574; x_wconf 75' lang='lat' dir='ltr'><strong>altera</strong></span> <span class='ocrx_word' id='word_1_562' title='bbox 271 4519 526 4581; x_wconf 76' lang='lat' dir='ltr'><strong>adversus</strong></span> <span class='ocrx_word' id='word_1_563' title='bbox 552 4518 805 4580; x_wconf 81' lang='lat' dir='ltr'><strong>eumdem</strong></span> <span class='ocrx_word' id='word_1_564' title='bbox 845 4517 1238 4589; x_wconf 71' lang='lat' dir='ltr'><strong>Imperatorem</strong></span> <span class='ocrx_word' id='word_1_565' title='bbox 1259 4558 1274 4583; x_wconf 94' lang='lat'><strong>,</strong></span> <span class='ocrx_word' id='word_1_566' title='bbox 1307 4516 1662 4573; x_wconf 85' lang='lat' dir='ltr'><strong>formularum</strong></span> 
     </span>
    </p>
   </div>
   <div class='ocr_carea' id='block_1_78' title="bbox 1767 3310 3370 3386">
    <p class='ocr_par' dir='ltr' id='par_1_78' title="bbox 1767 3310 3370 3386">
     <span class='ocr_line' id='line_1_78' title="bbox 1767 3310 3370 3386; baseline -0.006 -11"><span class='ocrx_word' id='word_1_567' title='bbox 1767 3321 1924 3375; x_wconf 85' lang='lat' dir='ltr'><strong>tales.</strong></span> <span class='ocrx_word' id='word_1_568' title='bbox 1952 3319 2028 3375; x_wconf 83' lang='lat' dir='ltr'><strong>Eo</strong></span> <span class='ocrx_word' id='word_1_569' title='bbox 2047 3326 2224 3373; x_wconf 88' lang='lat' dir='ltr'><strong>autem</strong></span> <span class='ocrx_word' id='word_1_570' title='bbox 2252 3316 2683 3386; x_wconf 75' lang='lat' dir='ltr'><strong>temperamento</strong></span> <span class='ocrx_word' id='word_1_571' title='bbox 2703 3314 2849 3368; x_wconf 85' lang='lat' dir='ltr'><strong>illam</strong></span> <span class='ocrx_word' id='word_1_572' title='bbox 2874 3313 3184 3383; x_wconf 87' lang='lat' dir='ltr'><strong>inscripsit:</strong></span> <span class='ocrx_word' id='word_1_573' title='bbox 3214 3310 3370 3366; x_wconf 79' lang='lat' dir='ltr'><strong>Fides</strong></span> 
     </span>
    </p>
   </div>
   <div class='ocr_carea' id='block_1_79' title="bbox 1766 3405 3365 3479">
    <p class='ocr_par' dir='ltr' id='par_1_79' title="bbox 1766 3405 3365 3479">
     <span class='ocr_line' id='line_1_79' title="bbox 1766 3405 3365 3479; baseline -0.005 -12"><span class='ocrx_word' id='word_1_574' title='bbox 1766 3412 2045 3467; x_wconf 82' lang='lat' dir='ltr'><strong>secundum</strong></span> <span class='ocrx_word' id='word_1_575' title='bbox 2078 3411 2301 3466; x_wconf 81' lang='lat' dir='ltr'><strong>Orientis</strong></span> <span class='ocrx_word' id='word_1_576' title='bbox 2338 3409 2632 3479; x_wconf 83' lang='lat' dir='ltr'><strong>synodum;</strong></span> <span class='ocrx_word' id='word_1_577' title='bbox 2665 3416 2722 3461; x_wconf 90' lang='lat' dir='ltr'><strong>ut</strong></span> <span class='ocrx_word' id='word_1_578' title='bbox 2754 3407 2936 3462; x_wconf 65' lang='lat' dir='ltr'><strong>illa-sis</strong></span> <span class='ocrx_word' id='word_1_579' title='bbox 2964 3405 3329 3461; x_wconf 85' lang='lat' dir='ltr'><strong>Otientalibus</strong></span> <span class='ocrx_word' id='word_1_580' title='bbox 3349 3447 3365 3472; x_wconf 92' lang='lat'><strong>,</strong></span> 
     </span>
    </p>
   </div>
   <div class='ocr_carea' id='block_1_80' title="bbox 1766 3498 3367 3577">
    <p class='ocr_par' dir='ltr' id='par_1_80' title="bbox 1766 3498 3367 3577">
     <span class='ocr_line' id='line_1_80' title="bbox 1766 3498 3367 3577; baseline -0.007 -16"><span class='ocrx_word' id='word_1_581' title='bbox 1766 3507 1901 3561; x_wconf 85' lang='lat' dir='ltr'><strong>satis</strong></span> <span class='ocrx_word' id='word_1_582' title='bbox 1924 3506 2254 3577; x_wconf 76' lang='lat' dir='ltr'><strong>signiﬁcaret</strong></span> <span class='ocrx_word' id='word_1_583' title='bbox 2283 3503 2430 3559; x_wconf 79' lang='lat' dir='ltr'><strong>illam</strong></span> <span class='ocrx_word' id='word_1_584' title='bbox 2454 3517 2642 3558; x_wconf 85' lang='lat' dir='ltr'><strong>eorum</strong></span> <span class='ocrx_word' id='word_1_585' title='bbox 2664 3516 2808 3569; x_wconf 84' lang='lat' dir='ltr'><strong>esse,</strong></span> <span class='ocrx_word' id='word_1_586' title='bbox 2834 3500 2922 3571; x_wconf 90' lang='lat' dir='ltr'><strong>qui</strong></span> <span class='ocrx_word' id='word_1_587' title='bbox 2950 3500 3018 3556; x_wconf 87' lang='lat' dir='ltr'><strong>ab</strong></span> <span class='ocrx_word' id='word_1_588' title='bbox 3044 3498 3304 3556; x_wconf 88' lang='lat' dir='ltr'><strong>Occident</strong></span> <span class='ocrx_word' id='word_1_589' title='bbox 3321 3518 3367 3550; x_wconf 84' lang='grc' dir='ltr'><strong>ι-</strong></span> 
     </span>
    </p>
   </div>
   <div class='ocr_carea' id='block_1_81' title="bbox 1770 3591 3408 3668">
    <p class='ocr_par' dir='ltr' id='par_1_81' title="bbox 1770 3591 3408 3668">
     <span class='ocr_line' id='line_1_81' title="bbox 1770 3591 3408 3668; baseline -0.003 -16"><span class='ocrx_word' id='word_1_590' title='bbox 1770 3597 1909 3653; x_wconf 87' lang='lat' dir='ltr'><strong>libus</strong></span> <span class='ocrx_word' id='word_1_591' title='bbox 1938 3596 2177 3652; x_wconf 69' lang='lat' dir='ltr'><strong>Serdica:</strong></span> <span class='ocrx_word' id='word_1_592' title='bbox 2204 3595 2545 3668; x_wconf 71' lang='lat' dir='ltr'><strong>congregatis</strong></span> <span class='ocrx_word' id='word_1_593' title='bbox 2573 3600 2949 3659; x_wconf 81' lang='lat' dir='ltr'><strong>secesserant;</strong></span> <span class='ocrx_word' id='word_1_594' title='bbox 2974 3591 3114 3663; x_wconf 88' lang='lat' dir='ltr'><strong>quod</strong></span> <span class='ocrx_word' id='word_1_595' title='bbox 3145 3592 3370 3664; x_wconf 84' lang='lat' dir='ltr'><strong>perinde</strong></span> <span class='ocrx_word' id='word_1_596' title='bbox 3400 3611 3408 3618; x_wconf 91' lang='grc'><strong>·</strong></span> 
     </span>
    </p>
   </div>
   <div class='ocr_carea' id='block_1_82' title="bbox 1769 3684 3369 3759">
    <p class='ocr_par' dir='ltr' id='par_1_82' title="bbox 1769 3684 3369 3759">
     <span class='ocr_line' id='line_1_82' title="bbox 1769 3684 3369 3759; baseline -0.004 -13"><span class='ocrx_word' id='word_1_597' title='bbox 1769 3698 1854 3746; x_wconf 88' lang='lat' dir='ltr'><strong>est</strong></span> <span class='ocrx_word' id='word_1_598' title='bbox 1902 3704 1965 3745; x_wconf 89' lang='lat' dir='ltr'><strong>ac</strong></span> <span class='ocrx_word' id='word_1_599' title='bbox 2016 3684 2063 3744; x_wconf 86' lang='lat' dir='ltr'><strong>si</strong></span> <span class='ocrx_word' id='word_1_600' title='bbox 2108 3686 2654 3759; x_wconf 84' lang='lat' dir='ltr'><strong>Philippopolitauam</strong></span> <span class='ocrx_word' id='word_1_601' title='bbox 2696 3693 2965 3741; x_wconf 72' lang='lat' dir='ltr'><strong>Vocassct.</strong></span> <span class='ocrx_word' id='word_1_602' title='bbox 3011 3684 3369 3742; x_wconf 81' lang='lat' dir='ltr'><strong>Sardicensem</strong></span> 
     </span>
    </p>
   </div>
   <div class='ocr_carea' id='block_1_83' title="bbox 1769 3778 3369 3856">
    <p class='ocr_par' dir='ltr' id='par_1_83' title="bbox 1769 3778 3369 3856">
     <span class='ocr_line' id='line_1_83' title="bbox 1769 3778 3369 3856; baseline -0.004 -17"><span class='ocrx_word' id='word_1_603' title='bbox 1769 3787 1985 3856; x_wconf 87' lang='lat' dir='ltr'><strong>quidem</strong></span> <span class='ocrx_word' id='word_1_604' title='bbox 2009 3799 2127 3840; x_wconf 90' lang='lat' dir='ltr'><strong>eam</strong></span> <span class='ocrx_word' id='word_1_605' title='bbox 2150 3783 2288 3838; x_wconf 77' lang='lat' dir='ltr'><strong>dixit</strong></span> <span class='ocrx_word' id='word_1_606' title='bbox 2316 3782 2454 3837; x_wconf 90' lang='lat' dir='ltr'><strong>libro</strong></span> <span class='ocrx_word' id='word_1_607' title='bbox 2478 3782 2529 3836; x_wconf 90' lang='lat' dir='ltr'><strong>in</strong></span> <span class='ocrx_word' id='word_1_608' title='bbox 2557 3778 2969 3846; x_wconf 73' lang='lat' dir='ltr'><strong>Consmutium;</strong></span> <span class='ocrx_word' id='word_1_609' title='bbox 3001 3779 3095 3835; x_wconf 87' lang='lat' dir='ltr'><strong>sed</strong></span> <span class='ocrx_word' id='word_1_610' title='bbox 3128 3794 3233 3835; x_wconf 90' lang='lat' dir='ltr'><strong>non</strong></span> <span class='ocrx_word' id='word_1_611' title='bbox 3263 3786 3369 3833; x_wconf 87' lang='lat' dir='ltr'><strong>tam</strong></span> 
     </span>
    </p>
   </div>
   <div class='ocr_carea' id='block_1_84' title="bbox 1769 3871 3373 3948">
    <p class='ocr_par' dir='ltr' id='par_1_84' title="bbox 1769 3871 3373 3948">
     <span class='ocr_line' id='line_1_84' title="bbox 1769 3871 3373 3948; baseline -0.005 -16"><span class='ocrx_word' id='word_1_612' title='bbox 1769 3892 1836 3933; x_wconf 82' lang='lat' dir='ltr'><strong>ex</strong></span> <span class='ocrx_word' id='word_1_613' title='bbox 1866 3892 1960 3931; x_wconf 86' lang='lat' dir='ltr'><strong>sua</strong></span> <span class='ocrx_word' id='word_1_614' title='bbox 1983 3917 1999 3943; x_wconf 93' lang='lat'><strong>,</strong></span> <span class='ocrx_word' id='word_1_615' title='bbox 2047 3890 2206 3948; x_wconf 90' lang='lat' dir='ltr'><strong>quam</strong></span> <span class='ocrx_word' id='word_1_616' title='bbox 2243 3873 2549 3930; x_wconf 87' lang='lat' dir='ltr'><strong>Constantii</strong></span> <span class='ocrx_word' id='word_1_617' title='bbox 2596 3873 2763 3943; x_wconf 84' lang='lat' dir='ltr'><strong>ipsius</strong></span> <span class='ocrx_word' id='word_1_618' title='bbox 2803 3887 2961 3943; x_wconf 89' lang='lat' dir='ltr'><strong>quem</strong></span> <span class='ocrx_word' id='word_1_619' title='bbox 2998 3871 3373 3942; x_wconf 85' lang='lat' dir='ltr'><strong>alloquebatur</strong></span> 
     </span>
    </p>
   </div>
   <div class='ocr_carea' id='block_1_85' title="bbox 1769 3962 3372 4026">
    <p class='ocr_par' dir='ltr' id='par_1_85' title="bbox 1769 3962 3372 4026">
     <span class='ocr_line' id='line_1_85' title="bbox 1769 3962 3372 4026; baseline -0.002 0"><span class='ocrx_word' id='word_1_620' title='bbox 1769 3970 2057 4026; x_wconf 85' lang='lat' dir='ltr'><strong>sententia.</strong></span> <span class='ocrx_word' id='word_1_621' title='bbox 2092 3966 2161 4023; x_wconf 80' lang='lat' dir='ltr'><strong>Et</strong></span> <span class='ocrx_word' id='word_1_622' title='bbox 2187 3980 2318 4024; x_wconf 84' lang='lat' dir='ltr'><strong>sane</strong></span> <span class='ocrx_word' id='word_1_623' title='bbox 2343 3965 2411 4022; x_wconf 86' lang='lat' dir='ltr'><strong>de</strong></span> <span class='ocrx_word' id='word_1_624' title='bbox 2432 3965 2593 4023; x_wconf 85' lang='lat' dir='ltr'><strong>rebus</strong></span> <span class='ocrx_word' id='word_1_625' title='bbox 2619 3962 2854 4021; x_wconf 87' lang='lat' dir='ltr'><strong>Orientis</strong></span> <span class='ocrx_word' id='word_1_626' title='bbox 2879 3974 3006 4019; x_wconf 88' lang='lat' dir='ltr'><strong>tunc</strong></span> <span class='ocrx_word' id='word_1_627' title='bbox 3029 3974 3145 4019; x_wconf 90' lang='lat' dir='ltr'><strong>erat</strong></span> <span class='ocrx_word' id='word_1_628' title='bbox 3172 3965 3372 4023; x_wconf 84' lang='lat' dir='ltr'><strong>instru-</strong></span> 
     </span>
    </p>
   </div>
   <div class='ocr_carea' id='block_1_86' title="bbox 1768 4054 3368 4133">
    <p class='ocr_par' dir='ltr' id='par_1_86' title="bbox 1768 4054 3368 4133">
     <span class='ocr_line' id='line_1_86' title="bbox 1768 4054 3368 4133; baseline -0.003 -15"><span class='ocrx_word' id='word_1_629' title='bbox 1768 4064 1930 4130; x_wconf 86' lang='lat' dir='ltr'><strong>ctior,</strong></span> <span class='ocrx_word' id='word_1_630' title='bbox 1955 4078 2119 4133; x_wconf 88' lang='lat' dir='ltr'><strong>quam</strong></span> <span class='ocrx_word' id='word_1_631' title='bbox 2148 4071 2204 4118; x_wconf 89' lang='lat' dir='ltr'><strong>ut</strong></span> <span class='ocrx_word' id='word_1_632' title='bbox 2237 4076 2376 4117; x_wconf 78' lang='lat' dir='ltr'><strong>verte</strong></span> <span class='ocrx_word' id='word_1_633' title='bbox 2403 4075 2467 4117; x_wconf 89' lang='lat' dir='ltr'><strong>ac</strong></span> <span class='ocrx_word' id='word_1_634' title='bbox 2489 4057 2639 4115; x_wconf 76' lang='lat' dir='ltr'><strong>falsa:</strong></span> <span class='ocrx_word' id='word_1_635' title='bbox 2667 4056 2856 4132; x_wconf 75' lang='lat' dir='ltr'><strong>synodi</strong></span> <span class='ocrx_word' id='word_1_636' title='bbox 2886 4056 3224 4113; x_wconf 79' lang='lat' dir='ltr'><strong>SartliCensis</strong></span> <span class='ocrx_word' id='word_1_637' title='bbox 3254 4054 3368 4113; x_wconf 89' lang='lat' dir='ltr'><strong>dis-</strong></span> 
     </span>
    </p>
   </div>
   <div class='ocr_carea' id='block_1_87' title="bbox 1768 4155 2293 4225">
    <p class='ocr_par' dir='ltr' id='par_1_87' title="bbox 1768 4155 2293 4225">
     <span class='ocr_line' id='line_1_87' title="bbox 1768 4155 2293 4225; baseline -0.006 -14"><span class='ocrx_word' id='word_1_638' title='bbox 1768 4156 1973 4211; x_wconf 88' lang='lat' dir='ltr'><strong>crimen</strong></span> <span class='ocrx_word' id='word_1_639' title='bbox 1999 4155 2293 4225; x_wconf 76' lang='lat' dir='ltr'><strong>ignoraret.</strong></span> 
     </span>
    </p>
   </div>
   <div class='ocr_carea' id='block_1_88' title="bbox 1838 4236 3371 4313">
    <p class='ocr_par' dir='ltr' id='par_1_88' title="bbox 1838 4236 3371 4313">
     <span class='ocr_line' id='line_1_88' title="bbox 1838 4236 3371 4313; baseline -0.003 -9"><span class='ocrx_word' id='word_1_640' title='bbox 1838 4246 2000 4305; x_wconf 77' lang='lat' dir='ltr'><strong>XVII.</strong></span> <span class='ocrx_word' id='word_1_641' title='bbox 2044 4246 2263 4302; x_wconf 85' lang='lat' dir='ltr'><strong>Etiamsi</strong></span> <span class='ocrx_word' id='word_1_642' title='bbox 2306 4252 2484 4300; x_wconf 84' lang='lat' dir='ltr'><strong>autem</strong></span> <span class='ocrx_word' id='word_1_643' title='bbox 2523 4240 2770 4297; x_wconf 88' lang='lat' dir='ltr'><strong>nonnihil</strong></span> <span class='ocrx_word' id='word_1_644' title='bbox 2808 4247 3113 4313; x_wconf 85' lang='lat' dir='ltr'><strong>suspectam</strong></span> <span class='ocrx_word' id='word_1_645' title='bbox 3147 4236 3371 4299; x_wconf 86' lang='lat' dir='ltr'><strong>haberet</strong></span> 
     </span>
    </p>
   </div>
   <div class='ocr_carea' id='block_1_89' title="bbox 1767 4334 3368 4409">
    <p class='ocr_par' dir='ltr' id='par_1_89' title="bbox 1767 4334 3368 4409">
     <span class='ocr_line' id='line_1_89' title="bbox 1767 4334 3368 4409; baseline -0.004 -10"><span class='ocrx_word' id='word_1_646' title='bbox 1767 4338 2117 4399; x_wconf 82' lang='lat' dir='ltr'><strong>Orientalium</strong></span> <span class='ocrx_word' id='word_1_647' title='bbox 2146 4334 2329 4405; x_wconf 85' lang='lat' dir='ltr'><strong>fidem,</strong></span> <span class='ocrx_word' id='word_1_648' title='bbox 2352 4351 2512 4409; x_wconf 87' lang='lat' dir='ltr'><strong>quam</strong></span> <span class='ocrx_word' id='word_1_649' title='bbox 2546 4340 2723 4395; x_wconf 84' lang='lat' dir='ltr'><strong>tamen</strong></span> <span class='ocrx_word' id='word_1_650' title='bbox 2755 4336 2833 4391; x_wconf 91' lang='lat' dir='ltr'><strong>eis</strong></span> <span class='ocrx_word' id='word_1_651' title='bbox 2866 4337 2969 4391; x_wconf 89' lang='lat' dir='ltr'><strong>hoc</strong></span> <span class='ocrx_word' id='word_1_652' title='bbox 3000 4334 3134 4393; x_wconf 86' lang='lat' dir='ltr'><strong>libro</strong></span> <span class='ocrx_word' id='word_1_653' title='bbox 3164 4334 3368 4406; x_wconf 84' lang='lat' dir='ltr'><strong>patefe-</strong></span> 
     </span>
    </p>
   </div>
   <div class='ocr_carea' id='block_1_90' title="bbox 1767 4426 3369 4499">
    <p class='ocr_par' dir='ltr' id='par_1_90' title="bbox 1767 4426 3369 4499">
     <span class='ocr_line' id='line_1_90' title="bbox 1767 4426 3369 4499; baseline -0.004 -9"><span class='ocrx_word' id='word_1_654' title='bbox 1767 4434 1842 4490; x_wconf 87' lang='lat' dir='ltr'><strong>cit</strong></span> <span class='ocrx_word' id='word_1_655' title='bbox 1864 4431 2318 4495; x_wconf 82' lang='lat' dir='ltr'><strong>benevolentistn,</strong></span> <span class='ocrx_word' id='word_1_656' title='bbox 2351 4429 2514 4485; x_wconf 85' lang='lat' dir='ltr'><strong>etiam</strong></span> <span class='ocrx_word' id='word_1_657' title='bbox 2539 4439 2723 4499; x_wconf 84' lang='lat' dir='ltr'><strong>postea</strong></span> <span class='ocrx_word' id='word_1_658' title='bbox 2748 4428 3008 4487; x_wconf 73' lang='lat' dir='ltr'><strong>Seleucia:</strong></span> <span class='ocrx_word' id='word_1_659' title='bbox 3028 4438 3083 4484; x_wconf 93' lang='lat' dir='ltr'><strong>et</strong></span> <span class='ocrx_word' id='word_1_660' title='bbox 3102 4426 3369 4485; x_wconf 84' lang='lat' dir='ltr'><strong>Constan-</strong></span> 
     </span>
    </p>
   </div>
   <div class='ocr_carea' id='block_1_91' title="bbox 1767 4520 3371 4597">
    <p class='ocr_par' dir='ltr' id='par_1_91' title="bbox 1767 4520 3371 4597">
     <span class='ocr_line' id='line_1_91' title="bbox 1767 4520 3371 4597; baseline -0.004 -15"><span class='ocrx_word' id='word_1_661' title='bbox 1767 4526 1993 4597; x_wconf 88' lang='lat' dir='ltr'><strong>tinopoli</strong></span> <span class='ocrx_word' id='word_1_662' title='bbox 2025 4524 2387 4581; x_wconf 75' lang='lat' dir='ltr'><strong>conservavit.</strong></span> <span class='ocrx_word' id='word_1_663' title='bbox 2421 4520 2531 4579; x_wconf 85' lang='lat' dir='ltr'><strong>Nec</strong></span> <span class='ocrx_word' id='word_1_664' title='bbox 2568 4523 2725 4579; x_wconf 89' lang='lat' dir='ltr'><strong>aliter</strong></span> <span class='ocrx_word' id='word_1_665' title='bbox 2760 4537 2886 4595; x_wconf 77' lang='lat' dir='ltr'><strong>erga</strong></span> <span class='ocrx_word' id='word_1_666' title='bbox 2927 4537 3022 4578; x_wconf 85' lang='lat' dir='ltr'><strong>eos</strong></span> <span class='ocrx_word' id='word_1_667' title='bbox 3057 4537 3178 4577; x_wconf 88' lang='lat' dir='ltr'><strong>sese</strong></span> <span class='ocrx_word' id='word_1_668' title='bbox 3204 4522 3371 4593; x_wconf 79' lang='lat' dir='ltr'><strong>gessit</strong></span> 
     </span>
    </p>
   </div>
   <div class='ocr_carea' id='block_1_92' title="bbox 109 4608 1663 4701">
    <p class='ocr_par' dir='ltr' id='par_1_92' title="bbox 109 4608 1663 4701">
     <span class='ocr_line' id='line_1_92' title="bbox 109 4608 1663 4701; baseline 0.005 -39"><span class='ocrx_word' id='word_1_669' title='bbox 109 4608 464 4701; x_wconf 72' lang='lat' dir='ltr'><strong>multitudinem</strong></span> <span class='ocrx_word' id='word_1_670' title='bbox 487 4614 667 4683; x_wconf 83' lang='lat' dir='ltr'><strong>palam</strong></span> <span class='ocrx_word' id='word_1_671' title='bbox 695 4620 752 4668; x_wconf 91' lang='lat' dir='ltr'><strong>et</strong></span> <span class='ocrx_word' id='word_1_672' title='bbox 775 4620 963 4682; x_wconf 75' lang='lat' dir='ltr'><strong>aperte</strong></span> <span class='ocrx_word' id='word_1_673' title='bbox 990 4610 1337 4681; x_wconf 79' lang='lat' dir='ltr'><strong>improbavit.</strong></span> <span class='ocrx_word' id='word_1_674' title='bbox 1368 4608 1464 4665; x_wconf 85' lang='lat' dir='ltr'><strong>His</strong></span> <span class='ocrx_word' id='word_1_675' title='bbox 1486 4609 1663 4679; x_wconf 79' lang='lat' dir='ltr'><strong>itaque</strong></span> 
     </span>
    </p>
   </div>
   <div class='ocr_carea' id='block_1_93' title="bbox 1769 4608 3368 4701">
    <p class='ocr_par' dir='ltr' id='par_1_93' title="bbox 1769 4614 3368 4701">
     <span class='ocr_line' id='line_1_93' title="bbox 1769 4614 3368 4701; baseline -0.002 -25"><span class='ocrx_word' id='word_1_676' title='bbox 1769 4619 2124 4687; x_wconf 83' lang='lat' dir='ltr'><strong>Athanasius,</strong></span> <span class='ocrx_word' id='word_1_677' title='bbox 2168 4618 2258 4689; x_wconf 85' lang='lat' dir='ltr'><strong>qui</strong></span> <span class='ocrx_word' id='word_1_678' title='bbox 2298 4616 2459 4677; x_wconf 86' lang='lat' dir='ltr'><strong>etiam</strong></span> <span class='ocrx_word' id='word_1_679' title='bbox 2506 4625 2627 4690; x_wconf 84' lang='lat' dir='ltr'><strong>post</strong></span> <span class='ocrx_word' id='word_1_680' title='bbox 2663 4633 2861 4701; x_wconf 85' lang='lat' dir='ltr'><strong>annum</strong></span> <span class='ocrx_word' id='word_1_681' title='bbox 2891 4615 3015 4682; x_wconf 75' lang='lat'><strong>560,</strong></span> <span class='ocrx_word' id='word_1_682' title='bbox 3064 4614 3117 4671; x_wconf 90' lang='lat' dir='ltr'><strong>in</strong></span> <span class='ocrx_word' id='word_1_683' title='bbox 3166 4614 3259 4671; x_wconf 91' lang='lat' dir='ltr'><strong>lib.</strong></span> <span class='ocrx_word' id='word_1_684' title='bbox 3301 4616 3368 4673; x_wconf 89' lang='lat' dir='ltr'><strong>de</strong></span> 
     </span>
    </p>
   </div>
   <div class='ocr_carea' id='block_1_94' title="bbox 109 4697 1654 4775">
    <p class='ocr_par' dir='ltr' id='par_1_94' title="bbox 109 4697 1654 4775">
     <span class='ocr_line' id='line_1_94' title="bbox 109 4697 1654 4775; baseline 0.003 -23"><span class='ocrx_word' id='word_1_685' title='bbox 109 4697 250 4767; x_wconf 88' lang='lat' dir='ltr'><strong>libris,</strong></span> <span class='ocrx_word' id='word_1_686' title='bbox 277 4714 477 4763; x_wconf 86' lang='lat' dir='ltr'><strong>mutato</strong></span> <span class='ocrx_word' id='word_1_687' title='bbox 498 4706 608 4775; x_wconf 87' lang='lat' dir='ltr'><strong>jam</strong></span> <span class='ocrx_word' id='word_1_688' title='bbox 629 4718 809 4761; x_wconf 91' lang='lat' dir='ltr'><strong>rerum</strong></span> <span class='ocrx_word' id='word_1_689' title='bbox 830 4712 997 4770; x_wconf 71' lang='lat' dir='ltr'><strong>Statu,</strong></span> <span class='ocrx_word' id='word_1_690' title='bbox 1023 4700 1465 4773; x_wconf 77' lang='lat' dir='ltr'><strong>mutaritstylum</strong></span> <span class='ocrx_word' id='word_1_691' title='bbox 1486 4718 1500 4769; x_wconf 94' lang='lat'><strong>;</strong></span> <span class='ocrx_word' id='word_1_692' title='bbox 1526 4710 1654 4772; x_wconf 84' lang='lat' dir='ltr'><strong>non,</strong></span> 
     </span>
    </p>
   </div>
   <div class='ocr_carea' id='block_1_95' title="bbox 110 4792 1662 4875">
    <p class='ocr_par' dir='ltr' id='par_1_95' title="bbox 110 4792 1662 4875">
     <span class='ocr_line' id='line_1_95' title="bbox 110 4792 1662 4875; baseline 0.003 -28"><span class='ocrx_word' id='word_1_693' title='bbox 110 4801 155 4847; x_wconf 89' lang='lat' dir='ltr'><strong>ut</strong></span> <span class='ocrx_word' id='word_1_694' title='bbox 181 4796 374 4866; x_wconf 86' lang='lat' dir='ltr'><strong>quidam</strong></span> <span class='ocrx_word' id='word_1_695' title='bbox 404 4797 590 4855; x_wconf 80' lang='lat' dir='ltr'><strong>volunt</strong></span> <span class='ocrx_word' id='word_1_696' title='bbox 617 4839 633 4875; x_wconf 81' lang='lat'><strong>,</strong></span> <span class='ocrx_word' id='word_1_697' title='bbox 679 4797 973 4875; x_wconf 74' lang='lat' dir='ltr'><strong>pugnantia</strong></span> <span class='ocrx_word' id='word_1_698' title='bbox 1005 4810 1126 4853; x_wconf 89' lang='lat' dir='ltr'><strong>cum</strong></span> <span class='ocrx_word' id='word_1_699' title='bbox 1172 4795 1238 4859; x_wconf 85' lang='lat' dir='ltr'><strong>iis</strong></span> <span class='ocrx_word' id='word_1_700' title='bbox 1278 4809 1399 4868; x_wconf 71' lang='lat' dir='ltr'><strong>qua:</strong></span> <span class='ocrx_word' id='word_1_701' title='bbox 1431 4792 1566 4852; x_wconf 89' lang='lat' dir='ltr'><strong>libro</strong></span> <span class='ocrx_word' id='word_1_702' title='bbox 1593 4796 1662 4852; x_wconf 88' lang='lat' dir='ltr'><strong>de</strong></span> 
     </span>
    </p>
   </div>
   <div class='ocr_carea' id='block_1_96' title="bbox 111 4883 1413 4977">
    <p class='ocr_par' dir='ltr' id='par_1_96' title="bbox 111 4883 1413 4977">
     <span class='ocr_line' id='line_1_96' title="bbox 111 4883 1413 4977; baseline -0.014 -19"><span class='ocrx_word' id='word_1_703' title='bbox 111 4883 307 4977; x_wconf 60' lang='lat' dir='ltr'><strong>Silludis</strong></span> <span class='ocrx_word' id='word_1_704' title='bbox 331 4886 541 4957; x_wconf 77' lang='lat' dir='ltr'><strong>dixerat</strong></span> <span class='ocrx_word' id='word_1_705' title='bbox 568 4890 785 4955; x_wconf 80' lang='lat' dir='ltr'><strong>locutus</strong></span> <span class='ocrx_word' id='word_1_706' title='bbox 814 4900 919 4951; x_wconf 84' lang='lat' dir='ltr'><strong>est.</strong></span> <span class='ocrx_word' id='word_1_707' title='bbox 1384 4953 1413 4977; x_wconf 28' lang='grc' dir='ltr'><em>ν</em></span> 
     </span>
    </p>
   </div>
   <div class='ocr_carea' id='block_1_97' title="bbox 165 4976 1662 5059">
    <p class='ocr_par' dir='ltr' id='par_1_97' title="bbox 165 4976 1662 5059">
     <span class='ocr_line' id='line_1_97' title="bbox 165 4976 1662 5059; baseline 0.002 -25"><span class='ocrx_word' id='word_1_708' title='bbox 165 4976 264 5037; x_wconf 73' lang='lat' dir='ltr'><strong>XV.</strong></span> <span class='ocrx_word' id='word_1_709' title='bbox 293 4982 449 5047; x_wconf 71' lang='lat' dir='ltr'><strong>Quem</strong></span> <span class='ocrx_word' id='word_1_710' title='bbox 465 4984 640 5041; x_wconf 79' lang='lat' dir='ltr'><strong>multis</strong></span> <span class='ocrx_word' id='word_1_711' title='bbox 664 4983 822 5059; x_wconf 74' lang='lat' dir='ltr'><strong>hujus</strong></span> <span class='ocrx_word' id='word_1_712' title='bbox 837 4983 954 5038; x_wconf 78' lang='lat' dir='ltr'><strong>libri</strong></span> <span class='ocrx_word' id='word_1_713' title='bbox 973 4984 1099 5039; x_wconf 79' lang='lat' dir='ltr'><strong>locis</strong></span> <span class='ocrx_word' id='word_1_714' title='bbox 1117 4982 1304 5038; x_wconf 72' lang='lat' dir='ltr'><strong>indicet</strong></span> <span class='ocrx_word' id='word_1_715' title='bbox 1322 4980 1662 5037; x_wconf 68' lang='lat' dir='ltr'><strong>Orientalium</strong></span> 
     </span>
    </p>
   </div>
   <div class='ocr_carea' id='block_1_98' title="bbox 111 5066 1662 5149">
    <p class='ocr_par' dir='ltr' id='par_1_98' title="bbox 111 5066 1662 5149">
     <span class='ocr_line' id='line_1_98' title="bbox 111 5066 1662 5149; baseline 0.005 -27"><span class='ocrx_word' id='word_1_716' title='bbox 111 5066 233 5134; x_wconf 75' lang='lat' dir='ltr'><strong>ﬁdem</strong></span> <span class='ocrx_word' id='word_1_717' title='bbox 256 5073 343 5128; x_wconf 77' lang='lat' dir='ltr'><strong>sibi</strong></span> <span class='ocrx_word' id='word_1_718' title='bbox 374 5088 475 5130; x_wconf 76' lang='lat' dir='ltr'><strong>non</strong></span> <span class='ocrx_word' id='word_1_719' title='bbox 502 5074 729 5149; x_wconf 82' lang='lat' dir='ltr'><strong>probari.</strong></span> <span class='ocrx_word' id='word_1_720' title='bbox 760 5103 829 5116; x_wconf 89' lang='lat'><strong>--</strong></span> <span class='ocrx_word' id='word_1_721' title='bbox 861 5074 1048 5147; x_wconf 80' lang='lat' dir='ltr'><strong>Neque</strong></span> <span class='ocrx_word' id='word_1_722' title='bbox 1071 5084 1201 5131; x_wconf 83' lang='lat' dir='ltr'><strong>vero</strong></span> <span class='ocrx_word' id='word_1_723' title='bbox 1230 5088 1294 5131; x_wconf 83' lang='lat' dir='ltr'><strong>ex</strong></span> <span class='ocrx_word' id='word_1_724' title='bbox 1330 5074 1505 5130; x_wconf 79' lang='lat' dir='ltr'><strong>verbis</strong></span> <span class='ocrx_word' id='word_1_725' title='bbox 1527 5084 1662 5145; x_wconf 84' lang='lat' dir='ltr'><strong>apo-</strong></span> 
     </span>
    </p>
   </div>
   <div class='ocr_carea' id='block_1_99' title="bbox 117 5157 1663 5241">
    <p class='ocr_par' dir='ltr' id='par_1_99' title="bbox 117 5157 1663 5241">
     <span class='ocr_line' id='line_1_99' title="bbox 117 5157 1663 5241; baseline -0.004 -13"><span class='ocrx_word' id='word_1_726' title='bbox 117 5157 243 5234; x_wconf 69' lang='lat' dir='ltr'><strong>lusia:</strong></span> <span class='ocrx_word' id='word_1_727' title='bbox 268 5174 490 5238; x_wconf 81' lang='lat' dir='ltr'><strong>tantum,</strong></span> <span class='ocrx_word' id='word_1_728' title='bbox 510 5167 607 5233; x_wconf 85' lang='lat' dir='ltr'><strong>sed</strong></span> <span class='ocrx_word' id='word_1_729' title='bbox 637 5174 692 5227; x_wconf 83' lang='lat' dir='ltr'><strong>et</strong></span> <span class='ocrx_word' id='word_1_730' title='bbox 716 5184 786 5229; x_wconf 84' lang='lat' dir='ltr'><strong>ex</strong></span> <span class='ocrx_word' id='word_1_731' title='bbox 813 5168 1045 5241; x_wconf 83' lang='lat' dir='ltr'><strong>lpsotnet</strong></span> <span class='ocrx_word' id='word_1_732' title='bbox 1072 5172 1301 5227; x_wconf 83' lang='lat' dir='ltr'><strong>tractatu</strong></span> <span class='ocrx_word' id='word_1_733' title='bbox 1323 5168 1663 5239; x_wconf 87' lang='lat' dir='ltr'><strong>perspicuum</strong></span> 
     </span>
    </p>
   </div>
   <div class='ocr_carea' id='block_1_100' title="bbox 116 5256 1664 5330">
    <p class='ocr_par' dir='ltr' id='par_1_100' title="bbox 116 5256 1664 5330">
     <span class='ocr_line' id='line_1_100' title="bbox 116 5256 1664 5330; baseline 0.002 -19"><span class='ocrx_word' id='word_1_734' title='bbox 116 5266 198 5324; x_wconf 79' lang='lat' dir='ltr'><strong>est,</strong></span> <span class='ocrx_word' id='word_1_735' title='bbox 220 5259 560 5319; x_wconf 76' lang='lat' dir='ltr'><strong>Orientalium</strong></span> <span class='ocrx_word' id='word_1_736' title='bbox 581 5260 954 5321; x_wconf 77' lang='lat' dir='ltr'><strong>confessiones</strong></span> <span class='ocrx_word' id='word_1_737' title='bbox 977 5266 1107 5318; x_wconf 87' lang='lat' dir='ltr'><strong>tunc</strong></span> <span class='ocrx_word' id='word_1_738' title='bbox 1134 5259 1396 5330; x_wconf 83' lang='lat' dir='ltr'><strong>temporis</strong></span> <span class='ocrx_word' id='word_1_739' title='bbox 1423 5256 1529 5328; x_wconf 84' lang='lat' dir='ltr'><strong>ipsi</strong></span> <span class='ocrx_word' id='word_1_740' title='bbox 1555 5274 1664 5317; x_wconf 87' lang='lat' dir='ltr'><strong>non</strong></span> 
     </span>
    </p>
   </div>
   <div class='ocr_carea' id='block_1_101' title="bbox 114 5343 1662 5423">
    <p class='ocr_par' dir='ltr' id='par_1_101' title="bbox 114 5343 1662 5423">
     <span class='ocr_line' id='line_1_101' title="bbox 114 5343 1662 5423; baseline 0 -17"><span class='ocrx_word' id='word_1_741' title='bbox 114 5343 249 5406; x_wconf 66' lang='lat' dir='ltr'><strong>fuisse</strong></span> <span class='ocrx_word' id='word_1_742' title='bbox 275 5360 367 5422; x_wconf 79' lang='lat' dir='ltr'><strong>per</strong></span> <span class='ocrx_word' id='word_1_743' title='bbox 388 5366 449 5408; x_wconf 82' lang='lat' dir='ltr'><strong>se</strong></span> <span class='ocrx_word' id='word_1_744' title='bbox 477 5361 532 5408; x_wconf 88' lang='lat' dir='ltr'><strong>et</strong></span> <span class='ocrx_word' id='word_1_745' title='bbox 575 5352 826 5409; x_wconf 77' lang='lat' dir='ltr'><strong>absolute</strong></span> <span class='ocrx_word' id='word_1_746' title='bbox 878 5350 1151 5423; x_wconf 78' lang='lat' dir='ltr'><strong>probatae.</strong></span> <span class='ocrx_word' id='word_1_747' title='bbox 1191 5351 1468 5420; x_wconf 78' lang='lat' dir='ltr'><strong>Quorsum</strong></span> <span class='ocrx_word' id='word_1_748' title='bbox 1490 5351 1662 5417; x_wconf 82' lang='lat' dir='ltr'><strong>enim,</strong></span> 
     </span>
    </p>
   </div>
   <div class='ocr_carea' id='block_1_102' title="bbox 115 5438 1664 5518">
    <p class='ocr_par' dir='ltr' id='par_1_102' title="bbox 115 5438 1664 5518">
     <span class='ocr_line' id='line_1_102' title="bbox 115 5438 1664 5518; baseline 0.005 -27"><span class='ocrx_word' id='word_1_749' title='bbox 115 5451 232 5497; x_wconf 80' lang='lat' dir='ltr'><strong>nam.</strong></span> <span class='ocrx_word' id='word_1_750' title='bbox 263 5438 317 5515; x_wconf 79' lang='grc' dir='ltr'><strong>ϐ,</strong></span> <span class='ocrx_word' id='word_1_751' title='bbox 341 5452 656 5518; x_wconf 83' lang='lat' dir='ltr'><strong>rursumque</strong></span> <span class='ocrx_word' id='word_1_752' title='bbox 693 5456 846 5499; x_wconf 89' lang='lat' dir='ltr'><strong>num.</strong></span> <span class='ocrx_word' id='word_1_753' title='bbox 894 5441 984 5511; x_wconf 81' lang='lat'><strong>65,</strong></span> <span class='ocrx_word' id='word_1_754' title='bbox 1026 5450 1138 5503; x_wconf 86' lang='lat' dir='ltr'><strong>tam</strong></span> <span class='ocrx_word' id='word_1_755' title='bbox 1176 5444 1338 5500; x_wconf 82' lang='lat' dir='ltr'><strong>enixe</strong></span> <span class='ocrx_word' id='word_1_756' title='bbox 1363 5444 1664 5503; x_wconf 82' lang='lat' dir='ltr'><strong>obtestatus</strong></span> 
     </span>
    </p>
   </div>
   <div class='ocr_carea' id='block_1_103' title="bbox 116 5530 1663 5608">
    <p class='ocr_par' dir='ltr' id='par_1_103' title="bbox 116 5530 1663 5608">
     <span class='ocr_line' id='line_1_103' title="bbox 116 5530 1663 5608; baseline 0 -11"><span class='ocrx_word' id='word_1_757' title='bbox 116 5540 195 5597; x_wconf 72' lang='grc' dir='ltr'><strong>εει.</strong></span> <span class='ocrx_word' id='word_1_758' title='bbox 221 5551 285 5593; x_wconf 81' lang='lat' dir='ltr'><strong>ne</strong></span> <span class='ocrx_word' id='word_1_759' title='bbox 306 5530 373 5599; x_wconf 79' lang='lat' dir='ltr'><strong>de</strong></span> <span class='ocrx_word' id='word_1_760' title='bbox 399 5555 461 5596; x_wconf 77' lang='lat' dir='ltr'><strong>se</strong></span> <span class='ocrx_word' id='word_1_761' title='bbox 492 5546 622 5599; x_wconf 81' lang='lat' dir='ltr'><strong>ante</strong></span> <span class='ocrx_word' id='word_1_762' title='bbox 649 5540 919 5601; x_wconf 82' lang='lat' dir='ltr'><strong>sermonis</strong></span> <span class='ocrx_word' id='word_1_763' title='bbox 960 5539 1488 5605; x_wconf 79' lang='lat' dir='ltr'><strong>consummationem</strong></span> <span class='ocrx_word' id='word_1_764' title='bbox 1512 5538 1663 5608; x_wconf 76' lang='lat' dir='ltr'><strong>judi-</strong></span> 
     </span>
    </p>
   </div>
   <div class='ocr_carea' id='block_1_104' title="bbox 115 5629 1666 5704">
    <p class='ocr_par' dir='ltr' id='par_1_104' title="bbox 115 5629 1666 5704">
     <span class='ocr_line' id='line_1_104' title="bbox 115 5629 1666 5704; baseline 0 -19"><span class='ocrx_word' id='word_1_765' title='bbox 115 5634 312 5696; x_wconf 65' lang='lat' dir='ltr'><strong>canuit,</strong></span> <span class='ocrx_word' id='word_1_766' title='bbox 342 5630 442 5697; x_wconf 79' lang='lat' dir='ltr'><strong>nisi</strong></span> <span class='ocrx_word' id='word_1_767' title='bbox 466 5632 588 5702; x_wconf 81' lang='lat' dir='ltr'><strong>quia</strong></span> <span class='ocrx_word' id='word_1_768' title='bbox 611 5647 676 5688; x_wconf 77' lang='lat' dir='ltr'><strong>es</strong></span> <span class='ocrx_word' id='word_1_769' title='bbox 706 5630 959 5704; x_wconf 67' lang='lat' dir='ltr'><strong>benignis</strong></span> <span class='ocrx_word' id='word_1_770' title='bbox 982 5629 1524 5701; x_wconf 71' lang='lat' dir='ltr'><strong>interpretationibus</strong></span> <span class='ocrx_word' id='word_1_771' title='bbox 1549 5631 1666 5687; x_wconf 82' lang='lat' dir='ltr'><strong>sttls</strong></span> 
     </span>
    </p>
   </div>
   <div class='ocr_carea' id='block_1_105' title="bbox 122 5714 1667 5799">
    <p class='ocr_par' dir='ltr' id='par_1_105' title="bbox 122 5714 1667 5799">
     <span class='ocr_line' id='line_1_105' title="bbox 122 5714 1667 5799; baseline 0.005 -22"><span class='ocrx_word' id='word_1_772' title='bbox 122 5714 176 5777; x_wconf 71' lang='lat' dir='ltr'><strong>de</strong></span> <span class='ocrx_word' id='word_1_773' title='bbox 197 5732 251 5777; x_wconf 83' lang='lat' dir='ltr'><strong>ss</strong></span> <span class='ocrx_word' id='word_1_774' title='bbox 272 5734 426 5794; x_wconf 76' lang='lat' dir='ltr'><strong>posse</strong></span> <span class='ocrx_word' id='word_1_775' title='bbox 443 5728 586 5786; x_wconf 80' lang='lat' dir='ltr'><strong>male</strong></span> <span class='ocrx_word' id='word_1_776' title='bbox 609 5725 839 5799; x_wconf 69' lang='lat' dir='ltr'><strong>iudicari</strong></span> <span class='ocrx_word' id='word_1_777' title='bbox 860 5726 1227 5799; x_wconf 75' lang='lat' dir='ltr'><strong>prtertderetl</strong></span> <span class='ocrx_word' id='word_1_778' title='bbox 1251 5728 1421 5799; x_wconf 76' lang='lat' dir='ltr'><strong>Quam</strong></span> <span class='ocrx_word' id='word_1_779' title='bbox 1443 5728 1513 5784; x_wconf 90' lang='lat' dir='ltr'><strong>ob</strong></span> <span class='ocrx_word' id='word_1_780' title='bbox 1535 5742 1667 5785; x_wconf 88' lang='lat' dir='ltr'><strong>oau-</strong></span> 
     </span>
    </p>
   </div>
   <div class='ocr_carea' id='block_1_106' title="bbox 127 5812 1667 5895">
    <p class='ocr_par' dir='ltr' id='par_1_106' title="bbox 127 5812 1667 5895">
     <span class='ocr_line' id='line_1_106' title="bbox 127 5812 1667 5895; baseline 0.009 -32"><span class='ocrx_word' id='word_1_781' title='bbox 127 5822 238 5883; x_wconf 82' lang='lat' dir='ltr'><strong>sam,</strong></span> <span class='ocrx_word' id='word_1_782' title='bbox 253 5831 388 5876; x_wconf 85' lang='lat' dir='ltr'><strong>num.</strong></span> <span class='ocrx_word' id='word_1_783' title='bbox 414 5819 468 5889; x_wconf 87' lang='grc'><strong>’1,</strong></span> <span class='ocrx_word' id='word_1_784' title='bbox 488 5820 556 5880; x_wconf 87' lang='lat' dir='ltr'><strong>de</strong></span> <span class='ocrx_word' id='word_1_785' title='bbox 582 5820 825 5880; x_wconf 88' lang='lat' dir='ltr'><strong>formulis</strong></span> <span class='ocrx_word' id='word_1_786' title='bbox 841 5836 871 5877; x_wconf 88' lang='lat' dir='ltr'><strong>a</strong></span> <span class='ocrx_word' id='word_1_787' title='bbox 893 5835 951 5878; x_wconf 89' lang='lat' dir='ltr'><strong>se</strong></span> <span class='ocrx_word' id='word_1_788' title='bbox 977 5821 1311 5892; x_wconf 80' lang='lat' dir='ltr'><strong>exponendis</strong></span> <span class='ocrx_word' id='word_1_789' title='bbox 1330 5822 1436 5885; x_wconf 84' lang='lat' dir='ltr'><strong>ait:</strong></span> <span class='ocrx_word' id='word_1_790' title='bbox 1463 5821 1530 5880; x_wconf 79' lang='lat' dir='ltr'><strong>tu</strong></span> <span class='ocrx_word' id='word_1_791' title='bbox 1549 5812 1667 5895; x_wconf 74' lang='lat' dir='ltr'><strong>qui-</strong></span> 
     </span>
    </p>
   </div>
   <div class='ocr_carea' id='block_1_107' title="bbox 1766 4710 3366 4787">
    <p class='ocr_par' dir='ltr' id='par_1_107' title="bbox 1766 4710 3366 4787">
     <span class='ocr_line' id='line_1_107' title="bbox 1766 4710 3366 4787; baseline -0.003 -17"><span class='ocrx_word' id='word_1_792' title='bbox 1766 4712 1973 4787; x_wconf 84' lang='lat' dir='ltr'><strong>Synod.</strong></span> <span class='ocrx_word' id='word_1_793' title='bbox 2007 4731 2128 4786; x_wconf 71' lang='lat' dir='ltr'><strong>pag.</strong></span> <span class='ocrx_word' id='word_1_794' title='bbox 2152 4713 2278 4780; x_wconf 73' lang='lat' dir='ltr'><strong>Olli,</strong></span> <span class='ocrx_word' id='word_1_795' title='bbox 2311 4713 2518 4777; x_wconf 81' lang='lat' dir='ltr'><strong>scribit,</strong></span> <span class='ocrx_word' id='word_1_796' title='bbox 2546 4726 2668 4768; x_wconf 90' lang='lat' dir='ltr'><strong>cum</strong></span> <span class='ocrx_word' id='word_1_797' title='bbox 2692 4712 2890 4768; x_wconf 83' lang='lat' dir='ltr'><strong>Basilio</strong></span> <span class='ocrx_word' id='word_1_798' title='bbox 2908 4710 3198 4783; x_wconf 82' lang='lat' dir='ltr'><strong>Ancyrauo</strong></span> <span class='ocrx_word' id='word_1_799' title='bbox 3217 4711 3366 4782; x_wconf 83' lang='lat' dir='ltr'><strong>ejus-</strong></span> 
     </span>
    </p>
   </div>
   <div class='ocr_carea' id='block_1_108' title="bbox 1767 4803 3369 4879">
    <p class='ocr_par' dir='ltr' id='par_1_108' title="bbox 1767 4803 3369 4879">
     <span class='ocr_line' id='line_1_108' title="bbox 1767 4803 3369 4879; baseline -0.002 -18"><span class='ocrx_word' id='word_1_800' title='bbox 1767 4818 1872 4879; x_wconf 84' lang='lat' dir='ltr'><strong>que</strong></span> <span class='ocrx_word' id='word_1_801' title='bbox 1902 4806 2170 4863; x_wconf 86' lang='lat' dir='ltr'><strong>similibus</strong></span> <span class='ocrx_word' id='word_1_802' title='bbox 2198 4806 2275 4861; x_wconf 85' lang='lat' dir='ltr'><strong>sic</strong></span> <span class='ocrx_word' id='word_1_803' title='bbox 2317 4806 2582 4876; x_wconf 78' lang='lat' dir='ltr'><strong>agendum</strong></span> <span class='ocrx_word' id='word_1_804' title='bbox 2610 4819 2733 4860; x_wconf 88' lang='lat' dir='ltr'><strong>esse</strong></span> <span class='ocrx_word' id='word_1_805' title='bbox 2755 4845 2771 4869; x_wconf 93' lang='lat'><strong>,</strong></span> <span class='ocrx_word' id='word_1_806' title='bbox 2816 4804 2978 4858; x_wconf 80' lang='lat' dir='ltr'><strong>veluti</strong></span> <span class='ocrx_word' id='word_1_807' title='bbox 3019 4816 3141 4857; x_wconf 87' lang='lat' dir='ltr'><strong>emn</strong></span> <span class='ocrx_word' id='word_1_808' title='bbox 3186 4803 3251 4858; x_wconf 84' lang='lat' dir='ltr'><strong>iis</strong></span> <span class='ocrx_word' id='word_1_809' title='bbox 3280 4804 3369 4873; x_wconf 84' lang='lat' dir='ltr'><strong>qui</strong></span> 
     </span>
    </p>
   </div>
   <div class='ocr_carea' id='block_1_109' title="bbox 1768 4892 3369 4969">
    <p class='ocr_par' dir='ltr' id='par_1_109' title="bbox 1768 4892 3369 4969">
     <span class='ocr_line' id='line_1_109' title="bbox 1768 4892 3369 4969; baseline 0.001 -18"><span class='ocrx_word' id='word_1_810' title='bbox 1768 4914 1868 4953; x_wconf 84' lang='lat' dir='ltr'><strong>nou</strong></span> <span class='ocrx_word' id='word_1_811' title='bbox 1892 4899 2039 4969; x_wconf 83' lang='lat' dir='ltr'><strong>longe</strong></span> <span class='ocrx_word' id='word_1_812' title='bbox 2059 4898 2242 4955; x_wconf 81' lang='lat' dir='ltr'><strong>absunt</strong></span> <span class='ocrx_word' id='word_1_813' title='bbox 2262 4915 2292 4951; x_wconf 90' lang='lat' dir='ltr'><strong>a</strong></span> <span class='ocrx_word' id='word_1_814' title='bbox 2310 4896 2605 4969; x_wconf 82' lang='lat' dir='ltr'><strong>recipienda</strong></span> <span class='ocrx_word' id='word_1_815' title='bbox 2620 4912 2740 4951; x_wconf 86' lang='lat' dir='ltr'><strong>voce</strong></span> <span class='ocrx_word' id='word_1_816' title='bbox 2761 4895 3230 4954; x_wconf 77' lang='lat' dir='ltr'><strong>cottsubstantialis.</strong></span> <span class='ocrx_word' id='word_1_817' title='bbox 3260 4892 3369 4952; x_wconf 85' lang='lat' dir='ltr'><strong>Ne-</strong></span> 
     </span>
    </p>
   </div>
   <div class='ocr_carea' id='block_1_110' title="bbox 1766 4976 3383 5060">
    <p class='ocr_par' dir='ltr' id='par_1_110' title="bbox 1766 4976 3383 5060">
     <span class='ocr_line' id='line_1_110' title="bbox 1766 4976 3383 5060; baseline -0.001 -17"><span class='ocrx_word' id='word_1_818' title='bbox 1766 5005 1861 5058; x_wconf 85' lang='lat' dir='ltr'><strong>que</strong></span> <span class='ocrx_word' id='word_1_819' title='bbox 1880 4991 2037 5055; x_wconf 67' lang='lat' dir='ltr'><strong>etaim,</strong></span> <span class='ocrx_word' id='word_1_820' title='bbox 2066 4989 2238 5059; x_wconf 88' lang='lat' dir='ltr'><strong>inquit</strong></span> <span class='ocrx_word' id='word_1_821' title='bbox 2260 4989 2416 5060; x_wconf 87' lang='lat' dir='ltr'><strong>paulo</strong></span> <span class='ocrx_word' id='word_1_822' title='bbox 2437 4998 2582 5056; x_wconf 87' lang='lat' dir='ltr'><strong>ante,</strong></span> <span class='ocrx_word' id='word_1_823' title='bbox 2614 4989 2860 5045; x_wconf 71' lang='lat' dir='ltr'><strong>adversus</strong></span> <span class='ocrx_word' id='word_1_824' title='bbox 2880 5003 2965 5042; x_wconf 85' lang='lat' dir='ltr'><strong>eos</strong></span> <span class='ocrx_word' id='word_1_825' title='bbox 2998 4988 3153 5042; x_wconf 83' lang='lat' dir='ltr'><strong>ueluti</strong></span> <span class='ocrx_word' id='word_1_826' title='bbox 3181 4976 3383 5043; x_wconf 51' lang='lat' dir='ltr'><strong>ttdver?</strong></span> 
     </span>
    </p>
   </div>
   <div class='ocr_carea' id='block_1_111' title="bbox 1768 5079 3369 5136">
    <p class='ocr_par' dir='ltr' id='par_1_111' title="bbox 1768 5079 3369 5136">
     <span class='ocr_line' id='line_1_111' title="bbox 1768 5079 3369 5136; baseline 0.001 -2"><span class='ocrx_word' id='word_1_827' title='bbox 1768 5096 1858 5135; x_wconf 83' lang='lat' dir='ltr'><strong>ssts</strong></span> <span class='ocrx_word' id='word_1_828' title='bbox 1881 5081 2227 5135; x_wconf 77' lang='lat' dir='ltr'><strong>Arlomanltas</strong></span> <span class='ocrx_word' id='word_1_829' title='bbox 2255 5090 2346 5134; x_wconf 74' lang='lat' dir='ltr'><strong>aut</strong></span> <span class='ocrx_word' id='word_1_830' title='bbox 2379 5081 2626 5136; x_wconf 81' lang='lat' dir='ltr'><strong>adversus</strong></span> <span class='ocrx_word' id='word_1_831' title='bbox 2655 5079 2872 5135; x_wconf 80' lang='lat' dir='ltr'><strong>Patrum</strong></span> <span class='ocrx_word' id='word_1_832' title='bbox 2912 5080 3079 5134; x_wconf 81' lang='lat' dir='ltr'><strong>hostes</strong></span> <span class='ocrx_word' id='word_1_833' title='bbox 3107 5081 3369 5135; x_wconf 77' lang='lat' dir='ltr'><strong>contradi-</strong></span> 
     </span>
    </p>
   </div>
   <div class='ocr_carea' id='block_1_112' title="bbox 1771 5170 3367 5244">
    <p class='ocr_par' dir='ltr' id='par_1_112' title="bbox 1771 5170 3367 5244">
     <span class='ocr_line' id='line_1_112' title="bbox 1771 5170 3367 5244; baseline 0.001 -19"><span class='ocrx_word' id='word_1_834' title='bbox 1771 5172 1966 5238; x_wconf 82' lang='lat' dir='ltr'><strong>cimtts;</strong></span> <span class='ocrx_word' id='word_1_835' title='bbox 1986 5170 2078 5226; x_wconf 85' lang='lat' dir='ltr'><strong>sed</strong></span> <span class='ocrx_word' id='word_1_836' title='bbox 2102 5170 2255 5225; x_wconf 81' lang='lat' dir='ltr'><strong>veluti</strong></span> <span class='ocrx_word' id='word_1_837' title='bbox 2286 5176 2471 5244; x_wconf 75' lang='lat' dir='ltr'><strong>fratres</strong></span> <span class='ocrx_word' id='word_1_838' title='bbox 2495 5176 2609 5225; x_wconf 80' lang='lat' dir='ltr'><strong>cum</strong></span> <span class='ocrx_word' id='word_1_839' title='bbox 2644 5170 2889 5243; x_wconf 77' lang='lat' dir='ltr'><strong>fratribus</strong></span> <span class='ocrx_word' id='word_1_840' title='bbox 2915 5172 3280 5243; x_wconf 82' lang='lat' dir='ltr'><strong>disceptamus,</strong></span> <span class='ocrx_word' id='word_1_841' title='bbox 3312 5182 3367 5228; x_wconf 92' lang='lat' dir='ltr'><strong>ut</strong></span> 
     </span>
    </p>
   </div>
   <div class='ocr_carea' id='block_1_113' title="bbox 1766 5261 3360 5331">
    <p class='ocr_par' dir='ltr' id='par_1_113' title="bbox 1766 5261 3360 5331">
     <span class='ocr_line' id='line_1_113' title="bbox 1766 5261 3360 5331; baseline 0.003 -14"><span class='ocrx_word' id='word_1_842' title='bbox 1766 5279 1885 5319; x_wconf 84' lang='lat' dir='ltr'><strong>cum</strong></span> <span class='ocrx_word' id='word_1_843' title='bbox 1913 5261 2094 5331; x_wconf 80' lang='lat' dir='ltr'><strong>quibus</strong></span> <span class='ocrx_word' id='word_1_844' title='bbox 2123 5261 2265 5319; x_wconf 83' lang='lat' dir='ltr'><strong>nobis</strong></span> <span class='ocrx_word' id='word_1_845' title='bbox 2284 5262 2462 5320; x_wconf 83' lang='lat' dir='ltr'><strong>eadem</strong></span> <span class='ocrx_word' id='word_1_846' title='bbox 2489 5263 2554 5319; x_wconf 85' lang='lat' dir='ltr'><strong>sit</strong></span> <span class='ocrx_word' id='word_1_847' title='bbox 2578 5264 2850 5331; x_wconf 84' lang='lat' dir='ltr'><strong>sententia,</strong></span> <span class='ocrx_word' id='word_1_848' title='bbox 2883 5265 3225 5319; x_wconf 82' lang='lat' dir='ltr'><strong>controversia</strong></span> <span class='ocrx_word' id='word_1_849' title='bbox 3264 5282 3360 5321; x_wconf 78' lang='lat' dir='ltr'><strong>att-</strong></span> 
     </span>
    </p>
   </div>
   <div class='ocr_carea' id='block_1_114' title="bbox 1770 5353 3364 5424">
    <p class='ocr_par' dir='ltr' id='par_1_114' title="bbox 1770 5353 3364 5424">
     <span class='ocr_line' id='line_1_114' title="bbox 1770 5353 3364 5424; baseline 0.003 -15"><span class='ocrx_word' id='word_1_850' title='bbox 1770 5364 1870 5409; x_wconf 87' lang='lat' dir='ltr'><strong>tem</strong></span> <span class='ocrx_word' id='word_1_851' title='bbox 1891 5354 1955 5408; x_wconf 86' lang='lat' dir='ltr'><strong>de</strong></span> <span class='ocrx_word' id='word_1_852' title='bbox 1991 5353 2171 5408; x_wconf 78' lang='lat' dir='ltr'><strong>verbis.</strong></span> <span class='ocrx_word' id='word_1_853' title='bbox 2207 5354 2266 5410; x_wconf 83' lang='lat' dir='ltr'><strong>In</strong></span> <span class='ocrx_word' id='word_1_854' title='bbox 2290 5368 2399 5424; x_wconf 86' lang='lat' dir='ltr'><strong>quo</strong></span> <span class='ocrx_word' id='word_1_855' title='bbox 2422 5354 2617 5411; x_wconf 87' lang='lat' dir='ltr'><strong>melius</strong></span> <span class='ocrx_word' id='word_1_856' title='bbox 2640 5354 2710 5411; x_wconf 90' lang='lat' dir='ltr'><strong>de</strong></span> <span class='ocrx_word' id='word_1_857' title='bbox 2735 5355 3102 5412; x_wconf 83' lang='lat' dir='ltr'><strong>Orientalibus</strong></span> <span class='ocrx_word' id='word_1_858' title='bbox 3122 5356 3364 5414; x_wconf 86' lang='lat' dir='ltr'><strong>sensisse</strong></span> 
     </span>
    </p>
   </div>
   <div class='ocr_carea' id='block_1_115' title="bbox 1768 5445 3363 5521">
    <p class='ocr_par' dir='ltr' id='par_1_115' title="bbox 1768 5445 3363 5521">
     <span class='ocr_line' id='line_1_115' title="bbox 1768 5445 3363 5521; baseline 0.001 -17"><span class='ocrx_word' id='word_1_859' title='bbox 1768 5447 2004 5513; x_wconf 75' lang='lat' dir='ltr'><strong>videtur,</strong></span> <span class='ocrx_word' id='word_1_860' title='bbox 2030 5458 2189 5517; x_wconf 83' lang='lat' dir='ltr'><strong>quam</strong></span> <span class='ocrx_word' id='word_1_861' title='bbox 2224 5452 2410 5502; x_wconf 81' lang='lat' dir='ltr'><strong>noster</strong></span> <span class='ocrx_word' id='word_1_862' title='bbox 2430 5445 2665 5503; x_wconf 74' lang='lat' dir='ltr'><strong>Hilarius</strong></span> <span class='ocrx_word' id='word_1_863' title='bbox 2691 5448 2813 5519; x_wconf 87' lang='lat' dir='ltr'><strong>:qui</strong></span> <span class='ocrx_word' id='word_1_864' title='bbox 2838 5462 2959 5503; x_wconf 86' lang='lat' dir='ltr'><strong>cum</strong></span> <span class='ocrx_word' id='word_1_865' title='bbox 2983 5448 3177 5504; x_wconf 86' lang='lat' dir='ltr'><strong>similia</strong></span> <span class='ocrx_word' id='word_1_866' title='bbox 3210 5458 3363 5521; x_wconf 66' lang='lat' dir='ltr'><strong>qua:-</strong></span> 
     </span>
    </p>
   </div>
   <div class='ocr_carea' id='block_1_116' title="bbox 1768 5540 3365 5610">
    <p class='ocr_par' dir='ltr' id='par_1_116' title="bbox 1768 5540 3365 5610">
     <span class='ocr_line' id='line_1_116' title="bbox 1768 5540 3365 5610; baseline 0.004 -15"><span class='ocrx_word' id='word_1_867' title='bbox 1768 5540 1891 5605; x_wconf 74' lang='lat' dir='ltr'><strong>dum</strong></span> <span class='ocrx_word' id='word_1_868' title='bbox 1920 5540 2067 5609; x_wconf 79' lang='lat' dir='ltr'><strong>dicat</strong></span> <span class='ocrx_word' id='word_1_869' title='bbox 2103 5541 2205 5598; x_wconf 89' lang='lat' dir='ltr'><strong>sub</strong></span> <span class='ocrx_word' id='word_1_870' title='bbox 2231 5540 2391 5602; x_wconf 86' lang='lat' dir='ltr'><strong>linem</strong></span> <span class='ocrx_word' id='word_1_871' title='bbox 2434 5556 2583 5600; x_wconf 88' lang='lat' dir='ltr'><strong>num.</strong></span> <span class='ocrx_word' id='word_1_872' title='bbox 2631 5540 2686 5610; x_wconf 88' lang='lat'><strong>8,</strong></span> <span class='ocrx_word' id='word_1_873' title='bbox 2733 5557 2796 5599; x_wconf 89' lang='lat' dir='ltr'><strong>ea</strong></span> <span class='ocrx_word' id='word_1_874' title='bbox 2836 5554 2896 5599; x_wconf 85' lang='lat' dir='ltr'><strong>se</strong></span> <span class='ocrx_word' id='word_1_875' title='bbox 2939 5556 3046 5601; x_wconf 90' lang='lat' dir='ltr'><strong>non</strong></span> <span class='ocrx_word' id='word_1_876' title='bbox 3078 5546 3189 5599; x_wconf 78' lang='lat' dir='ltr'><strong>tum</strong></span> <span class='ocrx_word' id='word_1_877' title='bbox 3213 5551 3365 5602; x_wconf 82' lang='lat' dir='ltr'><strong>certe</strong></span> 
     </span>
    </p>
   </div>
   <div class='ocr_carea' id='block_1_117' title="bbox 1764 5636 3365 5713">
    <p class='ocr_par' dir='ltr' id='par_1_117' title="bbox 1764 5636 3365 5713">
     <span class='ocr_line' id='line_1_117' title="bbox 1764 5636 3365 5713; baseline 0 -18"><span class='ocrx_word' id='word_1_878' title='bbox 1764 5651 2144 5701; x_wconf 61' lang='lat' dir='ltr'><strong>asseverasa.</strong></span> <span class='ocrx_word' id='word_1_879' title='bbox 2184 5652 2344 5708; x_wconf 90' lang='lat' dir='ltr'><strong>quam</strong></span> <span class='ocrx_word' id='word_1_880' title='bbox 2391 5638 2474 5707; x_wconf 85' lang='lat' dir='ltr'><strong>pia</strong></span> <span class='ocrx_word' id='word_1_881' title='bbox 2505 5637 2737 5707; x_wconf 86' lang='lat' dir='ltr'><strong>quadam</strong></span> <span class='ocrx_word' id='word_1_882' title='bbox 2778 5636 2943 5699; x_wconf 85' lang='lat' dir='ltr'><strong>animi</strong></span> <span class='ocrx_word' id='word_1_883' title='bbox 2971 5640 3365 5713; x_wconf 79' lang='lat' dir='ltr'><strong>prepensioue,</strong></span> 
     </span>
    </p>
   </div>
   <div class='ocr_carea' id='block_1_118' title="bbox 1767 5728 3339 5805">
    <p class='ocr_par' dir='ltr' id='par_1_118' title="bbox 1767 5728 3339 5805">
     <span class='ocr_line' id='line_1_118' title="bbox 1767 5728 3339 5805; baseline 0.003 -19"><span class='ocrx_word' id='word_1_884' title='bbox 1767 5742 1889 5802; x_wconf 68' lang='lat' dir='ltr'><strong>quin</strong></span> <span class='ocrx_word' id='word_1_885' title='bbox 1929 5728 2161 5787; x_wconf 80' lang='lat' dir='ltr'><strong>necdum</strong></span> <span class='ocrx_word' id='word_1_886' title='bbox 2187 5732 2306 5793; x_wconf 82' lang='lat' dir='ltr'><strong>sine</strong></span> <span class='ocrx_word' id='word_1_887' title='bbox 2333 5729 2622 5801; x_wconf 84' lang='lat' dir='ltr'><strong>formidine</strong></span> <span class='ocrx_word' id='word_1_888' title='bbox 2655 5738 2792 5796; x_wconf 85' lang='lat' dir='ltr'><strong>erat,</strong></span> <span class='ocrx_word' id='word_1_889' title='bbox 2828 5731 3065 5796; x_wconf 86' lang='lat' dir='ltr'><strong>locutum</strong></span> <span class='ocrx_word' id='word_1_890' title='bbox 3097 5747 3218 5789; x_wconf 89' lang='lat' dir='ltr'><strong>esse</strong></span> <span class='ocrx_word' id='word_1_891' title='bbox 3251 5732 3339 5805; x_wconf 84' lang='lat' dir='ltr'><strong>plu</strong></span> 
     </span>
    </p>
   </div>
   <div class='ocr_carea' id='block_1_119' title="bbox 1772 5814 3367 5892">
    <p class='ocr_par' dir='ltr' id='par_1_119' title="bbox 1772 5814 3367 5892">
     <span class='ocr_line' id='line_1_119' title="bbox 1772 5814 3367 5892; baseline 0.003 -11"><span class='ocrx_word' id='word_1_892' title='bbox 1772 5822 1921 5887; x_wconf 86' lang='lat' dir='ltr'><strong>ribus</strong></span> <span class='ocrx_word' id='word_1_893' title='bbox 1941 5814 2063 5881; x_wconf 82' lang='lat' dir='ltr'><strong>aliis</strong></span> <span class='ocrx_word' id='word_1_894' title='bbox 2085 5824 2368 5885; x_wconf 84' lang='lat' dir='ltr'><strong>sententiis</strong></span> <span class='ocrx_word' id='word_1_895' title='bbox 2398 5814 2753 5887; x_wconf 83' lang='lat' dir='ltr'><strong>demonstrat.</strong></span> <span class='ocrx_word' id='word_1_896' title='bbox 2792 5818 2867 5885; x_wconf 85' lang='lat' dir='ltr'><strong>ita</strong></span> <span class='ocrx_word' id='word_1_897' title='bbox 2892 5822 2998 5885; x_wconf 91' lang='lat' dir='ltr'><strong>duo</strong></span> <span class='ocrx_word' id='word_1_898' title='bbox 3025 5825 3103 5884; x_wconf 91' lang='lat' dir='ltr'><strong>illi</strong></span> <span class='ocrx_word' id='word_1_899' title='bbox 3130 5826 3367 5892; x_wconf 82' lang='lat' dir='ltr'><strong>clarissi-</strong></span> 
     </span>
    </p>
   </div>
  </div>
