3936 6196
564 311 670 368 487

1772 291 2020 351 ΞᾹΝΟΤΙ
2061 287 2320 347 lllLARll
2349 286 2667 380 'EPISCOI’I

3746 286 3839 342 488

567 425 748 496 ipsam
775 431 951 478 autem
988 435 1053 475 ex
1093 415 1268 472 solido
1298 411 1628 484 impiissimte
1668 409 2018 479 blasphemia:
2047 422 2170 479 pes-
2196 409 2252 470 Α
2275 407 2476 463 debere
2508 405 2784 477 praedicari
2813 419 2827 470 ;
2877 403 3000 476 quia
3027 403 3142 474 ipse
3170 402 3428 459 Dominus
3473 400 3636 457 dixit;
3678 400 3759 456 Ibo
3783 406 3841 457 αα

578 526 688 573 tem
719 515 912 570 invitus
936 511 1058 564 licet
1081 507 1295 563 subdidi
1321 548 1336 573 ,
1369 517 1425 560 ut
1455 503 1528 575 (ο)
1569 503 1984 573 responsionum
2013 544 2026 566 ,
2053 517 2174 570 quae

575 625 608 664 c
631 608 844 663 diverso
873 603 940 658 ab
967 599 1332 657 Orientalibus
1363 597 1552 667 positae
1581 604 1706 650 sunt
1730 635 1745 661 ,
1787 593 2090 648 absolutius
2119 599 2174 647 et

576 703 744 756 virtus
771 707 826 754 et
867 695 1004 751 ratio
1032 703 1376 760 nosceretur,
1405 691 1600 762 quibus
1633 689 1708 762 (b)
1737 688 1898 743 studii
1929 687 2068 752 fuit,
2118 698 2175 742 ut

576 789 867 848 secundum
899 787 1266 859 intelligentia:
1306 799 1418 840 suae
1447 798 1669 840 sensum
1698 781 1948 837 omnibus
1996 779 2174 836 haere-

576 889 804 944 ticorum
840 885 1044 940 artibus
1072 883 1426 940 contraircnt.

577 1020 650 1094 (ο)
681 1019 990 1092 Exemplum
1019 1017 1364 1088 Blasphemia:
1393 1013 1546 1086 Apud
1592 1012 1841 1070 Sirmium
1882 1027 1970 1082 per
1999 1009 2178 1064 Osium

837 1121 882 1166 et
912 1110 1204 1165 Potentium
1224 1107 1528 1180 conscripta:
1559 1106 1721 1180 (anno
1744 1106 1898 1177 557).

654 1248 740 1302 11.
776 1246 943 1301 Deum
972 1262 1079 1301 esse
1109 1261 1286 1299 unum.
1335 1242 1651 1298 Substantia:
1689 1258 1858 1296 vocem
1891 1243 2176 1296 tacendam.

585 1340 795 1398 Patrem
810 1341 948 1396 Filio
974 1357 1080 1396 esse
1098 1340 1366 1410 majorem.
1383 1367 1454 1378 —
1472 1355 1491 1388 ‹
1517 1336 1653 1393 Cum
1674 1337 1928 1393 nonnulla
1959 1346 2174 1406 putare-

583 1446 673 1492 tur
697 1449 819 1492 esse
847 1433 916 1489 de
941 1433 1046 1487 fide
1088 1429 1251 1504 465
1279 1429 1604 1500 disceptatio
1623 1471 1638 1494 ,
1684 1429 1972 1500 diligenter
1999 1429 2178 1483 omnia

582 1530 723 1602 apud
753 1527 1007 1585 Sirmium
1038 1535 1261 1580 tractata
1286 1533 1412 1580 sunt
1437 1533 1492 1580 et
1511 1523 1785 1588 discussa,
1821 1521 2176 1593 praesentibus

583 1620 939 1682 sanctissimis
965 1618 1219 1675 fratribus
1248 1627 1303 1674 et
1323 1617 1659 1687 coepiscopis
1683 1616 1902 1682 nostris,
1926 1615 2172 1681 Valente,

585 1716 806 1774 Ursacio
846 1722 903 1770 et
952 1712 1229 1769 Germinio
1271 1710 1374 1782 (ά).
1421 1709 1596 1766 Unum
1631 1709 1704 1781 (e)
1756 1717 1969 1764 constat
2017 1709 2183 1764 Deum

585 1821 705 1865 esse
731 1805 1157 1876 omnipotentem
1191 1802 1259 1873 (ί)
1290 1812 1345 1857 et
1371 1810 1577 1873 patrem
1605 1844 1617 1866 ,
1665 1802 1804 1857 sicut
1831 1817 1927 1872 per
1966 1801 2186 1856 univer-

2279 519 2476 578 patrem
2497 522 2668 561 meum
2704 513 2750 558 et
2777 503 2844 557 ad
2860 513 3055 576 patrem
3082 513 3323 566 vestrum,
3353 501 3422 554 ad
3447 501 3607 554 Deum
3635 517 3780 554 meum
3802 511 3842 555 et

2287 601 2355 653 ad
2381 597 2547 653 Deum
2573 606 2792 652 uestrum
2816 595 2993 669 (Joan.
3019 611 3110 660 xx,
3137 594 3249 666 17).
3301 593 3429 648 Ideo
3460 592 3692 648 omnium
3719 593 3841 649 Deus

2289 694 2366 765 (θ)
2401 708 2535 748 unus
2561 702 2644 748 est
2670 734 2684 758 ,
2714 691 2852 746 sicut
2879 689 3167 760 Apostolus
3192 687 3396 743 docuit.
3448 689 3530 740 An
3568 684 3841 741 Indicarem

2281 787 2417 842 Dens
2455 785 2703 841 tantum?
2773 799 2941 839 nonne
2997 793 3043 838 et
3090 782 3361 854 gentium?
3411 779 3528 835 Imo
3553 791 3600 835 et
3628 782 3842 852 gentium.

2283 879 2538 946 Quoniam
2564 877 2768 946 quidem
2797 893 2925 929 unus
2951 872 3089 929 Dens
3112 919 3127 940 ,
3165 875 3250 944 qui
3287 873 3364 944 (Ιι)
3385 873 3642 946 justiﬁcat
3659 875 3849 928 circum-

2282 973 2524 1025 cisionem
2545 986 2608 1024 ea:
2629 971 2750 1039 ﬁde,
2768 980 2816 1024 et
2842 969 3149 1039 pi'wputium
3168 985 3256 1038 per
3277 967 3433 1036 ﬁdem
3461 967 3636 1037 (Rom.
3665 983 3736 1032 tu,
3768 969 3848 1035 29,

2283 1062 2417 1136 50).
2467 1063 2572 1120 Sed
2618 1071 2674 1119 et
2717 1073 2911 1118 caztera
2964 1069 3370 1126 convenerunt,
3417 1074 3520 1115 nec
3572 1059 3724 1114 ullam
3763 1059 3850 1115 ha-

2285 1158 2413 1215 bere
2455 1166 2747 1229 p0tuerunt
2772 1155 3200 1226 discrepantiam.
3248 1153 3406 1223 Quod
3445 1169 3572 1211 vero
3611 1152 3672 1226 (i)
3709 1169 3851 1225 quos-

2287 1247 2409 1303 dam
2451 1258 2544 1304 aut
2572 1248 2770 1304 multos
2812 1249 3062 1304 movebat
3092 1247 3159 1302 de
3186 1247 3487 1303 substantia
3515 1288 3530 1313 ,
3560 1262 3675 1316 qua:
3699 1262 3853 1317 gncce

2290 1342 2404 1397 usia
2431 1341 2755 1412 appellatur,
2784 1341 2834 1395 id
2867 1349 2948 1397 est
2989 1337 3009 1412 (
3033 1349 3092 1394 ut
3123 1339 3441 1409 expressius
3471 1339 3852 1410 intelligatur),

2290 1433 2636 1498 bomousion,
2671 1432 2743 1508 (j)
2773 1444 2861 1487 aut
2891 1433 3034 1503 quod
3058 1417 3255 1487 dicitur
3287 1431 3651 1494 homwusion,
3679 1432 3855 1487 nullam

2288 1527 2509 1582 omnino
2538 1527 2656 1582 fieri
2709 1534 2959 1597 oportere
2999 1525 3372 1592 mentionem;
3423 1539 3525 1580 nec
3563 1539 3856 1596 queinquam

2291 1620 2586 1690 praedicare
2618 1618 2694 1690 (lc)
2723 1634 2784 1673 ea
2823 1619 2890 1674 de
2921 1633 3078 1674 causa
3111 1628 3164 1673 et
3191 1617 3400 1673 ratione
3425 1615 3570 1688 quod
3603 1633 3698 1673 nec
3723 1617 3770 1672 in
3788 1618 3858 1672 di-

2291 1712 2431 1767 vinis
2462 1711 2754 1782 Scripturis
2786 1712 3125 1766 contineatur
3145 1753 3159 1776 ,
3206 1719 3260 1764 et
3287 1709 3433 1781 quod
3459 1725 3624 1778 super
3653 1708 3857 1764 hominis

2292 1805 2571 1860 scientiam
2608 1806 2711 1870 sit,
2763 1819 2864 1861 nec
2894 1806 3177 1875 quisquam
3207 1803 3377 1873 possit
3405 1803 3730 1858 nativitatem
3755 1801 3860 1856 Filii

585 1918 705 1959 sum
735 1901 922 1957 orbem
948 1898 1218 1956 creditur:
1268 1906 1322 1953 et
1365 1897 1582 1953 unicum
1628 1896 1798 1953 filium
1841 1897 1960 1968 ejus
1999 1897 2185 1954 Jesum
2215 1867 2264 1928 Β
2291 1914 2581 1967 enarrare,
2624 1899 2691 1954 de
2726 1915 2832 1970 quo
2861 1897 3130 1968 Scriptum
3180 1907 3298 1966 est,
3346 1895 3734 1953 Gener-aliane»:
3769 1897 3862 1967 ejus

587 1995 862 2053 Christum
915 1993 1200 2049 Dominum
1247 1989 1569 2046 salvatorem
1618 1999 1903 2058 nostrum,
1955 2007 2022 2047 ex
2070 1992 2187 2064 ipso

587 2096 715 2144 ante
743 2085 939 2144 saecula
964 2085 1226 2158 genitum.
1259 2082 1404 2138 Duos
1434 2091 1612 2137 autem
1635 2081 1766 2138 deos
1788 2097 1887 2138 nec
1910 2098 2067 2153 posse
2087 2101 2190 2142 nec

703 2251 779 2321 (a)
813 2246 1213 2321 Responsiones
1241 2246 1649 2321 Ancyranorum
1675 2241 1894 2298 Patrum
1916 2258 2024 2321 non
2066 2252 2193 2298 sunt

591 2313 811 2392 quidem
866 2313 1062 2393 pense
1115 2317 1286 2393 primo
1346 2313 1536 2393 posita:
1581 2313 1839 2393 adversus
1887 2315 2188 2393 subjectum

591 2384 939 2452 Sirmiensém
971 2384 1280 2454 formulam,
1313 2384 1408 2440 sed
1440 2385 1698 2440 adversus
1726 2384 2186 2449 Eudoxii,Acacii

593 2468 930 2534 aliorumque
955 2460 1385 2534 Aetiifautorum
1401 2457 2186 2534 _Autiochizecongregatornm

592 2527 894 2594 sententias
925 2543 980 2589 et
1009 2532 1190 2597 verba,
1217 2545 1337 2600 quae
1365 2529 1433 2584 ab
1469 2527 1791 2600 Epiphanio,
1825 2529 1957 2583 lner.
1984 2544 2147 2583 Lxxut
2171 2569 2187 2596 ,

595 2627 650 2665 ιι.
681 2608 775 2676 21,
807 2605 1206 2676 describuntur.
1238 2598 1391 2676 :Quia
1429 2607 1604 2676 tamen
1637 2601 1688 2654 in
1717 2598 2104 2676 bis_l£udoxius
2129 2615 2192 2654 ac

593 2680 728 2736 socii
762 2671 904 2733 'cnm
971 2673 1250 2732 Sirmiensi
1297 2671 1521 2726 formula
1578 2671 1980 2741 congruebant,
2031 2681 2192 2740 atque

595 2751 742 2808 illius
771 2758 1050 2804 auctorum
1075 2744 1324 2813 exemplo
1355 2744 1625 2812 provocati
1656 2743 1722 2796 ad
1749 2758 1811 2798 ea
1839 2744 1889 2796 in
1917 2741 2188 2811 publicum

595 2821 923 2894 proferenda
952 2823 1190 2894 animum
1221 2814 1564 2894 adiecerant;
1597 2813 2047 2894 eadedeecreta,
2069 2828 2192 2883 qua:

595 2885 856 2950 adversus
886 2889 1111 2946 Eudoxii
1144 2897 1200 2942 et
1227 2885 1555 2940 asseclarum
1584 2885 1878 2940 sententias
1906 2900 2000 2954 per
2017 2899 2079 2939 se
2103 2900 2191 2954 po-

597 2966 701 3021 sita
728 2974 878 3031 sunt,
910 2979 1016 3016 non
1047 2959 1268 3014 dubium
1300 2965 1383 3012 est
1434 2955 1605 3027 posita
1637 2971 1756 3012 esse
1791 2955 2050 3010 adversus
2081 2953 2195 3013 Sir-

596 3038 860 3092 miensem
886 3031 1296 3101 blasphemiam.

669 3107 744 3178 (b)
772 3099 1035 3178 Expressa
1062 3109 1146 3178 est
1166 3100 1254 3156 bic
1287 3101 1342 3156 in
1366 3099 1571 3172 aliquot
1592 3115 1721 3156 mss.
1754 3099 1945 3155 vocula
1974 3099 2047 3166 id,
2073 3113 2194 3169 quae

599 3180 652 3236 in
681 3176 987 3248 potioribus
1013 3176 1286 3248 reticetur.

671 3240 744 3322 (ἐ)
779 3247 1017 3322 Titulum
1049 3244 1200 3322 hunc
1223 3245 1290 3322 ab
1317 3245 1435 3312 ipso
1465 3241 1670 3322 Hilario
1701 3241 1998 3322 praifixnm,
2055 3240 2191 3296 nihil

599 3313 690 3378 est
720 3313 817 3375 cur
857 3317 994 3387 apud
1034 3315 1385 3387 Athanasium
1415 3323 1490 3387 et_
1512 3315 1789 3387 Socratem
1833 3313 2190 3387 requiramus.

2294 1993 2409 2067 quis
2433 1994 2691 2048 enarrabit
2733 1993 2753 2067 (
2779 1993 2922 2047 Esai.
2951 2008 3062 2058 LIII,
3092 1993 3125 2048 8
3153 1990 3170 2063 )
3196 1991 3219 2046 ?
3250 1991 3404 2048 Scire
3433 2002 3612 2047 autem
3637 1989 3865 2045 manifes-

2297 2098 2408 2144 tum
2436 2097 2517 2143 est
2547 2089 2718 2144 solum
2739 2087 2952 2143 Patrem
2967 2085 3237 2158 quomodo
3253 2084 3506 2157 genuerit
3522 2084 3687 2140 filium
3707 2097 3862 2150 suum,

2365 2247 2447 2320 (τι)
2474 2246 2630 2320 Apud
2657 2247 3010 2320 Athanasium
3035 2256 3088 2320 et
3117 2245 3395 2320 socratam
3425 2243 3645 2320 additur
3669 2241 3749 2297 hic
3771 2284 3784 2304 ,
3825 2248 3866 2294 et

2295 2315 2436 2373 aliis.
2469 2315 2654 2373 Nullos
2681 2318 2814 2374 alios
2846 2318 3122 2373 Eudoxius
3169 2317 3290 2371 loco
3318 2315 3606 2372 Sozomeni
3637 2329 3753 2370 mox
3777 2327 3868 2367 me-

2300 2399 2510 2445 morato
2540 2390 2800 2444 nominat.
2851 2389 3055 2445 llnienc
3097 2387 3388 2444 conventui
3423 2385 3724 2442 interfuerit
3746 2385 3868 2438 Con-

2298 2463 2546 2525 stantius.
2584 2463 2870 2516 incertum.
2905 2461 3009 2516 Sed
3044 2462 3086 2515 si
3117 2458 3495 2522 interfuisset,
3529 2473 3704 2513 nonne
3727 2455 3868 2512 Ursa-

2293 2535 2361 2588 cii
2390 2542 2446 2589 et
2480 2533 2716 2588 Valentis
2761 2534 3019 2588 intererat
3044 2543 3103 2587 ut
3127 2531 3178 2586 id
3210 2531 3548 2586 declararent
3577 2573 3592 2596 ,
3639 2545 3737 2601 quo
3780 2533 3868 2586 for-

2294 2606 2454 2660 mula:
2481 2621 2592 2660 suae
2625 2605 2912 2659 accederet
2941 2603 3278 2658 auctoritatis
3305 2603 3512 2658 robur?
3540 2603 3623 2656 An
3647 2618 3766 2657 vero
3785 2604 3865 2660 hoc

2297 2686 2528 2741 tacuere,
2560 2687 2614 2730 ut
2637 2676 2933 2730 Catholicis
2959 2676 3132 2730 solum
3165 2673 3276 2729 Osii
3311 2690 3506 2730 nomen
3540 2673 3868 2743 magisimpo-

2297 2755 2449 2802 nerct
2470 2747 2492 2800 ?
2517 2747 2677 2802 Certe
2709 2748 2971 2801 interesse
3004 2747 3196 2817 potuit,
3221 2746 3309 2814 qui
3329 2763 3472 2800 anno
3487 2744 3614 2811 557,
3639 2745 3860 2817 Sirmium

2296 2819 2379 2872 bis
2423 2819 2718 2874 accessisse
2771 2816 3351 2889 legitur.Ammianns
3394 2818 3615 2889 quippe,
3641 2816 3727 2870 lib.
3756 2833 3867 2883 xvi,

2300 2891 2529 2954 scribit,
2562 2887 2934 2944 Constantium
2962 2888 2996 2942 4
3039 2888 3146 2943 kal.
3199 2889 3379 2956 iunias
3417 2889 3485 2942 ab
3508 2887 3652 2944 Urbe
3683 2891 3866 2956 profec-

2305 2969 2414 3032 tum
2449 2977 2541 3030 per
2567 2960 2882 3016 Tridentum
2937 2963 2987 3014 in
3056 2960 3481 3032 Illyricumhiter
3516 2959 3787 3032 festinasse
3814 2975 3865 3014 ac

2305 3029 2561 3088 Sirmium
2612 3033 2845 3088 venisse.
2913 3029 3144 3086 Rursum
3200 3029 3380 3085 Sirmii
3443 3046 3565 3085 eum
3621 3031 3868 3086 exstitisse

2303 3119 2490 3158 mense
2515 3104 2812 3165 decembri,
2849 3104 3008 3157 fidem
3039 3103 3164 3157 facit
3193 3102 3313 3156 data
3338 3102 3406 3157 ab
3434 3118 3500 3156 co
3529 3104 3612 3156 lex
3667 3101 3730 3155 2'7
3757 3103 3864 3156 Cod.

2305 3175 2541 3241 Theod.,
2577 3176 2643 3230 de
2672 3175 3096 3245 Apellationibns
3120 3192 3136 3237 ;
3159 3189 3279 3229 cum
3310 3173 3633 3228 intermedio
3659 3181 3869 3242 tempore

2304 3245 2585 3301 Mediolani
2629 3263 2750 3301 eum
2783 3255 3044 3302 moratum
3076 3261 3197 3301 esse
3228 3255 3406 3314 pateat
3433 3260 3500 3299 ex
3529 3245 3690 3300 variis
3720 3245 3868 3315 legum

2306 3318 2808 3387 subseriptionibus.
2855 3317 2972 3373 Jain
3010 3316 3077 3371 de
3109 3325 3354 3387 tempore
3384 3315 3542 3383 hujus
3572 3315 3790 3388 synodi,
3814 3331 3868 3369 an

602 3383 913 3463 Subjectam
950 3395 1128 3442 autem
1158 3385 1438 3463 formulam
1458 3385 1618 3463 Qsius
1639 3400 1744 3438 non
1786 3393 1892 3438 tam
1917 3383 2196 3463 scripsisse
2224 3386 2270 3449 C
2304 3390 2501 3463 medio,
2522 3383 2600 3463 an
2629 3400 2858 3463 exeunte
2885 3389 2988 3445 hoc
3017 3404 3157 3463 anno
3189 3383 3582 3463 habitafuerit,
3602 3383 3868 3457 'qureritur.

604 3453 872 3536 putandus
895 3470 998 3536 est,
1035 3473 1192 3526 quam
1213 3457 1727 3536 sub_s_criptione_s_ua
1759 3453 2152 3536 ramin_fecisse
2179 3471 2192 3508 :

601 3525 657 3592 et
684 3536 784 3591 hoc
805 3577 819 3601 ,
863 3531 937 3587 uti
967 3525 1133 3586 testes
1156 3541 1281 3601 sunt
1311 3525 1585 3601 Socrates,
1619 3526 1713 3580 lib.
1736 3541 1797 3593 ιι,
1821 3541 1870 3578 c.
1896 3525 1984 3588 51,
2019 3540 2081 3580 ac
2098 3525 2195 3601 Sq-

602 3596 877 3669 zomenus,
905 3603 998 3658 lib.
1029 3618 1102 3665 tv,
1134 3615 1181 3656 c.
1214 3599 1248 3655 6
1269 3606 1323 3655 et
1346 3598 1435 3665 12,
1455 3598 1505 3652 vi
1533 3596 2198 3669 tormentorumcompul-

601 3693 718 3744 sus,
741 3685 797 3731 et
820 3666 879 3730 ut
905 3671 1174 3744 Sulpicius
1203 3669 1583 3744 Severus,_lib.
1614 3683 1674 3744 tt,
1699 3683 1762 3722 ex
1790 3667 2013 3744 perditis
2049 3666 2201 3722 llila-

602 3749 670 3803 rii
698 3737 942 3817 epistolis
970 3737 1168 3817 tradit,
1212 3741 1522 3817 centenario
1556 3739 1757 3817 _r_najo.r.
1808 3737 1970 3817 Forte
2019 3746 2196 3817 tamen

604 3809 874 3874 eam'Osii
914 3829 1035 3871 esse
1075 3813 1198 3868 ideo
1227 3811 1508 3882 scripserit
1553 3810 1823 3882 Hilarius,
1857 3811 1982 3882 quia
2034 3809 2200 3882 ipsius

605 3889 824 3944 nomine
847 3887 993 3943 illam
1020 3880 1470 3940 circumferebant
1496 3881 1700 3936 Ariani.
1725 3881 1930 3948 Quade
1958 3896 2014 3935 re
2041 3880 2201 3936 Plite—

607 3961 794 4016 badius
824 3960 1010 4030 Agenn
1037 3972 1050 4009 :
1079 3955 1199 4009 Non
1227 3969 1340 4008 sum
1368 3954 1639 4030 nescius...
1673 3953 2010 4030 antiquissimi
2031 3967 2201 4004 sacer-

605 4032 741 4086 dotis
766 4041 818 4086 et
847 4023 1098 4101 p'rontpta:
1125 4041 1323 4096 semper
1350 4025 1473 4101 ﬁdei
1497 4023 1610 4101 Qsii
1650 4039 1833 4101 nomen
1859 4026 2002 4092 quasi
2023 4039 2199 4101 quem-

607 4105 726 4159 dam
752 4104 806 4157 in
833 4094 926 4157 nos
954 4094 1162 4155 arietem
1191 4094 1481 4170 temperari.
1514 4094 1950 4170 Quiintmissum
1973 4097 2199 4170 arietem

605 4175 900 4247 prudenter
927 4179 1203 4247 retorquet
1226 4166 1308 4223 his
1337 4168 1515 4247 verbis
1541 4166 1644 4247 {Si
1675 4166 1951 4247 nonaginta
1978 4167 2082 4247 fere
2108 4181 2202 4218 an-

606 4237 687 4301 nis
705 4247 837 4300 male
851 4243 1067 4299 credidit
1091 4237 1110 4308 ξ
1131 4251 1243 4309 post
1266 4241 1543 4311 nonaginta
1568 4237 1868 4311 illnntrecte
1885 4237 2198 4311 sentirelton

607 4318 830 4371 credam.
851 4307 1108 4370 Eamdem
1132 4307 1262 4367 Osio
1283 4307 1606 4380 adscriptam
1629 4309 1828 4380 vidisse
1849 4307 2059 4380 videtur
2081 4307 2201 4377 Epi-

608 4387 861 4458 phanius,
912 4385 1043 4438 hzer.
1073 4397 1258 4449 Lxstn,
1290 4399 1343 4436 ιι.
1380 4378 1478 4458 11,
1502 4380 1593 4458 ubi
1623 4381 1696 4458 ait
1725 4396 1736 4432 :
1773 4378 2056 4458 Ecclesium
2080 4395 2201 4432 con-

609 4451 848 4513 demnare
873 4472 926 4509 se
946 4471 1095 4526 posse
1122 4463 1364 4524 putarunt
1411 4453 1474 4526 iis
1503 4453 1713 4526 litteris,
1744 4468 1870 4522 quas
1897 4451 1960 4526 ab
1990 4465 2203 4526 venera-

611 4529 697 4584 bili
723 4520 960 4600 episcOpo
993 4520 1246 4600 Osio'per‘
1277 4524 1511 4600 fraudem
1548 4520 1886 4600 abstulerunt,
1917 4523 1971 4576 in
2022 4520 2203 4590 quibus

609 4593 874 4656 dissimilis
897 4593 1116 4652 essentia
1147 4593 1350 4666 legitur.
1378 4594 1472 4647 Cui
1495 4593 1814 4666 suffragatur
1841 4595 2201 4666 Soeonienus,

609 4672 702 4728 lib.
728 4688 803 4740 tv,
835 4686 884 4724 c.
919 4669 1006 4723 12.
1032 4663 1303 4740 Interjeos
1333 4679 1546 4734 quoque
1567 4663 1886 4740 ,__qui__hai5:
1918 4663 2202 4740 formulam

609 4733 1073 4808 conscripserunt,
1102 4736 1288 4793 Osium
1318 4733 1564 4790 recenset
1592 4733 1814 4804 Vigilins
1835 4734 2024 4808 T_aps.,
2046 4733 2139 4808 lib.
2172 4749 2204 4787 v

610 4826 798 4870 contra
824 4804 1232 4884 Eutycb.:lllins
1247 4816 1425 4862 tamen
1451 4817 1700 4884 auctores
1723 4805 2028 4884 principuos
2042 4804 2205 4884 fuisse

613 4885 890 4944 Ursacium
910 4875 950 4948 ,⁷
983 4881 1263 4938 Valentem
1287 4921 1303 4947 ,
1349 4888 1507 4948 atque
1534 4875 1832 4948 Potamium
1878 4875 2206 4932 thbadius

612 4974 718 5013 nou
751 4947 978 5013 obscure
1003 4951 1290 5024 significat.
1325 4947 1440 5004 nuc
1467 4957 1676 5024 spectat
1695 4947 1835 5024 illud
1864 4948 2160 5024 Δδοιριιιεειιί
2189 4987 2203 5010 ,

611 5029 705 5086 lib.
738 5045 814 5096 tv,
846 5043 896 5082 c.
928 5025 1016 5091 12,
1047 5018 1191 5094 quod
1218 5038 1338 5096 cum
1369 5021 1651 5096 agentibus
1695 5018 1946 5096 Ursacio,
1981 5018 2206 5096 Valente

611 5111 664 5156 et
695 5090 971 5158 Germinio
991 5090 1356 5151 eonsensisset
1383 5093 1562 5155 Osins,
1591 5099 1647 5145 ut
1669 5106 1842 5161 neque
1882 5090 2200 5146 bomousion

614 5187 790 5242 neque
831 5167 1172 5242 bomoeusion
1203 5173 1554 5242 usurparetur
1581 5205 1596 5229 ,
1624 5170 1734 5242 etc.
1759 5180 1770 5216 :
1793 5161 1874 5217 Ad
1899 5172 2204 5242 com-utpote

611 5232 838 5314 qui-Osii
888 5256 1042 5314 super
1079 5255 1138 5293 ea
1166 5254 1226 5314 re
1270 5232 1459 5291 litteras
1503 5235 1901 5314 capi'essissent,
1935 5232 2204 5314 epistolam

612 5303 752 5369 misit
783 5303 1075 5375 Eudoiius,
1098 5308 1288 5390 gratias
1315 5303 1729 5390 agenslValenti,
1764 5303 2204 5390 Ursacio‘etyer-

612 5387 790 5450 minio,
813 5375 1394 5452 eorumque—ministerio
1429 5377 1757 5452 adscribens,
1789 5376 1924 5446 quod
1955 5375 2204 5452 Occiden-

614 5457 741 5512 tales
768 5447 898 5510 recte
920 5447 1181 5509 sentirent.
1211 5450 1432 5505 Densum
1458 5448 1693 5504 Hilarius
1722 5449 1856 5518 ipse,
1884 5463 2008 5503 cum
2032 5447 2127 5501 lib.
2150 5447 2201 5500 in

616 5529 926 5591 Constant.,
952 5543 1005 5578 ιι.
1029 5523 1134 5588 24,
1166 5521 1408 5591 ejusdem
1442 5519 1685 5591 formula:
1712 5521 1852 5575 dicta
1873 5519 2207 5591 deliramenta

619 5597 732 5651 Osii
757 5607 804 5652 et
831 5587 1138 5650 incrementa
1171 5587 1370 5647 Ursacii
1395 5600 1443 5646 et
1487 5589 1708 5662 Valentis
1739 5600 2010 5662 nuncupat
2035 5631 2050 5656 ,
2074 5587 2202 5660 quid

616 5667 722 5723 sibi
761 5667 873 5722 vult
922 5666 1066 5722 aliud
1097 5705 1113 5729 ,
1146 5663 1251 5719 nisi
1281 5678 1402 5720 eam
1430 5662 1498 5718 ab
1526 5661 1655 5718 Osio
1704 5661 2012 5732 quideiu’ex
2052 5669 2207 5732 parte

616 5739 909 5869 ῗὲἶέβέεξοω,
965 5735 1034 5791 ab
1071 5733 1297 5793 Ursacio
1337 5742 1516 5792 autem
1556 5742 1611 5790 et
1656 5733 1881 5792 Valente
1920 5733 2201 5792 adauctam

727 5824 750 5861 S
807 5847 818 5861 .

727 5824 818 5861 SC!

2305 3461 2379 3515 Ex
2409 3460 2596 3516 llilarii
2623 3461 2804 3516 verbis
2841 3476 2902 3516 ea
2932 3463 3071 3515 inter
3115 3459 3253 3514 hanc
3282 3469 3338 3514 et
3364 3460 3705 3530 Ancyranam
3734 3473 3871 3530 syno-

2299 3532 2425 3587 dum
2470 3532 2631 3587 debet
2671 3531 3005 3588 intercedere
3041 3531 3298 3599 temporis
3325 3547 3496 3597 mora,
3531 3540 3590 3584 ut
3619 3530 3872 3586 commode

2302 3603 2534 3671 potuerit
2585 3603 2727 3658 illius
2757 3603 2984 3660 formula
3015 3603 3066 3657 in
3099 3601 3302 3658 Gallias
3339 3603 3612 3672 deportari
3640 3643 3655 3668 ,
3701 3601 3872 3657 deinde

2299 3673 2702 3746 Gallicanorum
2733 3676 3108 3746 episcOporum
3136 3675 3422 3746 convocari
3451 3672 3868 3746 synodus,hujus

2300 3745 2491 3816 synodi
2518 3744 2732 3801 decreta
2763 3743 2814 3801 in
2857 3743 3037 3800 Asiam
3064 3748 3130 3800 ad
3176 3745 3440 3800 llilarium
3467 3743 3495 3810 ,⁷
3515 3753 3564 3799 et
3598 3745 3666 3800 ab
3694 3743 3870 3816 Hilario

2301 3814 2366 3871 ad
2412 3815 2713 3889 orientales
2742 3817 2966 3889 perferri
2993 3859 3006 3883 ,
3050 3818 3140 3886 qui
3168 3816 3442 3872 Gallorum
3471 3817 3718 3889 exemplo
3746 3814 3874 3871 exci-

2305 3889 2418 3952 tati,
2453 3886 2790 3960 Ancyranain
2825 3889 3091 3960 synodum
3123 3889 3416 3960 coegerint.
3465 3886 3726 3953 Quocirca
3770 3901 3874 3957 pro-

2304 3959 2532 4014 babilior
2558 3970 2642 4014 est
2682 3959 2947 4016 sententia
2980 3975 3164 4014 eorum
3191 4000 3207 4026 ,
3255 3959 3347 4028 qui
3398 3959 3541 4014 hunc
3577 3966 3874 4014 conventum

2301 4031 2654 4088 Sirmienscm
2709 4031 2855 4088 circa
2910 4031 3144 4086 medium
3205 4045 3408 4086 annum
3477 4030 3584 4088 557
3663 4029 3874 4086 habitum

2303 4109 2546 4159 censent.

2381 4172 2454 4246 (e)
2508 4172 2565 4227 In
2595 4173 2784 4244 graccis
2813 4173 3221 4246 exemplaribus
3242 4172 3526 4230 Athanasii
3549 4183 3602 4229 et
3625 4172 3873 4237 Socratis,

2304 4243 2647 4311 συὺέάτηκειῑ,
2694 4245 2940 4300 constitit.
2979 4243 3315 4301 lihmbadius
3346 4255 3528 4302 tamen
3553 4259 3674 4301 cum
3714 4254 3876 4300 nostro

2304 4317 2513 4373 Hilario
2543 4317 2671 4387 legit
2692 4325 2910 4372 constat.

2382 4386 2450 4460 (ί)
2473 4387 2574 4460 Sic
2600 4386 2728 4460 mss.
2781 4389 2852 4443 At
2893 4387 3241 4460 particulaiet
3285 4388 3338 4444 in
3371 4389 3607 4460 vulgatis
3633 4430 3648 4456 ,
3692 4401 3875 4444 necnon

2306 4459 2444 4530 apud
2471 4459 2764 4525 Phtebad.,
2799 4460 3057 4514 Athanas.
3087 4468 3139 4515 et
3159 4459 3368 4516 Socrat.
3395 4459 3747 4516 desideratur.

2306 4601 2339 4656 b
2380 4530 2456 4656 (lg)
2506 4530 2832 4588 Athanasius
2874 4543 2928 4586 et
2972 4531 3221 4587 Socrates
3254 4549 3361 4588 non
3391 4533 3700 4603 exprimunt
3732 4541 3870 4584 voca-

2346 4618 2377 4656 ιι
2407 4618 2492 4655 um
2525 4619 2678 4656 unus.

2346 4618 2492 4656 lllllm
2525 4619 2678 4658 unus.

2382 4672 2462 4745 (h)
2493 4673 2562 4746 In;
2581 4674 2876 4742 potioribus
2907 4690 3038 4730 mss.
3064 4674 3388 4746 justiﬁcavit.
3435 4672 3570 4730 Cum
3603 4668 3871 4746 graecebzi—

2233 4769 2283 4828 ι)
2311 4740 2498 4828 beatur
2526 4740 2846 4828 simam,
2903 4762 3003 4801 nec
3051 4740 3339 4828 quidquam
3386 4747 3440 4802 in
3488 4740 3872 4828 antiquis‘libiis

2311 4816 2607 4872 solemnius
2659 4819 2749 4883 sit,
2782 4834 2940 4887 quam
2965 4829 3023 4871 ut
3047 4817 3075 4870 ιτ
3108 4819 3161 4872 in
3183 4815 3216 4872 ιὶ
3255 4828 3518 4886 mutetur,
3541 4818 3690 4873 facile
3707 4815 3871 4872 damus

2310 4887 2592 4958 legendum
2623 4903 2743 4944 esse
2759 4889 3088 4958 justificabit.

2385 4979 2450 5054 (i)
2483 4981 2630 5050 Lips.
2657 4993 2709 5036 et
2739 4982 2887 5047 Par.,
2917 4983 3169 5051 quosdam
3207 4983 3346 5038 haud
3379 4985 3586 5040 multos.
3628 4983 3726 5039 Alii
3762 4993 3870 5035 vero

2310 5052 2429 5128 libri
2477 5054 2728 5128 quosdam
2771 5063 2858 5108 aut
2912 5055 3142 5110 multos:
3188 5058 3332 5126 quod
3373 5056 3539 5128 graeci
3587 5059 3867 5115 verterunt,

2308 5125 2526 5187 πολλούς
2548 5147 2709 5186 τινας.

2382 5216 2461 5291 (ἀλ)
2489 5215 2580 5272 Sic
2609 5217 2842 5288 Optimus
2871 5217 3040 5274 codex
3071 5217 3229 5275 Colb.
3253 5234 3374 5274 cum
3399 5218 3586 5276 Germ.
3610 5221 3777 5291 sicque
3803 5216 3865 5291 le:

2304 5285 2538 5362 gendum
2565 5285 2777 5362 constat
2815 5306 2881 5346 ex
2921 5291 3113 5360 graecis
3151 5291 3571 5362 exemplaribus.
3610 5296 3675 5346 At
3699 5285 3868 5357 vulgati

2308 5359 2610 5414 bomousion
2647 5361 2781 5431 quod
2813 5359 3001 5416 dicitur
3037 5371 3126 5416 aut
3149 5359 3486 5418 homwusion.
3537 5363 3691 5419 Deest
3715 5369 3867 5431 autem

2308 5433 2361 5486 in
2397 5446 2526 5506 mss.
2557 5428 2746 5506 Carm,
2774 5432 2935 5489 Corb.
2967 5448 3030 5490 ac
3052 5434 3292 5505 pluribus
3317 5434 3437 5491 aliis
3455 5477 3471 5503 ,
3499 5433 3738 5506 autquod
3760 5428 3869 5484 dici-

2309 5510 2390 5556 tur
2420 5502 2753 5558 Itomaeusion.

2383 5591 2461 5667 (It)
2491 5593 2649 5664 Bad.,
2678 5595 2772 5650 Er.
2802 5605 2862 5652 et
2891 5595 3035 5660 Min,
3062 5598 3240 5654 eadem
3278 5615 3388 5655 esse
3416 5596 3796 5667 ratione;Lips.
3824 5599 3867 5647 et

2311 5665 2470 5732 Par.,
2518 5683 2578 5720 ea
2626 5668 2688 5722 de
2731 5683 2890 5722 causa
2930 5669 3160 5726 ratione:
3207 5671 3562 5728 emendantur
3597 5686 3661 5726 ex
3687 5665 3866 5724 uisset

2310 5752 2484 5808 graeca
2510 5739 2758 5796 versione
2785 5738 2869 5799 διὰ
2907 5742 3100 5800 ταύτην
3141 5748 3232 5803 τήν
3274 5744 3439 5802 αἰτίαν
3482 5746 3567 5802 καὶ
3611 5741 3693 5800 διὰ
3715 5744 3864 5797 τοῦτον

2311 5811 2395 5867 τὸν
2417 5810 2676 5885 λογισμόν.
