3936 6196
91 229 129 284 4
138 230 221 288 89

92 443 292 510 gnitas
325 453 439 509 est,
472 447 732 516 majorem
762 467 885 507 esse
915 454 1154 512 Patrem.
1200 460 1340 516 Nulli
1386 475 1566 533 potest
1610 467 1711 523 du-

94 535 262 591 bium
301 553 416 594 esse
440 580 456 606 ,
484 539 700 598 Patrem
735 544 940 602 honore
965 591 979 612 ,
1010 549 1300 622 dignitate,
1338 556 1413 629 (n)
1444 559 1712 627 claritate,

93 633 410 701 majestate,
443 643 498 689 et
522 633 640 705 ipso
668 639 885 695 nomine
912 642 1080 709 patris
1104 645 1362 715 majorem
1393 665 1512 705 esse
1540 651 1712 721 Filio,

96 722 227 792 ipso
257 733 504 792 testante,
541 727 734 794 Quinte
758 732 918 800 misit,
948 739 1117 807 major
1135 755 1214 792 me
1237 750 1308 793 est
1348 739 1549 812 (Joan.
1581 759 1672 800 xw
1695 787 1708 812 ,

95 815 222 886 28).
248 817 314 872 Et
340 817 441 874 hoc
462 822 788 880 catholicum
818 843 962 895 esse,
988 845 1148 885 nemo
1174 832 1404 902 ignorat,
1430 835 1564 894 duas
1595 855 1714 908 per-

99 924 278 966 sonas
318 927 435 968 esse
465 915 642 972 Patris
686 926 741 972 et
771 918 888 974 Filii
920 963 932 986 ,
977 924 1231 993 majorem
1265 925 1430 1000 466
1456 929 1666 986 Patrem
1694 974 1709 1001 ,

99 1003 304 1060 Filium
337 1005 410 1079 (ὁ)
442 1008 746 1077 subjectum
772 1028 892 1069 cum
925 1018 1176 1073 omnibus
1210 1019 1292 1076 his
1317 1039 1433 1090 qua:
1464 1023 1564 1093 ipsi
1607 1025 1712 1080 Pa-

98 1107 185 1153 ter
215 1099 466 1169 subjecit.
501 1101 718 1160 Patrem
751 1106 960 1162 initium
984 1125 1091 1164 non
1123 1111 1358 1179 habere,
1385 1115 1712 1174 invisibilem

97 1208 264 1258 esse,
305 1195 667 1252 immortalem
698 1213 852 1267 esse,
887 1198 959 1271 (c)
1000 1204 1384 1273 impassibilem
1436 1224 1576 1264 esse.
1631 1209 1711 1266 Fi-

99 1283 238 1340 lium
269 1297 444 1342 autem
475 1299 658 1344 natum
689 1307 809 1348 esse
837 1309 901 1348 ex
928 1295 1106 1361 Patre,
1142 1297 1309 1352 Dennt
1341 1315 1410 1356 ex
1443 1301 1556 1357 Deo
1582 1344 1596 1369 ,
1627 1303 1712 1357 ln-

102 1392 232 1432 men
266 1393 333 1433 ex
370 1380 594 1435 lumine.
625 1379 789 1452 Cujus
819 1383 944 1441 Filii
977 1390 1378 1457 generationem
1417 1433 1430 1456 ,
1487 1403 1544 1448 ut
1587 1404 1714 1451 ante

99 1471 313 1527 dictum
343 1485 445 1543 est,
481 1476 752 1532 neminem
783 1479 920 1535 scire
947 1482 1048 1535 nisi
1079 1483 1292 1539 Patrem
1316 1501 1493 1540 suum.
1531 1489 1708 1559 Ipsum

101 1575 289 1622 autem
313 1565 507 1622 Filium
538 1568 632 1624 Dei
665 1570 952 1627 Dominum
977 1583 1031 1628 et
1056 1575 1218 1630 Deum
1255 1579 1518 1645 nostrum,
1555 1581 1712 1637 sienti

103 1659 307 1730 legitur
329 1703 342 1725 ,
374 1675 594 1718 carnem
625 1663 707 1718 vel
737 1678 954 1734 corpus,
999 1666 1050 1720 id
1079 1677 1181 1733 est,
1224 1667 1500 1726 hominem
1530 1686 1715 1730 susce-

891 241 1096 300 LIBER
1140 245 1226 302 DE
1255 247 1562 323 SYNODIS,
1605 251 1735 311 SEU
1779 253 1867 313 DE
1913 258 2068 319 FIDE
2106 259 2606 326 ORIENTALIUM.

97 361 158 402 et
194 348 392 403 Filium
425 352 699 420 quomodo
723 357 936 425 genitus
965 363 1084 416 sita
1115 365 1289 421 Patre.
1343 369 1495 424 Nulla
1540 373 1709 429 ambi-
1738 377 1785 436 Α
1816 378 2189 438 condiderunt.
2223 383 2328 440 Sed

3315 285 3421 343 490

2351 385 2472 456 quia
2501 387 2751 459 frequens
2781 391 2937 450 nobis
2963 400 3295 469 nuncupatio
3324 417 3417 458 es-

1818 473 2009 526 sentize
2041 489 2103 528 ac
2131 478 2450 538 substantiae
2481 483 2782 538 necessaria
2810 494 2931 552 est;
2980 493 3418 559 cognoscendum

1820 574 1905 619 est
1935 566 2061 636 quid
2089 568 2622 638 signiﬁcetessentia
2649 616 2664 640 ,
2718 592 2786 632 ne
2834 578 2904 633 dc
2946 581 3109 636 rebus
3147 583 3420 654 locuturi,

1820 671 1933 711 rem
1966 659 2251 715 verborum
2281 664 2608 721 nesciamus.
2657 669 2901 725 Essentia
2941 682 3025 728 est
3051 690 3139 729 res
3167 691 3290 747 qua:
3317 687 3420 746 est,

1821 748 1908 802 vel
1942 748 2020 821 (ι’)
2052 766 2121 806 ex
2158 753 2353 822 quibus
2383 765 2460 810 est
2488 798 2502 822 ,
2555 766 2608 812 et
2651 775 2771 829 qua:
2819 763 2870 816 in
2917 779 2982 818 eo
3021 765 3164 835 quod
3209 779 3425 826 maneat

1818 841 2083 897 subsistit.
2127 844 2240 924 Diei
2271 858 2449 904 autem
2479 851 2712 906 essentia
2740 895 2754 919 ,
2783 864 2837 910 et
2865 867 3054 914 natura
3083 901 3096 923 ,
3129 871 3183 916 ct
3213 877 3380 932 genus
3405 906 3421 932 ,

1818 943 1869 988 et
1893 935 2192 992 substantia
2221 941 2645 1014 uniuscujusque
2667 947 2744 1001 rei
2780 951 2995 1018 poterit.
3051 952 3276 1024 Proprie
3325 972 3423 1011 au-

1820 1035 1925 1081 tem
1959 1031 2192 1085 essentia
2228 1030 2430 1088 idcirco
2461 1033 2534 1106 (g)
2563 1046 2644 1092 est
2677 1035 2818 1094 dicta
2844 1083 2860 1108 ,
2903 1043 3025 1112 quia
3072 1061 3289 1117 semper
3313 1058 3418 1106 est.

1819 1117 1948 1186 Quae
1979 1120 2182 1177 idcirco
2213 1125 2374 1179 etiam
2407 1126 2705 1183 substantia
2739 1143 2822 1186 est
2845 1177 2858 1199 ,
2891 1135 3018 1204 quia
3047 1152 3133 1191 res
3163 1154 3280 1210 qua:
3313 1149 3416 1205 est,

1816 1208 1978 1284 467
2010 1229 2232 1271 necesse
2261 1227 2343 1272 est
2370 1217 2625 1275 subsistat
2657 1222 2708 1276 in
2739 1239 2898 1289 sese;
2951 1208 3208 1298 quidquid
3238 1243 3416 1288 autem

1817 1303 2104 1375 subsistit,
2159 1307 2278 1364 sine
2319 1309 2486 1366 dubio
2519 1312 2569 1367 in
2618 1330 2820 1385 genere
2850 1319 2934 1373 vel
2965 1331 3154 1376 natura
3184 1323 3268 1378 vel
3296 1326 3424 1380 sub-

1818 1401 2014 1454 stantia
2047 1411 2284 1456 maneat.
2308 1402 2441 1459 Cum
2474 1421 2604 1478 ergo
2627 1410 2919 1465 essentiam
2953 1410 3184 1467 dit-imus
3213 1417 3421 1485 signiti—

1817 1504 1941 1545 care
1967 1502 2211 1547 naturam
2237 1495 2320 1549 vel
2343 1510 2514 1565 genus
2551 1499 2635 1555 vel
2659 1500 3038 1573 substantiam,
3069 1505 3425 1579 intelligimus

1817 1581 1933 1650 ejus
1983 1583 2063 1640 rei
2107 1601 2228 1654 qua:
2259 1586 2311 1641 in
2347 1587 2429 1644 his
2465 1592 2718 1654 omnibus
2746 1609 2961 1663 semper
2989 1611 3111 1653 esse
3139 1600 3420 1656 subsistat.

1817 1672 1971 1729 Nunc
1997 1675 2158 1746 igitur
2186 1681 2534 1752 praescriptas
2563 1683 2631 1739 ab
2660 1684 3023 1744 Orientalibus
3056 1690 3176 1748 ﬁdei
3227 1692 3422 1751 deﬁni-

106 1755 255 1824 pisse
284 1769 352 1809 ex
379 1765 535 1810 utero
566 1755 788 1827 virginis
821 1756 1000 1812 Maria:
1032 1800 1045 1823 ,
1078 1758 1216 1814 sicut
1245 1761 1483 1831 Angelus
1511 1762 1711 1833 przcdi-
1742 1778 1790 1838 Β
1819 1768 1992 1824 tiones
2019 1768 2097 1842 (lt)
2131 1787 2535 1831 rceenseamus.

105 1850 252 1902 cavit
273 1847 424 1920 (an.
459 1865 497 1914 ι,
523 1845 636 1920 51).
668 1849 738 1905 Ut
757 1858 936 1906 autem
963 1851 1256 1923 Scripturze
1279 1868 1468 1910 omnes
1493 1854 1711 1922 docent,

107 1952 160 1996 et
194 1943 464 2012 praecipue
493 1942 608 2014 ipse
638 1943 893 2014 magister
922 1945 1159 2014 gentium
1193 1946 1506 2018 Apostolus,
1540 1947 1714 2003 homi-

109 2050 234 2090 nem
264 2038 574 2107 suscepisse
603 2037 670 2093 de
717 2037 879 2093 Maria
913 2038 1132 2110 Virgine
1156 2083 1171 2108 ,
1225 2057 1319 2111 per
1357 2058 1515 2112 quem
1567 2059 1714 2099 com-

111 2146 304 2199 passus
331 2142 433 2187 est.
467 2132 561 2188 Illa
586 2143 761 2188 autem
809 2133 889 2206 (tl)
913 2135 1152 2190 clausula
1195 2147 1278 2192 est
1309 2139 1472 2194 totius
1511 2138 1630 2195 ﬁdei
1661 2147 1716 2195 et

111 2222 200 2278 illa
228 2225 594 2293 conﬁrmatio,
628 2225 770 2296 quod
801 2227 1039 2284 Trinitas
1069 2245 1286 2301 semper
1312 2231 1579 2286 servanda
1608 2241 1711 2297 est,

112 2316 250 2371 sicut
289 2317 518 2389 legimus
569 2318 622 2372 in
655 2319 980 2390 livangclio:
1031 2319 1113 2375 Ite
1149 2331 1196 2375 et
1245 2321 1498 2392 baptizate
1540 2340 1714 2378 omnes

112 2422 284 2482 gentes
335 2412 389 2466 in
445 2414 648 2468 nomine
696 2413 869 2468 Patris
912 2423 960 2468 et
1001 2413 1130 2470 Filii
1174 2426 1222 2470 et
1269 2415 1499 2488 Spiritus
1551 2417 1716 2472 sancti

114 2504 332 2576 (Matth.
367 2523 560 2573 xxvnt,
585 2508 695 2579 i9).
740 2508 984 2579 Integer,
1019 2509 1287 2580 perlectus
1316 2526 1571 2566 numerus
1595 2510 1712 2566 Tri-

116 2601 302 2656 nitatis
332 2609 440 2657 est.
478 2599 551 2674 (e)
584 2601 895 2660 Paracletus
924 2614 1101 2660 autem
1130 2604 1362 2675 Spiritus
1391 2621 1487 2676 per
1515 2605 1712 2660 Filium

117 2705 236 2762 e5t',
269 2695 361 2767 qui
386 2697 586 2753 missus
610 2699 756 2753 venit
782 2698 932 2768 juxta
965 2698 1308 2769 promissum,
1341 2707 1397 2754 ut
1424 2700 1715 2771 Apostolus

115 2798 166 2844 ct
191 2805 382 2846 omnes
413 2791 698 2847 credentes
725 2792 1038 2858 instrueret,
1061 2793 1303 2858 doceret,
1327 2793 1709 2860 sanctiﬁearet.

185 2885 277 2939 12.
327 2884 566 2941 Essentia
594 2896 641 2941 et
670 2887 953 2941 substantia
987 2887 1132 2958 quid.
1163 2886 1439 2959 Ancyrana
1469 2888 1717 2959 Synodus

115 2994 231 3034 ann.
250 2980 380 3036 558.
417 2978 585 3035 Filius
613 2991 668 3034 ut
693 2981 862 3052 imago
893 2998 992 3035 non
1013 2981 1123 3037 solo
1151 2983 1353 3037 nomine
1380 2983 1514 3039 alius
1540 2999 1571 3036 a
1604 2981 1713 3036 Pa-

119 3082 204 3125 tre.
234 3103 309 3112 ——
335 3073 432 3128 llis
458 3074 643 3145 itaque
674 3083 751 3130 tot
779 3084 834 3132 et
861 3075 1022 3130 tantis
1042 3075 1334 3146 impietatis
1364 3074 1719 3144 professioni-

1891 1861 1931 1915 l.
1973 1879 1992 1913 ι
2031 1861 2085 1918 Si
2129 1863 2251 1934 quis
2298 1865 2525 1922 audiens
2573 1867 2862 1942 imaginem
2915 1889 3034 1930 esse
3083 1874 3277 1934 Filium
3329 1879 3424 1936 Dei

1819 1954 2104 2011 invisibilis
2130 1998 2146 2022 ,
2195 1957 2337 2014 idem
2365 1959 2511 2016 dicat
2537 1977 2658 2018 esse
2687 1962 2976 2037 imaginem
3008 1969 3102 2025 Dei
3129 2011 3145 2037 ,
3189 1972 3332 2042 quod
3369 1982 3426 2028 et

1819 2049 1984 2105 Deum
2017 2050 2342 2108 invisibilem
2371 2072 2384 2109 :
2437 2057 2589 2126 quasi
2621 2073 2728 2114 non
2753 2060 3020 2118 conlitens
3049 2077 3176 2120 vere
3218 2065 3384 2122 ﬁlium
3405 2109 3421 2136 ,

1816 2143 2100 2198 anathema
2131 2145 2203 2200 sit
2255 2146 2344 2218 (ἱ).
2396 2166 2415 2200 ι

1890 2235 1976 2289 15.
2021 2236 2155 2290 Item
2193 2239 2331 2294 alius
2359 2250 2467 2307 est,
2508 2252 2564 2294 ut
2599 2245 2853 2314 accipiens
2895 2264 2928 2301 a
2967 2247 3129 2304 Patre
3153 2252 3325 2306 vitam.
3353 2283 3423 2295 —-

1819 2325 2050 2383 Exclusa
2097 2339 2180 2384 est
2224 2334 2453 2386 assertio
2501 2333 2797 2391 volentium
2853 2341 3164 2398 nominibus
3217 2352 3422 2402 tantum

1818 2420 2032 2478 Patrem
2079 2431 2133 2478 et.
2175 2423 2371 2480 Filium
2421 2427 2763 2496 praedicare;
2808 2446 2929 2487 cum
2977 2435 3194 2505 quando
3247 2438 3425 2512 imago

1817 2517 2014 2584 omnis,
2035 2519 2154 2587 ejus
2175 2519 2244 2576 ad
2273 2536 2436 2592 quem
2458 2523 2856 2594 enimaginetur
2877 2529 3088 2596 species
3112 2531 3426 2590 indiﬁ'erens

1817 2609 1906 2664 sit.
1936 2609 2120 2681 Neque
2146 2610 2290 2667 enim
2324 2612 2438 2682 ipse
2485 2614 2587 2668 sibi
2619 2617 2903 2688 quisquam
2938 2619 3112 2691 imago
3153 2632 3275 2690 est;
3325 2625 3422 2680 sed

1817 2717 1964 2768 eum,
1995 2703 2150 2772 cujus
2192 2705 2368 2776 imago
2393 2714 2496 2772 est,
2526 2723 2749 2764 necesse
2776 2723 2858 2765 est
2887 2721 2942 2766 ut
2979 2713 3156 2786 imago
3200 2716 3425 2772 demon-

1819 2804 1974 2851 stret.
2024 2797 2208 2867 Imago
2236 2799 2414 2870 itaque
2439 2811 2517 2856 eSI
2554 2803 2628 2855 rei
2657 2802 2722 2858 ad
2755 2819 2866 2860 rem
2894 2810 3243 2879 comquandte
3287 2810 3425 2866 ima-

1817 2886 1997 2960 ginata
2026 2898 2082 2945 et
2109 2890 2396 2947 indiscreta
2425 2892 2740 2950 similitudo.
2797 2897 2894 2952 Est
2931 2915 3060 2970 ergo
3092 2902 3254 2958 Pater
3277 2946 3292 2969 ,
3339 2915 3425 2962 est

1820 2989 1875 3037 et
1904 2980 2075 3036 Filius
2102 3001 2113 3037 :
2140 2984 2260 3052 quia
2295 2984 2470 3056 imago
2500 2985 2673 3042 Patris
2700 3000 2780 3044 est
2811 2989 3015 3058 Filius;
3041 3002 3095 3048 et
3122 2995 3213 3066 qui
3245 2997 3422 3069 imago

1819 3081 1932 3140 est,
1961 3071 2028 3148 (j)
2051 3083 2107 3128 ut
2135 3075 2210 3130 rei
2244 3076 2419 3148 imago
2444 3077 2533 3144 sit,
2565 3081 2803 3149 speciem
2828 3099 3049 3140 necesse
3071 3094 3156 3142 est
3185 3097 3239 3142 et
3269 3097 3426 3144 natu-

117 3159 210 3220 bus
238 3165 400 3222 editis
427 3207 443 3234 ,
494 3165 592 3223 has
641 3181 854 3223 rursum
882 3183 913 3224 e
941 3169 1216 3224 contrario
1241 3167 1544 3224 Orientales
1595 3166 1715 3237 epi-
1745 3180 1790 3244 ρ
1823 3182 1936 3222 ram
1964 3175 2019 3223 et
2044 3169 2354 3238 essentiam,
2397 3171 2692 3227 secundum
2721 3173 2866 3243 quod
2907 3175 3084 3248 imago
3108 3187 3192 3234 est
3214 3219 3228 3246 ,
3279 3179 3333 3236 in
3360 3197 3422 3236 se

118 3262 260 3332 scopi
292 3261 346 3317 in
389 3278 557 3319 unum
594 3263 903 3335 congregati
951 3265 1342 3319 sententiarum
1373 3259 1718 3317 deﬁnitiones

188 3423 263 3495 (a)
283 3421 400 3480 Hoc
424 3422 600 3493 ipsum
631 3419 850 3477 totidem
881 3421 1060 3477 verbis
1087 3423 1336 3492 exprimit
1359 3422 1714 3481 thbadius.

121 3493 184 3549 At
200 3493 296 3550 ha:
321 3495 443 3549 dua:
472 3508 635 3566 voces
664 3495 920 3566 claritate,
944 3496 1240 3566 maiestate.
1274 3510 1376 3549 una
1400 3511 1575 3566 graeca
1603 3497 1716 3552 θεό-

121 3590 226 3626 τητι
245 3566 390 3637 apud
416 3565 677 3637 Albanas.
706 3573 761 3620 et
789 3564 998 3620 Socrat.
1029 3565 1347 3637 redduntur.

192 3636 457 3710 (bjApnd
486 3636 749 3710 Albanas.
797 3636 1259 3710 subjectumﬂPalri
1300 3638 1496 3693 Filium
1524 3682 1538 3706 ,
1582 3654 1718 3710 quo-

122 3710 278 3766 modo
298 3708 500 3778 legisse
531 3708 745 3762 videtur
771 3719 825 3763 et
856 3708 1200 3763 thbadius.

189 3781 256 3854 (c)
287 3779 593 3836 Prudenter
637 3779 692 3854 in
733 3779 1240 3854 litec_l_’lnebadius:
1289 3781 1414 3836 Hac
1447 3781 1559 3836 ideo
1595 3800 1717 3853 pro-

125 3850 330 3918 ponunt,
356 3860 412 3905 ut
436 3853 698 3905 contraria
725 3852 804 3904 his
837 3850 976 3906 Filio
1006 3851 1299 3906 adscribam
1325 3891 1338 3906 .
1364 3891 1376 3904 .
1402 3892 1414 3906 .
1441 3855 1526 3918 qui
1543 3850 1714 3909 si'ini-

124 3924 238 3994 tium
269 3924 457 3978 habere
482 3919 725 3994 probatur
753 3964 766 3984 ,
815 3924 994 3976 merito
1026 3925 1255 3979 mortalis
1279 3965 1294 3989 ,
1334 3927 1513 3978 merito
1543 3927 1711 3994 passi-

123 3993 230 4050 bilis
275 3993 548 4050 credetur.
597 3993 832 4048 Primam
877 3995 1254 4051 luereticornm
1313 3993 1709 4052 confessionem

125 4066 271 4121 simili
294 4074 412 4122 arte
439 4074 746 4121 contextam
771 4064 1000 4120 advertit
1022 4079 1087 4120 ac
1113 4069 1322 4121 monuit
1348 4076 1532 4122 noster
1561 4068 1708 4122 Hila-

125 4137 224 4192 rius
254 4138 348 4193 lib.
373 4152 428 4194 tv
455 4146 511 4192 et
540 4151 596 4191 vr
632 4136 700 4192 de
719 4136 867 4191 Trin.
896 4135 1126 4192 Maxime
1161 4153 1292 4194 vero
1311 4137 1527 4193 laudato
1544 4138 1707 4195 Phat-

128 4207 270 4265 badio
313 4209 609 4279 displicent
657 4208 895 4280 subjecta
940 4207 1168 4280 inferius
1210 4209 1372 4265 verba
1423 4226 1512 4280 per
1559 4227 1708 4279 quem

128 4295 413 4350 compassus
442 4290 556 4335 est:
585 4284 737 4350 quasi
765 4279 885 4334 scil.
917 4279 1026 4333 duo
1057 4279 1252 4335 fuerint
1283 4279 1580 4349 patientes,
1611 4282 1708 4338 ho-

128 4365 206 4424 rno
231 4360 645 4424 assumptus,get
668 4365 948 4424 assumens
975 4350 1163 4424 Filius.
1185 4350 1703 4424 UndeAthanasius,

127 4419 209 4478 lib.
250 4424 318 4480 de
367 4419 588 4477 salutari
615 4422 862 4477 Adventu
914 4421 963 4476 J.
996 4421 1056 4476 C.
1113 4438 1232 4493 pag.
1265 4421 1404 4488 643,
1459 4438 1553 4479 eos
1583 4440 1704 4480 cum

127 4492 327 4550 Arianis
360 4493 740 4563 blasphemare
766 4495 1016 4565 incusat,
1047 4492 1137 4564 qui
1168 4493 1328 4549 Deum
1373 4511 1464 4565 per
1502 4512 1705 4551 carnem

127 4581 320 4630 passum
366 4582 473 4621 esse
493 4575 541 4619 et
566 4566 904 4620 resurrexisse
925 4564 1107 4620 dicunt
1130 4581 1145 4631 ;
1171 4581 1287 4620 cum
1312 4564 1585 4636 Scriptura
1613 4568 1706 4622 do-
1730 4573 1786 4633 D

127 4648 241 4709 gent,
275 4653 366 4708 per
389 4636 560 4693 Deum
587 4639 642 4690 in
662 4653 815 4691 carne
837 4639 950 4709 ejus
980 4638 1265 4705 passionem
1277 4639 1569 4709 contigisse,
1602 4655 1704 4694 non

127 4704 285 4762 Deum
308 4724 398 4778 per
423 4724 631 4762 carnem
659 4704 870 4777 possunt
894 4704 1018 4762 esse.

192 4780 266 4852 (ά)
309 4781 366 4834 1η
397 4780 630 4849 vulgatis
654 4820 670 4846 ,
699 4780 878 4834 clavis.
927 4779 1148 4834 Rectius
1175 4779 1227 4834 in
1259 4793 1392 4834 mss.
1419 4780 1654 4835 clausula
1684 4822 1700 4848 ,

129 4848 172 4903 id
199 4848 296 4915 est,
327 4848 530 4906 summa
553 4866 570 4904 :
609 4853 748 4921 quod
775 4865 950 4921 grzece
978 4865 1192 4906 versum
1215 4861 1297 4906 est
1324 4853 1609 4921 κεφαλαῖον.

199 4875 296 4915 Ε51,
327 4875 530 4906 summa
553 4875 570 4904 ἱ
609 4875 748 4921 quuu
775 4875 950 4921 graece
980 4875 1192 4906 νυῐδυιιι
1215 4875 1297 4906 651.
1324 4875 1378 4909 κε
1417 4875 1609 4907 ammon.

191 4923 261 4995 (c)
299 4923 354 4978 In
384 4938 520 4978 mss.
553 4932 863 4977 constanter
898 4921 1216 4995 Paraclitns,
1247 4935 1339 4976 aut
1371 4875 1700 4995 ﬁaraclylus.

191 4925 239 4990 (ε
299 4923 354 4978 In
384 4938 520 4978 mss.
553 4932 863 4977 constanter
898 4923 1216 4990 Paraclitns,
1247 4935 1339 4976 aut
1371 4923 1700 4995 Paraclylus.

191 4923 264 5066 (fl
300 4996 525 5064 Supple.
554 5009 635 5049 res
664 5009 855 5048 eorum.
909 4993 1021 5049 Hoc
1048 4995 1222 5066 altero
1246 4994 1507 5050 orationis
1536 5011 1706 5050 mem-

130 5063 216 5121 bro
241 5063 540 5137 explicatur
576 5067 810 5122 essentia
846 5066 1026 5136 genita
1049 5105 1064 5133 ,
1109 5065 1244 5121 sicut
1289 5067 1554 5138 superiori
1601 5082 1707 5122 non

129 5145 258 5192 nata.

193 5209 270 5280 (9)
310 5208 428 5264 Non
480 5209 638 5264 aliam
671 5216 892 5276 przestat
914 5206 1242 5280 Phtebadius
1269 5208 1585 5264 substantia:
1613 5223 1710 5264 no—

133 5278 315 5335 tionem
341 5299 354 5334 :
404 5280 704 5335 Substantia
728 5280 884 5345 enim,
924 5279 1115 5349 inquit,
1141 5281 1330 5334 dicitur
1349 5280 1404 5334 id
1423 5281 1560 5348 quod
1579 5297 1710 5335 sem-

131 5366 210 5422 per
224 5369 284 5406 ea;
304 5368 414 5407 sese
429 5361 528 5416 est,
546 5353 640 5404 hoc
659 5362 756 5418 est;
778 5350 915 5422 quod
938 5353 1146 5422 prapria
1171 5352 1306 5406 intra
1321 5369 1374 5405 se
1385 5353 1570 5406 virtute
1595 5352 1714 5405 sub-

134 5421 280 5478 sistit:
303 5438 418 5492 quia
441 5423 516 5477 vis
543 5423 632 5494 uni
659 5432 705 5476 et
733 5423 830 5476 soli
869 5421 978 5476 Deo
1007 5421 1263 5494 competit.
1319 5422 1481 5478 Vocis
1511 5423 1713 5477 utrius-

135 5504 224 5560 que
250 5496 498 5549 distincta
530 5493 667 5548 ratio
691 5494 987 5562 explicatur
1007 5493 1328 5559 Fragmento
1355 5511 1415 5560 ιι,
1450 5513 1503 5549 n.
1533 5495 1622 5549 52.

199 5565 272 5638 (It)
313 5565 458 5634 Quas
496 5565 616 5620 scil.
650 5568 997 5638 AAncyraejan.
1029 5563 1134 5620 358
1161 5607 1174 5630 ,
1209 5567 1381 5638 paulo
1412 5577 1534 5621 ante
1564 5565 1706 5638 diem

137 5630 670 5708 Paschm'congregati
695 5630 1134 5708 conscripserunt
1156 5630 1237 5691 ad'
1250 5636 1708 5708 comprimendam

138 5703 506 5765 Annniazorum
541 5703 888 5774 impietatem.
914 5703 1217 5764 'Eudoxius
1267 5703 1411 5765 enim
1463 5724 1585 5765 cum
1617 5723 1709 5762 au-

139 5775 286 5836 disset
314 5779 439 5852 quid
471 5779 654 5834 Sirmii
685 5781 918 5850 egissent
945 5779 1201 5837 Ursacius
1227 5823 1240 5848 ,
1292 5780 1482 5837 Valens
1531 5793 1596 5834 ac
1624 5795 1712 5834 so-

484 5875 761 5937 Parraor“
818 5874 901 5935 X.

1826 3258 2024 3319 habeat
2048 3261 2304 3317 auctoris.

1825 3425 1892 3500 cii
1919 3467 1934 3491 ,
1984 3428 2210 3500 multum
2244 3424 2370 3483 inde
2406 3427 2486 3482 eis
2525 3427 2821 3497 gratulatus
2847 3469 2860 3494 ,
2913 3429 3026 3500 ipse
3073 3431 3233 3488 etiam
3284 3436 3428 3491 Aetii

1827 3496 2100 3575 haeresim,
2134 3508 2390 3575 quantum
2429 3496 2674 3575 poterat,
2707 3496 3029 3575 promovere
3055 3505 3277 3560 studuit.
3309 3507 3423 3575 Qua

1826 3569 1895 3624 de
1931 3585 1991 3624 re
2017 3612 2032 3635 ,
2059 3571 2429 3646 qui_eecle_s_i:e
2459 3570 2772 3646 dedicandae
2800 3573 2965 3646 gratia
2987 3578 3262 3646 Ancyram
3292 3569 3425 3632 eon-

1829 3651 2115 3705 venerant,
2147 3641 2366 3719 Georgii
2394 3641 2681 3698 Laudiceni
2716 3643 2908 3699 litteris
2934 3641 3193 3719 admoniti
3220 3690 3235 3714 ,
3259 3659 3423 3719 quot-

1823 3712 2248 3788 qugtcommode
2262 3720 2553 3783 potuerunt
2574 3729 2895 3788 convocare,
2913 3715 3015 3770 sibi
3037 3712 3420 3788 adjunseruut,

1825 3793 1880 3859 ut
1902 3783 2122 3859 Eudoxii
2151 3792 2375 3859 conatus
2404 3785 2778 3859 retunderent.
2807 3785 3033 3842 Basilius
3055 3783 3212 3859 epist.
3240 3783 3422 3856 Lxxtv,

1821 3851 2047 3910 Concilii
2079 3855 2238 3925 hujus
2264 3857 2531 3933 meminit,
2566 3867 2832 3933 vocatque
2860 3851 3103 3933 σύλλογοῦ
3127 3879 3141 3914 :
3167 3878 3286 3930 qua:
3315 3851 3422 3919 vei

1822 3942 1928 4002 non
1953 3966 1970 3991 ,
2019 3936 2076 3980 ut
2120 3937 2270 3996 putat
2295 3928 2542 4002 virgalias
2583 3929 2866 4002 eruditus,
2896 3928 3207 4002 colloquium
3240 3945 3418 3999 sonat,

1819 3997 1914 4075 sed
1953 4007 2252 4075 conventum
2278 4041 2292 4058 .
2347 3999 2667 4075 nimirmna
2701 3997 3205 4075 aunéycrcoitvoco.
3257 3997 3420 4061 Gesta

1819 4068 1962 4123 illius
1991 4079 2174 4124 narrat
2199 4070 2533 4126 Sozomcuus
2565 4071 2660 4126 lib.
2691 4087 2746 4125 IV
2767 4112 2780 4136 ,
2808 4068 2977 4127 c.'15.
3035 4071 3419 4132 Consulendus

1818 4154 1881 4214 ea
1911 4140 2057 4214 dere
2079 4141 2432 4212 Epiphanius,
2465 4142 2593 4214 liter.
2625 4157 2812 4214 Lxxtu,
2834 4142 3001 4214 n.2,
3033 4153 3138 4214 etc.
3165 4144 3266 4212 Qui
3298 4148 3419 4214 qui-

1815 4212 1938 4285 de_m
1968 4211 2060 4279 ibi,
2092 4229 2240 4267 num.
2273 4215 2341 4268 10
2389 4220 2445 4285 et
2470 4213 2531 4285 il
2561 4253 2576 4285 _,
2608 4211 2797 4285 synodi
2833 4212 2989 4285 lmjus
3015 4211 3230 4285 decreta
3263 4211 3414 4285 plura

1810 4283 1978 4338 refert
2001 4299 2160 4354 quam
2194 4292 2377 4338 noster
2407 4283 2640 4354 Hilarius
2669 4300 2680 4336 :
2713 4283 2840 4353 quia
2867 4283 3114 4341 videlicet
3139 4301 3199 4341 ea
3225 4283 3416 4344 recen-

1809 4363 1893 4409 set
1935 4353 2054 4425 quae
2081 4353 2311 4426 Ancyra:
2341 4363 2468 4426 sunt
2495 4353 2674 4421 edita,
2724 4354 2959 4410 Hilarius
3006 4371 3168 4423 vero,
3220 4361 3294 4412 nti
3343 4377 3410 4416 ex

1809 4434 1935 4501 nota
1966 4427 2213 4501 sequenti
2237 4425 2537 4501 palamUIiet
2560 4465 2575 4490 ,
2627 4442 2746 4497 qua:
2787 4442 2816 4481 a
2853 4428 3045 4498 synodi
3074 4429 3265 4501 legatis
3292 4429 3411 4487 Sir-

1809 4497 1974 4550 mium
2005 4496 2180 4552 delata
2215 4508 2268 4552 et
2299 4497 2584 4566 publicata.

1885 4567 1947 4639 (i)
1993 4569 2242 4641 Proxime
2269 4580 2391 4639 post
2421 4572 2697 4624 anathema
2734 4571 2838 4636 sit,
2889 4570 3028 4640 apud
3060 4571 3190 4626 Bad.
3221 4613 3235 4638 ,
3271 4574 3362 4628 Er.
3395 4615 3411 4641 ,

1810 4637 1930 4693 Mir.
1963 4649 2016 4694 et
2044 4640 2096 4694 in
2129 4637 2438 4711 pervetusto
2482 4657 2586 4696 ms.
2629 4641 2690 4696 S.
2740 4641 2883 4696 Petri
2927 4637 3102 4697 'Vatic.
3153 4637 3254 4698 sub
3302 4637 3412 4701 uno

1809 4711 2114 4784 eodemque
2130 4721 2385 4768 contextu
2407 4713 2650 4784 sequitur
2675 4729 2700 4784 :7
2735 4711 3095 4778 Expositiones
3126 4731 3334 4783 euntes,
3366 4718 3412 4770 si

1809 4783 1934 4852 quid
1963 4783 2414 4849 habentcrimtnis,
2439 4783 2576 4838 intra
2600 4800 2653 4836 se
2683 4783 2906 4849 habent;
2931 4793 3165 4839 ueterum
3189 4803 3292 4840 non
3321 4789 3414 4840 Ita-

1811 4855 1926 4908 bere
1957 4855 2012 4908 in
2042 4856 2247 4924 publica
2286 4856 2419 4925 [acie
2443 4856 2818 4910 existimantur.
2861 4856 2964 4910 Sed
2999 4857 3118 4925 quia
3138 4859 3322 4912 scirent
3352 4875 3413 4912 ea

1810 4926 1925 4999 sola
1945 4925 2191 4999 Sirmium
2212 4942 2321 4999 esse
2359 4925 2550 4982 delata.
2583 4927 2698 4999 llac_
2718 4926 2883 4999 altera
2919 4934 3041 4980 nota
3072 4931 3413 4999 apologetica

1811 4996 2049 5071 declarat
2093 4997 2360 5071 llilarius,
2394 4996 2970 5071 nullas__deﬁniti_onum
3001 4996 3183 5071 earum
3215 4996 3412 5071 [quas

1811 5067 1958 5140 solas
1985 5069 2053 5140 ab
2076 5066 2615 5140 Aneyranzesynodi
2657 5067 2844 5137 legatis
2873 5069 3126 5125 Sirmium
3160 5066 3415 5127 esse—de-

1814 5139 1951 5193 latas
1983 5139 2166 5202 sciret,
2199 5138 2253 5192 in
2280 5138 2491 5208 publica
2523 5139 2656 5193 facie
2697 5149 2751 5193 et
2780 5140 3072 5195 secundum
3109 5143 3412 5198 verborum

1813 5222 1979 5264 sonos
2003 5251 2016 5271 ,
2056 5209 2344 5279 quidquam
2388 5209 2588 5265 habere
2616 5210 2757 5279 quod
2790 5211 3299 5280 reprehendendum
3331 5214 3415 5268 vi-

1815 5280 2005 5336 deatur
2029 5321 2046 5348 ,
2071 5282 2314 5351 quamvis
2346 5280 2587 5352 fraudem
2616 5282 2716 5335 sub
2742 5283 3004 5352 speciosis
3036 5285 3213 5341 verbis
3243 5285 3414 5339 laten-

1816 5361 2062 5427 tenrnon
2092 5361 2269 5427 neget.
2330 5351 2460 5419 Qua:
2489 5362 2612 5427 nota
2645 5351 2786 5427 male
2815 5354 3029 5423 quidem
3061 5357 3110 5410 in
3139 5355 3423 5427 prasdictis

1817 5423 1969 5478 libris
2013 5424 2187 5479 locum
2220 5425 2270 5477 in
2301 5431 2451 5479 textu
2473 5423 2742 5478 obtinuit:
2789 5427 2884 5480 sed
2930 5435 3108 5483 tamen
3141 5423 3259 5483 'non
3290 5429 3412 5482 sine

1817 5493 2008 5564 injuria
2043 5511 2070 5548 a
2099 5493 2281 5562 Lipsio
2308 5509 2528 5564 prorsus
2559 5511 2844 5567 suppressa
2895 5496 3011 5552 fuit.
3064 5498 3197 5554 Cum
3229 5509 3412 5555 autem

1816 5580 1967 5634 teque
1990 5567 2244 5634 reSpiciat
2273 5582 2461 5622 omnes
2487 5569 2801 5637 Ancy’ranas
2821 5567 3164 5626 deﬁnitiones
3191 5571 3417 5628 inferius

1819 5641 2034 5701 relatas;
2059 5637 2256 5712 primae
2277 5637 2398 5712 huic
2421 5653 2525 5692 non
2547 5639 2808 5712 postponi
2835 5639 3040 5710 debuit,
3090 5641 3182 5697 sed
3239 5643 3418 5712 potius

1818 5709 2094 5780 anteponi.
2121 5707 2290 5780 Magis
2319 5710 2477 5764 etiam
2513 5707 2745 5780 placeret
2775 5726 2858 5764 eas
2877 5707 3055 5767 solas.
3092 5755 3103 5766 .
3135 5754 3148 5767 .
3195 5707 3418 5768 delatas.

1889 5778 1964 5853 (j)
1988 5779 2131 5834 Editi
2152 5821 2165 5845 ,
2198 5789 2252 5834 ut
2276 5796 2388 5836 vere
2412 5778 2580 5854 imago
2606 5784 2690 5836 sit.
2731 5782 3055 5852 Expressius
3085 5800 3238 5852 mss.,
3270 5793 3320 5838 ut
3343 5787 3416 5840 rei

2903 5873 2981 5935 16
