3936 6196
493 305 605 363 493

1693 290 1936 350 SANCTI
1974 287 2234 347 lllLABII
2296 287 2607 348 EPISCOPI

3682 288 3772 347 496

496 432 802 483 creaturam
831 435 950 477 esse
977 417 1072 473 Dei
1099 416 1266 471 filium
1304 412 1543 485 profiteri
1570 426 1719 476 ausa,
1749 411 2032 466 damnatur
2078 427 2092 461 :
2124 414 2174 473 Α
2274 408 2386 465 Vll.
2434 427 2453 462 ι
2500 409 2566 464 Ει
2608 409 2652 463 si
2701 406 2819 479 quis
2870 407 3082 462 Patrem
3131 414 3186 463 et
3241 405 3437 463 Filium
3469 403 3684 461 credere
3725 422 3773 463 se

495 519 621 591 quia
645 517 862 588 impiam
886 522 1147 570 creatura:
1189 525 1254 565 ex
1281 507 1452 562 nihilo
1489 506 1824 577 opinionem,
1848 502 2097 574 impassi-

502 610 595 666 bili
624 625 720 680 per
765 621 882 663 eam
933 595 1014 675 ⁵(ιι)
1059 600 1358 656 divinitatis
1399 598 1728 668 perfectione
1775 605 2095 661 monstrata,

503 712 844 771 consequens
885 694 1148 767 professio
1195 691 1456 748 naturalis
1488 690 1850 762 generationis
1894 691 2097 744 exstin-

498 801 646 864 guat.

571 885 658 941 Vl.
709 903 726 938 ‹
775 883 910 940 Etsi
941 881 1061 954 quis
1092 882 1143 936 in
1168 880 1331 944 Filio,
1369 877 1442 950 (ὁ)
1487 876 1661 933 Patris
1691 873 2096 932 similitudinem

501 976 798 1036 secundum
833 974 1126 1031 essentiam
1154 971 1370 1043 quidem
1401 971 1518 1040 ipso
1547 967 1683 1023 Filio
1706 967 1980 1023 revelante
2004 980 2100 1035 per

500 1073 619 1128 ha'c
644 1086 766 1142 qua:
805 1068 936 1124 dicit
975 1084 990 1121 :
1039 1066 1188 1122 Sicut
1219 1065 1353 1119 enim
1396 1061 1555 1118 Pater
1580 1061 1727 1117 habet
1756 1062 1912 1116 vitam
1939 1063 1994 1114 in
2022 1075 2098 1114 se-

497 1164 734 1235 metipso,
765 1163 840 1217 sic
870 1171 914 1217 et
958 1160 1096 1214 Filio
1141 1158 1282 1214 dedit
1323 1157 1505 1212 habere
1532 1157 1688 1211 vitam
1735 1157 1789 1210 in
1833 1155 2100 1226 semetipso

503 1254 680 1328 (Joan.
729 1271 784 1320 v,
829 1254 959 1325 26);
1012 1253 1163 1323 juxta
1211 1249 1507 1306 eflicaciam
1549 1256 1727 1304 autem
1773 1261 1868 1318 per
1888 1261 1949 1302 ea
1979 1259 2100 1316 qua:

498 1350 660 1406 docet
691 1367 702 1402 :
736 1349 864 1414 Qua:
893 1346 1028 1400 enim
1057 1344 1212 1399 Pater
1234 1343 1379 1414 facit,
1414 1341 1590 1397 eadem
1618 1351 1664 1394 et
1700 1339 1872 1394 Filius
1914 1337 2100 1392 simili-

496 1452 570 1498 ter
602 1441 726 1514 facit
758 1438 950 1512 (lbid.,
980 1436 1092 1507 19),
1113 1437 1280 1492 solam
1303 1434 1598 1491 secundum
1624 1431 1923 1490 efficaciam
1948 1431 2100 1488 simi-

495 1534 780 1592 litudinem
806 1529 1135 1598 concedens,
1165 1529 1236 1602 (c)
1260 1532 1411 1600 juxta
1443 1527 1733 1583 essentiam
1764 1539 1918 1591 vero,
1955 1522 2098 1596 quod

496 1636 583 1683 est
619 1623 1132 1696 principalissimum
1187 1619 1312 1676 fidei
1342 1628 1564 1684 nostrae,
1610 1616 1803 1672 Filium
1837 1615 2050 1670 fraudet
2082 1631 2095 1668 :

493 1722 645 1795 quasi
677 1721 1028 1792 semetipsum
1062 1717 1318 1774 fraudans
1348 1716 1428 1790 (ά)
1475 1716 1784 1787 cognitione
1813 1713 1937 1768 vitm
1968 1727 2096 1783 per-

493 1825 690 1888 petute,
732 1829 851 1886 qum
881 1827 965 1870 εει
992 1813 1045 1868 ὶη
1076 1812 1235 1868 Patre
1265 1819 1320 1866 et
1348 1809 1484 1867 Filio
1526 1828 1539 1864 :
1569 1808 1853 1864 anathema
1883 1807 1974 1861 sit.
2007 1824 2026 1859 ›

568 1909 656 1966 19.
707 1908 927 1964 Virtutis
954 1905 1238 1961 similitudo
1269 1921 1373 1958 non
1402 1912 1475 1958 est
1498 1902 1598 1956 nisi
1642 1918 1704 1956 ea:
1734 1909 1934 1954 naturw
1961 1897 2106 1952 simi-

495 2003 732 2060 litudine.
776 2001 891 2057 Vita
932 2000 1150 2055 essentia
1176 1998 1521 2070 significatur.
1548 2024 1621 2036 ——-
1644 1993 1895 2050 Conclusi
1927 1992 2101 2047 lucre-

504 2097 596 2152 tici
627 2095 1025 2164 Scripturarum
1057 2089 1493 2156 auctoritatibus,
1527 2088 1628 2143 hoc
1653 2087 1826 2142 solum
1863 2085 2102 2141 tribuere

499 2188 678 2244 solent
699 2186 860 2250 Filio,
910 2193 969 2240 ut
994 2182 1140 2239 Patri
1173 2192 1376 2238 tantum
1407 2183 1605 2236 virtute
1653 2179 1844 2233 similis
1874 2179 1960 2244 sit,
1987 2175 2103 2232 adi-

491 2290 645 2336 munt
687 2289 866 2335 autem
915 2278 962 2333 ei
1010 2276 1416 2332 similitudinem
1451 2282 1656 2329 natura:
1691 2289 1703 2325 :
1745 2271 1894 2327 stulti
1941 2279 2102 2341 atque

487 2372 658 2444 impii,
691 2387 794 2428 non
826 2370 1196 2440 iutelligcntes
1226 2383 1332 2422 non
1372 2367 1474 2420 nisi
1505 2381 1572 2420 ex
1605 2374 1809 2418 naturtc
1847 2363 2098 2417 similitu-

491 2465 620 2522 dine
666 2463 1074 2520 similitudinem
1131 2475 1252 2516 esse
1302 2458 1536 2513 virtutis.
1582 2455 1766 2526 Neque
1807 2455 1949 2510 enim
1995 2453 2095 2508 ali-

491 2559 707 2631 quando
749 2557 973 2613 inferior
1023 2564 1234 2620 natura,
1263 2552 1560 2623 superioris
1591 2567 1618 2604 a
1653 2566 1712 2605 se
1761 2550 2098 2621 potiorisque

490 2663 699 2710 natura:
727 2652 982 2708 virtutem
1031 2650 1402 2721 consequitur.
1451 2649 1558 2702 Aut
1604 2645 1733 2717 quid
1786 2644 1902 2699 haec
1951 2656 2102 2698 asse-

490 2754 676 2801 rentes
725 2744 793 2800 de
846 2744 1216 2814 omnipotente
1277 2740 1388 2794 Deo
1454 2745 1605 2808 patre
1660 2735 2094 2807 profitebantur,

490 2837 538 2892 si
572 2835 645 2908 (e)
687 2836 868 2891 virtuti
918 2850 1032 2891 sua:
1062 2835 1235 2889 virtus
1279 2839 1483 2886 natura:
1524 2828 1796 2884 inferioris
1817 2827 2097 2898 aequatur?

489 2926 607 2984 Non
636 2929 778 2984 enim
812 2937 990 2997 potest
1042 2923 1251 2995 negari,
1298 2923 1426 2994 quin
1471 2921 1643 2976 Filius
1693 2919 1834 2975 idem
1879 2919 2093 2988 possit;

486 3037 610 3080 cum
640 3021 837 3077 dixerit
868 3041 881 3076 :
916 3020 1262 3087 Quwcuntque
1289 3017 1413 3088 facit
1443 3015 1607 3088 4⁸12
1638 3013 1814 3079 Pater,
1843 3011 2026 3067 eadem
2049 3021 2097 3066 et

489 3115 666 3172 Filius
709 3116 832 3187 facit
874 3113 1109 3167 similiter
1137 3109 1316 3182 (Joan.
1360 3126 1413 3177 v,
1469 3108 1582 3179 l9).
1619 3107 1724 3164 Sed
1754 3104 2091 3162 similitudini

2199 504 2545 576 promittens,
2591 503 2806 560 Patrem
2856 501 3138 558 dissimilis
3163 501 3266 557 sibi
3299 501 3551 557 essentia:
3596 498 3661 572 (Γ)
3691 517 3771 569 ra-

2200 607 2334 652 trem
2384 597 2548 663 dicat,
2599 596 2695 652 sed
2749 596 2940 651 similis
2968 594 3254 660 cfficacim;
3287 594 3442 665 quasi
3475 592 3714 664 profanas
3735 603 3778 649 et

2199 705 2368 746 novas
2397 705 2556 746 voces
2584 698 2774 744 contra
2803 687 3089 744 essentiam
3129 687 3250 743 Filii
3299 687 3548 757 loquens,
3578 693 3631 741 et
3659 687 3777 741 inte-

2199 784 2400 840 rimens
2427 779 2502 853 (g)
2521 796 2652 838 vere
2678 781 2771 837 Dei
2799 781 2962 836 tilium
2989 795 3110 836 esse
3138 798 3152 835 :
3184 778 3468 834 anathema
3491 777 3583 834 sit.
3612 795 3631 830 ι

2270 877 2360 933 20.
2405 875 2648 931 Hieretici
2662 875 2837 929 dolose
2857 873 3060 928 Patrem
3079 882 3124 928 et
3150 871 3346 928 Filium
3362 872 3673 940 confitentes.
3694 871 3783 925 Re-

2201 967 2449 1041 felfuntur
2470 967 2667 1022 Filium
2680 976 2921 1040 negantes
2933 984 2963 1020 a
2979 965 3136 1020 Patre
3149 965 3315 1020 alium
3334 963 3395 1019 ob
3416 962 3785 1018 similitudinem

2202 1072 2418 1118 natum.
2437 1092 2507 1102 —
2517 1061 2768 1118 Confusis
2797 1059 3186 1132 permixtisque
3199 1057 3383 1115 verbis
3397 1057 3672 1114 veritatem
3689 1056 3786 1114 fre-

2199 1154 2550 1227 quentissime
2580 1153 2822 1209 lueretici
2864 1152 3112 1220 eludunt,
3145 1162 3200 1208 ct
3251 1151 3589 1206 incautorum
3639 1165 3785 1206 aures

2204 1251 2570 1307 communium
2597 1247 2982 1304 vocabulorum
3012 1261 3149 1304 sono
3191 1245 3435 1318 capiunt,
3483 1245 3690 1301 Patrem
3736 1254 3790 1302 et

2202 1343 2395 1399 Filium
2428 1343 2559 1399 solis
2585 1341 2914 1408 nominibus,
2941 1356 3048 1397 non
3075 1339 3238 1396 etiam
3261 1354 3360 1410 per
3397 1337 3678 1396 veritatem
3705 1353 3794 1393 na-

2202 1438 2391 1496 turalis
2413 1445 2470 1494 et
2497 1439 2746 1510 genuina:
2786 1437 3038 1493 essentia:
3071 1435 3428 1506 pradicantes
3473 1450 3486 1489 :
3522 1433 3643 1505 quia
3688 1448 3796 1488 om-

2202 1531 2349 1586 nium
2378 1531 2712 1587 ereationum
2752 1530 2928 1586 sciant
2949 1528 3054 1585 dici
3086 1527 3256 1584 Deum
3305 1534 3545 1598 patrem,
3576 1533 3632 1582 et
3656 1538 3796 1581 sanc-

2204 1633 2288 1682 tos
2328 1640 2574 1698 quosque
2616 1624 2913 1696 nuncupari
2957 1622 3308 1680 meminerint
3352 1622 3448 1679 Dei
3494 1620 3657 1677 filios.
3687 1621 3795 1689 Quo

2205 1721 2458 1789 exemplo
2478 1721 2696 1776 Patrem
2725 1728 2780 1775 et
2810 1717 3005 1774 Filium
3028 1717 3327 1774 secundum
3358 1715 3664 1772 communia
3690 1713 3799 1769 uni-

2135 1813 2183 1875 B
2213 1813 2486 1869 versitatis
2507 1812 2723 1868 nomina
2742 1812 3107 1877 confitentur;
3136 1818 3198 1868 ut
3222 1810 3388 1866 Pater
3427 1820 3482 1866 et
3522 1808 3691 1864 Filius
3725 1807 3801 1863 di-

2208 1916 2400 1962 cantur
2429 1904 2629 1976 potius,
2657 1919 2818 1974 quam
2857 1905 2987 1960 sint.
3019 1904 3278 1960 Dicuntur
3293 1903 3461 1969 enim,
3499 1915 3609 1957 non
3641 1903 3795 1957 etiam

2207 2007 2349 2064 suut,
2383 1999 2425 2052 si
2476 1999 2528 2053 in
2558 1998 2642 2052 bis
2671 1997 2972 2054 differentis
3017 1997 3271 2054 essentia:
3326 1995 3562 2052 discreta
3617 2006 3802 2051 natura

2206 2101 2325 2148 est:
2354 2105 2476 2146 cum
2513 2107 2617 2146 non
2650 2092 2822 2162 possit
2843 2091 3064 2162 paterni
3093 2090 3328 2145 nominis
3356 2090 3556 2146 veritas
3587 2088 3691 2144 nisi
3729 2105 3793 2144 ex

2205 2193 2412 2240 natura:
2432 2200 2545 2239 sure
2573 2185 2829 2255 progenie
2857 2183 3080 2254 acquiri.
3109 2183 3462 2254 Pateritaque
3487 2197 3593 2238 non
3628 2190 3801 2252 potest

2203 2279 2393 2334 alienae
2419 2293 2446 2332 a
2477 2293 2535 2333 se
2561 2293 2625 2333 ac
2651 2277 2934 2332 dissimilis
2961 2276 3277 2331 substantia:
3318 2285 3471 2346 pater
3498 2273 3641 2338 dici;
3683 2273 3799 2345 quia

2204 2369 2453 2425 nativitas
2493 2368 2730 2440 perfecta
2785 2383 2890 2424 non
2920 2368 3114 2423 habeat
3139 2366 3492 2423 dissidentem
3525 2365 3802 2436 originalis

2203 2465 2518 2521 substantia:
2547 2464 2935 2520 diversitatem.
2960 2461 3292 2533 Repudiatur
3316 2477 3446 2532 ergo
3476 2460 3595 2517 haec
3628 2461 3802 2516 omnis

2204 2561 2475 2630 impietas,
2547 2573 2666 2630 qurc
2727 2557 2945 2613 Patrem
3004 2571 3110 2612 non
3182 2544 3480 2611 secundum
3555 2562 3797 2609 naturam

2200 2670 2352 2710 suam
2381 2653 2460 2725 (Ιι)
2486 2653 2650 2724 geniti
2679 2667 2743 2707 ex
2798 2666 2858 2707 se
2903 2651 2997 2704 filii
3050 2657 3254 2719 patrem
3302 2649 3570 2719 loquatur.
3629 2646 3802 2717 Neque

2200 2749 2342 2803 enim
2367 2763 2462 2817 per
2502 2745 2551 2801 id
2582 2754 2734 2816 pater
2763 2745 2974 2799 dicetur
3000 2743 3160 2809 Deus,
3190 2741 3238 2796 si
3258 2741 3454 2797 habeat
3481 2739 3672 2796 virtuti
3719 2749 3792 2794 at-

2197 2857 2302 2913 que
2323 2840 2577 2896 efficacirc
2603 2855 2716 2895 sua:
2741 2838 2972 2894 similem
3001 2836 3331 2893 creationem
3359 2853 3374 2902 ;
3404 2834 3501 2891 sed
3523 2835 3570 2891 si
3599 2848 3797 2906 genue-

2199 2931 2267 2988 rit
2294 2948 2397 2991 nou
2420 2932 2699 2987 dissimilis
2724 2941 2884 3000 atque
2903 2929 3092 2984 aliena:
3115 2944 3143 2982 a
3166 2944 3226 2984 se
3245 2928 3498 2984 essentia:
3517 2935 3670 2982 natur
3685 2941 3764 2982 ain
3788 2943 3801 2982 :

2198 3024 2322 3094 quia
2347 3023 2715 3079 diversitatem
2745 3031 2988 3093 paterna:
3028 3030 3232 3076 natura:
3266 3019 3522 3076 nativitas
3550 3020 3805 3074 naturalis

2198 3133 2304 3174 non
2333 3118 2546 3188 recipit.
2567 3117 2741 3189 Atque
2767 3117 2838 3172 ob
2867 3117 2917 3172 id
2945 3116 3227 3172 anathema
3248 3125 3393 3182 sunt,
3417 3116 3506 3188 qui
3529 3113 3698 3188 573
3717 3114 3805 3169 Pa-

489 3209 708 3265 virtutis
749 3214 953 3261 natura:
988 3203 1283 3260 similitudo
1311 3201 1581 3267 succedit,
1611 3216 1732 3256 cum
1764 3200 1890 3254 dicit
1921 3217 1934 3252 :
1965 3199 2088 3255 Sic-
2118 3199 2164 3262 ρ
2201 3224 2334 3267 ηιεηῖ
2363 3219 2608 3268 asseram
2647 3210 2927 3266 dissimilis
2957 3209 3057 3265 sibi
3083 3216 3286 3264 natum
3316 3217 3526 3278 palm",
3554 3221 3722 3263 esse:
3753 3190 3807 3259 ut

491 3311 552 3357 ut
605 3299 752 3354 habet
799 3297 955 3352 Pater
982 3299 1139 3352 vitam
1177 3297 1232 3351 in
1271 3312 1342 3364 se,
1380 3299 1453 3349 ita
1493 3305 1539 3348 et
1574 3293 1714 3348 Filio
1756 3293 1896 3348 dedit
1939 3293 2095 3346 vitam

493 3394 679 3450 habere
705 3394 759 3447 in
794 3392 1064 3463 semetipso
1097 3389 1284 3461 (Ibid,
1306 3390 1422 3460 ‘26).
1458 3389 1514 3444 lu
1545 3389 1676 3454 vita,
1702 3396 1906 3442 natura:
1932 3395 1986 3442 et
2011 3400 2098 3442 es—

505 3489 695 3545 sentia:
717 3485 1037 3557 significatio
1063 3491 1182 3539 est:
1217 3498 1336 3552 qua:
1366 3481 1505 3536 sicut
1551 3481 1798 3545 habetur,
1860 3479 1929 3534 ita
1974 3478 2096 3533 data

501 3595 628 3639 esse
657 3581 882 3636 docetur
909 3577 975 3634 ad
1021 3576 1350 3632 habendum.
1384 3575 1552 3629 Tenet
1586 3588 1716 3643 ergo
1761 3573 1884 3627 vita:
1914 3571 2102 3627 simili-

498 3674 631 3729 tudo
656 3671 867 3727 virtutis
891 3668 1300 3725 similitudinem
1333 3665 1668 3721 :similitudo
1710 3665 1852 3721 cnim
1885 3664 2100 3719 virtutis

496 3782 608 3823 non
641 3774 818 3837 potest
854 3779 974 3820 csse
1001 3763 1279 3818 dissimilis
1308 3771 1535 3816 naturm.
1563 3763 1738 3831 Atque
1777 3761 1848 3815 ita
1878 3773 2099 3816 necesse

496 3867 604 3924 est,
649 3866 707 3912 ut
757 3856 1012 3913 essentia:
1057 3854 1353 3910 similitudo
1417 3853 1632 3909 virtutis
1685 3852 2093 3908 similitudinem

500 3957 868 4022 consequatur
896 3965 910 4002 :
945 3948 1067 4019 quia
1085 3948 1227 4003 sicut
1251 3961 1314 4003 ea
1335 3961 1454 4018 qua:
1476 3946 1636 4001 Pater
1658 3945 1808 4013 facit,
1831 3944 2019 4001 eadem
2047 3953 2101 4000 et

497 4045 670 4101 Filius
694 4043 824 4099 facit
855 4059 868 4096 :
899 4042 971 4096 ita
993 4043 1133 4097 sicut
1163 4040 1370 4095 habens
1393 4040 1556 4095 vitam
1586 4040 1768 4105 Pater,
1793 4039 1873 4094 sic
1899 4037 2100 4094 baben-

495 4136 620 4195 dam
650 4136 787 4192 Filio
810 4134 957 4190 dedit
979 4134 1163 4188 vitam.
1188 4130 1592 4187 Condemnatur
1613 4145 1742 4202 ergo
1774 4130 1952 4200 impia:
1977 4144 2099 4200 pro-

498 4230 754 4288 fessionis
779 4229 1077 4294 temeritas,
1124 4242 1244 4297 quac
1277 4226 1492 4281 virtutis
1534 4223 1938 4280 similitudinem
1967 4238 2102 4280 con-

501 4327 687 4391 ﬁtens,
717 4321 1212 4379 dissimilitudinem
1244 4335 1374 4375 ausa
1405 4319 1475 4374 sit
1505 4318 1804 4389 prtedicare
1844 4328 2050 4375 natura:
2082 4335 2096 4375 :

500 4431 625 4474 cum
653 4415 965 4488 principalis
997 4415 1110 4485 spei
1157 4423 1355 4469 nostrae
1396 4412 1528 4469 fides
1571 4414 1658 4479 sit,
1707 4413 2100 4471 indifferentem

499 4509 558 4566 in
591 4509 749 4566 Patre
776 4515 833 4566 ct
853 4507 990 4563 Filio
1018 4505 1317 4562 divinitatis
1338 4505 1690 4562 substantiam
1721 4506 1990 4563 confiteri.

2199 3319 2267 3360 ex
2296 3305 2404 3360 Deo
2433 3302 2574 3358 aliud
2599 3317 2758 3373 quam
2791 3302 2937 3358 Deus
2967 3309 3126 3356 natus
3150 3303 3241 3366 sit,
3292 3309 3348 3356 ct
3396 3307 3592 3370 putent
3632 3312 3804 3355 essen-

2200 3399 2325 3454 tiam
2349 3398 2524 3454 Patris
2555 3413 2584 3453 a
2615 3413 2673 3454 se
2698 3399 2749 3452 in
2781 3395 2919 3451 Filio
2949 3395 3308 3466 degenerasse
3349 3391 3648 3465 gignendo.
3680 3391 3800 3448 Pcr—

2198 3493 2372 3548 imunt
2411 3493 2580 3556 enim,
2613 3500 2871 3562 quantum
2905 3491 2957 3545 in
3001 3504 3065 3545 se
3095 3499 3200 3556 est,
3238 3489 3409 3559 ipsam
3457 3487 3607 3542 illam
3635 3487 3806 3542 innas-

2203 3584 2420 3640 cibilem
2451 3584 2627 3639 Patris
2656 3592 2709 3638 et
2748 3581 3189 3645 indcmutabilem
3231 3581 3525 3638 essentiam
3549 3622 3563 3647 ,
3600 3582 3670 3650 (ἱ)
3720 3577 3801 3651 qui

2207 3677 2323 3732 ausi
2356 3686 2479 3731 sunt
2509 3677 2557 3732 ei
2591 3677 2643 3731 in
2675 3674 2948 3746 Unigeuiti
2975 3676 3058 3730 sui
3087 3675 3367 3729 nativitate
3405 3670 3806 3729 dissimilitudio

2207 3783 2332 3825 nem
2363 3768 2705 3839 degenerata:
2725 3767 2974 3823 essentitc
3002 3766 3262 3822 naturalis
3291 3766 3561 3837 ingerere.

2283 3859 2413 3917 Vill.
2450 3879 2468 3913 ‹
2505 3861 2566 3915 Et
2588 3861 2632 3915 si
2662 3862 2782 3930 quis
2808 3859 3114 3930 intelligens
3140 3858 3219 3933 (j)
3250 3858 3484 3915 similem
3505 3857 3797 3916 secundum

2206 3955 2494 4012 essentiam
2525 3953 2722 4009 Filium
2773 3953 2913 4022 ejus,
2959 3953 3115 4023 cujus
3169 3961 3223 4009 et
3255 3951 3402 4008 filius
3455 3953 3805 4025 intelligitur;

2208 4048 2457 4106 eumdem
2487 4049 2676 4104 dicens
2729 4047 2924 4103 Filium
2967 4063 3124 4118 quem
3169 4047 3408 4113 Patrem,
3463 4057 3560 4103 aut
3613 4056 3806 4118 partem

2209 4141 2409 4209 Patris,
2434 4151 2526 4196 aut
2548 4156 2645 4213 per
2668 4142 3068 4198 emanationem
3100 4149 3194 4195 aut
3213 4140 3446 4212 aliquam
3471 4141 3804 4211 passionem,

2204 4232 2661 4306 quemadmodum
2727 4233 3038 4304 corporales
3101 4232 3284 4300 filios,
3366 4232 3435 4288 ab
3481 4231 3803 4305 incorporati

2205 4325 2366 4381 Patre
2396 4325 2791 4397 incorporalem
2825 4323 3022 4381 Filium
3050 4323 3434 4382 subsistentem
3462 4342 3478 4380 :
3509 4325 3797 4382 anathema

2205 4417 2297 4473 sit.
2331 4437 2350 4471 ι

2277 4508 2369 4562 9.1.
2394 4508 2626 4567 Cavctur
2654 4509 2706 4566 in
2733 4510 2986 4567 omnibus
3009 4508 3294 4566 adversum
3317 4509 3658 4582 singularum
3687 4523 3799 4583 per-

575 4695 666 4776 (α).
693 4692 930 4776 Supple,
967 4690 1355 4776 professionem,
1413 4690 1723 4776 velhuocem
1763 4705 1864 4760 qua
1914 4691 2101 4748 nititur
2127 4694 2180 4754 D
2205 4693 2543 4776 damnantur
2569 4698 2660 4768 qui
2691 4697 2879 4776 volunt
2912 4698 3125 4755 Patrem
3151 4697 3372 4770 gignere
3395 4714 3458 4755 ac
3500 4713 3692 4770 parere
3717 4712 3798 4754 es-

499 4761 759 4842 prtcdicta
777 4761 1184 4842 opiniojmpia,
1203 4770 1336 4842 puta
1361 4761 1547 4842 creavit
1576 4778 1673 4842 me.

577 4839 655 4912 (b)
689 4837 785 4892 Hic
809 4832 1140 4913 p‘ost_Pat-ris
1169 4832 1557 4913 similitudinem
1592 4834 1809 4913 (graneo,
1847 4836 1976 4913 πρὸς
2012 4837 2096 4894 τὸν

499 4903 689 4968 eadem
718 4909 920 4982 πατέρα
937 4904 1256 4982 Δὁριοιρτητοι),
1288 4903 1644 4982 supplendum
1673 4903 1916 4982 sibi__esse'.

577 4982 656 5051 (ε)
695 4976 904 5034 Clarius
937 4976 1036 5051 huc
1059 4977 1128 5029 ita
1170 4978 1542 5051 enuntiaretur
1577 4976 1971 5051 :__similitudine
2008 4995 2102 5032 au-

501 5045 764 5121 tenijuxta
787 5048 1078 5121 essentiam,
1103 5046 1240 5116 quod
1260 5056 1334 5121 est
1361 5045 1868 5121 principalissimum,
1895 5045 1997 5104 etc.

579 5117 678 5195 (ἅ)
701 5121 818 5186 Er.,
851 5120 994 5182 Min,
1020 5118 1165 5186 Lips.
1195 5117 1416 5182 ctPar.,
1460 5119 1757 5195 cognatione
1805 5136 1824 5195 _:
1867 5122 2025 5195 male,
2049 5130 2108 5176 ut

503 5190 846 5265 perspicuum
873 5201 952 5265 est
979 5206 1044 5244 ex
1069 5204 1245 5265 graeco
1276 5203 1546 5265 sermone,
1580 5191 1646 5265 ὡς
1673 5190 1847 5246 ἑαυτὸν
1884 5193 2107 5250 ἀποστε-

500 5257 603 5343 pars
628 5257 722 5325 ἑῆς·
750 5264 1007 5343 e‘vyvo'mer.
1027 5257 1221 5343 ῌᾲτρὸς
1237 5261 1461 5343 potirier}
1492 5257 1693 5315 αἰωνίου
1726 5267 1860 5328 ζωῆς
1902 5281 1914 5316 :
1948 5281 2106 5334 quem

502 5332 685 5392 ininus
705 5332 926 5390 confuse
949 5332 1176 5388 reddere
1206 5332 1284 5386 sic
1312 5333 1494 5405 liceret
1512 5347 1538 5405 ;_
1557 5342 1818 5405 tamquam
1856 5352 1908 5388 se
1936 5332 2104 5405 ipsum

499 5408 748 5478 fraudans
778 5405 880 5459 vita
912 5415 1120 5478 (eterna,
1152 5419 1266 5478 quia
1313 5403 1364 5455 in
1393 5403 1678 5478 cognitione
1721 5404 1894 5459 Patris
1924 5403 1969 5461 et
1994 5406 2095 5461 Fi-

503 5475 560 5531 lii
583 5479 681 5532 sita
703 5486 796 5539 est,
827 5478 974 5544 juxta
999 5475 1157 5530 verba
1186 5475 1343 5528 Joan.
1367 5490 1495 5540 xvu,
1542 5475 1592 5528 5.

572 5549 642 5685 fe)
685 5548 848 5612 Editi,
880 5547 1081 5599 virtutis
1112 5561 1216 5599 sua:
1239 5561 1256 5598 :
1286 5545 1560 5599 mendose.

602 5619 654 5685 f)
700 5618 837 5672 Editi
861 5618 946 5671 hic
973 5633 1078 5670 non
1101 5625 1350 5684 repetunt
1377 5625 1560 5685 patrem

602 5619 654 5688 f)
700 5618 837 5672 Editi
861 5618 1078 5689 lt‘icrnun
1101 5625 1350 5689 repetunt
1377 5625 1614 5686 patrem:
1652 5629 1704 5674 ct
1745 5627 1898 5673 antea
1945 5619 2092 5689 Lips.

502 5697 556 5742 et
590 5689 706 5740 Par.
753 5687 1070 5741 vocabulum
1100 5688 1197 5740 sibi
1232 5699 1669 5756 suppresserunt.
1704 5687 2098 5746 Restauraniur

496 5772 602 5834 ope
632 5771 765 5834 mss.
796 5765 848 5810 et
876 5771 942 5810 ex
969 5761 1322 5834 διέραμα-τῲ
1348 5760 1563 5834 hau-ipa:
1607 5767 1677 5831 μὴ
1711 5763 1886 5834 οὐσίας
1920 5762 2097 5834 ὁμοίας

497 5832 659 5886 αὐτοῦ
712 5825 847 5902 λέγοι
895 5827 1115 5902 πατέρα,
1162 5828 1288 5885 ἀλλὰ
1339 5825 1640 5905 ἐνεργέίαςέ
1687 5833 1882 5901 quibus
1921 5825 2099 5891 uerbis

2205 4767 2436 4822 sentiam
2463 4769 2544 4823 sui
2581 4767 2686 4824 non
2728 4770 2982 4826 similem.

2226 4907 2252 4930 ν
2275 4838 2505 4930 (g)“SiAC_
2530 4857 2657 4930 mss.
2713 4843 3086 4930 consentiente
3136 4857 3344 4930 graeco,
3379 4845 3484 4930 ﬁeri"
3509 4845 3722 4920 ἀναίρων
3744 4838 3800 4895 τὸ

2203 4912 2330 4967 εἶναι
2351 4912 2541 4973 ἀληθῶς
2561 4912 2694 4968 Υἱόν.
2724 4915 2792 4967 At
2819 4915 3023 4978 excusi,
3051 4929 3227 4968 verum
3251 4913 3345 4969 Dei
3373 4913 3593 4970 Filium.

2277 5005 2359 5081 (ρ)
2394 5006 2507 5081 l_£r.,
2539 5005 2684 5081 Lips.
2717 5014 2770 5081 et
2793 5007 2942 5073 Par.,
2966 5008 3223 5081 genitique
3243 5025 3307 5064 ea:
3337 5025 3390 5081 se
3424 5025 3444 5062 :
3473 5011 3796 5081 castigantur

2207 5091 2271 5130 ex
2303 5076 2434 5131 Bad.
2457 5089 2511 5132 et
2540 5078 2836 5147 potioribus
2859 5076 2988 5134 mss'.
3019 5076 3146 5134 Mox'
3162 5080 3437 5136 vocabulis
3460 5079 3603 5136 Deus
3618 5076 3682 5137 'et
3709 5096 3794 5148 pa-

2211 5156 2290 5228 ter
2313 5149 2431 5202 loco
2458 5150 2698 5228 unitatis,
2729 5151 2924 5228 clarior
2946 5151 3024 5206 sic
3043 5149 3352 5228 efficeretur
3378 5154 3552 5208 oratio
3582 5171 3594 5206 :
3625 5151 3792 5220 Neque

2209 5219 2343 5272 enim
2369 5236 2458 5290 per
2477 5221 2532 5273 id
2559 5219 2699 5276 Deus
2719 5222 2916 5276 dicetur
2939 5232 3102 5292 pater,
3131 5224 3196 5290 si,
3229 5231 3335 5280 etc.

2250 5311 2340 5398 __(}')
2372 5313 2462 5396 S_ic
2497 5315 2812 5398 mssaEditi
2843 5332 2997 5384 vero,
3029 5319 3147 5389 quia
3188 5325 3300 5375 ausi
3348 5329 3470 5376 sunt
3522 5320 3575 5374 in
3623 5317 3789 5387 unige-

2205 5393 2300 5437 ntti
2322 5393 2401 5438 sui
2423 5393 2755 5442 nativitatem.

2279 5475 2559 5559 (ﬁnitimus
2607 5479 2836 5559 obscura
2872 5493 3032 5538 erunt
3087 5484 3204 5559 b_a:c
3233 5484 3304 5540 ita
3349 5484 3594 5559 ordinata
3615 5497 3638 5559 _:
3667 5478 3731 5559 Et
3749 5477 3792 5531 si

2203 5550 2317 5632 quis
2366 5549 2651 5632 intelligens
2673 5550 2883 5632 filiuni
2939 5556 3218 5632 secundum
3263 5558 3535 5632 essentiam
3585 5552 3790 5632 similent

2202 5622 2341 5743 eg'us,
2375 5622 2524 5689 cujus
2565 5629 2613 5675 et
2661 5622 2804 5692 ﬁlius
2861 5625 3213 5708 intelligitur;
3257 5637 3345 5682 aut
3385 5628 3615 5682 eumdem
3661 5622 3790 5676 ἀέσαι

2205 5692 2222 5743 (
2247 5688 2412 5743 .svozl.
2453 5699 2543 5743 aut
2571 5703 2767 5743 partem
2797 5692 2995 5743 Patris-
3023 5699 3110 5743 ubi
3161 5700 3212 5743 in
3262 5700 3492 5743 vulgatis
3520 5693 3786 5743 mendose.

2205 5688 2412 5763 (λέγοι),
2435 5688 2543 5744 aut
2561 5688 2767 5770 partem
2783 5692 2998 5770 _Patris,
3023 5688 3111 5753 ubi
3161 5688 3212 5754 in
3262 5700 3492 5770 vulgatis
3520 5693 3786 5753 mendose.

2204 5773 2294 5815 aut
2317 5769 2512 5845 patrem
2539 5765 2748 5845 Patris.
2783 5765 2919 5822 Tum
2962 5771 3013 5823 iu
3042 5785 3175 5826 mss.
3205 5765 3380 5845 Colb:
3395 5780 3450 5826 et
3477 5770 3679 5833 Germ.,
3707 5769 3788 5817 ωλι

2204 5849 2293 5908 per
2318 5842 2732 5904 enuntiationem,
2770 5853 2874 5892 non
2904 5850 2997 5895 aut
3041 5858 3131 5915 per
3158 5843 3548 5898 emanationent.
