3936 6196
145 280 243 338 497

900 285 1106 342 LIBER
1157 286 1244 342 DE
1287 283 1602 354 SYNODIS,
1636 289 1769 348 SEU
1811 291 1900 348 DE
1938 293 2096 350 FIDE
2135 294 2634 356 ORIENTALIUM.

3336 312 3443 370 498

143 400 447 455 versitatnm
476 400 625 466 vitia,
662 417 836 470 neque
889 403 1103 457 occasio
1153 401 1358 457 fraudis
1400 403 1728 458 admittitur.
1759 409 1814 468 Α
1907 405 2000 463 25.
2053 407 2220 474 Quam
2268 423 2413 467 caute
2467 415 2584 470 dare
2626 418 2842 473 Iiwi'eses
2894 431 3073 475 contra
3127 421 3225 478 Dei
3274 425 3443 493 [ilium

142 495 321 551 Plures
345 496 495 550 enim
529 495 903 552 haereticorum
937 497 1138 552 idcirco
1167 497 1398 552 similem
1440 497 1736 553 secundum

139 590 466 646 divinitatem
498 605 620 646 esse
675 591 817 646 Patri
846 591 1042 646 Filium
1073 591 1276 658 dicunt,
1331 599 1389 646 ut
1417 605 1514 662 per
1543 590 1737 646 simili-

141 682 328 740 tudinis
376 685 770 754 proprietatem
821 685 1073 740 eumdem
1130 685 1342 740 Patrem
1399 699 1520 741 esse
1573 701 1734 757 quem

137 777 316 832 Filium
364 777 696 832 confirment
734 796 748 832 :
780 778 901 846 quia
956 776 1245 832 indiscreta
1307 777 1604 833 similitudo
1635 777 1734 834 ad-

138 872 338 926 mittere
384 869 638 926 videatur
700 871 844 926 unici
888 886 951 926 ac
999 871 1291 941 singularis
1364 872 1728 926 occasionem.

136 964 273 1035 Quod
311 963 462 1020 enim
496 980 603 1020 non
649 964 899 1022 dissentit
948 963 1000 1020 in
1049 979 1269 1036 genere,
1325 965 1376 1020 id
1418 966 1629 1021 videtur
1674 967 1728 1022 in

134 1059 316 1113 unione
348 1072 578 1114 manere
606 1068 834 1114 naturae.

193 1152 280 1207 22.
313 1150 494 1207 Filius
526 1169 585 1207 eo
636 1153 776 1225 quod
805 1162 975 1218 natus,
1009 1169 1104 1207 nec
1140 1153 1250 1223 ipse
1291 1153 1380 1219 qui
1409 1151 1589 1219 Pater,
1636 1168 1728 1206 nec

132 1245 263 1300 aliud
307 1262 470 1316 quam
511 1245 691 1301 Pater.
725 1243 774 1299 F
779 1247 926 1301 ilium
951 1263 982 1300 α
1021 1246 1182 1301 Patre
1221 1245 1368 1300 aliud
1390 1248 1632 1311 volentes,
1664 1246 1726 1300 ob

139 1340 509 1394 distinctionem
553 1355 805 1411 personae.
828 1371 900 1382 ——
922 1339 1028 1397 Sed
1063 1339 1316 1395 nativitas
1360 1355 1467 1393 non
1493 1337 1729 1394 admittit

132 1433 258 1486 hanc
295 1429 582 1497 fabulam;
625 1431 751 1501 quia
804 1433 936 1487 unio
990 1447 1096 1487 non
1147 1430 1311 1487 habet
1362 1431 1722 1486 nativitatem.

130 1522 270 1591 Quod
297 1523 448 1578 enim
491 1533 680 1579 natum
709 1533 814 1588 est,
833 1523 995 1579 habet
1020 1522 1322 1578 nativitatis
1351 1537 1464 1577 suae
1491 1531 1720 1593 patrem.

129 1615 300 1687 Neque
330 1616 456 1688 quia
484 1615 780 1672 indiscreta
811 1625 895 1671 est
927 1617 1197 1671 nascentis
1227 1631 1257 1670 a
1299 1617 1549 1686 gignente
1579 1615 1719 1670 divi-

129 1710 276 1775 nitas,
300 1708 424 1764 ideo
448 1710 567 1780 ipse
594 1720 676 1766 est
698 1720 752 1764 et
773 1718 1062 1781 generator
1092 1717 1146 1764 et
1169 1709 1380 1780 genitus
1411 1726 1426 1774 ;
1459 1723 1580 1762 cum
1611 1722 1719 1762 non

1842 506 2436 572 peremptaz.—l)ictmn
2467 509 2532 564 ad
2560 512 2847 580 Apostolos
2870 512 3083 569 Domini
3109 525 3230 572 est;
3260 515 3441 574 Estote
3466 550 3473 555 -

1840 598 2116 665 prudentes
2145 611 2200 654 ut
2239 614 2354 655 sunt
2406 615 2685 675 serpentes,
2719 616 2767 661 et
2810 608 3065 681 simplices
3108 621 3162 666 ut
3192 613 3442 670 columba:

1843 686 2081 759 (Mali/1.,
2113 706 2168 758 x,
2188 692 2300 765 16).
2344 695 2448 750 Per
2477 697 2621 767 quod
2649 697 3029 756 dissidentium
3056 717 3085 756 a
3109 719 3169 759 se
3195 707 3442 762 animan-

1839 781 1968 835 tium
2004 784 2179 840 inesse
2230 787 2385 842 nobis
2437 791 2609 844 voluit
2660 803 2910 847 naturam
2941 809 2954 847 :
2990 795 3085 850 sed
3110 796 3202 864 ita,
3233 808 3293 852 ut
3323 814 3440 856 sero

1836 875 2110 943 pentinam
2160 879 2499 948 prudentiam
2544 883 2808 940 columba:
2861 887 3179 957 simplicitas
3227 900 3438 962 tempe.

1835 976 1999 1035 raret,
2030 979 2084 1023 et
2138 969 2543 1040 simplicitatem
2591 975 2857 1030 columbae
2887 979 3171 1048 prudentia
3212 997 3439 1055 serpen-

1836 1058 1903 1112 tis
1943 1060 2237 1116 instrueret
2267 1079 2282 1128 ;
2322 1065 2579 1135 tieretque
2603 1077 2657 1122 et
2687 1068 2913 1138 simplex
2955 1071 3239 1140 sapientia,
3272 1084 3330 1142 et
3353 1089 3442 1130 sa-

1833 1151 1988 1221 piens
2037 1153 2398 1223 simplicitas:
2430 1157 2571 1228 quod
2627 1169 2954 1231 praeceptum
3009 1162 3062 1216 in
3102 1161 3262 1234 hujus
3307 1165 3436 1223 fidei

1831 1249 2168 1317 expositione
2194 1261 2464 1306 servatum
2497 1262 2598 1308 est.
2643 1255 2885 1328 Namque
2911 1273 3030 1311 eum
3056 1261 3324 1330 superior,
3357 1261 3428 1317 de

1829 1355 1935 1411 qua
1964 1341 2128 1396 locuti
2159 1356 2369 1411 sumus,
2403 1348 2676 1401 sententia
2714 1347 2767 1403 id
2822 1351 3078 1417 cavisset,
3111 1369 3199 1417 ne,
3235 1370 3329 1423 per
3357 1356 3437 1410 si-

1828 1433 2188 1492 militudinem
2217 1438 2491 1504 essentite,
2517 1440 2822 1509 personalis
2845 1442 2972 1496 unio
3007 1443 3432 1513 praedicaretur;

1830 1541 2003 1597 neque
2035 1537 2093 1581 ut
2123 1536 2329 1584 naturae
2370 1529 2732 1587 indiﬂ‘erentia
2767 1534 3059 1604 perimeret
3086 1536 3210 1591 Filii
3241 1539 3438 1593 nativi~

1827 1623 1990 1671 tatem
2025 1633 2038 1682 ;
2069 1627 2123 1672 et
2176 1633 2314 1673 unus
2354 1634 2416 1674 ac
2462 1622 2736 1678 solitarius
2785 1625 2940 1680 nobis
2971 1637 3115 1682 esset
3148 1629 3200 1682 in
3247 1643 3431 1696 sensu,

1825 1712 1949 1782 quia
1977 1712 2114 1767 alter
2143 1712 2211 1767 ab
2239 1714 2410 1769 altero
2434 1731 2541 1770 non
2565 1716 2808 1772 differret
2839 1719 2888 1772 in
2917 1735 3115 1789 genere
3141 1739 3155 1777 :
3183 1721 3278 1777 sed
3307 1737 3438 1778 coa-

128 1803 283 1874 possit
315 1803 417 1857 nisi
476 1802 615 1858 alius
645 1812 808 1874 atque
837 1804 974 1858 alius
1007 1819 1126 1859 esse
1148 1812 1202 1858 et
1249 1816 1515 1872 generatis
1543 1809 1596 1855 et
1619 1814 1716 1855 na-
1748 1809 1796 1870 B
1823 1808 2069 1875 sequenti
2106 1809 2375 1862 sententia
2417 1807 2493 1862 illi
2540 1809 2840 1878 prudentiae
2867 1813 3155 1882 serpentis,
3186 1815 3272 1869 cui
3298 1829 3436 1871 con-

130 1906 222 1962 tus,
253 1911 432 1968 neque
463 1912 680 1951 rursum
713 1894 795 1968 (ιι)
829 1895 1112 1952 dissimilis
1133 1911 1255 1952 esse
1284 1900 1453 1966 possit
1475 1904 1633 1949 natus
1662 1903 1716 1950 et

125 2003 399 2060 generans.
433 1988 740 2044 Anathema
778 2005 908 2061 ergo
936 1999 1040 2056 est,
1070 1990 1162 2061 qui
1202 1991 1254 2044 in
1289 1990 1449 2045 Patre
1489 1998 1544 2043 et
1574 1985 1715 2043 Filio

126 2090 316 2137 natura:
360 2082 774 2138 similitudinem
831 2083 896 2138 ad
928 2083 1249 2138 abolendam
1281 2081 1409 2137 Filii
1456 2095 1715 2152 persona-

126 2175 218 2231 lem
264 2178 683 2248 signiﬁcantium
737 2177 1251 2249 prtedicabit:quia
1303 2192 1425 2232 cum
1483 2177 1538 2232 in
1566 2175 1715 2232 nullo

126 2274 322 2331 dilferat
343 2290 435 2331 res
464 2289 495 2330 a
525 2290 584 2330 re
611 2290 707 2346 per
751 2283 988 2328 mutuam
1031 2270 1445 2327 similitudinem
1471 2288 1484 2335 ;
1514 2269 1710 2326 simili-

127 2367 242 2422 tudo
266 2377 449 2424 tamen
482 2369 621 2438 ipsa,
654 2382 758 2423 non
793 2366 1063 2437 recipiens
1104 2366 1377 2433 unionem,
1422 2365 1636 2420 Patrem
1659 2373 1715 2419 et

127 2463 302 2520 Filium
335 2479 431 2535 per
461 2463 538 2530 id,
583 2463 726 2535 quod
757 2462 925 2518 Filius
969 2461 1373 2518 indemutabilis
1416 2457 1713 2515 similitudo

127 2558 282 2615 Patris
309 2569 420 2626 est,
447 2558 761 2615 confitetur.
799 2557 916 2614 Non
944 2557 1092 2612 enim
1121 2564 1216 2611 aut
1265 2570 1389 2626 pars
1414 2564 1498 2610 est
1541 2553 1713 2610 Filius
1781 2614 1786 2619 ,

127 2650 302 2719 Patris,
330 2658 393 2706 ut
423 2665 563 2706 unus
591 2649 696 2705 dici
743 2649 912 2720 possit
941 2659 993 2704 et
1025 2657 1182 2702 natus
1211 2657 1262 2704 et
1286 2660 1573 2718 generous.
1607 2644 1713 2702 Ne-

127 2762 218 2818 que
233 2747 506 2803 emanatio
530 2755 639 2811 est,
662 2756 721 2802 ut
747 2745 1045 2801 continenti
1075 2743 1220 2798 fluxu
1253 2758 1346 2814 per
1376 2741 1711 2811 corporalem

127 2847 173 2894 et
215 2839 544 2895 individuum
577 2853 897 2910 procursum
936 2837 1078 2892 idem
1121 2837 1235 2906 ipse
1265 2835 1442 2890 fluxus
1469 2842 1711 2889 retentus

128 2932 173 2986 in
215 2933 442 3005 origine,
470 2932 549 3007 (b)
573 2933 749 3005 ipsum
793 2932 894 2988 sibi
925 2933 996 2986 sit
1041 2931 1186 2986 serie
1217 2940 1378 3000 atque
1421 2936 1593 2982 tractu
1622 2941 1713 2980 co-

128 3025 336 3082 haérenti
356 3025 508 3096 origo
530 3023 673 3097 quod
703 3025 897 3078 ﬂuxus.
923 3023 1033 3078 Sed
1064 3021 1299 3093 perfecta
1324 3019 1580 3075 nativitas
1603 3028 1708 3082 est,

129 3126 316 3175 etcum
372 3131 578 3176 natura:
632 3118 985 3177 similitudine
1014 3132 1241 3174 manens
1270 3133 1284 3170 :
1312 3133 1418 3171 non
1445 3123 1710 3185 conceptu

1819 1897 2038 1968 figurari
2095 1913 2216 1954 cum
2247 1899 2513 1954 columbae
2564 1901 2912 1971 simplicitate
2938 1907 3304 1976 praecipimur,
3337 1922 3435 1977 per

1819 1990 2124 2060 simplicem
2170 2001 2331 2062 atque
2396 1993 2750 2061 apostolicam
2810 1996 3154 2066 prudentiam
3216 2013 3436 2055 rursum

1818 2095 2099 2138 occursum
2142 2093 2224 2138 est
2253 2100 2266 2149 ;
2295 2099 2361 2140 ne
2391 2084 2531 2140 forte
2565 2100 2660 2154 per
2692 2085 2769 2153 id,
2807 2088 2949 2157 quod
2983 2090 3283 2158 personalis
3306 2091 3434 2148 unio

1817 2189 1924 2230 non
1959 2180 2314 2245 reciperetur,
2361 2179 2486 2248 quia
2516 2177 2654 2233 alios
2693 2181 2762 2233 sit
2785 2180 2964 2248 Pater,
2992 2181 3129 2238 alius
3159 2193 3214 2240 et
3238 2182 3430 2255 Filius,

1817 2268 2130 2339 praedicatio
2152 2270 2347 2326 iterum
2375 2272 2655 2328 dissimilis
2685 2284 2894 2330 natura:
2918 2279 3090 2347 possit
3116 2279 3382 2350 obrepere
3408 2301 3422 2337 :

1817 2376 1886 2416 ne
1911 2376 2030 2416 cum
2057 2361 2197 2418 alius
2220 2365 2416 2434 estqui
2439 2365 2669 2433 miserit,
2696 2378 2748 2422 et
2771 2369 2904 2424 alius
2923 2373 3105 2441 estqui
3123 2373 3320 2429 missus
3348 2386 3432 2432 est

1816 2454 1962 2524 (quia
1994 2469 2100 2508 non
2155 2469 2294 2509 unus
2337 2464 2421 2510 est
2465 2458 2666 2514 missus
2687 2469 2742 2516 et
2787 2463 3052 2533 mittens),
3083 2465 3336 2522 discreta:
3363 2482 3426 2522 ac

1815 2546 2093 2604 dissimilis
2131 2559 2341 2605 natura:
2369 2551 2812 2608 existimarentur
2840 2570 2963 2611 esse
2989 2557 3188 2614 missus
3207 2568 3260 2615 et
3300 2561 3424 2616 mit-

1815 2650 2104 2708 tens,cum
2149 2643 2378 2700 diversze
2410 2647 2660 2701 essentia:
2706 2663 2827 2705 esse
2871 2666 2978 2705 non
3026 2654 3238 2721 possint
3267 2662 3427 2710 natus

1814 2742 1871 2789 et
1915 2738 2160 2806 gignens.
2212 2735 2500 2793 Retinetur
2530 2739 2709 2809 itaque
2753 2741 2806 2796 in
2861 2743 3022 2799 Patre
3054 2754 3109 2800 et
3158 2746 3296 2802 Filio
3324 2763 3422 2802 na-

1814 2836 1947 2882 turae
1991 2827 2346 2885 indifferentis
2391 2829 2689 2888 similitudo
2732 2849 2826 2904 per
2861 2838 3113 2892 essentia:
3162 2841 3419 2895 nativita-

1816 2929 1922 2976 tem
1959 2939 1970 2973 :
2006 2935 2112 2976 non
2158 2933 2337 2977 tamen
2385 2922 2638 2979 damnum
2687 2942 2936 2996 personae
2985 2932 3162 2998 affert,
3194 2945 3252 2988 ut
3278 2951 3420 2991 unus

1815 3013 1886 3068 sit
1913 3013 2110 3070 missus
2129 3024 2183 3070 et
2213 3016 2454 3083 mittens,
2488 3018 2786 3075 similitudo
2833 3031 3058 3078 naturae.
3090 3023 3276 3096 Neque
3302 3042 3425 3082 rur-

1814 3120 1934 3161 sum
1966 3107 2018 3161 iu
2077 3122 2324 3177 personae
2383 3112 2738 3181 preprietate,
2767 3127 2890 3168 cum
2950 3131 3058 3171 non
3089 3122 3259 3188 possit
3307 3121 3426 3190 ipse

129 3222 174 3268 et
199 3223 346 3284 partu
371 3214 644 3286 corporali
691 3213 1051 3285 corporaliter
1079 3211 1350 3274 incohata,
1382 3208 1477 3264 sed
1518 3223 1713 3264 secun-

1831 3199 1916 3254 sibi
1949 3214 2088 3256 unus
2115 3209 2170 3256 et
2194 3201 2334 3256 filius
2384 3211 2441 3258 et
2491 3204 2653 3260 Pater
2680 3206 2808 3274 dici,
2840 3209 3081 3264 aufertur
3121 3211 3424 3268 similitudo

131 3307 239 3363 dum
296 3309 534 3379 ejusdem
605 3318 810 3365 natura:
853 3306 1292 3362 'simililudinem
1351 3302 1706 3375 incorporalis

130 3399 277 3476 474
301 3401 464 3458 Filius
492 3419 558 3459 ex
587 3402 911 3483 incorporali
929 3402 1089 3458 Patre
1115 3400 1432 3456 subsistens.

192 3497 280 3552 IX.
316 3516 334 3550 ι
370 3497 437 3553 Et
467 3498 514 3554 si
540 3499 682 3569 quis,
715 3506 999 3568 propterea
1025 3496 1167 3568 quod
1217 3509 1508 3565 numquam
1548 3492 1709 3548 Pater

135 3588 289 3647 Filius
313 3592 648 3662 intelligitur,
671 3602 723 3647 et
752 3591 895 3663 quod
921 3590 1090 3647 Filius
1122 3605 1411 3659 numquam
1436 3588 1597 3642 Pater
1627 3587 1708 3640 in-

136 3683 370 3754 telligitur
405 3726 421 3753 ,
473 3685 638 3742 alium
694 3685 882 3741 dicens
956 3683 1148 3738 Filium
1217 3690 1414 3752 prmter
1467 3679 1703 3747 Patrem,

133 3789 397 3847 propterea
447 3778 590 3850 quod
611 3777 751 3835 alius
791 3779 859 3834 sit
902 3779 1081 3839 Pater,
1115 3775 1251 3831 alius
1300 3775 1370 3829 sit
1414 3774 1604 3838 Filius,
1634 3787 1712 3826 se-

133 3869 346 3926 cundum
376 3870 520 3942 quod
577 3871 778 3927 dictum
812 3879 896 3926 est
925 3912 939 3937 ,
971 3868 1123 3924 Alius
1149 3877 1223 3923 est
1249 3868 1337 3936 qui
1366 3865 1710 3921 testimonium

133 3961 340 4029 perhibet
375 3965 445 4035 (ε)
489 3965 636 4031 milii,
681 3965 767 4034 qui
796 3980 876 4018 me
905 3964 1041 4018 misit
1066 3961 1223 4017 Pater
1252 3960 1458 4034 (Jonn.,
1487 3977 1540 4026 v,
1575 3959 1665 4029 3'2)
1692 3977 1704 4013 :

136 4056 208 4126 (ά)
252 4069 462 4130 propter
507 4059 677 4121 banc,
707 4059 847 4129 piam
897 4061 948 4113 in
1005 4057 1244 4112 Ecclesia
1303 4053 1703 4124 intelligendam

137 4154 494 4220 proprietatem
553 4168 798 4223 personae
851 4153 1024 4206 Patris
1077 4161 1129 4206 et
1187 4149 1354 4213 Filii,
1401 4148 1595 4202 timens
1640 4162 1709 4202 ne

139 4244 326 4312 quando
349 4246 485 4301 idem
519 4245 854 4316 intelligatur
880 4245 1050 4300 Filius
1081 4254 1130 4298 et
1163 4243 1344 4307 Pater,
1377 4241 1610 4297 similem
1638 4239 1707 4311 (ρ)

141 4353 232 4393 non
271 4341 408 4397 dicat
450 4342 613 4398 etiam
660 4341 811 4412 juxta
842 4339 1133 4396 essentiam
1195 4336 1379 4393 Patri:
1423 4334 1710 4392 anathema

141 4431 216 4484 sit.
265 4454 283 4487 ι

1815 3303 2040 3349 naturae.
2088 3295 2263 3366 Atque
2310 3296 2380 3350 ita
2411 3305 2466 3352 et
2491 3299 2786 3354 nativitatis
2829 3301 3034 3357 veritas
3074 3303 3139 3358 ad
3171 3305 3424 3362 similitu-

1814 3386 1996 3442 dinem
2025 3387 2237 3457 proticit
2264 3387 2540 3455 essentim,
2585 3399 2640 3446 et
2669 3391 2964 3448 similitudo
3009 3396 3262 3451 essentia:
3313 3413 3422 3453 non

1817 3476 1899 3550 (ί)
1949 3479 2149 3534 amittit
2191 3479 2486 3535 nativitatis
2532 3483 2870 3549 personalem
2899 3485 3204 3542 veritatem.
3233 3487 3422 3558 Neque

1816 3587 2030 3628 rursum
2061 3572 2325 3642 professio
2345 3573 2612 3645 gignentis
2635 3583 2690 3630 et
2715 3577 2882 3646 geniti
2924 3577 3087 3651 475
3107 3580 3420 3638 similitudi-

1819 3683 1940 3722 nem
1970 3667 2207 3723 excludit
2227 3669 2480 3724 essentiae
2505 3686 2522 3734 ;
2552 3670 2673 3739 quia
2708 3685 2830 3726 eum
2870 3674 3097 3744 gignens
3125 3685 3179 3730 et
3203 3677 3418 3746 genitus

1817 3774 1953 3815 unus
1985 3774 2104 3816 esse
2133 3776 2240 3815 non
2266 3761 2456 3831 possit,
2484 3777 2594 3818 non
2624 3770 2800 3818 tamen
2824 3763 3054 3822 diversa:
3085 3777 3292 3824 natura:
3310 3770 3421 3826 sint

1816 3861 1973 3908 natus
1995 3861 2048 3907 et
2090 3866 2378 3924 generans.

1887 3955 1956 4010 Χ.
1990 3974 2009 4009 ι
2060 3955 2130 4010 Ει
2175 3955 2221 4010 si
2275 3955 2398 4024 quis
2443 3955 2498 4010 in
2549 3957 2729 4028 aliquo
2769 3967 3011 4029 tempore
3081 3971 3287 4032 patrem
3339 3966 3419 4037 (g)

1817 4050 1986 4106 Deum
2025 4050 2283 4122 nnigeniti
2334 4049 2431 4104 filii
2460 4050 2744 4122 intelligat,
2772 4061 2828 4108 et
2858 4069 2962 4109 non
2987 4069 3153 4124 super
3179 4065 3422 4129 tempora

1820 4152 1878 4198 et
1909 4157 2074 4213 super
2104 4157 2322 4198 onmem
2368 4141 2655 4196 humanam
2685 4142 3100 4200 aestimationem
3136 4147 3215 4219 (Ιι)
3241 4150 3430 4220 unige-

1817 4238 1995 4295 nitum
2025 4239 2193 4293 lilium
2221 4239 2340 4293 sine
2364 4237 2612 4307 passione
2653 4237 2933 4294 exstitisse
2966 4255 2978 4292 :
3005 4238 3158 4310 quasi
3203 4253 3427 4312 printer-

1817 4336 2069 4406 grediens
2099 4333 2462 4404 evangelicam
2492 4332 2949 4402 praedicationem,
3004 4351 3123 4406 qua:
3175 4337 3237 4411 (i)
3265 4331 3428 4395 ‘tem-

1822 4443 2014 4499 porum
2044 4425 2261 4498 quidem
2313 4425 2770 4497 intercapedinem
2799 4427 2870 4484 de
2894 4427 3052 4486 Patre
3078 4441 3135 4488 et
3161 4431 3302 4488 Filio
3331 4433 3429 4490 ad-

202 4595 270 4668 (a)
295 4599 346 4654 In
373 4613 510 4682 mss.
551 4597 874 4682 indissimili:
902 4613 921 4652 :
955 4594 1252 4682 acadeiude
1284 4595 1336 4648 in
1377 4593 1498 4682 solo
1537 4592 1716 4682 Vatie.

1831 4595 1952 4654 σεϐῆ
1976 4596 2029 4682 ᾖν
2050 4603 2112 4682 τῇ
2134 4594 2402 4682 Ἐκιξληςτίᾳ
2421 4601 2692 4682 νοουμένην
2719 4600 2944 4661 ἰδιότητα
2985 4610 3086 4658 τῶν
3107 4607 3422 4682 «pomi-mm,

144 4682 232 4720 me
251 4665 346 4726 non
371 4672 552 4741 possit.
585 4669 700 4723 .lam
729 4685 914 4738 supra,
940 4684 994 4723 n.
1025 4667 1119 4738 ΞΟ,
1162 4681 1275 4736 pro,
1311 4665 1400 4720 sed
1421 4666 1466 4719 si
1477 4665 1722 4741 genuerit

143 4753 228 4791 non
254 4737 534 4807 dissimilis,
583 4743 638 4796 in
669 4737 920 4796 omnibus
950 4737 1118 4809 prepe
1161 4754 1290 4793 mss.
1317 4737 1584 4809 exstabat,
1615 4752 1720 4809 non

143 4810 437 4885 {artissimi/is
456 4833 474 4869 :
493 4831 614 4885 qum
639 4814 820 4873 lectio.
850 4807 976 4866 licet
998 4807 1221 4885 forsitan
1243 4808 1528 4885 sincerior,
1558 4818 1616 4862 ιιι
1647 4807 1718 4862 sit

142 4874 436 4942 indissimili;
458 4874 612 4958 quasi
653 4884 1314 4958 intrinsecusdissimitis,a
1349 4881 1504 4936 nobis
1535 4889 1716 4934 tamen

143 4968 231 5009 non
261 4956 557 5024 revocatur,
587 4973 657 5013 ne
683 4957 896 5011 errandi
937 4956 1006 5009 sit
1034 4956 1265 5010 occasio.
1527 5017 1532 5020 _

211 5031 276 5108 (b)
306 5027 957 5108 Vetustiggcodexgolb.
999 5027 1156 5108 ipsud
1175 5044 1194 5082 :
1219 5039 1343 5108 quae
1371 5040 1475 5108 yox
1498 5037 1714 5077 rursum

143 5096 278 5169 intra,
320 5120 467 5159 num.
517 5101 611 5170 25,
643 5111 697 5156 et
749 5099 874 5155 alibi
913 5096 1100 5154 eadem
1131 5099 1340 5154 ratione
1371 5096 1422 5150 in
1450 5111 1516 5150 eo
1547 5109 1721 5150 enun-

145 5188 304 5234 tiatur.

202 5251 266 5323 (ο)
295 5249 348 5304 In
380 5261 490 5323 uno
529 5261 630 5299 ms.
659 5243 815 5298 Colb.
842 5254 894 5299 et
918 5244 1098 5323 altero
1128 5241 1360 5323 Sprbon.
1385 5239 1632 5323 perhibet
1655 5239 1718 5294 de

144 5314 227 5389 me;
251 5314 441 5394 traice,
469 5319 496 5394 ῥ
517 5318 931 5394 μαρτυρῶν-τζερί
952 5314 1272 5394 έμρῦῄῖῐῖιῖιῐη
1301 5314 1672 5394 consentiente
1700 5328 1713 5364 :

146 5395 189 5466 in
211 5381 308 5466 quo
335 5381 532 5446 deinde
560 5381 658 5451 ι)ὶο
695 5381 900 5466 'verbis',
938 5381 1025 5458 qui
1077 5385 1214 5466 misit
1249 5400 1339 5466 ,ηις
1386 5381 1565 5466 Pater,
1591 5382 1720 5466 sub-

145 5456 324 5535 jicitur,
375 5466 478 5530 καὶ,
501 5467 794 5537 ΔΜαρτυρεῖ
819 5456 1112 5537 γάρέφησὶ,
1141 5456 1166 5512 ὁ
1196 5456 1407 5537 πέμψας
1435 5476 1494 5526 με
1521 5457 1714 5537 [Ξατήμ

149 5525 247 5606 qua:
283 5525 548 5592 sententia
576 5525 680 5606 alia
711 5525 802 5606 'est
824 5525 898 5606 ἔχ’
925 5525 1092 5586 ίδὸειη.
1121 5544 1176 5594 v,
1206 5525 1296 5592 57,
1316 5525 1394 5582 Μ
1425 5525 1717 5583 Confirma-

151 5605 326 5682 ιῖοηειη
356 5607 600 5682 ejusdem
633 5605 1036 5682 dipliallata.”
1133 5673 1165 5682 __
1339 5671 1350 5682 ο
1423 5670 1434 5682 _
1545 5671 1558 5682 _
1627 5669 1638 5682 ,

157 5755 179 5757 η
213 5683 284 5757 (tt)
310 5681 365 5738 In
386 5670 654 5757 'versione
685 5673 1166 5757 latinahfﬁpiplianii
1199 5714 1219 5756 ,.
1245 5670 1468 5755 majoris
1512 5670 1729 5757 clarita-z

153 5741 378 5824 tis‘ergo,
393 5767 514 5830 non_
525 5753 668 5830 male
691 5747 777 5803 hic
798 5741 1111 5830 adjicitur‘si
1132 5745 1246 5830 quis
1267 5741 1496 5830 inquom,
1516 5741 1732 5830 etiamsi

155 5814 317 5892 gnere
352 5814 455 5880 non
499 5820 788 5888 habeatur,
832 5814 924 5875 sed
958 5827 1188 5890 tantum,
1217 5814 1301 5876 διὰ
1329 5816 1519 5876 rubiae
1545 5815 1633 5873 ivli;
1660 5814 1736 5868 εὕ-

1827 4669 2024 4744 Πατρὸς
2050 4671 2138 4744 μὲν
2164 4671 2248 4723 καὶ
2267 4669 2396 4744 ξι·ἱοῦ⁸
2424 4687 2435 4721 :
2462 4669 2612 4744 quod
2641 4683 2821 4741 posset
2846 4674 3005 4744 verti,
3033 4669 3242 4744 propter
3264 4669 3422 4740 hanc,

1825 4739 1944 4815 (Late
1965 4739 2057 4815 pia
2085 4741 2330 4815 (aut‘pie)
2379 4741 2432 4794 in
2472 4739 2718 4815 Ecclesia
2733 4739 3064 4815 intelligitur,
3091 4739 3428 4815 personarum

1825 4808 2002 4888 Patris
2048 4808 2113 4888 et:
2127 4809 2254 4865 Filii
2301 4808 2682 4888 pauprietgtem.
2717 4814 2864 4888 Allinc
2893 4808 3254 4886 “quon-male
3281 4819 3426 4888 apud

1823 4880 1946 4936 Par.
1981 4890 2035 4936 et
2057 4883 2202 4952 Lips.
2237 4880 2414 4936 omitti
2443 4884 2497 4937 in
2528 4882 2779 4939 Ecclesia.

1895 4954 1964 5026 (ε)
1996 4954 2206 5021 Grzcce,
2234 4954 2467 5028 ἀνόμοιον
2496 4956 2653 5030 λέγοι,
2684 4955 2826 5026 quod
2866 4965 2972 5022 est,
3000 4957 3301 5014 dissimilem
3347 4961 3428 5017 di-

1820 5036 1924 5080 cat.

1923 5096 1976 5166 f)
2004 5095 2100 5150 Ms.
2127 5093 2291 5150 Corb.
2322 5097 2522 5166 aliique
2546 5097 2812 5162 nonnulli,
2843 5116 2946 5153 non
2974 5100 3176 5155 adimit.

1922 5167 2269 5242 g)_gin_graeca
2299 5167 2502 5242 phrasi
2535 5170 2798 5242 repetitur
2822 5185 2927 5225 vox
2960 5180 3156 5242 patrem
3185 5173 3306 5230 loco
3334 5191 3434 5233 vo-

1826 5237 2004 5295 cabuli
2045 5237 2234 5294 Deum.
2284 5239 2542 5308 Arguitur
2572 5237 2659 5314 hic
2685 5241 2931 5297 doctrina
2960 5237 3108 5307 'Arii,
3138 5245 3226 5314 qui
3259 5245 3431 5304 Deum

1827 5327 1890 5366 ex
1923 5324 1986 5364 se
2013 5321 2302 5386 aeternum,
2333 5319 2540 5365 tantum
2594 5312 2648 5367 in
2707 5322 2950 5385 tempore
3002 5312 3212 5386 patrem
3264 5317 3437 5377 fuisse

1825 5381 2125 5439 asserebat.

1901 5451 2217 5540 (ΙΨ-διξερε.
2238 5455 2482 5540 ,πιστεύει
2522 5458 2615 5540 ςτόν
2643 5466 2884 5540 potam/syri
2910 5458 3028 5540 υἱὸξ
3126 5468 3220 5517 τοῦ
3243 5465 3442 5540 "erepti:

1831 5529 2042 5603 ἀπαθῶς
2060 5527 2377 5603 egomed-aui,
2407 5529 2585 5603 credat
2625 5527 2946 5603 unigenitum
2991 5531 3157 5602 ﬁlium
3186 5550 3249 5588 ea:
3278 5527 3440 5590 Pa'tre

1833 5600 1942 5654 sine
1967 5598 2202 5668 passione
2218 5598 2518 5662 substitisse.

1912 5668 1975 5744 (i)
2018 5671 2143 5749 Mss.
2177 5684 2394 5749 summo
2431 5683 2720 5740 consensu,
2753 5682 3035 5749 temporum
3057 5677 3263 5748 quidem
3283 5678 3442 5733 inter-

1841 5742 2179 5814 pretationem
2210 5758 2229 5795 :
2255 5742 2396 5814 quod
2424 5757 2598 5814 graece
2627 5761 2734 5800 uno
2762 5742 2931 5803 verbo
2962 5742 3275 5806 enuntiatur
3317 5753 3443 5814 τοὺς

1846 5818 1936 5893 μέν
1991 5816 2230 5894 ῗρόνωδς.
2268 5813 2470 5873 Deinde
2499 5831 2621 5872 cum
2650 5822 2826 5876 vertat
2855 5819 3087 5879 Hilarius
3137 5813 3448 5893 adspernata
