  <div class='ocr_page' id='page_1' title='image "/cluster/home/n/w/nwhite01/storage/ocr_20150623/10/uva.x000826522/260.png"; bbox 0 0 3936 6196; ppageno 0'>
   <div class='ocr_carea' id='block_1_1' title="bbox 96 280 203 338">
    <p class='ocr_par' dir='ltr' id='par_1_1' title="bbox 96 280 203 338">
     <span class='ocr_line' id='line_1_1' title="bbox 96 280 203 338; baseline 0 -1"><span class='ocrx_word' id='word_1_1' title='bbox 96 280 203 338; x_wconf 73' lang='lat'><strong>505</strong></span> 
     </span>
    </p>
   </div>
   <div class='ocr_carea' id='block_1_2' title="bbox 879 285 2623 354">
    <p class='ocr_par' dir='ltr' id='par_1_2' title="bbox 879 285 2623 354">
     <span class='ocr_line' id='line_1_2' title="bbox 879 285 2623 354; baseline 0.005 -13"><span class='ocrx_word' id='word_1_2' title='bbox 879 285 1085 342; x_wconf 84' lang='lat' dir='ltr'><strong>LIBER</strong></span> <span class='ocrx_word' id='word_1_3' title='bbox 1125 286 1212 342; x_wconf 89' lang='lat' dir='ltr'><strong>DE</strong></span> <span class='ocrx_word' id='word_1_4' title='bbox 1253 286 1576 354; x_wconf 80' lang='lat' dir='ltr'><strong>SYNODIS,</strong></span> <span class='ocrx_word' id='word_1_5' title='bbox 1619 288 1749 347; x_wconf 81' lang='lat' dir='ltr'><strong>SEIJ</strong></span> <span class='ocrx_word' id='word_1_6' title='bbox 1790 290 1879 348; x_wconf 82' lang='lat' dir='ltr'><strong>DE</strong></span> <span class='ocrx_word' id='word_1_7' title='bbox 1935 290 2092 348; x_wconf 79' lang='lat' dir='ltr'><strong>FIDE</strong></span> <span class='ocrx_word' id='word_1_8' title='bbox 2130 292 2623 352; x_wconf 81' lang='lat' dir='ltr'><strong>ORIENTALIUM.</strong></span> 
     </span>
    </p>
   </div>
   <div class='ocr_carea' id='block_1_3' title="bbox 3302 298 3409 355">
    <p class='ocr_par' dir='ltr' id='par_1_3' title="bbox 3302 298 3409 355">
     <span class='ocr_line' id='line_1_3' title="bbox 3302 298 3409 355; baseline 0.009 -1"><span class='ocrx_word' id='word_1_9' title='bbox 3302 298 3409 355; x_wconf 84' lang='lat'><strong>506</strong></span> 
     </span>
    </p>
   </div>
   <div class='ocr_carea' id='block_1_4' title="bbox 96 398 3410 480">
    <p class='ocr_par' dir='ltr' id='par_1_4' title="bbox 96 398 3410 480">
     <span class='ocr_line' id='line_1_4' title="bbox 96 398 3410 480; baseline 0.003 -22"><span class='ocrx_word' id='word_1_10' title='bbox 96 410 149 458; x_wconf 84' lang='lat' dir='ltr'><strong>et</strong></span> <span class='ocrx_word' id='word_1_11' title='bbox 177 398 299 457; x_wconf 83' lang='lat' dir='ltr'><strong>Filii</strong></span> <span class='ocrx_word' id='word_1_12' title='bbox 323 399 407 473; x_wconf 89' lang='lat' dir='ltr'><strong>(a)</strong></span> <span class='ocrx_word' id='word_1_13' title='bbox 435 401 749 457; x_wconf 86' lang='lat' dir='ltr'><strong>diversitate</strong></span> <span class='ocrx_word' id='word_1_14' title='bbox 777 401 1054 459; x_wconf 86' lang='lat' dir='ltr'><strong>dissimilis</strong></span> <span class='ocrx_word' id='word_1_15' title='bbox 1083 404 1337 460; x_wconf 78' lang='lat' dir='ltr'><strong>essentia:</strong></span> <span class='ocrx_word' id='word_1_16' title='bbox 1366 414 1706 476; x_wconf 89' lang='lat' dir='ltr'><strong>separantes.</strong></span> <span class='ocrx_word' id='word_1_17' title='bbox 1736 410 1790 469; x_wconf 80' lang='grc' dir='ltr'><strong>Α</strong></span> <span class='ocrx_word' id='word_1_18' title='bbox 1814 408 2112 465; x_wconf 72' lang='lat' dir='ltr'><strong>substantia</strong></span> <span class='ocrx_word' id='word_1_19' title='bbox 2141 409 2339 480; x_wconf 83' lang='lat' dir='ltr'><strong>habet,</strong></span> <span class='ocrx_word' id='word_1_20' title='bbox 2372 427 2439 467; x_wconf 89' lang='lat' dir='ltr'><strong>ne</strong></span> <span class='ocrx_word' id='word_1_21' title='bbox 2471 410 2813 468; x_wconf 86' lang='lat' dir='ltr'><strong>demutabilis</strong></span> <span class='ocrx_word' id='word_1_22' title='bbox 2856 412 2970 468; x_wconf 87' lang='lat' dir='ltr'><strong>liat.</strong></span> <span class='ocrx_word' id='word_1_23' title='bbox 3005 411 3122 470; x_wconf 87' lang='lat' dir='ltr'><strong>Non</strong></span> <span class='ocrx_word' id='word_1_24' title='bbox 3163 415 3308 471; x_wconf 88' lang='lat' dir='ltr'><strong>enim</strong></span> <span class='ocrx_word' id='word_1_25' title='bbox 3355 414 3410 470; x_wconf 90' lang='lat' dir='ltr'><strong>in</strong></span> 
     </span>
    </p>
   </div>
   <div class='ocr_carea' id='block_1_5' title="bbox 97 493 1706 572">
    <p class='ocr_par' dir='ltr' id='par_1_5' title="bbox 97 493 1706 572">
     <span class='ocr_line' id='line_1_5' title="bbox 97 493 1706 572; baseline 0.004 -22"><span class='ocrx_word' id='word_1_26' title='bbox 97 493 247 565; x_wconf 83' lang='lat' dir='ltr'><strong>Quod</strong></span> <span class='ocrx_word' id='word_1_27' title='bbox 274 504 467 550; x_wconf 89' lang='lat' dir='ltr'><strong>autem</strong></span> <span class='ocrx_word' id='word_1_28' title='bbox 496 496 695 552; x_wconf 87' lang='lat' dir='ltr'><strong>dictum</strong></span> <span class='ocrx_word' id='word_1_29' title='bbox 725 508 808 553; x_wconf 93' lang='lat' dir='ltr'><strong>est</strong></span> <span class='ocrx_word' id='word_1_30' title='bbox 835 514 851 552; x_wconf 86' lang='lat'><strong>:</strong></span> <span class='ocrx_word' id='word_1_31' title='bbox 885 497 951 554; x_wconf 88' lang='lat' dir='ltr'><strong>Ut</strong></span> <span class='ocrx_word' id='word_1_32' title='bbox 985 500 1085 554; x_wconf 89' lang='lat' dir='ltr'><strong>sint</strong></span> <span class='ocrx_word' id='word_1_33' title='bbox 1111 499 1314 571; x_wconf 82' lang='lat' dir='ltr'><strong>quidem</strong></span> <span class='ocrx_word' id='word_1_34' title='bbox 1345 517 1435 572; x_wconf 83' lang='lat' dir='ltr'><strong>per</strong></span> <span class='ocrx_word' id='word_1_35' title='bbox 1474 503 1706 557; x_wconf 84' lang='lat' dir='ltr'><strong>substan-</strong></span> 
     </span>
    </p>
   </div>
   <div class='ocr_carea' id='block_1_6' title="bbox 100 591 1708 662">
    <p class='ocr_par' dir='ltr' id='par_1_6' title="bbox 100 591 1708 662">
     <span class='ocr_line' id='line_1_6' title="bbox 100 591 1708 662; baseline 0.002 -16"><span class='ocrx_word' id='word_1_36' title='bbox 100 592 218 646; x_wconf 82' lang='lat' dir='ltr'><strong>tiam</strong></span> <span class='ocrx_word' id='word_1_37' title='bbox 239 591 364 655; x_wconf 83' lang='lat' dir='ltr'><strong>tria,</strong></span> <span class='ocrx_word' id='word_1_38' title='bbox 396 607 496 662; x_wconf 85' lang='lat' dir='ltr'><strong>per</strong></span> <span class='ocrx_word' id='word_1_39' title='bbox 517 592 908 645; x_wconf 82' lang='lat' dir='ltr'><strong>consonantiam</strong></span> <span class='ocrx_word' id='word_1_40' title='bbox 938 609 1055 648; x_wconf 82' lang='lat' dir='ltr'><strong>vero</strong></span> <span class='ocrx_word' id='word_1_41' title='bbox 1075 610 1254 661; x_wconf 86' lang='lat' dir='ltr'><strong>unum,</strong></span> <span class='ocrx_word' id='word_1_42' title='bbox 1286 610 1394 649; x_wconf 94' lang='lat' dir='ltr'><strong>non</strong></span> <span class='ocrx_word' id='word_1_43' title='bbox 1423 595 1584 650; x_wconf 88' lang='lat' dir='ltr'><strong>habet</strong></span> <span class='ocrx_word' id='word_1_44' title='bbox 1615 610 1708 650; x_wconf 84' lang='lat' dir='ltr'><strong>ca-</strong></span> 
     </span>
    </p>
   </div>
   <div class='ocr_carea' id='block_1_7' title="bbox 101 683 1709 758">
    <p class='ocr_par' dir='ltr' id='par_1_7' title="bbox 101 683 1709 758">
     <span class='ocr_line' id='line_1_7' title="bbox 101 683 1709 758; baseline 0.002 -17"><span class='ocrx_word' id='word_1_45' title='bbox 101 683 357 741; x_wconf 89' lang='lat' dir='ltr'><strong>lumniam</strong></span> <span class='ocrx_word' id='word_1_46' title='bbox 412 703 427 739; x_wconf 87' lang='lat'><strong>:</strong></span> <span class='ocrx_word' id='word_1_47' title='bbox 486 686 609 756; x_wconf 84' lang='lat' dir='ltr'><strong>quia</strong></span> <span class='ocrx_word' id='word_1_48' title='bbox 663 684 736 758; x_wconf 75' lang='grc' dir='ltr'><strong>(ὁ)</strong></span> <span class='ocrx_word' id='word_1_49' title='bbox 787 687 1173 742; x_wconf 87' lang='lat' dir='ltr'><strong>connominato</strong></span> <span class='ocrx_word' id='word_1_50' title='bbox 1224 687 1468 757; x_wconf 86' lang='lat' dir='ltr'><strong>Spiritu,</strong></span> <span class='ocrx_word' id='word_1_51' title='bbox 1523 688 1573 743; x_wconf 90' lang='lat' dir='ltr'><strong>id</strong></span> <span class='ocrx_word' id='word_1_52' title='bbox 1626 700 1709 744; x_wconf 90' lang='lat' dir='ltr'><strong>est</strong></span> 
     </span>
    </p>
   </div>
   <div class='ocr_carea' id='block_1_8' title="bbox 102 778 1705 856">
    <p class='ocr_par' dir='ltr' id='par_1_8' title="bbox 102 778 1705 856">
     <span class='ocr_line' id='line_1_8' title="bbox 102 778 1705 856; baseline 0.001 -23"><span class='ocrx_word' id='word_1_53' title='bbox 102 778 403 851; x_wconf 85' lang='lat' dir='ltr'><strong>paraclcto,</strong></span> <span class='ocrx_word' id='word_1_54' title='bbox 437 778 814 834; x_wconf 71' lang='lat' dir='ltr'><strong>consonantia:</strong></span> <span class='ocrx_word' id='word_1_55' title='bbox 839 780 1041 850; x_wconf 85' lang='lat' dir='ltr'><strong>potius.</strong></span> <span class='ocrx_word' id='word_1_56' title='bbox 1072 795 1232 851; x_wconf 85' lang='lat' dir='ltr'><strong>quam</strong></span> <span class='ocrx_word' id='word_1_57' title='bbox 1260 781 1513 836; x_wconf 64' lang='lat' dir='ltr'><strong>essentia:</strong></span> <span class='ocrx_word' id='word_1_58' title='bbox 1543 779 1705 856; x_wconf 67' lang='grc'><strong>481</strong></span> 
     </span>
    </p>
   </div>
   <div class='ocr_carea' id='block_1_9' title="bbox 102 869 1711 943">
    <p class='ocr_par' dir='ltr' id='par_1_9' title="bbox 102 869 1711 943">
     <span class='ocr_line' id='line_1_9' title="bbox 102 869 1711 943; baseline 0.001 -17"><span class='ocrx_word' id='word_1_59' title='bbox 102 885 193 942; x_wconf 86' lang='lat' dir='ltr'><strong>per</strong></span> <span class='ocrx_word' id='word_1_60' title='bbox 258 869 685 927; x_wconf 87' lang='lat' dir='ltr'><strong>similitudinem</strong></span> <span class='ocrx_word' id='word_1_61' title='bbox 745 870 1064 927; x_wconf 65' lang='lat' dir='ltr'><strong>substantiae</strong></span> <span class='ocrx_word' id='word_1_62' title='bbox 1124 871 1406 943; x_wconf 75' lang='lat' dir='ltr'><strong>prtcdicari</strong></span> <span class='ocrx_word' id='word_1_63' title='bbox 1455 874 1711 929; x_wconf 80' lang='lat' dir='ltr'><strong>convenit</strong></span> 
     </span>
    </p>
   </div>
   <div class='ocr_carea' id='block_1_10' title="bbox 105 964 387 1020">
    <p class='ocr_par' dir='ltr' id='par_1_10' title="bbox 105 964 387 1020">
     <span class='ocr_line' id='line_1_10' title="bbox 105 964 387 1020; baseline -0.007 -2"><span class='ocrx_word' id='word_1_64' title='bbox 105 964 387 1020; x_wconf 73' lang='lat' dir='ltr'><strong>inritatam.</strong></span> 
     </span>
    </p>
   </div>
   <div class='ocr_carea' id='block_1_11' title="bbox 169 1054 1712 1128">
    <p class='ocr_par' dir='ltr' id='par_1_11' title="bbox 169 1054 1712 1128">
     <span class='ocr_line' id='line_1_11' title="bbox 169 1054 1712 1128; baseline 0.001 -18"><span class='ocrx_word' id='word_1_65' title='bbox 169 1056 259 1110; x_wconf 74' lang='lat'><strong>55.</strong></span> <span class='ocrx_word' id='word_1_66' title='bbox 296 1054 421 1111; x_wconf 82' lang='lat' dir='ltr'><strong>Hoc</strong></span> <span class='ocrx_word' id='word_1_67' title='bbox 455 1055 684 1128; x_wconf 78' lang='lat' dir='ltr'><strong>formula</strong></span> <span class='ocrx_word' id='word_1_68' title='bbox 710 1057 937 1113; x_wconf 86' lang='lat' dir='ltr'><strong>eamdem</strong></span> <span class='ocrx_word' id='word_1_69' title='bbox 985 1056 1161 1112; x_wconf 85' lang='lat' dir='ltr'><strong>Patris</strong></span> <span class='ocrx_word' id='word_1_70' title='bbox 1200 1073 1261 1112; x_wconf 87' lang='lat' dir='ltr'><strong>ac</strong></span> <span class='ocrx_word' id='word_1_71' title='bbox 1287 1055 1418 1113; x_wconf 82' lang='lat' dir='ltr'><strong>Filii</strong></span> <span class='ocrx_word' id='word_1_72' title='bbox 1441 1058 1712 1113; x_wconf 76' lang='lat' dir='ltr'><strong>essentiam</strong></span> 
     </span>
    </p>
   </div>
   <div class='ocr_carea' id='block_1_12' title="bbox 108 1146 1712 1219">
    <p class='ocr_par' dir='ltr' id='par_1_12' title="bbox 108 1146 1712 1219">
     <span class='ocr_line' id='line_1_12' title="bbox 108 1146 1712 1219; baseline 0.001 -17"><span class='ocrx_word' id='word_1_73' title='bbox 108 1148 401 1219; x_wconf 73' lang='lat' dir='ltr'><strong>prtzdicari.</strong></span> <span class='ocrx_word' id='word_1_74' title='bbox 441 1146 740 1203; x_wconf 85' lang='lat' dir='ltr'><strong>Natiuitatis</strong></span> <span class='ocrx_word' id='word_1_75' title='bbox 767 1159 816 1204; x_wconf 88' lang='lat' dir='ltr'><strong>et</strong></span> <span class='ocrx_word' id='word_1_76' title='bbox 843 1148 1257 1204; x_wconf 85' lang='lat' dir='ltr'><strong>innascibilitatis</strong></span> <span class='ocrx_word' id='word_1_77' title='bbox 1286 1149 1580 1205; x_wconf 75' lang='lat' dir='ltr'><strong>discrimen.</strong></span> <span class='ocrx_word' id='word_1_78' title='bbox 1611 1148 1712 1203; x_wconf 81' lang='lat' dir='ltr'><strong>Fi—</strong></span> 
     </span>
    </p>
   </div>
   <div class='ocr_carea' id='block_1_13' title="bbox 107 1240 1710 1313">
    <p class='ocr_par' dir='ltr' id='par_1_13' title="bbox 107 1240 1710 1313">
     <span class='ocr_line' id='line_1_13' title="bbox 107 1240 1710 1313; baseline 0.002 -18"><span class='ocrx_word' id='word_1_79' title='bbox 107 1241 204 1295; x_wconf 77' lang='lat' dir='ltr'><strong>lius</strong></span> <span class='ocrx_word' id='word_1_80' title='bbox 225 1240 593 1296; x_wconf 84' lang='lat' dir='ltr'><strong>immutabilis.</strong></span> <span class='ocrx_word' id='word_1_81' title='bbox 626 1272 695 1282; x_wconf 95' lang='lat'><strong>—</strong></span> <span class='ocrx_word' id='word_1_82' title='bbox 721 1241 989 1297; x_wconf 67' lang='lat' dir='ltr'><strong>Cmterum</strong></span> <span class='ocrx_word' id='word_1_83' title='bbox 1036 1242 1212 1297; x_wconf 89' lang='lat' dir='ltr'><strong>omnis</strong></span> <span class='ocrx_word' id='word_1_84' title='bbox 1241 1242 1489 1313; x_wconf 86' lang='lat' dir='ltr'><strong>superior</strong></span> <span class='ocrx_word' id='word_1_85' title='bbox 1529 1257 1710 1298; x_wconf 80' lang='lat' dir='ltr'><strong>sermo</strong></span> 
     </span>
    </p>
   </div>
   <div class='ocr_carea' id='block_1_14' title="bbox 111 1332 1710 1391">
    <p class='ocr_par' dir='ltr' id='par_1_14' title="bbox 111 1332 1710 1391">
     <span class='ocr_line' id='line_1_14' title="bbox 111 1332 1710 1391; baseline 0.001 -1"><span class='ocrx_word' id='word_1_86' title='bbox 111 1334 160 1390; x_wconf 90' lang='lat' dir='ltr'><strong>in</strong></span> <span class='ocrx_word' id='word_1_87' title='bbox 181 1332 327 1391; x_wconf 87' lang='lat' dir='ltr'><strong>nullo</strong></span> <span class='ocrx_word' id='word_1_88' title='bbox 360 1332 587 1390; x_wconf 83' lang='lat' dir='ltr'><strong>Patrem</strong></span> <span class='ocrx_word' id='word_1_89' title='bbox 610 1344 664 1390; x_wconf 92' lang='lat' dir='ltr'><strong>et</strong></span> <span class='ocrx_word' id='word_1_90' title='bbox 691 1335 887 1390; x_wconf 83' lang='lat' dir='ltr'><strong>Filium</strong></span> <span class='ocrx_word' id='word_1_91' title='bbox 911 1336 1163 1390; x_wconf 79' lang='lat' dir='ltr'><strong>essentia:</strong></span> <span class='ocrx_word' id='word_1_92' title='bbox 1210 1349 1273 1389; x_wconf 91' lang='lat' dir='ltr'><strong>ac</strong></span> <span class='ocrx_word' id='word_1_93' title='bbox 1299 1344 1504 1390; x_wconf 68' lang='lat' dir='ltr'><strong>natum:</strong></span> <span class='ocrx_word' id='word_1_94' title='bbox 1528 1334 1710 1391; x_wconf 86' lang='lat' dir='ltr'><strong>diver-</strong></span> 
     </span>
    </p>
   </div>
   <div class='ocr_carea' id='block_1_15' title="bbox 109 1429 1712 1497">
    <p class='ocr_par' dir='ltr' id='par_1_15' title="bbox 109 1429 1712 1497">
     <span class='ocr_line' id='line_1_15' title="bbox 109 1429 1712 1497; baseline 0 -12"><span class='ocrx_word' id='word_1_95' title='bbox 109 1430 260 1485; x_wconf 84' lang='lat' dir='ltr'><strong>sitate</strong></span> <span class='ocrx_word' id='word_1_96' title='bbox 286 1429 577 1485; x_wconf 75' lang='lat' dir='ltr'><strong>discrevit.</strong></span> <span class='ocrx_word' id='word_1_97' title='bbox 604 1429 702 1487; x_wconf 86' lang='lat' dir='ltr'><strong>Ubi</strong></span> <span class='ocrx_word' id='word_1_98' title='bbox 735 1433 879 1487; x_wconf 88' lang='lat' dir='ltr'><strong>enim</strong></span> <span class='ocrx_word' id='word_1_99' title='bbox 913 1430 1138 1495; x_wconf 86' lang='lat' dir='ltr'><strong>dicitur,</strong></span> <span class='ocrx_word' id='word_1_100' title='bbox 1180 1429 1347 1485; x_wconf 87' lang='lat' dir='ltr'><strong>Deum</strong></span> <span class='ocrx_word' id='word_1_101' title='bbox 1376 1431 1438 1485; x_wconf 88' lang='lat' dir='ltr'><strong>de</strong></span> <span class='ocrx_word' id='word_1_102' title='bbox 1474 1430 1602 1497; x_wconf 88' lang='lat' dir='ltr'><strong>Deo,</strong></span> <span class='ocrx_word' id='word_1_103' title='bbox 1635 1440 1712 1485; x_wconf 92' lang='lat' dir='ltr'><strong>to-</strong></span> 
     </span>
    </p>
   </div>
   <div class='ocr_carea' id='block_1_16' title="bbox 114 1524 1712 1596">
    <p class='ocr_par' dir='ltr' id='par_1_16' title="bbox 114 1524 1712 1596">
     <span class='ocr_line' id='line_1_16' title="bbox 114 1524 1712 1596; baseline -0.001 -17"><span class='ocrx_word' id='word_1_104' title='bbox 114 1535 212 1580; x_wconf 86' lang='lat' dir='ltr'><strong>tum</strong></span> <span class='ocrx_word' id='word_1_105' title='bbox 243 1540 307 1579; x_wconf 76' lang='lat' dir='ltr'><strong>ex</strong></span> <span class='ocrx_word' id='word_1_106' title='bbox 345 1534 508 1591; x_wconf 89' lang='lat' dir='ltr'><strong>toto;</strong></span> <span class='ocrx_word' id='word_1_107' title='bbox 557 1540 663 1580; x_wconf 90' lang='lat' dir='ltr'><strong>non</strong></span> <span class='ocrx_word' id='word_1_108' title='bbox 719 1525 1009 1596; x_wconf 80' lang='lat' dir='ltr'><strong>ambigitur</strong></span> <span class='ocrx_word' id='word_1_109' title='bbox 1041 1533 1210 1580; x_wconf 88' lang='lat' dir='ltr'><strong>totum</strong></span> <span class='ocrx_word' id='word_1_110' title='bbox 1272 1524 1445 1579; x_wconf 88' lang='lat' dir='ltr'><strong>Deum</strong></span> <span class='ocrx_word' id='word_1_111' title='bbox 1486 1540 1551 1579; x_wconf 85' lang='lat' dir='ltr'><strong>ex</strong></span> <span class='ocrx_word' id='word_1_112' title='bbox 1600 1532 1712 1579; x_wconf 89' lang='lat' dir='ltr'><strong>toto</strong></span> 
     </span>
    </p>
   </div>
   <div class='ocr_carea' id='block_1_17' title="bbox 112 1617 1710 1675">
    <p class='ocr_par' dir='ltr' id='par_1_17' title="bbox 112 1617 1710 1675">
     <span class='ocr_line' id='line_1_17' title="bbox 112 1617 1710 1675; baseline -0.001 0"><span class='ocrx_word' id='word_1_113' title='bbox 112 1619 216 1675; x_wconf 90' lang='lat' dir='ltr'><strong>Deo</strong></span> <span class='ocrx_word' id='word_1_114' title='bbox 240 1627 455 1674; x_wconf 87' lang='lat' dir='ltr'><strong>natum.</strong></span> <span class='ocrx_word' id='word_1_115' title='bbox 492 1618 627 1674; x_wconf 88' lang='lat' dir='ltr'><strong>Nam</strong></span> <span class='ocrx_word' id='word_1_116' title='bbox 659 1630 712 1675; x_wconf 91' lang='lat' dir='ltr'><strong>et</strong></span> <span class='ocrx_word' id='word_1_117' title='bbox 743 1619 835 1674; x_wconf 87' lang='lat' dir='ltr'><strong>Dei</strong></span> <span class='ocrx_word' id='word_1_118' title='bbox 863 1618 934 1675; x_wconf 87' lang='lat' dir='ltr'><strong>de</strong></span> <span class='ocrx_word' id='word_1_119' title='bbox 979 1618 1092 1673; x_wconf 88' lang='lat' dir='ltr'><strong>Deo</strong></span> <span class='ocrx_word' id='word_1_120' title='bbox 1124 1627 1313 1673; x_wconf 90' lang='lat' dir='ltr'><strong>natura</strong></span> <span class='ocrx_word' id='word_1_121' title='bbox 1349 1632 1453 1673; x_wconf 90' lang='lat' dir='ltr'><strong>non</strong></span> <span class='ocrx_word' id='word_1_122' title='bbox 1500 1617 1710 1674; x_wconf 84' lang='lat' dir='ltr'><strong>dill&#39;ert:</strong></span> 
     </span>
    </p>
   </div>
   <div class='ocr_carea' id='block_1_18' title="bbox 114 1708 1707 1780">
    <p class='ocr_par' dir='ltr' id='par_1_18' title="bbox 114 1708 1707 1780">
     <span class='ocr_line' id='line_1_18' title="bbox 114 1708 1707 1780; baseline -0.001 -13"><span class='ocrx_word' id='word_1_123' title='bbox 114 1723 163 1768; x_wconf 90' lang='lat' dir='ltr'><strong>et</strong></span> <span class='ocrx_word' id='word_1_124' title='bbox 189 1719 332 1766; x_wconf 91' lang='lat' dir='ltr'><strong>totus</strong></span> <span class='ocrx_word' id='word_1_125' title='bbox 360 1725 431 1765; x_wconf 79' lang='lat' dir='ltr'><strong>ex</strong></span> <span class='ocrx_word' id='word_1_126' title='bbox 462 1719 579 1764; x_wconf 88' lang='lat' dir='ltr'><strong>toto</strong></span> <span class='ocrx_word' id='word_1_127' title='bbox 609 1711 660 1764; x_wconf 93' lang='lat' dir='ltr'><strong>in</strong></span> <span class='ocrx_word' id='word_1_128' title='bbox 707 1711 774 1765; x_wconf 91' lang='lat' dir='ltr'><strong>iis</strong></span> <span class='ocrx_word' id='word_1_129' title='bbox 825 1720 909 1766; x_wconf 88' lang='lat' dir='ltr'><strong>est</strong></span> <span class='ocrx_word' id='word_1_130' title='bbox 949 1711 1065 1777; x_wconf 83' lang='lat' dir='ltr'><strong>ipse</strong></span> <span class='ocrx_word' id='word_1_131' title='bbox 1092 1750 1106 1772; x_wconf 92' lang='lat'><strong>,</strong></span> <span class='ocrx_word' id='word_1_132' title='bbox 1140 1710 1337 1780; x_wconf 86' lang='lat' dir='ltr'><strong>quibus</strong></span> <span class='ocrx_word' id='word_1_133' title='bbox 1394 1708 1554 1764; x_wconf 86' lang='lat' dir='ltr'><strong>Pater</strong></span> <span class='ocrx_word' id='word_1_134' title='bbox 1603 1719 1707 1765; x_wconf 89' lang='lat' dir='ltr'><strong>est.</strong></span> 
     </span>
    </p>
   </div>
   <div class='ocr_carea' id='block_1_19' title="bbox 1808 505 3414 577">
    <p class='ocr_par' dir='ltr' id='par_1_19' title="bbox 1808 505 3414 577">
     <span class='ocr_line' id='line_1_19' title="bbox 1808 505 3414 577; baseline 0.003 -20"><span class='ocrx_word' id='word_1_135' title='bbox 1808 515 1875 557; x_wconf 92' lang='lat' dir='ltr'><strong>eo</strong></span> <span class='ocrx_word' id='word_1_136' title='bbox 1907 512 2181 571; x_wconf 88' lang='lat' dir='ltr'><strong>nascente,</strong></span> <span class='ocrx_word' id='word_1_137' title='bbox 2216 519 2302 571; x_wconf 89' lang='lat' dir='ltr'><strong>ea,</strong></span> <span class='ocrx_word' id='word_1_138' title='bbox 2333 505 2401 561; x_wconf 89' lang='lat' dir='ltr'><strong>de</strong></span> <span class='ocrx_word' id='word_1_139' title='bbox 2427 522 2530 577; x_wconf 87' lang='lat' dir='ltr'><strong>qua</strong></span> <span class='ocrx_word' id='word_1_140' title='bbox 2572 515 2734 562; x_wconf 89' lang='lat' dir='ltr'><strong>natus</strong></span> <span class='ocrx_word' id='word_1_141' title='bbox 2766 514 2891 574; x_wconf 90' lang='lat' dir='ltr'><strong>est,</strong></span> <span class='ocrx_word' id='word_1_142' title='bbox 2920 505 3194 562; x_wconf 88' lang='lat' dir='ltr'><strong>demutata</strong></span> <span class='ocrx_word' id='word_1_143' title='bbox 3224 514 3414 562; x_wconf 88' lang='lat' dir='ltr'><strong>natura</strong></span> 
     </span>
    </p>
   </div>
   <div class='ocr_carea' id='block_1_20' title="bbox 1809 594 3412 655">
    <p class='ocr_par' dir='ltr' id='par_1_20' title="bbox 1809 594 3412 655">
     <span class='ocr_line' id='line_1_20' title="bbox 1809 594 3412 655; baseline 0.002 -4"><span class='ocrx_word' id='word_1_144' title='bbox 1809 603 1893 651; x_wconf 92' lang='lat' dir='ltr'><strong>est</strong></span> <span class='ocrx_word' id='word_1_145' title='bbox 1918 613 1932 651; x_wconf 90' lang='lat'><strong>:</strong></span> <span class='ocrx_word' id='word_1_146' title='bbox 1964 594 2059 651; x_wconf 89' lang='lat' dir='ltr'><strong>sed</strong></span> <span class='ocrx_word' id='word_1_147' title='bbox 2088 596 2529 654; x_wconf 90' lang='lat' dir='ltr'><strong>indemntabilem</strong></span> <span class='ocrx_word' id='word_1_148' title='bbox 2568 600 2860 655; x_wconf 88' lang='lat' dir='ltr'><strong>essentiam</strong></span> <span class='ocrx_word' id='word_1_149' title='bbox 2894 610 3054 655; x_wconf 91' lang='lat' dir='ltr'><strong>natus</strong></span> <span class='ocrx_word' id='word_1_150' title='bbox 3080 600 3317 655; x_wconf 88' lang='lat' dir='ltr'><strong>obtinuit</strong></span> <span class='ocrx_word' id='word_1_151' title='bbox 3347 614 3412 654; x_wconf 77' lang='lat' dir='ltr'><strong>ex</strong></span> 
     </span>
    </p>
   </div>
   <div class='ocr_carea' id='block_1_21' title="bbox 1810 688 3414 765">
    <p class='ocr_par' dir='ltr' id='par_1_21' title="bbox 1810 688 3414 765">
     <span class='ocr_line' id='line_1_21' title="bbox 1810 688 3414 765; baseline 0.004 -22"><span class='ocrx_word' id='word_1_152' title='bbox 1810 688 2214 746; x_wconf 87' lang='lat' dir='ltr'><strong>indemntabilis</strong></span> <span class='ocrx_word' id='word_1_153' title='bbox 2252 688 2334 763; x_wconf 82' lang='grc' dir='ltr'><strong>(ά)</strong></span> <span class='ocrx_word' id='word_1_154' title='bbox 2364 692 2690 748; x_wconf 86' lang='lat' dir='ltr'><strong>auctoritate</strong></span> <span class='ocrx_word' id='word_1_155' title='bbox 2742 703 2969 748; x_wconf 57' lang='lat' dir='ltr'><strong>natura).</strong></span> <span class='ocrx_word' id='word_1_156' title='bbox 3003 691 3137 748; x_wconf 84' lang='lat' dir='ltr'><strong>Nam</strong></span> <span class='ocrx_word' id='word_1_157' title='bbox 3166 693 3414 765; x_wconf 84' lang='lat' dir='ltr'><strong>quamvis</strong></span> 
     </span>
    </p>
   </div>
   <div class='ocr_carea' id='block_1_22' title="bbox 1815 783 3414 860">
    <p class='ocr_par' dir='ltr' id='par_1_22' title="bbox 1815 783 3414 860">
     <span class='ocr_line' id='line_1_22' title="bbox 1815 783 3414 860; baseline 0.004 -22"><span class='ocrx_word' id='word_1_158' title='bbox 1815 783 1994 854; x_wconf 81' lang='lat' dir='ltr'><strong>imago</strong></span> <span class='ocrx_word' id='word_1_159' title='bbox 2040 792 2147 849; x_wconf 88' lang='lat' dir='ltr'><strong>est,</strong></span> <span class='ocrx_word' id='word_1_160' title='bbox 2211 792 2388 840; x_wconf 90' lang='lat' dir='ltr'><strong>tamen</strong></span> <span class='ocrx_word' id='word_1_161' title='bbox 2430 785 2883 843; x_wconf 85' lang='lat' dir='ltr'><strong>incommutabilis</strong></span> <span class='ocrx_word' id='word_1_162' title='bbox 2931 795 3015 843; x_wconf 92' lang='lat' dir='ltr'><strong>est</strong></span> <span class='ocrx_word' id='word_1_163' title='bbox 3062 787 3237 860; x_wconf 79' lang='lat' dir='ltr'><strong>imago</strong></span> <span class='ocrx_word' id='word_1_164' title='bbox 3279 788 3414 858; x_wconf 90' lang='lat' dir='ltr'><strong>(non</strong></span> 
     </span>
    </p>
   </div>
   <div class='ocr_carea' id='block_1_23' title="bbox 1810 877 3411 952">
    <p class='ocr_par' dir='ltr' id='par_1_23' title="bbox 1810 877 3411 952">
     <span class='ocr_line' id='line_1_23' title="bbox 1810 877 3411 952; baseline 0.005 -23"><span class='ocrx_word' id='word_1_165' title='bbox 1810 885 2138 931; x_wconf 89' lang='lat' dir='ltr'><strong>commutata</strong></span> <span class='ocrx_word' id='word_1_166' title='bbox 2194 877 2345 932; x_wconf 90' lang='lat' dir='ltr'><strong>ineo</strong></span> <span class='ocrx_word' id='word_1_167' title='bbox 2394 878 2602 934; x_wconf 85' lang='lat' dir='ltr'><strong>scilicet</strong></span> <span class='ocrx_word' id='word_1_168' title='bbox 2650 893 2747 949; x_wconf 89' lang='lat' dir='ltr'><strong>per</strong></span> <span class='ocrx_word' id='word_1_169' title='bbox 2787 878 3289 937; x_wconf 89' lang='lat' dir='ltr'><strong>dissimilitudinem</strong></span> <span class='ocrx_word' id='word_1_170' title='bbox 3316 895 3411 952; x_wconf 49' lang='lat' dir='ltr'><strong>pa.</strong></span> 
     </span>
    </p>
   </div>
   <div class='ocr_carea' id='block_1_24' title="bbox 1811 969 3402 1044">
    <p class='ocr_par' dir='ltr' id='par_1_24' title="bbox 1811 969 3402 1044">
     <span class='ocr_line' id='line_1_24' title="bbox 1811 969 3402 1044; baseline 0.004 -22"><span class='ocrx_word' id='word_1_171' title='bbox 1811 975 1982 1024; x_wconf 75' lang='lat' dir='ltr'><strong>ternte</strong></span> <span class='ocrx_word' id='word_1_172' title='bbox 2012 969 2283 1038; x_wconf 74' lang='lat' dir='ltr'><strong>essentite,</strong></span> <span class='ocrx_word' id='word_1_173' title='bbox 2308 984 2373 1026; x_wconf 82' lang='lat' dir='ltr'><strong>ex</strong></span> <span class='ocrx_word' id='word_1_174' title='bbox 2407 986 2511 1042; x_wconf 89' lang='lat' dir='ltr'><strong>qua</strong></span> <span class='ocrx_word' id='word_1_175' title='bbox 2540 980 2621 1026; x_wconf 89' lang='lat' dir='ltr'><strong>est</strong></span> <span class='ocrx_word' id='word_1_176' title='bbox 2668 973 2904 1042; x_wconf 83' lang='lat' dir='ltr'><strong>genitus,</strong></span> <span class='ocrx_word' id='word_1_177' title='bbox 2936 972 3176 1043; x_wconf 85' lang='lat' dir='ltr'><strong>natura),</strong></span> <span class='ocrx_word' id='word_1_178' title='bbox 3204 974 3327 1044; x_wconf 82' lang='lat' dir='ltr'><strong>quia</strong></span> <span class='ocrx_word' id='word_1_179' title='bbox 3350 973 3402 1029; x_wconf 90' lang='lat' dir='ltr'><strong>in</strong></span> 
     </span>
    </p>
   </div>
   <div class='ocr_carea' id='block_1_25' title="bbox 1812 1062 3406 1133">
    <p class='ocr_par' dir='ltr' id='par_1_25' title="bbox 1812 1062 3406 1133">
     <span class='ocr_line' id='line_1_25' title="bbox 1812 1062 3406 1133; baseline 0.004 -18"><span class='ocrx_word' id='word_1_180' title='bbox 1812 1075 1878 1115; x_wconf 90' lang='lat' dir='ltr'><strong>eo</strong></span> <span class='ocrx_word' id='word_1_181' title='bbox 1924 1062 2102 1133; x_wconf 80' lang='lat' dir='ltr'><strong>imago</strong></span> <span class='ocrx_word' id='word_1_182' title='bbox 2136 1072 2371 1132; x_wconf 84' lang='lat' dir='ltr'><strong>paternae</strong></span> <span class='ocrx_word' id='word_1_183' title='bbox 2422 1063 2673 1118; x_wconf 76' lang='lat' dir='ltr'><strong>essentia:</strong></span> <span class='ocrx_word' id='word_1_184' title='bbox 2723 1071 3060 1119; x_wconf 87' lang='lat' dir='ltr'><strong>nasceretur.</strong></span> <span class='ocrx_word' id='word_1_185' title='bbox 3111 1063 3229 1120; x_wconf 80' lang='lat' dir='ltr'><strong>lam</strong></span> <span class='ocrx_word' id='word_1_186' title='bbox 3274 1078 3406 1121; x_wconf 90' lang='lat' dir='ltr'><strong>vero</strong></span> 
     </span>
    </p>
   </div>
   <div class='ocr_carea' id='block_1_26' title="bbox 1813 1154 3403 1230">
    <p class='ocr_par' dir='ltr' id='par_1_26' title="bbox 1813 1154 3403 1230">
     <span class='ocr_line' id='line_1_26' title="bbox 1813 1154 3403 1230; baseline 0.003 -20"><span class='ocrx_word' id='word_1_187' title='bbox 1813 1169 1936 1210; x_wconf 92' lang='lat' dir='ltr'><strong>cum</strong></span> <span class='ocrx_word' id='word_1_188' title='bbox 1970 1154 2175 1224; x_wconf 89' lang='lat' dir='ltr'><strong>primus</strong></span> <span class='ocrx_word' id='word_1_189' title='bbox 2201 1156 2378 1212; x_wconf 90' lang='lat' dir='ltr'><strong>editus</strong></span> <span class='ocrx_word' id='word_1_190' title='bbox 2418 1156 2491 1230; x_wconf 90' lang='lat' dir='ltr'><strong>(e)</strong></span> <span class='ocrx_word' id='word_1_191' title='bbox 2522 1172 2642 1215; x_wconf 53' lang='lat' dir='ltr'><strong>esse</strong></span> <span class='ocrx_word' id='word_1_192' title='bbox 2670 1158 2835 1214; x_wconf 90' lang='lat' dir='ltr'><strong>totius</strong></span> <span class='ocrx_word' id='word_1_193' title='bbox 2863 1167 3129 1214; x_wconf 62' lang='lat' dir='ltr'><strong>creaturae</strong></span> <span class='ocrx_word' id='word_1_194' title='bbox 3156 1160 3403 1226; x_wconf 84' lang='lat' dir='ltr'><strong>docetur,</strong></span> 
     </span>
    </p>
   </div>
   <div class='ocr_carea' id='block_1_27' title="bbox 1812 1248 3406 1322">
    <p class='ocr_par' dir='ltr' id='par_1_27' title="bbox 1812 1248 3406 1322">
     <span class='ocr_line' id='line_1_27' title="bbox 1812 1248 3406 1322; baseline 0.003 -20"><span class='ocrx_word' id='word_1_195' title='bbox 1812 1255 1868 1303; x_wconf 91' lang='lat' dir='ltr'><strong>et</strong></span> <span class='ocrx_word' id='word_1_196' title='bbox 1895 1248 2010 1318; x_wconf 90' lang='lat' dir='ltr'><strong>ipse</strong></span> <span class='ocrx_word' id='word_1_197' title='bbox 2040 1249 2134 1304; x_wconf 88' lang='lat' dir='ltr'><strong>ille</strong></span> <span class='ocrx_word' id='word_1_198' title='bbox 2174 1264 2389 1321; x_wconf 88' lang='lat' dir='ltr'><strong>semper</strong></span> <span class='ocrx_word' id='word_1_199' title='bbox 2441 1249 2608 1305; x_wconf 75' lang='lat' dir='ltr'><strong>fuisse</strong></span> <span class='ocrx_word' id='word_1_200' title='bbox 2658 1248 2710 1304; x_wconf 92' lang='lat' dir='ltr'><strong>in</strong></span> <span class='ocrx_word' id='word_1_201' title='bbox 2744 1250 3011 1322; x_wconf 86' lang='lat' dir='ltr'><strong>principio</strong></span> <span class='ocrx_word' id='word_1_202' title='bbox 3042 1250 3182 1322; x_wconf 90' lang='lat' dir='ltr'><strong>apud</strong></span> <span class='ocrx_word' id='word_1_203' title='bbox 3236 1250 3406 1307; x_wconf 88' lang='lat' dir='ltr'><strong>Deum</strong></span> 
     </span>
    </p>
   </div>
   <div class='ocr_carea' id='block_1_28' title="bbox 1812 1338 3414 1413">
    <p class='ocr_par' dir='ltr' id='par_1_28' title="bbox 1812 1338 3414 1413">
     <span class='ocr_line' id='line_1_28' title="bbox 1812 1338 3414 1413; baseline 0.002 -18"><span class='ocrx_word' id='word_1_204' title='bbox 1812 1338 2050 1397; x_wconf 77' lang='lat' dir='ltr'><strong>Verbum</strong></span> <span class='ocrx_word' id='word_1_205' title='bbox 2108 1341 2248 1397; x_wconf 87' lang='lat' dir='ltr'><strong>Deus</strong></span> <span class='ocrx_word' id='word_1_206' title='bbox 2279 1343 2515 1408; x_wconf 89' lang='lat' dir='ltr'><strong>dicitur;</strong></span> <span class='ocrx_word' id='word_1_207' title='bbox 2568 1341 2695 1398; x_wconf 88' lang='lat' dir='ltr'><strong>dum</strong></span> <span class='ocrx_word' id='word_1_208' title='bbox 2749 1343 2955 1413; x_wconf 91' lang='lat' dir='ltr'><strong>primus</strong></span> <span class='ocrx_word' id='word_1_209' title='bbox 2994 1342 3212 1410; x_wconf 88' lang='lat' dir='ltr'><strong>editur,</strong></span> <span class='ocrx_word' id='word_1_210' title='bbox 3257 1353 3414 1400; x_wconf 89' lang='lat' dir='ltr'><strong>natus</strong></span> 
     </span>
    </p>
   </div>
   <div class='ocr_carea' id='block_1_29' title="bbox 1814 1431 3428 1509">
    <p class='ocr_par' dir='ltr' id='par_1_29' title="bbox 1814 1431 3428 1509">
     <span class='ocr_line' id='line_1_29' title="bbox 1814 1431 3428 1509; baseline 0.004 -22"><span class='ocrx_word' id='word_1_211' title='bbox 1814 1431 1978 1490; x_wconf 80' lang='lat' dir='ltr'><strong>fuisse</strong></span> <span class='ocrx_word' id='word_1_212' title='bbox 2004 1434 2344 1502; x_wconf 85' lang='lat' dir='ltr'><strong>ostenditur;</strong></span> <span class='ocrx_word' id='word_1_213' title='bbox 2370 1436 2496 1491; x_wconf 90' lang='lat' dir='ltr'><strong>dum</strong></span> <span class='ocrx_word' id='word_1_214' title='bbox 2530 1451 2747 1507; x_wconf 88' lang='lat' dir='ltr'><strong>semper</strong></span> <span class='ocrx_word' id='word_1_215' title='bbox 2772 1436 2867 1492; x_wconf 84' lang='lat' dir='ltr'><strong>iuit</strong></span> <span class='ocrx_word' id='word_1_216' title='bbox 2892 1479 2905 1502; x_wconf 95' lang='lat'><strong>,</strong></span> <span class='ocrx_word' id='word_1_217' title='bbox 2940 1451 3042 1493; x_wconf 89' lang='lat' dir='ltr'><strong>nec</strong></span> <span class='ocrx_word' id='word_1_218' title='bbox 3061 1446 3307 1509; x_wconf 90' lang='lat' dir='ltr'><strong>tempore</strong></span> <span class='ocrx_word' id='word_1_219' title='bbox 3329 1446 3428 1494; x_wconf 70' lang='lat' dir='ltr'><strong>se-‘</strong></span> 
     </span>
    </p>
   </div>
   <div class='ocr_carea' id='block_1_30' title="bbox 1816 1526 3414 1603">
    <p class='ocr_par' dir='ltr' id='par_1_30' title="bbox 1816 1526 3414 1603">
     <span class='ocr_line' id='line_1_30' title="bbox 1816 1526 3414 1603; baseline 0.005 -22"><span class='ocrx_word' id='word_1_220' title='bbox 1816 1537 2038 1598; x_wconf 86' lang='lat' dir='ltr'><strong>paratur</strong></span> <span class='ocrx_word' id='word_1_221' title='bbox 2066 1544 2094 1584; x_wconf 90' lang='lat' dir='ltr'><strong>a</strong></span> <span class='ocrx_word' id='word_1_222' title='bbox 2116 1526 2280 1602; x_wconf 61' lang='lat'><strong>582</strong></span> <span class='ocrx_word' id='word_1_223' title='bbox 2328 1529 2510 1585; x_wconf 83' lang='lat' dir='ltr'><strong>Patre.</strong></span> <span class='ocrx_word' id='word_1_224' title='bbox 2544 1530 2659 1587; x_wconf 85' lang='lat' dir='ltr'><strong>Non</strong></span> <span class='ocrx_word' id='word_1_225' title='bbox 2691 1546 2821 1603; x_wconf 81' lang='lat' dir='ltr'><strong>ergo</strong></span> <span class='ocrx_word' id='word_1_226' title='bbox 2867 1531 3034 1588; x_wconf 90' lang='lat' dir='ltr'><strong>videri</strong></span> <span class='ocrx_word' id='word_1_227' title='bbox 3064 1542 3242 1603; x_wconf 84' lang='lat' dir='ltr'><strong>pctest</strong></span> <span class='ocrx_word' id='word_1_228' title='bbox 3278 1533 3414 1589; x_wconf 88' lang='lat' dir='ltr'><strong>divi-</strong></span> 
     </span>
    </p>
   </div>
   <div class='ocr_carea' id='block_1_31' title="bbox 1815 1620 3415 1699">
    <p class='ocr_par' dir='ltr' id='par_1_31' title="bbox 1815 1620 3415 1699">
     <span class='ocr_line' id='line_1_31' title="bbox 1815 1620 3415 1699; baseline 0.005 -25"><span class='ocrx_word' id='word_1_229' title='bbox 1815 1620 1897 1674; x_wconf 91' lang='lat' dir='ltr'><strong>sio</strong></span> <span class='ocrx_word' id='word_1_230' title='bbox 1950 1620 2382 1677; x_wconf 75' lang='lat' dir='ltr'><strong>sulistantiarum</strong></span> <span class='ocrx_word' id='word_1_231' title='bbox 2437 1622 2680 1699; x_wconf 79' lang='lat' dir='ltr'><strong>(supple,</strong></span> <span class='ocrx_word' id='word_1_232' title='bbox 2715 1624 2784 1691; x_wconf 81' lang='lat' dir='ltr'><strong>ab</strong></span> <span class='ocrx_word' id='word_1_233' title='bbox 2834 1623 2938 1680; x_wconf 89' lang='lat' dir='ltr'><strong>hac</strong></span> <span class='ocrx_word' id='word_1_234' title='bbox 2985 1625 3218 1698; x_wconf 90' lang='lat' dir='ltr'><strong>synodo)</strong></span> <span class='ocrx_word' id='word_1_235' title='bbox 3270 1626 3415 1699; x_wconf 74' lang='lat' dir='ltr'><strong>(qum</strong></span> 
     </span>
    </p>
   </div>
   <div class='ocr_carea' id='block_1_32' title="bbox 1818 1703 3409 1791">
    <p class='ocr_par' dir='ltr' id='par_1_32' title="bbox 1818 1703 3409 1791">
     <span class='ocr_line' id='line_1_32' title="bbox 1818 1703 3409 1791; baseline 0.003 -22"><span class='ocrx_word' id='word_1_236' title='bbox 1818 1713 1950 1769; x_wconf 89' lang='lat' dir='ltr'><strong>nihil</strong></span> <span class='ocrx_word' id='word_1_237' title='bbox 1980 1714 2125 1769; x_wconf 85' lang='lat' dir='ltr'><strong>aliud</strong></span> <span class='ocrx_word' id='word_1_238' title='bbox 2152 1716 2377 1783; x_wconf 83' lang='lat' dir='ltr'><strong>studuit,</strong></span> <span class='ocrx_word' id='word_1_239' title='bbox 2401 1703 2565 1787; x_wconf 86' lang='lat' dir='ltr'><strong>quam</strong></span> <span class='ocrx_word' id='word_1_240' title='bbox 2588 1727 2645 1770; x_wconf 90' lang='lat' dir='ltr'><strong>ut</strong></span> <span class='ocrx_word' id='word_1_241' title='bbox 2668 1732 2763 1787; x_wconf 90' lang='lat' dir='ltr'><strong>per</strong></span> <span class='ocrx_word' id='word_1_242' title='bbox 2785 1717 2944 1771; x_wconf 91' lang='lat' dir='ltr'><strong>trium</strong></span> <span class='ocrx_word' id='word_1_243' title='bbox 2981 1716 3053 1791; x_wconf 80' lang='grc' dir='ltr'><strong>(Ῑ)</strong></span> <span class='ocrx_word' id='word_1_244' title='bbox 3081 1718 3409 1774; x_wconf 70' lang='grc' dir='ltr'>ειιὺειιιιιιίιιο</span> 
     </span>
    </p>
   </div>
   <div class='ocr_carea' id='block_1_33' title="bbox 116 1799 3412 1886">
    <p class='ocr_par' dir='ltr' id='par_1_33' title="bbox 116 1799 3412 1886">
     <span class='ocr_line' id='line_1_33' title="bbox 116 1799 3412 1886; baseline 0.001 -24"><span class='ocrx_word' id='word_1_245' title='bbox 116 1806 251 1862; x_wconf 85' lang='lat' dir='ltr'><strong>Unus</strong></span> <span class='ocrx_word' id='word_1_246' title='bbox 275 1823 341 1861; x_wconf 73' lang='lat' dir='ltr'><strong>ea:</strong></span> <span class='ocrx_word' id='word_1_247' title='bbox 390 1823 504 1860; x_wconf 89' lang='lat' dir='ltr'><strong>uno</strong></span> <span class='ocrx_word' id='word_1_248' title='bbox 532 1806 815 1876; x_wconf 81' lang='lat' dir='ltr'><strong>passiones</strong></span> <span class='ocrx_word' id='word_1_249' title='bbox 841 1804 1061 1861; x_wconf 84' lang='lat' dir='ltr'><strong>humani</strong></span> <span class='ocrx_word' id='word_1_250' title='bbox 1093 1811 1277 1875; x_wconf 74' lang='lat' dir='ltr'><strong>partus</strong></span> <span class='ocrx_word' id='word_1_251' title='bbox 1317 1814 1369 1858; x_wconf 79' lang='lat' dir='ltr'><strong>ct</strong></span> <span class='ocrx_word' id='word_1_252' title='bbox 1404 1803 1714 1874; x_wconf 85' lang='lat' dir='ltr'><strong>conceptio-</strong></span> <span class='ocrx_word' id='word_1_253' title='bbox 1746 1799 1793 1861; x_wconf 90' lang='lat' dir='ltr'><strong>B</strong></span> <span class='ocrx_word' id='word_1_254' title='bbox 1822 1822 1940 1863; x_wconf 91' lang='lat' dir='ltr'><strong>rum</strong></span> <span class='ocrx_word' id='word_1_255' title='bbox 1966 1822 2164 1864; x_wconf 86' lang='lat' dir='ltr'><strong>nomen</strong></span> <span class='ocrx_word' id='word_1_256' title='bbox 2196 1850 2209 1872; x_wconf 89' lang='lat'><strong>,</strong></span> <span class='ocrx_word' id='word_1_257' title='bbox 2245 1809 2474 1879; x_wconf 83' lang='lat' dir='ltr'><strong>triplicis</strong></span> <span class='ocrx_word' id='word_1_258' title='bbox 2501 1808 2748 1864; x_wconf 79' lang='lat' dir='ltr'><strong>vocabuli</strong></span> <span class='ocrx_word' id='word_1_259' title='bbox 2780 1809 3097 1867; x_wconf 75' lang='lat' dir='ltr'><strong>excluderet</strong></span> <span class='ocrx_word' id='word_1_260' title='bbox 3135 1808 3412 1886; x_wconf 89' lang='lat' dir='ltr'><strong>unionem)</strong></span> 
     </span>
    </p>
   </div>
   <div class='ocr_carea' id='block_1_34' title="bbox 114 1896 1704 1963">
    <p class='ocr_par' dir='ltr' id='par_1_34' title="bbox 114 1896 1704 1963">
     <span class='ocr_line' id='line_1_34' title="bbox 114 1896 1704 1963; baseline -0.003 -7"><span class='ocrx_word' id='word_1_261' title='bbox 114 1900 190 1956; x_wconf 89' lang='lat' dir='ltr'><strong>nis</strong></span> <span class='ocrx_word' id='word_1_262' title='bbox 210 1898 486 1956; x_wconf 84' lang='lat' dir='ltr'><strong>excludit:</strong></span> <span class='ocrx_word' id='word_1_263' title='bbox 518 1908 575 1955; x_wconf 90' lang='lat' dir='ltr'><strong>ut</strong></span> <span class='ocrx_word' id='word_1_264' title='bbox 603 1899 729 1956; x_wconf 90' lang='lat' dir='ltr'><strong>dum</strong></span> <span class='ocrx_word' id='word_1_265' title='bbox 778 1914 915 1954; x_wconf 90' lang='lat' dir='ltr'><strong>unus</strong></span> <span class='ocrx_word' id='word_1_266' title='bbox 949 1915 1011 1954; x_wconf 80' lang='lat' dir='ltr'><strong>ex</strong></span> <span class='ocrx_word' id='word_1_267' title='bbox 1043 1912 1150 1953; x_wconf 85' lang='lat' dir='ltr'><strong>uno</strong></span> <span class='ocrx_word' id='word_1_268' title='bbox 1176 1906 1280 1961; x_wconf 88' lang='lat' dir='ltr'><strong>est,</strong></span> <span class='ocrx_word' id='word_1_269' title='bbox 1312 1912 1418 1951; x_wconf 89' lang='lat' dir='ltr'><strong>non</strong></span> <span class='ocrx_word' id='word_1_270' title='bbox 1450 1896 1667 1952; x_wconf 86' lang='lat' dir='ltr'><strong>aliunde</strong></span> <span class='ocrx_word' id='word_1_271' title='bbox 1690 1939 1704 1963; x_wconf 88' lang='lat'><strong>,</strong></span> 
     </span>
    </p>
   </div>
   <div class='ocr_carea' id='block_1_35' title="bbox 112 1990 1707 2065">
    <p class='ocr_par' dir='ltr' id='par_1_35' title="bbox 112 1990 1707 2065">
     <span class='ocr_line' id='line_1_35' title="bbox 112 1990 1707 2065; baseline -0.001 -18"><span class='ocrx_word' id='word_1_272' title='bbox 112 2007 204 2049; x_wconf 88' lang='lat' dir='ltr'><strong>nec</strong></span> <span class='ocrx_word' id='word_1_273' title='bbox 226 1992 508 2059; x_wconf 63' lang='lat' dir='ltr'><strong>diversus,</strong></span> <span class='ocrx_word' id='word_1_274' title='bbox 541 2002 632 2047; x_wconf 90' lang='lat' dir='ltr'><strong>aut</strong></span> <span class='ocrx_word' id='word_1_275' title='bbox 661 1994 734 2065; x_wconf 80' lang='grc' dir='ltr'><strong>(ε)</strong></span> <span class='ocrx_word' id='word_1_276' title='bbox 766 1992 903 2047; x_wconf 90' lang='lat' dir='ltr'><strong>alius</strong></span> <span class='ocrx_word' id='word_1_277' title='bbox 930 1993 1021 2059; x_wconf 89' lang='lat' dir='ltr'><strong>sit,</strong></span> <span class='ocrx_word' id='word_1_278' title='bbox 1055 1990 1147 2060; x_wconf 89' lang='lat' dir='ltr'><strong>qui</strong></span> <span class='ocrx_word' id='word_1_279' title='bbox 1189 1999 1274 2046; x_wconf 85' lang='lat' dir='ltr'><strong>est</strong></span> <span class='ocrx_word' id='word_1_280' title='bbox 1305 2004 1443 2045; x_wconf 89' lang='lat' dir='ltr'><strong>unus</strong></span> <span class='ocrx_word' id='word_1_281' title='bbox 1466 2006 1532 2045; x_wconf 83' lang='lat' dir='ltr'><strong>ex</strong></span> <span class='ocrx_word' id='word_1_282' title='bbox 1557 2005 1666 2045; x_wconf 89' lang='lat' dir='ltr'><strong>uno</strong></span> <span class='ocrx_word' id='word_1_283' title='bbox 1693 2033 1707 2058; x_wconf 92' lang='lat'><strong>,</strong></span> 
     </span>
    </p>
   </div>
   <div class='ocr_carea' id='block_1_36' title="bbox 114 2083 1711 2158">
    <p class='ocr_par' dir='ltr' id='par_1_36' title="bbox 114 2083 1711 2158">
     <span class='ocr_line' id='line_1_36' title="bbox 114 2083 1711 2158; baseline 0 -18"><span class='ocrx_word' id='word_1_284' title='bbox 114 2083 373 2157; x_wconf 79' lang='lat' dir='ltr'><strong>perlectus</strong></span> <span class='ocrx_word' id='word_1_285' title='bbox 403 2101 435 2140; x_wconf 90' lang='lat' dir='ltr'><strong>a</strong></span> <span class='ocrx_word' id='word_1_286' title='bbox 472 2086 736 2158; x_wconf 84' lang='lat' dir='ltr'><strong>perfecto.</strong></span> <span class='ocrx_word' id='word_1_287' title='bbox 764 2086 882 2142; x_wconf 86' lang='lat' dir='ltr'><strong>Non</strong></span> <span class='ocrx_word' id='word_1_288' title='bbox 911 2085 1090 2142; x_wconf 87' lang='lat' dir='ltr'><strong>dill&#39;ert</strong></span> <span class='ocrx_word' id='word_1_289' title='bbox 1129 2094 1327 2156; x_wconf 73' lang='lat' dir='ltr'><strong>prmtcr</strong></span> <span class='ocrx_word' id='word_1_290' title='bbox 1343 2085 1564 2155; x_wconf 86' lang='lat' dir='ltr'><strong>originis</strong></span> <span class='ocrx_word' id='word_1_291' title='bbox 1584 2099 1711 2140; x_wconf 89' lang='lat' dir='ltr'><strong>cau-</strong></span> 
     </span>
    </p>
   </div>
   <div class='ocr_carea' id='block_1_37' title="bbox 114 2177 1709 2247">
    <p class='ocr_par' dir='ltr' id='par_1_37' title="bbox 114 2177 1709 2247">
     <span class='ocr_line' id='line_1_37' title="bbox 114 2177 1709 2247; baseline -0.001 -13"><span class='ocrx_word' id='word_1_292' title='bbox 114 2193 216 2234; x_wconf 84' lang='lat' dir='ltr'><strong>sam</strong></span> <span class='ocrx_word' id='word_1_293' title='bbox 267 2178 336 2234; x_wconf 89' lang='lat' dir='ltr'><strong>ab</strong></span> <span class='ocrx_word' id='word_1_294' title='bbox 406 2180 836 2236; x_wconf 82' lang='lat' dir='ltr'><strong>innascibilitate</strong></span> <span class='ocrx_word' id='word_1_295' title='bbox 899 2178 1181 2244; x_wconf 83' lang='lat' dir='ltr'><strong>nativitas;</strong></span> <span class='ocrx_word' id='word_1_296' title='bbox 1246 2194 1367 2233; x_wconf 90' lang='lat' dir='ltr'><strong>cum</strong></span> <span class='ocrx_word' id='word_1_297' title='bbox 1442 2177 1709 2247; x_wconf 80' lang='lat' dir='ltr'><strong>perfectio</strong></span> 
     </span>
    </p>
   </div>
   <div class='ocr_carea' id='block_1_38' title="bbox 117 2270 1710 2345">
    <p class='ocr_par' dir='ltr' id='par_1_38' title="bbox 117 2270 1710 2345">
     <span class='ocr_line' id='line_1_38' title="bbox 117 2270 1710 2345; baseline -0.001 -18"><span class='ocrx_word' id='word_1_298' title='bbox 117 2272 383 2345; x_wconf 85' lang='lat' dir='ltr'><strong>utriusque</strong></span> <span class='ocrx_word' id='word_1_299' title='bbox 412 2287 526 2329; x_wconf 89' lang='lat' dir='ltr'><strong>non</strong></span> <span class='ocrx_word' id='word_1_300' title='bbox 577 2273 810 2330; x_wconf 86' lang='lat' dir='ltr'><strong>dili&#39;erat.</strong></span> <span class='ocrx_word' id='word_1_301' title='bbox 870 2273 983 2327; x_wconf 73' lang='lat' dir='ltr'><strong>lle-.r</strong></span> <span class='ocrx_word' id='word_1_302' title='bbox 1010 2273 1071 2327; x_wconf 78' lang='lat' dir='ltr'><strong>de</strong></span> <span class='ocrx_word' id='word_1_303' title='bbox 1103 2273 1262 2343; x_wconf 76' lang='lat' dir='ltr'><strong>Rege.</strong></span> <span class='ocrx_word' id='word_1_304' title='bbox 1310 2270 1423 2325; x_wconf 87' lang='lat' dir='ltr'><strong>Non</strong></span> <span class='ocrx_word' id='word_1_305' title='bbox 1477 2270 1710 2325; x_wconf 88' lang='lat' dir='ltr'><strong>admittit</strong></span> 
     </span>
    </p>
   </div>
   <div class='ocr_carea' id='block_1_39' title="bbox 117 2365 1713 2439">
    <p class='ocr_par' dir='ltr' id='par_1_39' title="bbox 117 2365 1713 2439">
     <span class='ocr_line' id='line_1_39' title="bbox 117 2365 1713 2439; baseline 0 -19"><span class='ocrx_word' id='word_1_306' title='bbox 117 2382 213 2424; x_wconf 84' lang='lat' dir='ltr'><strong>uno</strong></span> <span class='ocrx_word' id='word_1_307' title='bbox 236 2377 398 2438; x_wconf 81' lang='lat' dir='ltr'><strong>atque</strong></span> <span class='ocrx_word' id='word_1_308' title='bbox 418 2370 619 2424; x_wconf 82' lang='lat' dir='ltr'><strong>eodem</strong></span> <span class='ocrx_word' id='word_1_309' title='bbox 654 2370 870 2424; x_wconf 83' lang='lat' dir='ltr'><strong>nomine</strong></span> <span class='ocrx_word' id='word_1_310' title='bbox 900 2379 1136 2439; x_wconf 82' lang='lat' dir='ltr'><strong>potestas</strong></span> <span class='ocrx_word' id='word_1_311' title='bbox 1161 2376 1573 2437; x_wconf 82' lang='lat' dir='ltr'><strong>eonnnncupala</strong></span> <span class='ocrx_word' id='word_1_312' title='bbox 1600 2365 1713 2420; x_wconf 85' lang='lat' dir='ltr'><strong>(lis-</strong></span> 
     </span>
    </p>
   </div>
   <div class='ocr_carea' id='block_1_40' title="bbox 119 2458 1709 2534">
    <p class='ocr_par' dir='ltr' id='par_1_40' title="bbox 119 2458 1709 2534">
     <span class='ocr_line' id='line_1_40' title="bbox 119 2458 1709 2534; baseline -0.002 -17"><span class='ocrx_word' id='word_1_313' title='bbox 119 2459 519 2518; x_wconf 83' lang='lat' dir='ltr'><strong>similitudinem</strong></span> <span class='ocrx_word' id='word_1_314' title='bbox 551 2463 855 2534; x_wconf 85' lang='lat' dir='ltr'><strong>pctestatis.</strong></span> <span class='ocrx_word' id='word_1_315' title='bbox 894 2462 1175 2518; x_wconf 83' lang='lat' dir='ltr'><strong>Dominum</strong></span> <span class='ocrx_word' id='word_1_316' title='bbox 1204 2463 1265 2517; x_wconf 87' lang='lat' dir='ltr'><strong>de</strong></span> <span class='ocrx_word' id='word_1_317' title='bbox 1311 2458 1555 2515; x_wconf 86' lang='lat' dir='ltr'><strong>Domino.</strong></span> <span class='ocrx_word' id='word_1_318' title='bbox 1602 2459 1709 2514; x_wconf 85' lang='lat' dir='ltr'><strong>Do-</strong></span> 
     </span>
    </p>
   </div>
   <div class='ocr_carea' id='block_1_41' title="bbox 120 2552 1709 2631">
    <p class='ocr_par' dir='ltr' id='par_1_41' title="bbox 120 2552 1709 2631">
     <span class='ocr_line' id='line_1_41' title="bbox 120 2552 1709 2631; baseline -0.004 -18"><span class='ocrx_word' id='word_1_319' title='bbox 120 2559 335 2614; x_wconf 90' lang='lat' dir='ltr'><strong>minatus</strong></span> <span class='ocrx_word' id='word_1_320' title='bbox 365 2574 595 2631; x_wconf 85' lang='lat' dir='ltr'><strong>quoque</strong></span> <span class='ocrx_word' id='word_1_321' title='bbox 618 2566 860 2630; x_wconf 64' lang='lat' dir='ltr'><strong>aequatur</strong></span> <span class='ocrx_word' id='word_1_322' title='bbox 890 2559 941 2612; x_wconf 92' lang='lat' dir='ltr'><strong>in</strong></span> <span class='ocrx_word' id='word_1_323' title='bbox 970 2558 1199 2613; x_wconf 88' lang='lat' dir='ltr'><strong>Domino</strong></span> <span class='ocrx_word' id='word_1_324' title='bbox 1225 2575 1237 2612; x_wconf 92' lang='lat'>:</span> <span class='ocrx_word' id='word_1_325' title='bbox 1272 2572 1371 2614; x_wconf 89' lang='lat' dir='ltr'><strong>nec</strong></span> <span class='ocrx_word' id='word_1_326' title='bbox 1388 2556 1578 2626; x_wconf 89' lang='lat' dir='ltr'><strong>recipit</strong></span> <span class='ocrx_word' id='word_1_327' title='bbox 1603 2552 1709 2609; x_wconf 81' lang='lat' dir='ltr'><strong>dil-</strong></span> 
     </span>
    </p>
   </div>
   <div class='ocr_carea' id='block_1_42' title="bbox 121 2648 1706 2723">
    <p class='ocr_par' dir='ltr' id='par_1_42' title="bbox 121 2648 1706 2723">
     <span class='ocr_line' id='line_1_42' title="bbox 121 2648 1706 2723; baseline -0.003 -16"><span class='ocrx_word' id='word_1_328' title='bbox 121 2649 384 2708; x_wconf 81' lang='lat' dir='ltr'><strong>lerentiam</strong></span> <span class='ocrx_word' id='word_1_329' title='bbox 412 2652 668 2708; x_wconf 81' lang='lat' dir='ltr'><strong>confessa</strong></span> <span class='ocrx_word' id='word_1_330' title='bbox 697 2652 749 2708; x_wconf 90' lang='lat' dir='ltr'><strong>in</strong></span> <span class='ocrx_word' id='word_1_331' title='bbox 775 2660 1003 2723; x_wconf 88' lang='lat' dir='ltr'><strong>utroque</strong></span> <span class='ocrx_word' id='word_1_332' title='bbox 1028 2652 1147 2706; x_wconf 89' lang='lat' dir='ltr'><strong>sine</strong></span> <span class='ocrx_word' id='word_1_333' title='bbox 1186 2650 1498 2705; x_wconf 82' lang='lat' dir='ltr'><strong>diversitate</strong></span> <span class='ocrx_word' id='word_1_334' title='bbox 1529 2648 1706 2702; x_wconf 88' lang='lat' dir='ltr'><strong>domi-</strong></span> 
     </span>
    </p>
   </div>
   <div class='ocr_carea' id='block_1_43' title="bbox 124 2742 1709 2814">
    <p class='ocr_par' dir='ltr' id='par_1_43' title="bbox 124 2742 1709 2814">
     <span class='ocr_line' id='line_1_43' title="bbox 124 2742 1709 2814; baseline -0.003 -15"><span class='ocrx_word' id='word_1_335' title='bbox 124 2744 274 2800; x_wconf 84' lang='lat' dir='ltr'><strong>natio.</strong></span> <span class='ocrx_word' id='word_1_336' title='bbox 305 2745 445 2801; x_wconf 91' lang='lat' dir='ltr'><strong>lllud</strong></span> <span class='ocrx_word' id='word_1_337' title='bbox 475 2760 608 2801; x_wconf 85' lang='lat' dir='ltr'><strong>vero</strong></span> <span class='ocrx_word' id='word_1_338' title='bbox 632 2787 648 2811; x_wconf 94' lang='lat'><strong>,</strong></span> <span class='ocrx_word' id='word_1_339' title='bbox 677 2745 820 2814; x_wconf 85' lang='lat' dir='ltr'><strong>quod</strong></span> <span class='ocrx_word' id='word_1_340' title='bbox 871 2752 993 2814; x_wconf 85' lang='lat' dir='ltr'><strong>post</strong></span> <span class='ocrx_word' id='word_1_341' title='bbox 1036 2744 1200 2798; x_wconf 90' lang='lat' dir='ltr'><strong>multa</strong></span> <span class='ocrx_word' id='word_1_342' title='bbox 1249 2742 1352 2798; x_wconf 90' lang='lat' dir='ltr'><strong>alia</strong></span> <span class='ocrx_word' id='word_1_343' title='bbox 1403 2742 1709 2812; x_wconf 80' lang='lat' dir='ltr'><strong>subjectum</strong></span> 
     </span>
    </p>
   </div>
   <div class='ocr_carea' id='block_1_44' title="bbox 127 2835 1715 2904">
    <p class='ocr_par' dir='ltr' id='par_1_44' title="bbox 127 2835 1715 2904">
     <span class='ocr_line' id='line_1_44' title="bbox 127 2835 1715 2904; baseline -0.004 -11"><span class='ocrx_word' id='word_1_344' title='bbox 127 2846 218 2904; x_wconf 79' lang='lat' dir='ltr'><strong>est,</strong></span> <span class='ocrx_word' id='word_1_345' title='bbox 246 2838 693 2894; x_wconf 79' lang='lat' dir='ltr'><strong>inconvertibilem</strong></span> <span class='ocrx_word' id='word_1_346' title='bbox 720 2847 767 2894; x_wconf 86' lang='lat' dir='ltr'><strong>et</strong></span> <span class='ocrx_word' id='word_1_347' title='bbox 795 2836 1161 2891; x_wconf 86' lang='lat' dir='ltr'><strong>immutabilem</strong></span> <span class='ocrx_word' id='word_1_348' title='bbox 1189 2877 1202 2902; x_wconf 97' lang='lat'><strong>,</strong></span> <span class='ocrx_word' id='word_1_349' title='bbox 1252 2835 1530 2889; x_wconf 83' lang='lat' dir='ltr'><strong>divinitatis</strong></span> <span class='ocrx_word' id='word_1_350' title='bbox 1556 2843 1604 2888; x_wconf 90' lang='lat' dir='ltr'><strong>et</strong></span> <span class='ocrx_word' id='word_1_351' title='bbox 1634 2848 1715 2887; x_wconf 83' lang='lat' dir='ltr'><strong>es—</strong></span> 
     </span>
    </p>
   </div>
   <div class='ocr_carea' id='block_1_45' title="bbox 126 2929 1709 3004">
    <p class='ocr_par' dir='ltr' id='par_1_45' title="bbox 126 2929 1709 3004">
     <span class='ocr_line' id='line_1_45' title="bbox 126 2929 1709 3004; baseline -0.006 -17"><span class='ocrx_word' id='word_1_352' title='bbox 126 2933 280 2987; x_wconf 64' lang='lat' dir='ltr'><strong>sentia</strong></span> <span class='ocrx_word' id='word_1_353' title='bbox 305 2942 352 2987; x_wconf 82' lang='lat' dir='ltr'><strong>et</strong></span> <span class='ocrx_word' id='word_1_354' title='bbox 377 2933 589 2988; x_wconf 76' lang='lat' dir='ltr'><strong>virtutis</strong></span> <span class='ocrx_word' id='word_1_355' title='bbox 626 2942 673 2989; x_wconf 86' lang='lat' dir='ltr'><strong>et</strong></span> <span class='ocrx_word' id='word_1_356' title='bbox 700 2933 881 3004; x_wconf 74' lang='lat' dir='ltr'><strong>glorite</strong></span> <span class='ocrx_word' id='word_1_357' title='bbox 918 2929 1385 2987; x_wconf 83' lang='lat' dir='ltr'><strong>incommutabilem</strong></span> <span class='ocrx_word' id='word_1_358' title='bbox 1415 2929 1709 2998; x_wconf 80' lang='lat' dir='ltr'><strong>imaginem,</strong></span> 
     </span>
    </p>
   </div>
   <div class='ocr_carea' id='block_1_46' title="bbox 128 3022 1709 3087">
    <p class='ocr_par' dir='ltr' id='par_1_46' title="bbox 128 3022 1709 3087">
     <span class='ocr_line' id='line_1_46' title="bbox 128 3022 1709 3087; baseline -0.003 -10"><span class='ocrx_word' id='word_1_359' title='bbox 128 3022 410 3081; x_wconf 87' lang='lat' dir='ltr'><strong>absolutum</strong></span> <span class='ocrx_word' id='word_1_360' title='bbox 444 3035 551 3080; x_wconf 88' lang='lat' dir='ltr'><strong>est.</strong></span> <span class='ocrx_word' id='word_1_361' title='bbox 582 3024 715 3079; x_wconf 80' lang='lat' dir='ltr'><strong>Nam</strong></span> <span class='ocrx_word' id='word_1_362' title='bbox 744 3039 808 3080; x_wconf 77' lang='lat' dir='ltr'><strong>ex</strong></span> <span class='ocrx_word' id='word_1_363' title='bbox 846 3024 954 3078; x_wconf 79' lang='grc' dir='ltr'><strong>ι)οο</strong></span> <span class='ocrx_word' id='word_1_364' title='bbox 984 3022 1126 3078; x_wconf 91' lang='lat' dir='ltr'><strong>Deus</strong></span> <span class='ocrx_word' id='word_1_365' title='bbox 1145 3064 1158 3087; x_wconf 92' lang='lat'><strong>,</strong></span> <span class='ocrx_word' id='word_1_366' title='bbox 1189 3037 1256 3077; x_wconf 80' lang='lat' dir='ltr'><strong>ex</strong></span> <span class='ocrx_word' id='word_1_367' title='bbox 1283 3030 1395 3075; x_wconf 88' lang='lat' dir='ltr'><strong>toto</strong></span> <span class='ocrx_word' id='word_1_368' title='bbox 1425 3028 1571 3074; x_wconf 88' lang='lat' dir='ltr'><strong>totus</strong></span> <span class='ocrx_word' id='word_1_369' title='bbox 1597 3060 1613 3086; x_wconf 94' lang='lat'><strong>,</strong></span> <span class='ocrx_word' id='word_1_370' title='bbox 1643 3033 1709 3074; x_wconf 83' lang='lat' dir='ltr'><strong>es</strong></span> 
     </span>
    </p>
   </div>
   <div class='ocr_carea' id='block_1_47' title="bbox 128 3114 1708 3187">
    <p class='ocr_par' dir='ltr' id='par_1_47' title="bbox 128 3114 1708 3187">
     <span class='ocr_line' id='line_1_47' title="bbox 128 3114 1708 3187; baseline -0.006 -14"><span class='ocrx_word' id='word_1_371' title='bbox 128 3131 223 3173; x_wconf 90' lang='lat' dir='ltr'><strong>uno</strong></span> <span class='ocrx_word' id='word_1_372' title='bbox 248 3133 403 3184; x_wconf 90' lang='lat' dir='ltr'><strong>unus,</strong></span> <span class='ocrx_word' id='word_1_373' title='bbox 435 3126 496 3174; x_wconf 87' lang='lat' dir='ltr'><strong>et</strong></span> <span class='ocrx_word' id='word_1_374' title='bbox 525 3132 591 3173; x_wconf 76' lang='lat' dir='ltr'><strong>ex</strong></span> <span class='ocrx_word' id='word_1_375' title='bbox 622 3115 864 3186; x_wconf 83' lang='lat' dir='ltr'><strong>perfecto</strong></span> <span class='ocrx_word' id='word_1_376' title='bbox 891 3114 1164 3187; x_wconf 81' lang='lat' dir='ltr'><strong>perfectus</strong></span> <span class='ocrx_word' id='word_1_377' title='bbox 1191 3154 1205 3179; x_wconf 90' lang='lat'><strong>,</strong></span> <span class='ocrx_word' id='word_1_378' title='bbox 1229 3122 1285 3167; x_wconf 92' lang='lat' dir='ltr'><strong>et</strong></span> <span class='ocrx_word' id='word_1_379' title='bbox 1306 3126 1373 3167; x_wconf 86' lang='lat' dir='ltr'><strong>ex</strong></span> <span class='ocrx_word' id='word_1_380' title='bbox 1414 3126 1545 3182; x_wconf 78' lang='lat' dir='ltr'><strong>rege</strong></span> <span class='ocrx_word' id='word_1_381' title='bbox 1567 3124 1665 3165; x_wconf 79' lang='lat' dir='ltr'><strong>rex</strong></span> <span class='ocrx_word' id='word_1_382' title='bbox 1694 3151 1708 3177; x_wconf 94' lang='lat'><strong>,</strong></span> 
     </span>
    </p>
   </div>
   <div class='ocr_carea' id='block_1_48' title="bbox 132 3179 1782 3273">
    <p class='ocr_par' dir='ltr' id='par_1_48' title="bbox 132 3179 1782 3273">
     <span class='ocr_line' id='line_1_48' title="bbox 132 3179 1782 3273; baseline -0.003 -9"><span class='ocrx_word' id='word_1_383' title='bbox 132 3218 247 3266; x_wconf 74' lang='lat' dir='ltr'><strong>etes</strong></span> <span class='ocrx_word' id='word_1_384' title='bbox 268 3210 503 3266; x_wconf 90' lang='lat' dir='ltr'><strong>Domino</strong></span> <span class='ocrx_word' id='word_1_385' title='bbox 536 3210 796 3265; x_wconf 87' lang='lat' dir='ltr'><strong>Dominus</strong></span> <span class='ocrx_word' id='word_1_386' title='bbox 825 3250 839 3273; x_wconf 94' lang='lat'><strong>,</strong></span> <span class='ocrx_word' id='word_1_387' title='bbox 874 3224 997 3263; x_wconf 89' lang='lat' dir='ltr'><strong>cum</strong></span> <span class='ocrx_word' id='word_1_388' title='bbox 1039 3206 1093 3261; x_wconf 91' lang='lat' dir='ltr'><strong>in</strong></span> <span class='ocrx_word' id='word_1_389' title='bbox 1124 3221 1186 3262; x_wconf 87' lang='lat' dir='ltr'><strong>ea</strong></span> <span class='ocrx_word' id='word_1_390' title='bbox 1217 3205 1363 3261; x_wconf 92' lang='lat' dir='ltr'><strong>omni</strong></span> <span class='ocrx_word' id='word_1_391' title='bbox 1416 3203 1711 3259; x_wconf 72' lang='lat' dir='ltr'><strong>divinitatis</strong></span> <span class='ocrx_word' id='word_1_392' title='bbox 1736 3179 1782 3242; x_wconf 69' lang='grc' dir='ltr'><strong>Ο</strong></span> 
     </span>
    </p>
   </div>
   <div class='ocr_carea' id='block_1_49' title="bbox 132 3309 1711 3384">
    <p class='ocr_par' dir='ltr' id='par_1_49' title="bbox 132 3309 1711 3384">
     <span class='ocr_line' id='line_1_49' title="bbox 132 3309 1711 3384; baseline -0.003 -18"><span class='ocrx_word' id='word_1_393' title='bbox 132 3311 278 3382; x_wconf 77' lang='lat' dir='ltr'><strong>gloria</strong></span> <span class='ocrx_word' id='word_1_394' title='bbox 305 3323 469 3384; x_wconf 77' lang='lat' dir='ltr'><strong>atque</strong></span> <span class='ocrx_word' id='word_1_395' title='bbox 496 3321 688 3368; x_wconf 88' lang='lat' dir='ltr'><strong>natura</strong></span> <span class='ocrx_word' id='word_1_396' title='bbox 717 3354 729 3377; x_wconf 90' lang='lat'><strong>,</strong></span> <span class='ocrx_word' id='word_1_397' title='bbox 778 3312 829 3366; x_wconf 94' lang='lat' dir='ltr'><strong>in</strong></span> <span class='ocrx_word' id='word_1_398' title='bbox 861 3326 963 3382; x_wconf 87' lang='lat' dir='ltr'><strong>qua</strong></span> <span class='ocrx_word' id='word_1_399' title='bbox 1007 3309 1165 3366; x_wconf 86' lang='lat' dir='ltr'><strong>Pater</strong></span> <span class='ocrx_word' id='word_1_400' title='bbox 1192 3318 1474 3380; x_wconf 86' lang='lat' dir='ltr'><strong>permanet</strong></span> <span class='ocrx_word' id='word_1_401' title='bbox 1506 3348 1520 3375; x_wconf 94' lang='lat'><strong>,</strong></span> <span class='ocrx_word' id='word_1_402' title='bbox 1556 3317 1711 3361; x_wconf 88' lang='lat' dir='ltr'><strong>natus</strong></span> 
     </span>
    </p>
   </div>
   <div class='ocr_carea' id='block_1_50' title="bbox 135 3403 1710 3477">
    <p class='ocr_par' dir='ltr' id='par_1_50' title="bbox 135 3403 1710 3477">
     <span class='ocr_line' id='line_1_50' title="bbox 135 3403 1710 3477; baseline -0.003 -18"><span class='ocrx_word' id='word_1_403' title='bbox 135 3419 323 3477; x_wconf 86' lang='lat' dir='ltr'><strong>quoque</strong></span> <span class='ocrx_word' id='word_1_404' title='bbox 371 3407 641 3464; x_wconf 85' lang='lat' dir='ltr'><strong>subsistat</strong></span> <span class='ocrx_word' id='word_1_405' title='bbox 675 3417 729 3462; x_wconf 88' lang='lat' dir='ltr'><strong>et</strong></span> <span class='ocrx_word' id='word_1_406' title='bbox 785 3404 992 3471; x_wconf 84' lang='lat' dir='ltr'><strong>Filius;</strong></span> <span class='ocrx_word' id='word_1_407' title='bbox 1023 3404 1186 3460; x_wconf 90' lang='lat' dir='ltr'><strong>etiam</strong></span> <span class='ocrx_word' id='word_1_408' title='bbox 1220 3403 1324 3459; x_wconf 85' lang='lat' dir='ltr'><strong>hoc</strong></span> <span class='ocrx_word' id='word_1_409' title='bbox 1370 3417 1438 3458; x_wconf 80' lang='lat' dir='ltr'><strong>ex</strong></span> <span class='ocrx_word' id='word_1_410' title='bbox 1484 3408 1710 3474; x_wconf 85' lang='lat' dir='ltr'><strong>paterna</strong></span> 
     </span>
    </p>
   </div>
   <div class='ocr_carea' id='block_1_51' title="bbox 130 3544 1712 3615">
    <p class='ocr_par' dir='ltr' id='par_1_51' title="bbox 130 3544 1712 3615">
     <span class='ocr_line' id='line_1_51' title="bbox 130 3544 1712 3615; baseline -0.001 -17"><span class='ocrx_word' id='word_1_411' title='bbox 130 3544 285 3615; x_wconf 68' lang='lat' dir='ltr'><strong>iuncte</strong></span> <span class='ocrx_word' id='word_1_412' title='bbox 304 3549 399 3604; x_wconf 86' lang='lat' dir='ltr'><strong>tria</strong></span> <span class='ocrx_word' id='word_1_413' title='bbox 429 3558 576 3613; x_wconf 83' lang='lat' dir='ltr'><strong>sunt,</strong></span> <span class='ocrx_word' id='word_1_414' title='bbox 607 3549 697 3602; x_wconf 86' lang='lat' dir='ltr'><strong>sed</strong></span> <span class='ocrx_word' id='word_1_415' title='bbox 726 3561 843 3601; x_wconf 88' lang='lat' dir='ltr'><strong>cum</strong></span> <span class='ocrx_word' id='word_1_416' title='bbox 870 3546 971 3603; x_wconf 89' lang='lat' dir='ltr'><strong>sint</strong></span> <span class='ocrx_word' id='word_1_417' title='bbox 999 3561 1181 3611; x_wconf 86' lang='lat' dir='ltr'><strong>unum,</strong></span> <span class='ocrx_word' id='word_1_418' title='bbox 1214 3544 1313 3600; x_wconf 88' lang='lat' dir='ltr'><strong>tria</strong></span> <span class='ocrx_word' id='word_1_419' title='bbox 1341 3551 1499 3609; x_wconf 84' lang='lat' dir='ltr'><strong>sunt;</strong></span> <span class='ocrx_word' id='word_1_420' title='bbox 1527 3551 1712 3598; x_wconf 86' lang='lat' dir='ltr'><strong>etcum</strong></span> 
     </span>
    </p>
   </div>
   <div class='ocr_carea' id='block_1_52' title="bbox 137 3616 709 3681">
    <p class='ocr_par' dir='ltr' id='par_1_52' title="bbox 137 3616 709 3681">
     <span class='ocr_line' id='line_1_52' title="bbox 137 3616 709 3681; baseline 0.009 -13"><span class='ocrx_word' id='word_1_421' title='bbox 137 3616 222 3671; x_wconf 85' lang='lat' dir='ltr'><strong>sint</strong></span> <span class='ocrx_word' id='word_1_422' title='bbox 240 3621 351 3681; x_wconf 85' lang='lat' dir='ltr'><strong>tria.</strong></span> <span class='ocrx_word' id='word_1_423' title='bbox 378 3636 544 3675; x_wconf 80' lang='lat' dir='ltr'><strong>unum</strong></span> <span class='ocrx_word' id='word_1_424' title='bbox 573 3628 709 3675; x_wconf 86' lang='lat' dir='ltr'><strong>sunt.</strong></span> 
     </span>
    </p>
   </div>
   <div class='ocr_carea' id='block_1_53' title="bbox 205 3685 1710 3760">
    <p class='ocr_par' dir='ltr' id='par_1_53' title="bbox 205 3685 1710 3760">
     <span class='ocr_line' id='line_1_53' title="bbox 205 3685 1710 3760; baseline -0.003 -16"><span class='ocrx_word' id='word_1_425' title='bbox 205 3690 273 3760; x_wconf 83' lang='lat' dir='ltr'><strong>(a)</strong></span> <span class='ocrx_word' id='word_1_426' title='bbox 318 3692 558 3746; x_wconf 80' lang='lat' dir='ltr'><strong>Rursum</strong></span> <span class='ocrx_word' id='word_1_427' title='bbox 606 3691 731 3747; x_wconf 89' lang='lat' dir='ltr'><strong>hinc</strong></span> <span class='ocrx_word' id='word_1_428' title='bbox 762 3689 1092 3747; x_wconf 88' lang='lat' dir='ltr'><strong>removimus</strong></span> <span class='ocrx_word' id='word_1_429' title='bbox 1144 3702 1339 3753; x_wconf 87' lang='lat' dir='ltr'><strong>voces,</strong></span> <span class='ocrx_word' id='word_1_430' title='bbox 1395 3695 1442 3741; x_wconf 88' lang='lat' dir='ltr'><strong>et</strong></span> <span class='ocrx_word' id='word_1_431' title='bbox 1480 3685 1710 3757; x_wconf 77' lang='lat' dir='ltr'><strong>Spiritus</strong></span> 
     </span>
    </p>
   </div>
   <div class='ocr_carea' id='block_1_54' title="bbox 139 3761 1323 3834">
    <p class='ocr_par' dir='ltr' id='par_1_54' title="bbox 139 3761 1323 3834">
     <span class='ocr_line' id='line_1_54' title="bbox 139 3761 1323 3834; baseline -0.003 -19"><span class='ocrx_word' id='word_1_432' title='bbox 139 3763 291 3834; x_wconf 64' lang='lat' dir='ltr'><strong>sancti,</strong></span> <span class='ocrx_word' id='word_1_433' title='bbox 322 3764 567 3834; x_wconf 89' lang='lat' dir='ltr'><strong>adjectas</strong></span> <span class='ocrx_word' id='word_1_434' title='bbox 588 3765 791 3833; x_wconf 85' lang='lat' dir='ltr'><strong>absque</strong></span> <span class='ocrx_word' id='word_1_435' title='bbox 822 3778 951 3818; x_wconf 86' lang='lat' dir='ltr'><strong>mss.</strong></span> <span class='ocrx_word' id='word_1_436' title='bbox 984 3761 1323 3834; x_wconf 61' lang='lat' dir='ltr'><strong>auctoritate.</strong></span> 
     </span>
    </p>
   </div>
   <div class='ocr_carea' id='block_1_55' title="bbox 201 3829 1703 3906">
    <p class='ocr_par' dir='ltr' id='par_1_55' title="bbox 201 3829 1703 3906">
     <span class='ocr_line' id='line_1_55' title="bbox 201 3829 1703 3906; baseline -0.003 -19"><span class='ocrx_word' id='word_1_437' title='bbox 201 3831 266 3905; x_wconf 79' lang='lat' dir='ltr'><strong>(lt)</strong></span> <span class='ocrx_word' id='word_1_438' title='bbox 301 3834 353 3888; x_wconf 91' lang='grc' dir='ltr'><strong>ιιι</strong></span> <span class='ocrx_word' id='word_1_439' title='bbox 387 3829 630 3906; x_wconf 66' lang='lat' dir='ltr'><strong>vulgatis</strong></span> <span class='ocrx_word' id='word_1_440' title='bbox 653 3876 667 3898; x_wconf 89' lang='lat'><strong>,</strong></span> <span class='ocrx_word' id='word_1_441' title='bbox 705 3829 1089 3904; x_wconf 68' lang='lat' dir='ltr'><strong>cognominata.</strong></span> <span class='ocrx_word' id='word_1_442' title='bbox 1117 3830 1448 3906; x_wconf 83' lang='lat' dir='ltr'><strong>Concinnius</strong></span> <span class='ocrx_word' id='word_1_443' title='bbox 1477 3829 1530 3906; x_wconf 76' lang='lat' dir='ltr'><strong>in</strong></span> <span class='ocrx_word' id='word_1_444' title='bbox 1573 3843 1703 3906; x_wconf 83' lang='lat' dir='ltr'><strong>mss.</strong></span> 
     </span>
    </p>
   </div>
   <div class='ocr_carea' id='block_1_56' title="bbox 143 3902 1708 3974">
    <p class='ocr_par' dir='ltr' id='par_1_56' title="bbox 143 3902 1708 3974">
     <span class='ocr_line' id='line_1_56' title="bbox 143 3902 1708 3974; baseline -0.001 -18"><span class='ocrx_word' id='word_1_445' title='bbox 143 3902 680 3974; x_wconf 61' lang='grc' dir='ltr'><strong>ιοιιηὸπιὶιιαιοῖριιοι]</strong></span> <span class='ocrx_word' id='word_1_446' title='bbox 715 3902 840 3961; x_wconf 68' lang='lat' dir='ltr'><strong>vero</strong></span> <span class='ocrx_word' id='word_1_447' title='bbox 871 3907 1134 3974; x_wconf 76' lang='lat' dir='ltr'><strong>sequitur,</strong></span> <span class='ocrx_word' id='word_1_448' title='bbox 1167 3904 1348 3974; x_wconf 9' lang='lat' dir='ltr'><strong>aurita</strong></span> <span class='ocrx_word' id='word_1_449' title='bbox 1384 3902 1708 3957; x_wconf 73' lang='lat' dir='ltr'><strong>intellexerit</strong></span> 
     </span>
    </p>
   </div>
   <div class='ocr_carea' id='block_1_57' title="bbox 144 3973 1715 4047">
    <p class='ocr_par' dir='ltr' id='par_1_57' title="bbox 144 3973 1715 4047">
     <span class='ocr_line' id='line_1_57' title="bbox 144 3973 1715 4047; baseline 0 -20"><span class='ocrx_word' id='word_1_450' title='bbox 144 3974 367 4047; x_wconf 77' lang='lat' dir='ltr'><strong>Hilarius,</strong></span> <span class='ocrx_word' id='word_1_451' title='bbox 404 3990 465 4033; x_wconf 91' lang='lat' dir='ltr'><strong>ut</strong></span> <span class='ocrx_word' id='word_1_452' title='bbox 494 3973 729 4047; x_wconf 74' lang='lat' dir='ltr'><strong>spiritus</strong></span> <span class='ocrx_word' id='word_1_453' title='bbox 756 3973 970 4034; x_wconf 85' lang='lat' dir='ltr'><strong>sanctus</strong></span> <span class='ocrx_word' id='word_1_454' title='bbox 995 4018 1008 4039; x_wconf 90' lang='lat'><strong>.</strong></span> <span class='ocrx_word' id='word_1_455' title='bbox 1034 3973 1487 4046; x_wconf 81' lang='lat' dir='ltr'><strong>quemadmodum</strong></span> <span class='ocrx_word' id='word_1_456' title='bbox 1520 3974 1715 4047; x_wconf 75' lang='lat' dir='ltr'><strong>dicitur</strong></span> 
     </span>
    </p>
   </div>
   <div class='ocr_carea' id='block_1_58' title="bbox 145 4045 1717 4120">
    <p class='ocr_par' dir='ltr' id='par_1_58' title="bbox 145 4045 1717 4120">
     <span class='ocr_line' id='line_1_58' title="bbox 145 4045 1717 4120; baseline -0.001 -20"><span class='ocrx_word' id='word_1_457' title='bbox 145 4046 188 4120; x_wconf 75' lang='lat' dir='ltr'><strong>in</strong></span> <span class='ocrx_word' id='word_1_458' title='bbox 211 4047 430 4116; x_wconf 84' lang='lat' dir='ltr'><strong>Scholis,</strong></span> <span class='ocrx_word' id='word_1_459' title='bbox 467 4051 517 4105; x_wconf 89' lang='lat' dir='ltr'><strong>vi</strong></span> <span class='ocrx_word' id='word_1_460' title='bbox 542 4045 912 4120; x_wconf 83' lang='lat' dir='ltr'><strong>processiouis</strong></span> <span class='ocrx_word' id='word_1_461' title='bbox 941 4045 1062 4103; x_wconf 50' lang='lat' dir='ltr'><strong>sua!</strong></span> <span class='ocrx_word' id='word_1_462' title='bbox 1084 4064 1189 4101; x_wconf 90' lang='lat' dir='ltr'><strong>non</strong></span> <span class='ocrx_word' id='word_1_463' title='bbox 1225 4047 1480 4120; x_wconf 78' lang='lat' dir='ltr'><strong>procedat</strong></span> <span class='ocrx_word' id='word_1_464' title='bbox 1506 4060 1534 4099; x_wconf 89' lang='lat' dir='ltr'><strong>a</strong></span> <span class='ocrx_word' id='word_1_465' title='bbox 1559 4045 1717 4099; x_wconf 87' lang='lat' dir='ltr'><strong>Patre</strong></span> 
     </span>
    </p>
   </div>
   <div class='ocr_carea' id='block_1_59' title="bbox 145 4117 1711 4185">
    <p class='ocr_par' dir='ltr' id='par_1_59' title="bbox 145 4117 1711 4185">
     <span class='ocr_line' id='line_1_59' title="bbox 145 4117 1711 4185; baseline -0.001 -16"><span class='ocrx_word' id='word_1_466' title='bbox 145 4118 413 4176; x_wconf 81' lang='lat' dir='ltr'><strong>formaliter</strong></span> <span class='ocrx_word' id='word_1_467' title='bbox 456 4131 518 4177; x_wconf 87' lang='lat' dir='ltr'><strong>ut</strong></span> <span class='ocrx_word' id='word_1_468' title='bbox 550 4117 785 4175; x_wconf 76' lang='lat' dir='ltr'><strong>similis?</strong></span> <span class='ocrx_word' id='word_1_469' title='bbox 828 4120 985 4176; x_wconf 88' lang='lat' dir='ltr'><strong>Certe</strong></span> <span class='ocrx_word' id='word_1_470' title='bbox 1026 4121 1119 4174; x_wconf 87' lang='lat' dir='ltr'><strong>lib.</strong></span> <span class='ocrx_word' id='word_1_471' title='bbox 1154 4133 1248 4184; x_wconf 85' lang='lat' dir='ltr'><strong>xu,</strong></span> <span class='ocrx_word' id='word_1_472' title='bbox 1284 4133 1337 4171; x_wconf 92' lang='lat' dir='ltr'><strong>n.</strong></span> <span class='ocrx_word' id='word_1_473' title='bbox 1380 4117 1478 4174; x_wconf 83' lang='lat'><strong>55.</strong></span> <span class='ocrx_word' id='word_1_474' title='bbox 1522 4130 1711 4185; x_wconf 76' lang='lat' dir='ltr'><strong>magna</strong></span> 
     </span>
    </p>
   </div>
   <div class='ocr_carea' id='block_1_60' title="bbox 147 4187 1715 4261">
    <p class='ocr_par' dir='ltr' id='par_1_60' title="bbox 147 4187 1715 4261">
     <span class='ocr_line' id='line_1_60' title="bbox 147 4187 1715 4261; baseline -0.001 -19"><span class='ocrx_word' id='word_1_475' title='bbox 147 4187 233 4244; x_wconf 80' lang='lat' dir='ltr'><strong>ﬁde</strong></span> <span class='ocrx_word' id='word_1_476' title='bbox 259 4193 540 4260; x_wconf 80' lang='lat' dir='ltr'><strong>proﬁtetur</strong></span> <span class='ocrx_word' id='word_1_477' title='bbox 561 4206 621 4246; x_wconf 89' lang='lat' dir='ltr'><strong>se</strong></span> <span class='ocrx_word' id='word_1_478' title='bbox 667 4191 922 4261; x_wconf 82' lang='lat' dir='ltr'><strong>Spiritum</strong></span> <span class='ocrx_word' id='word_1_479' title='bbox 956 4200 1198 4246; x_wconf 89' lang='lat' dir='ltr'><strong>sanctum</strong></span> <span class='ocrx_word' id='word_1_480' title='bbox 1232 4203 1518 4261; x_wconf 82' lang='lat' dir='ltr'><strong>numquam</strong></span> <span class='ocrx_word' id='word_1_481' title='bbox 1541 4187 1715 4241; x_wconf 90' lang='lat' dir='ltr'><strong>dictu-</strong></span> 
     </span>
    </p>
   </div>
   <div class='ocr_carea' id='block_1_61' title="bbox 148 4258 1711 4333">
    <p class='ocr_par' dir='ltr' id='par_1_61' title="bbox 148 4258 1711 4333">
     <span class='ocr_line' id='line_1_61' title="bbox 148 4258 1711 4333; baseline -0.002 -20"><span class='ocrx_word' id='word_1_482' title='bbox 148 4258 417 4333; x_wconf 27' lang='lat' dir='ltr'><strong>rum‘esse,</strong></span> <span class='ocrx_word' id='word_1_483' title='bbox 465 4275 559 4318; x_wconf 85' lang='lat' dir='ltr'><strong>aut</strong></span> <span class='ocrx_word' id='word_1_484' title='bbox 596 4258 857 4333; x_wconf 70' lang='lat' dir='ltr'><strong>genitum,</strong></span> <span class='ocrx_word' id='word_1_485' title='bbox 892 4274 983 4317; x_wconf 90' lang='lat' dir='ltr'><strong>aut</strong></span> <span class='ocrx_word' id='word_1_486' title='bbox 1025 4272 1284 4333; x_wconf 85' lang='lat' dir='ltr'><strong>creatum.</strong></span> <span class='ocrx_word' id='word_1_487' title='bbox 1314 4258 1489 4333; x_wconf 81' lang='lat' dir='ltr'><strong>Quam</strong></span> <span class='ocrx_word' id='word_1_488' title='bbox 1533 4268 1711 4333; x_wconf 79' lang='lat' dir='ltr'><strong>autem</strong></span> 
     </span>
    </p>
   </div>
   <div class='ocr_carea' id='block_1_62' title="bbox 149 4327 1711 4404">
    <p class='ocr_par' dir='ltr' id='par_1_62' title="bbox 149 4327 1711 4404">
     <span class='ocr_line' id='line_1_62' title="bbox 149 4327 1711 4404; baseline -0.001 -21"><span class='ocrx_word' id='word_1_489' title='bbox 149 4327 421 4390; x_wconf 83' lang='lat' dir='ltr'><strong>luculenter</strong></span> <span class='ocrx_word' id='word_1_490' title='bbox 458 4327 704 4391; x_wconf 56' lang='lat' dir='ltr'><strong>adstr&#39;uat</strong></span> <span class='ocrx_word' id='word_1_491' title='bbox 741 4335 973 4404; x_wconf 86' lang='lat' dir='ltr'><strong>Spiritus</strong></span> <span class='ocrx_word' id='word_1_492' title='bbox 1016 4332 1184 4404; x_wconf 78' lang='lat' dir='ltr'><strong>sancti</strong></span> <span class='ocrx_word' id='word_1_493' title='bbox 1216 4332 1574 4404; x_wconf 62' lang='lat' dir='ltr'><strong>divinitatem,</strong></span> <span class='ocrx_word' id='word_1_494' title='bbox 1602 4329 1711 4394; x_wconf 83' lang='lat' dir='ltr'><strong>jam</strong></span> 
     </span>
    </p>
   </div>
   <div class='ocr_carea' id='block_1_63' title="bbox 150 4400 1713 4478">
    <p class='ocr_par' dir='ltr' id='par_1_63' title="bbox 150 4400 1713 4478">
     <span class='ocr_line' id='line_1_63' title="bbox 150 4400 1713 4478; baseline -0.001 -23"><span class='ocrx_word' id='word_1_495' title='bbox 150 4406 454 4463; x_wconf 84' lang='lat' dir='ltr'><strong>ostendimus</strong></span> <span class='ocrx_word' id='word_1_496' title='bbox 477 4406 689 4478; x_wconf 63' lang='lat' dir='ltr'><strong>praefat.</strong></span> <span class='ocrx_word' id='word_1_497' title='bbox 722 4400 969 4462; x_wconf 57' lang='lat' dir='ltr'><strong>in&#39;libros</strong></span> <span class='ocrx_word' id='word_1_498' title='bbox 997 4403 1241 4478; x_wconf 76' lang='lat' dir='ltr'><strong>deTrin.</strong></span> <span class='ocrx_word' id='word_1_499' title='bbox 1276 4402 1464 4478; x_wconf 71' lang='lat' dir='ltr'><strong>n._15,</strong></span> <span class='ocrx_word' id='word_1_500' title='bbox 1494 4400 1630 4455; x_wconf 86' lang='lat' dir='ltr'><strong>adeo</strong></span> <span class='ocrx_word' id='word_1_501' title='bbox 1657 4409 1713 4454; x_wconf 92' lang='lat' dir='ltr'><strong>ut</strong></span> 
     </span>
    </p>
   </div>
   <div class='ocr_carea' id='block_1_64' title="bbox 148 4472 1506 4547">
    <p class='ocr_par' dir='ltr' id='par_1_64' title="bbox 148 4472 1506 4547">
     <span class='ocr_line' id='line_1_64' title="bbox 148 4472 1506 4547; baseline -0.003 -15"><span class='ocrx_word' id='word_1_502' title='bbox 148 4487 397 4544; x_wconf 71' lang='lat' dir='ltr'><strong>suspectus</strong></span> <span class='ocrx_word' id='word_1_503' title='bbox 427 4472 629 4535; x_wconf 79' lang='lat' dir='ltr'><strong>nemini</strong></span> <span class='ocrx_word' id='word_1_504' title='bbox 663 4478 829 4533; x_wconf 89' lang='lat' dir='ltr'><strong>videri</strong></span> <span class='ocrx_word' id='word_1_505' title='bbox 858 4478 968 4547; x_wconf 88' lang='lat' dir='ltr'><strong>jam</strong></span> <span class='ocrx_word' id='word_1_506' title='bbox 993 4475 1185 4547; x_wconf 70' lang='lat' dir='ltr'><strong>(lubeat</strong></span> <span class='ocrx_word' id='word_1_507' title='bbox 1207 4474 1308 4547; x_wconf 83' lang='lat' dir='ltr'><strong>iste</strong></span> <span class='ocrx_word' id='word_1_508' title='bbox 1337 4472 1506 4547; x_wconf 64' lang='lat' dir='ltr'><strong>locns.</strong></span> 
     </span>
    </p>
   </div>
   <div class='ocr_carea' id='block_1_65' title="bbox 204 4542 1708 4619">
    <p class='ocr_par' dir='ltr' id='par_1_65' title="bbox 204 4542 1708 4619">
     <span class='ocr_line' id='line_1_65' title="bbox 204 4542 1708 4619; baseline -0.007 -13"><span class='ocrx_word' id='word_1_509' title='bbox 204 4542 389 4619; x_wconf 48' lang='grc' dir='ltr'><strong>(ἐνεὶς</strong></span> <span class='ocrx_word' id='word_1_510' title='bbox 420 4564 554 4606; x_wconf 87' lang='lat' dir='ltr'><strong>mss.</strong></span> <span class='ocrx_word' id='word_1_511' title='bbox 586 4550 825 4619; x_wconf 90' lang='lat' dir='ltr'><strong>potiores</strong></span> <span class='ocrx_word' id='word_1_512' title='bbox 847 4542 873 4614; x_wconf 63' lang='grc'><strong>,⁷</strong></span> <span class='ocrx_word' id='word_1_513' title='bbox 896 4549 1002 4603; x_wconf 90' lang='lat' dir='ltr'><strong>duo</strong></span> <span class='ocrx_word' id='word_1_514' title='bbox 1040 4544 1227 4619; x_wconf 38' lang='grc' dir='ltr'><strong>(1011),-ἶ</strong></span> <span class='ocrx_word' id='word_1_515' title='bbox 1248 4544 1409 4598; x_wconf 81' lang='lat' dir='ltr'><strong>Carn.</strong></span> <span class='ocrx_word' id='word_1_516' title='bbox 1439 4585 1453 4609; x_wconf 92' lang='lat'><strong>,</strong></span> <span class='ocrx_word' id='word_1_517' title='bbox 1480 4542 1675 4619; x_wconf 55' lang='lat' dir='ltr'><strong>genu.</strong></span> <span class='ocrx_word' id='word_1_518' title='bbox 1694 4584 1708 4607; x_wconf 95' lang='lat'><strong>,</strong></span> 
     </span>
    </p>
   </div>
   <div class='ocr_carea' id='block_1_66' title="bbox 1813 1899 3414 1970">
    <p class='ocr_par' dir='ltr' id='par_1_66' title="bbox 1813 1899 3414 1970">
     <span class='ocr_line' id='line_1_66' title="bbox 1813 1899 3414 1970; baseline 0.003 -17"><span class='ocrx_word' id='word_1_519' title='bbox 1813 1899 1879 1953; x_wconf 90' lang='lat' dir='ltr'><strong>ad</strong></span> <span class='ocrx_word' id='word_1_520' title='bbox 1904 1900 2298 1970; x_wconf 90' lang='lat' dir='ltr'><strong>separationem</strong></span> <span class='ocrx_word' id='word_1_521' title='bbox 2360 1900 2594 1956; x_wconf 71' lang='lat' dir='ltr'><strong>diversa:</strong></span> <span class='ocrx_word' id='word_1_522' title='bbox 2626 1902 2677 1956; x_wconf 91' lang='lat' dir='ltr'><strong>in</strong></span> <span class='ocrx_word' id='word_1_523' title='bbox 2714 1901 2848 1956; x_wconf 82' lang='lat' dir='ltr'><strong>Filio</strong></span> <span class='ocrx_word' id='word_1_524' title='bbox 2894 1911 2949 1957; x_wconf 89' lang='lat' dir='ltr'><strong>et</strong></span> <span class='ocrx_word' id='word_1_525' title='bbox 2981 1903 3032 1957; x_wconf 89' lang='lat' dir='ltr'><strong>in</strong></span> <span class='ocrx_word' id='word_1_526' title='bbox 3083 1903 3242 1958; x_wconf 90' lang='lat' dir='ltr'><strong>Patre</strong></span> <span class='ocrx_word' id='word_1_527' title='bbox 3282 1903 3414 1958; x_wconf 88' lang='lat' dir='ltr'><strong>sub-</strong></span> 
     </span>
    </p>
   </div>
   <div class='ocr_carea' id='block_1_67' title="bbox 1810 1991 3401 2065">
    <p class='ocr_par' dir='ltr' id='par_1_67' title="bbox 1810 1991 3401 2065">
     <span class='ocr_line' id='line_1_67' title="bbox 1810 1991 3401 2065; baseline 0.004 -21"><span class='ocrx_word' id='word_1_528' title='bbox 1810 1992 2023 2045; x_wconf 76' lang='lat' dir='ltr'><strong>stantia:</strong></span> <span class='ocrx_word' id='word_1_529' title='bbox 2053 1991 2357 2048; x_wconf 86' lang='lat' dir='ltr'><strong>introducta</strong></span> <span class='ocrx_word' id='word_1_530' title='bbox 2384 2010 2397 2047; x_wconf 91' lang='lat'>:</span> <span class='ocrx_word' id='word_1_531' title='bbox 2421 2007 2542 2048; x_wconf 93' lang='lat' dir='ltr'><strong>cum</strong></span> <span class='ocrx_word' id='word_1_532' title='bbox 2561 1994 2727 2049; x_wconf 88' lang='lat' dir='ltr'><strong>totius</strong></span> <span class='ocrx_word' id='word_1_533' title='bbox 2752 1993 2878 2050; x_wconf 83' lang='lat' dir='ltr'><strong>ﬁdei</strong></span> <span class='ocrx_word' id='word_1_534' title='bbox 2900 1994 3167 2065; x_wconf 80' lang='lat' dir='ltr'><strong>expositio</strong></span> <span class='ocrx_word' id='word_1_535' title='bbox 3188 1994 3401 2050; x_wconf 89' lang='lat' dir='ltr'><strong>Patrem</strong></span> 
     </span>
    </p>
   </div>
   <div class='ocr_carea' id='block_1_68' title="bbox 1810 2081 3412 2157">
    <p class='ocr_par' dir='ltr' id='par_1_68' title="bbox 1810 2081 3412 2157">
     <span class='ocr_line' id='line_1_68' title="bbox 1810 2081 3412 2157; baseline 0.001 -17"><span class='ocrx_word' id='word_1_536' title='bbox 1810 2091 1866 2140; x_wconf 93' lang='lat' dir='ltr'><strong>et</strong></span> <span class='ocrx_word' id='word_1_537' title='bbox 1895 2081 2115 2150; x_wconf 82' lang='lat' dir='ltr'><strong>Filium,</strong></span> <span class='ocrx_word' id='word_1_538' title='bbox 2144 2084 2517 2142; x_wconf 87' lang='lat' dir='ltr'><strong>innascibilem</strong></span> <span class='ocrx_word' id='word_1_539' title='bbox 2549 2094 2605 2139; x_wconf 91' lang='lat' dir='ltr'><strong>ct</strong></span> <span class='ocrx_word' id='word_1_540' title='bbox 2630 2085 2989 2157; x_wconf 83' lang='lat' dir='ltr'><strong>unigenitum,</strong></span> <span class='ocrx_word' id='word_1_541' title='bbox 3020 2100 3121 2142; x_wconf 91' lang='lat' dir='ltr'><strong>uec</strong></span> <span class='ocrx_word' id='word_1_542' title='bbox 3148 2095 3412 2156; x_wconf 85' lang='lat' dir='ltr'><strong>tempore,</strong></span> 
     </span>
    </p>
   </div>
   <div class='ocr_carea' id='block_1_69' title="bbox 1809 2179 3416 2252">
    <p class='ocr_par' dir='ltr' id='par_1_69' title="bbox 1809 2179 3416 2252">
     <span class='ocr_line' id='line_1_69' title="bbox 1809 2179 3416 2252; baseline 0.002 -19"><span class='ocrx_word' id='word_1_543' title='bbox 1809 2193 1910 2233; x_wconf 91' lang='lat' dir='ltr'><strong>nec</strong></span> <span class='ocrx_word' id='word_1_544' title='bbox 1933 2179 2174 2246; x_wconf 86' lang='lat' dir='ltr'><strong>nomine,</strong></span> <span class='ocrx_word' id='word_1_545' title='bbox 2210 2195 2309 2235; x_wconf 88' lang='lat' dir='ltr'><strong>nec</strong></span> <span class='ocrx_word' id='word_1_546' title='bbox 2336 2181 2571 2235; x_wconf 82' lang='lat' dir='ltr'><strong>essentia</strong></span> <span class='ocrx_word' id='word_1_547' title='bbox 2600 2221 2614 2249; x_wconf 92' lang='lat'><strong>,</strong></span> <span class='ocrx_word' id='word_1_548' title='bbox 2644 2196 2743 2236; x_wconf 93' lang='lat' dir='ltr'><strong>nec</strong></span> <span class='ocrx_word' id='word_1_549' title='bbox 2769 2180 3033 2252; x_wconf 85' lang='lat' dir='ltr'><strong>dignitate</strong></span> <span class='ocrx_word' id='word_1_550' title='bbox 3056 2222 3072 2249; x_wconf 92' lang='lat'><strong>,</strong></span> <span class='ocrx_word' id='word_1_551' title='bbox 3105 2195 3208 2238; x_wconf 90' lang='lat' dir='ltr'><strong>nec</strong></span> <span class='ocrx_word' id='word_1_552' title='bbox 3235 2181 3416 2237; x_wconf 91' lang='lat' dir='ltr'><strong>domi-</strong></span> 
     </span>
    </p>
   </div>
   <div class='ocr_carea' id='block_1_70' title="bbox 1812 2273 3413 2345">
    <p class='ocr_par' dir='ltr' id='par_1_70' title="bbox 1812 2273 3413 2345">
     <span class='ocr_line' id='line_1_70' title="bbox 1812 2273 3413 2345; baseline 0.001 -17"><span class='ocrx_word' id='word_1_553' title='bbox 1812 2274 2033 2328; x_wconf 86' lang='lat' dir='ltr'><strong>natione</strong></span> <span class='ocrx_word' id='word_1_554' title='bbox 2083 2273 2379 2328; x_wconf 72' lang='lat' dir='ltr'><strong>discernat.</strong></span> <span class='ocrx_word' id='word_1_555' title='bbox 2439 2274 2664 2345; x_wconf 79' lang='lat' dir='ltr'><strong>Dignum</strong></span> <span class='ocrx_word' id='word_1_556' title='bbox 2717 2283 2898 2330; x_wconf 87' lang='lat' dir='ltr'><strong>autem</strong></span> <span class='ocrx_word' id='word_1_557' title='bbox 2951 2284 3036 2332; x_wconf 87' lang='lat' dir='ltr'><strong>est</strong></span> <span class='ocrx_word' id='word_1_558' title='bbox 3078 2275 3413 2332; x_wconf 87' lang='lat' dir='ltr'><strong>conscientia</strong></span> 
     </span>
    </p>
   </div>
   <div class='ocr_carea' id='block_1_71' title="bbox 1811 2367 3407 2442">
    <p class='ocr_par' dir='ltr' id='par_1_71' title="bbox 1811 2367 3407 2442">
     <span class='ocr_line' id='line_1_71' title="bbox 1811 2367 3407 2442; baseline 0.001 -19"><span class='ocrx_word' id='word_1_559' title='bbox 1811 2367 2083 2423; x_wconf 90' lang='lat' dir='ltr'><strong>communi</strong></span> <span class='ocrx_word' id='word_1_560' title='bbox 2129 2368 2292 2423; x_wconf 88' lang='lat' dir='ltr'><strong>etiam</strong></span> <span class='ocrx_word' id='word_1_561' title='bbox 2344 2378 2575 2423; x_wconf 70' lang='lat' dir='ltr'><strong>czeteras</strong></span> <span class='ocrx_word' id='word_1_562' title='bbox 2640 2368 2956 2424; x_wconf 89' lang='lat' dir='ltr'><strong>eorumdem</strong></span> <span class='ocrx_word' id='word_1_563' title='bbox 3026 2371 3407 2442; x_wconf 84' lang='lat' dir='ltr'><strong>episcOporum</strong></span> 
     </span>
    </p>
   </div>
   <div class='ocr_carea' id='block_1_72' title="bbox 1811 2462 3417 2539">
    <p class='ocr_par' dir='ltr' id='par_1_72' title="bbox 1811 2462 3417 2539">
     <span class='ocr_line' id='line_1_72' title="bbox 1811 2462 3417 2539; baseline 0.001 -21"><span class='ocrx_word' id='word_1_564' title='bbox 1811 2462 2168 2519; x_wconf 88' lang='lat' dir='ltr'><strong>Orientalium</strong></span> <span class='ocrx_word' id='word_1_565' title='bbox 2196 2462 2425 2518; x_wconf 83' lang='lat' dir='ltr'><strong>diversis</strong></span> <span class='ocrx_word' id='word_1_566' title='bbox 2447 2474 2503 2518; x_wconf 89' lang='lat' dir='ltr'><strong>et</strong></span> <span class='ocrx_word' id='word_1_567' title='bbox 2530 2463 2664 2520; x_wconf 81' lang='lat' dir='ltr'><strong>locis</strong></span> <span class='ocrx_word' id='word_1_568' title='bbox 2692 2472 2746 2524; x_wconf 88' lang='lat' dir='ltr'><strong>et</strong></span> <span class='ocrx_word' id='word_1_569' title='bbox 2774 2465 3109 2534; x_wconf 88' lang='lat' dir='ltr'><strong>temporibus</strong></span> <span class='ocrx_word' id='word_1_570' title='bbox 3135 2470 3417 2539; x_wconf 85' lang='lat' dir='ltr'><strong>conscrip-</strong></span> 
     </span>
    </p>
   </div>
   <div class='ocr_carea' id='block_1_73' title="bbox 1814 2558 3412 2627">
    <p class='ocr_par' dir='ltr' id='par_1_73' title="bbox 1814 2558 3412 2627">
     <span class='ocr_line' id='line_1_73' title="bbox 1814 2558 3412 2627; baseline 0.002 -14"><span class='ocrx_word' id='word_1_571' title='bbox 1814 2567 1895 2614; x_wconf 89' lang='lat' dir='ltr'><strong>tas</strong></span> <span class='ocrx_word' id='word_1_572' title='bbox 1944 2558 2077 2614; x_wconf 85' lang='lat' dir='ltr'><strong>lides</strong></span> <span class='ocrx_word' id='word_1_573' title='bbox 2103 2574 2363 2624; x_wconf 80' lang='lat' dir='ltr'><strong>noscere,</strong></span> <span class='ocrx_word' id='word_1_574' title='bbox 2398 2566 2455 2615; x_wconf 83' lang='lat' dir='ltr'><strong>ut</strong></span> <span class='ocrx_word' id='word_1_575' title='bbox 2485 2575 2576 2627; x_wconf 87' lang='lat' dir='ltr'><strong>per</strong></span> <span class='ocrx_word' id='word_1_576' title='bbox 2632 2558 2814 2627; x_wconf 87' lang='lat' dir='ltr'><strong>plures</strong></span> <span class='ocrx_word' id='word_1_577' title='bbox 2840 2558 3209 2618; x_wconf 78' lang='lat' dir='ltr'><strong>confessiones</strong></span> <span class='ocrx_word' id='word_1_578' title='bbox 3235 2560 3412 2616; x_wconf 88' lang='lat' dir='ltr'><strong>since-</strong></span> 
     </span>
    </p>
   </div>
   <div class='ocr_carea' id='block_1_74' title="bbox 1814 2651 2796 2725">
    <p class='ocr_par' dir='ltr' id='par_1_74' title="bbox 1814 2651 2796 2725">
     <span class='ocr_line' id='line_1_74' title="bbox 1814 2651 2796 2725; baseline -0.002 -16"><span class='ocrx_word' id='word_1_579' title='bbox 1814 2653 1946 2709; x_wconf 86' lang='lat' dir='ltr'><strong>ritas</strong></span> <span class='ocrx_word' id='word_1_580' title='bbox 1967 2652 2312 2709; x_wconf 69' lang='lat' dir='ltr'><strong>conscientia:</strong></span> <span class='ocrx_word' id='word_1_581' title='bbox 2343 2653 2516 2724; x_wconf 91' lang='lat' dir='ltr'><strong>possit</strong></span> <span class='ocrx_word' id='word_1_582' title='bbox 2545 2651 2796 2725; x_wconf 78' lang='lat' dir='ltr'><strong>intelligi.</strong></span> 
     </span>
    </p>
   </div>
   <div class='ocr_carea' id='block_1_75' title="bbox 1887 2786 3335 2863">
    <p class='ocr_par' dir='ltr' id='par_1_75' title="bbox 1887 2786 3335 2863">
     <span class='ocr_line' id='line_1_75' title="bbox 1887 2786 3335 2863; baseline -0.001 -16"><span class='ocrx_word' id='word_1_583' title='bbox 1887 2788 1966 2863; x_wconf 84' lang='lat' dir='ltr'><strong>(g)</strong></span> <span class='ocrx_word' id='word_1_584' title='bbox 1994 2787 2195 2845; x_wconf 86' lang='lat' dir='ltr'><strong>FlDES</strong></span> <span class='ocrx_word' id='word_1_585' title='bbox 2217 2786 2589 2846; x_wconf 81' lang='lat' dir='ltr'><strong>SECUNDUM</strong></span> <span class='ocrx_word' id='word_1_586' title='bbox 2637 2786 2961 2845; x_wconf 76' lang='lat' dir='ltr'><strong>ORIENTIS</strong></span> <span class='ocrx_word' id='word_1_587' title='bbox 2989 2787 3335 2847; x_wconf 72' lang='lat' dir='ltr'><strong>SYNODUM.</strong></span> 
     </span>
    </p>
   </div>
   <div class='ocr_carea' id='block_1_76' title="bbox 2467 2904 2764 2977">
    <p class='ocr_par' dir='ltr' id='par_1_76' title="bbox 2467 2904 2764 2977">
     <span class='ocr_line' id='line_1_76' title="bbox 2467 2904 2764 2977; baseline -0.007 -17"><span class='ocrx_word' id='word_1_588' title='bbox 2467 2904 2580 2977; x_wconf 84' lang='lat' dir='ltr'><strong>(an.</strong></span> <span class='ocrx_word' id='word_1_589' title='bbox 2613 2904 2764 2976; x_wconf 67' lang='grc' dir='ltr'>ξιτ.)</span> 
     </span>
    </p>
   </div>
   <div class='ocr_carea' id='block_1_77' title="bbox 1815 3018 3419 3093">
    <p class='ocr_par' dir='ltr' id='par_1_77' title="bbox 1815 3018 3419 3093">
     <span class='ocr_line' id='line_1_77' title="bbox 1815 3018 3419 3093; baseline -0.002 -15"><span class='ocrx_word' id='word_1_590' title='bbox 1815 3021 2011 3078; x_wconf 87' lang='lat' dir='ltr'><strong>Sancta</strong></span> <span class='ocrx_word' id='word_1_591' title='bbox 2042 3020 2284 3093; x_wconf 82' lang='lat' dir='ltr'><strong>synodus</strong></span> <span class='ocrx_word' id='word_1_592' title='bbox 2309 3021 2363 3075; x_wconf 90' lang='lat' dir='ltr'><strong>in</strong></span> <span class='ocrx_word' id='word_1_593' title='bbox 2395 3018 2474 3092; x_wconf 86' lang='lat' dir='ltr'><strong>(h)</strong></span> <span class='ocrx_word' id='word_1_594' title='bbox 2501 3018 2720 3076; x_wconf 87' lang='lat' dir='ltr'><strong>Sardica</strong></span> <span class='ocrx_word' id='word_1_595' title='bbox 2743 3026 3068 3090; x_wconf 80' lang='lat' dir='ltr'><strong>congregata</strong></span> <span class='ocrx_word' id='word_1_596' title='bbox 3095 3034 3158 3074; x_wconf 77' lang='lat' dir='ltr'><strong>ex</strong></span> <span class='ocrx_word' id='word_1_597' title='bbox 3191 3018 3419 3076; x_wconf 85' lang='lat' dir='ltr'><strong>diversis</strong></span> 
     </span>
    </p>
   </div>
   <div class='ocr_carea' id='block_1_78' title="bbox 1891 3110 3415 3186">
    <p class='ocr_par' dir='ltr' id='par_1_78' title="bbox 1891 3110 3415 3186">
     <span class='ocr_line' id='line_1_78' title="bbox 1891 3110 3415 3186; baseline 0 -16"><span class='ocrx_word' id='word_1_598' title='bbox 1891 3114 2184 3186; x_wconf 88' lang='lat' dir='ltr'><strong>provinciis</strong></span> <span class='ocrx_word' id='word_1_599' title='bbox 2236 3112 2593 3169; x_wconf 87' lang='lat' dir='ltr'><strong>Orientalium</strong></span> <span class='ocrx_word' id='word_1_600' title='bbox 2637 3111 2917 3183; x_wconf 88' lang='lat' dir='ltr'><strong>partium,</strong></span> <span class='ocrx_word' id='word_1_601' title='bbox 2966 3111 3275 3176; x_wconf 86' lang='lat' dir='ltr'><strong>Thebaida,</strong></span> <span class='ocrx_word' id='word_1_602' title='bbox 3322 3110 3415 3170; x_wconf 65' lang='lat' dir='ltr'><strong>1E-</strong></span> 
     </span>
    </p>
   </div>
   <div class='ocr_carea' id='block_1_79' title="bbox 1884 3204 3417 3283">
    <p class='ocr_par' dir='ltr' id='par_1_79' title="bbox 1884 3204 3417 3283">
     <span class='ocr_line' id='line_1_79' title="bbox 1884 3204 3417 3283; baseline -0.003 -16"><span class='ocrx_word' id='word_1_603' title='bbox 1884 3218 2072 3283; x_wconf 77' lang='lat' dir='ltr'><strong>gypto,</strong></span> <span class='ocrx_word' id='word_1_604' title='bbox 2096 3207 2381 3265; x_wconf 64' lang='lat' dir='ltr'><strong>Palaestina</strong></span> <span class='ocrx_word' id='word_1_605' title='bbox 2409 3249 2425 3274; x_wconf 95' lang='lat'><strong>,</strong></span> <span class='ocrx_word' id='word_1_606' title='bbox 2456 3205 2650 3261; x_wconf 87' lang='lat' dir='ltr'><strong>Arabia</strong></span> <span class='ocrx_word' id='word_1_607' title='bbox 2678 3248 2691 3272; x_wconf 91' lang='lat'><strong>,</strong></span> <span class='ocrx_word' id='word_1_608' title='bbox 2720 3205 2976 3261; x_wconf 72' lang='lat' dir='ltr'><strong>Phwnice</strong></span> <span class='ocrx_word' id='word_1_609' title='bbox 2998 3250 3012 3271; x_wconf 87' lang='lat'><strong>,</strong></span> <span class='ocrx_word' id='word_1_610' title='bbox 3045 3205 3201 3278; x_wconf 82' lang='lat' dir='ltr'><strong>Syria</strong></span> <span class='ocrx_word' id='word_1_611' title='bbox 3223 3204 3376 3263; x_wconf 73' lang='lat' dir='ltr'><strong>Crete</strong></span> <span class='ocrx_word' id='word_1_612' title='bbox 3402 3250 3417 3275; x_wconf 96' lang='lat'><strong>,</strong></span> 
     </span>
    </p>
   </div>
   <div class='ocr_carea' id='block_1_80' title="bbox 1890 3300 3421 3375">
    <p class='ocr_par' dir='ltr' id='par_1_80' title="bbox 1890 3300 3421 3375">
     <span class='ocr_line' id='line_1_80' title="bbox 1890 3300 3421 3375; baseline -0.003 -14"><span class='ocrx_word' id='word_1_613' title='bbox 1890 3302 2300 3375; x_wconf 84' lang='lat' dir='ltr'><strong>Mesopotamia,</strong></span> <span class='ocrx_word' id='word_1_614' title='bbox 2332 3300 2540 3364; x_wconf 87' lang='lat' dir='ltr'><strong>Cilicia,</strong></span> <span class='ocrx_word' id='word_1_615' title='bbox 2571 3300 2934 3371; x_wconf 74' lang='lat' dir='ltr'><strong>Cappadoria,</strong></span> <span class='ocrx_word' id='word_1_616' title='bbox 2963 3300 3156 3367; x_wconf 91' lang='lat' dir='ltr'><strong>Ponto,</strong></span> <span class='ocrx_word' id='word_1_617' title='bbox 3187 3300 3421 3372; x_wconf 89' lang='lat' dir='ltr'><strong>Paphla—</strong></span> 
     </span>
    </p>
   </div>
   <div class='ocr_carea' id='block_1_81' title="bbox 1886 3392 3419 3469">
    <p class='ocr_par' dir='ltr' id='par_1_81' title="bbox 1886 3392 3419 3469">
     <span class='ocr_line' id='line_1_81' title="bbox 1886 3392 3419 3469; baseline -0.003 -15"><span class='ocrx_word' id='word_1_618' title='bbox 1886 3396 2046 3469; x_wconf 78' lang='lat' dir='ltr'><strong>gonia</strong></span> <span class='ocrx_word' id='word_1_619' title='bbox 2075 3437 2091 3463; x_wconf 90' lang='lat'><strong>,</strong></span> <span class='ocrx_word' id='word_1_620' title='bbox 2132 3393 2337 3451; x_wconf 88' lang='lat' dir='ltr'><strong>Galatia</strong></span> <span class='ocrx_word' id='word_1_621' title='bbox 2358 3435 2375 3462; x_wconf 95' lang='lat'><strong>,</strong></span> <span class='ocrx_word' id='word_1_622' title='bbox 2405 3392 2653 3467; x_wconf 85' lang='lat' dir='ltr'><strong>Bithynia</strong></span> <span class='ocrx_word' id='word_1_623' title='bbox 2680 3434 2696 3462; x_wconf 94' lang='lat'><strong>,</strong></span> <span class='ocrx_word' id='word_1_624' title='bbox 2730 3392 3082 3466; x_wconf 80' lang='lat' dir='ltr'><strong>Hellesponto</strong></span> <span class='ocrx_word' id='word_1_625' title='bbox 3110 3434 3125 3462; x_wconf 92' lang='lat'><strong>,</strong></span> <span class='ocrx_word' id='word_1_626' title='bbox 3157 3392 3220 3467; x_wconf 84' lang='lat' dir='ltr'><strong>(il</strong></span> <span class='ocrx_word' id='word_1_627' title='bbox 3246 3392 3375 3450; x_wconf 86' lang='lat' dir='ltr'><strong>Asia</strong></span> <span class='ocrx_word' id='word_1_628' title='bbox 3400 3434 3419 3464; x_wconf 96' lang='lat'><strong>,</strong></span> 
     </span>
    </p>
   </div>
   <div class='ocr_carea' id='block_1_82' title="bbox 1818 3532 3419 3607">
    <p class='ocr_par' dir='ltr' id='par_1_82' title="bbox 1818 3532 3419 3607">
     <span class='ocr_line' id='line_1_82' title="bbox 1818 3532 3419 3607; baseline -0.004 -12"><span class='ocrx_word' id='word_1_629' title='bbox 1818 3538 1939 3595; x_wconf 91' lang='lat' dir='ltr'><strong>loco</strong></span> <span class='ocrx_word' id='word_1_630' title='bbox 1962 3538 2115 3607; x_wconf 81' lang='lat' dir='ltr'><strong>juxta</strong></span> <span class='ocrx_word' id='word_1_631' title='bbox 2154 3548 2298 3607; x_wconf 64' lang='lat' dir='ltr'><strong>mss.</strong></span> <span class='ocrx_word' id='word_1_632' title='bbox 2337 3532 2728 3607; x_wconf 80' lang='lat' dir='ltr'><strong>restituendum</strong></span> <span class='ocrx_word' id='word_1_633' title='bbox 2770 3533 3095 3607; x_wconf 80' lang='lat' dir='ltr'><strong>curavimus.</strong></span> <span class='ocrx_word' id='word_1_634' title='bbox 3138 3532 3268 3602; x_wconf 85' lang='lat' dir='ltr'><strong>Ejus</strong></span> <span class='ocrx_word' id='word_1_635' title='bbox 3296 3533 3419 3589; x_wconf 91' lang='lat' dir='ltr'><strong>loco</strong></span> 
     </span>
    </p>
   </div>
   <div class='ocr_carea' id='block_1_83' title="bbox 1817 3603 3421 3674">
    <p class='ocr_par' dir='ltr' id='par_1_83' title="bbox 1817 3603 3421 3674">
     <span class='ocr_line' id='line_1_83' title="bbox 1817 3603 3421 3674; baseline -0.003 -10"><span class='ocrx_word' id='word_1_636' title='bbox 1817 3610 1871 3665; x_wconf 91' lang='lat' dir='ltr'><strong>in</strong></span> <span class='ocrx_word' id='word_1_637' title='bbox 1903 3603 2012 3664; x_wconf 75' lang='lat' dir='ltr'><strong>uno</strong></span> <span class='ocrx_word' id='word_1_638' title='bbox 2055 3622 2158 3663; x_wconf 89' lang='lat' dir='ltr'><strong>ms.</strong></span> <span class='ocrx_word' id='word_1_639' title='bbox 2185 3603 2344 3661; x_wconf 88' lang='lat' dir='ltr'><strong>Colb.</strong></span> <span class='ocrx_word' id='word_1_640' title='bbox 2392 3604 2618 3660; x_wconf 86' lang='lat' dir='ltr'><strong>habetur</strong></span> <span class='ocrx_word' id='word_1_641' title='bbox 2640 3646 2655 3670; x_wconf 94' lang='lat'><strong>,</strong></span> <span class='ocrx_word' id='word_1_642' title='bbox 2682 3605 2933 3674; x_wconf 71' lang='lat' dir='ltr'><strong>expositio</strong></span> <span class='ocrx_word' id='word_1_643' title='bbox 2980 3606 3098 3674; x_wconf 75' lang='lat' dir='ltr'><strong>ﬁdei</strong></span> <span class='ocrx_word' id='word_1_644' title='bbox 3143 3606 3421 3660; x_wconf 82' lang='lat' dir='ltr'><strong>secundum</strong></span> 
     </span>
    </p>
   </div>
   <div class='ocr_carea' id='block_1_84' title="bbox 1821 3674 3418 3749">
    <p class='ocr_par' dir='ltr' id='par_1_84' title="bbox 1821 3674 3418 3749">
     <span class='ocr_line' id='line_1_84' title="bbox 1821 3674 3418 3749; baseline -0.004 -13"><span class='ocrx_word' id='word_1_645' title='bbox 1821 3679 2051 3736; x_wconf 78' lang='lat' dir='ltr'><strong>Orientis</strong></span> <span class='ocrx_word' id='word_1_646' title='bbox 2075 3677 2369 3749; x_wconf 85' lang='lat' dir='ltr'><strong>synodum:</strong></span> <span class='ocrx_word' id='word_1_647' title='bbox 2398 3677 2588 3731; x_wconf 86' lang='lat' dir='ltr'><strong>eodem</strong></span> <span class='ocrx_word' id='word_1_648' title='bbox 2618 3690 2802 3730; x_wconf 85' lang='lat' dir='ltr'><strong>sensu.</strong></span> <span class='ocrx_word' id='word_1_649' title='bbox 2839 3674 2945 3749; x_wconf 80' lang='lat' dir='ltr'><strong>sed</strong></span> <span class='ocrx_word' id='word_1_650' title='bbox 2979 3691 3083 3749; x_wconf 76' lang='lat' dir='ltr'><strong>non</strong></span> <span class='ocrx_word' id='word_1_651' title='bbox 3115 3677 3418 3749; x_wconf 82' lang='lat' dir='ltr'><strong>audiendus</strong></span> 
     </span>
    </p>
   </div>
   <div class='ocr_carea' id='block_1_85' title="bbox 1817 3747 3415 3819">
    <p class='ocr_par' dir='ltr' id='par_1_85' title="bbox 1817 3747 3415 3819">
     <span class='ocr_line' id='line_1_85' title="bbox 1817 3747 3415 3819; baseline -0.003 -11"><span class='ocrx_word' id='word_1_652' title='bbox 1817 3747 2320 3818; x_wconf 69' lang='lat' dir='ltr'><strong>recentioritemig.</strong></span> <span class='ocrx_word' id='word_1_653' title='bbox 2375 3749 2567 3819; x_wconf 88' lang='lat' dir='ltr'><strong>inquo</strong></span> <span class='ocrx_word' id='word_1_654' title='bbox 2611 3756 2806 3813; x_wconf 77' lang='lat' dir='ltr'><strong>exstat,</strong></span> <span class='ocrx_word' id='word_1_655' title='bbox 2853 3748 2981 3818; x_wconf 81' lang='lat' dir='ltr'><strong>ﬁdes</strong></span> <span class='ocrx_word' id='word_1_656' title='bbox 3034 3747 3251 3804; x_wconf 82' lang='lat' dir='ltr'><strong>Serdica</strong></span> <span class='ocrx_word' id='word_1_657' title='bbox 3297 3766 3415 3803; x_wconf 87' lang='lat' dir='ltr'><strong>con-</strong></span> 
     </span>
    </p>
   </div>
   <div class='ocr_carea' id='block_1_86' title="bbox 1824 3825 2038 3879">
    <p class='ocr_par' dir='ltr' id='par_1_86' title="bbox 1824 3825 2038 3879">
     <span class='ocr_line' id='line_1_86' title="bbox 1824 3825 2038 3879; baseline -0.009 -1"><span class='ocrx_word' id='word_1_658' title='bbox 1824 3825 1927 3879; x_wconf 81' lang='lat' dir='ltr'><strong>seri</strong></span> <span class='ocrx_word' id='word_1_659' title='bbox 1933 3833 2038 3879; x_wconf 86' lang='lat' dir='ltr'><strong>uta.</strong></span> 
     </span>
    </p>
   </div>
   <div class='ocr_carea' id='block_1_87' title="bbox 1897 3842 3408 3966">
    <p class='ocr_par' dir='ltr' id='par_1_87' title="bbox 1897 3842 3408 3966">
     <span class='ocr_line' id='line_1_87' title="bbox 1897 3842 3408 3966; baseline -0.003 -18"><span class='ocrx_word' id='word_1_660' title='bbox 1897 3842 2136 3966; x_wconf 49' lang='grc' dir='ltr'><strong>ἷιῒίαέιεεε</strong></span> <span class='ocrx_word' id='word_1_661' title='bbox 2155 3898 2477 3966; x_wconf 54' lang='grc' dir='ltr'>οοιιειιιιιιριῄ</span> <span class='ocrx_word' id='word_1_662' title='bbox 2507 3899 2557 3946; x_wconf 91' lang='lat' dir='ltr'><strong>et</strong></span> <span class='ocrx_word' id='word_1_663' title='bbox 2581 3905 2782 3966; x_wconf 75' lang='lat' dir='ltr'><strong>magno</strong></span> <span class='ocrx_word' id='word_1_664' title='bbox 2806 3905 3076 3966; x_wconf 74' lang='lat' dir='ltr'><strong>consensu</strong></span> <span class='ocrx_word' id='word_1_665' title='bbox 3108 3934 3124 3959; x_wconf 95' lang='lat'><strong>,</strong></span> <span class='ocrx_word' id='word_1_666' title='bbox 3178 3891 3408 3966; x_wconf 57' lang='lat' dir='ltr'><strong>Serdica.</strong></span> 
     </span>
    </p>
   </div>
   <div class='ocr_carea' id='block_1_88' title="bbox 1820 3961 3418 4033">
    <p class='ocr_par' dir='ltr' id='par_1_88' title="bbox 1820 3961 3418 4033">
     <span class='ocr_line' id='line_1_88' title="bbox 1820 3961 3418 4033; baseline -0.002 -12"><span class='ocrx_word' id='word_1_667' title='bbox 1820 3961 2212 4021; x_wconf 52' lang='lat' dir='ltr'><strong>llaic&#39;mendax</strong></span> <span class='ocrx_word' id='word_1_668' title='bbox 2240 3961 2516 4032; x_wconf 72' lang='lat' dir='ltr'><strong>inscviptio</strong></span> <span class='ocrx_word' id='word_1_669' title='bbox 2542 3963 2806 4033; x_wconf 86' lang='lat' dir='ltr'><strong>plurimos</strong></span> <span class='ocrx_word' id='word_1_670' title='bbox 2851 3961 3041 4016; x_wconf 69' lang='lat' dir='ltr'><strong>fefellit</strong></span> <span class='ocrx_word' id='word_1_671' title='bbox 3065 4004 3080 4027; x_wconf 94' lang='lat'><strong>,</strong></span> <span class='ocrx_word' id='word_1_672' title='bbox 3108 3977 3280 4032; x_wconf 79' lang='lat' dir='ltr'><strong>eaque</strong></span> <span class='ocrx_word' id='word_1_673' title='bbox 3319 3961 3418 4018; x_wconf 87' lang='lat' dir='ltr'><strong>D0-</strong></span> 
     </span>
    </p>
   </div>
   <div class='ocr_carea' id='block_1_89' title="bbox 1819 4034 3419 4105">
    <p class='ocr_par' dir='ltr' id='par_1_89' title="bbox 1819 4034 3419 4105">
     <span class='ocr_line' id='line_1_89' title="bbox 1819 4034 3419 4105; baseline -0.003 -13"><span class='ocrx_word' id='word_1_674' title='bbox 1819 4039 2031 4092; x_wconf 74' lang='lat' dir='ltr'><strong>natista:</strong></span> <span class='ocrx_word' id='word_1_675' title='bbox 2060 4035 2412 4105; x_wconf 79' lang='lat' dir='ltr'><strong>Augustinum</strong></span> <span class='ocrx_word' id='word_1_676' title='bbox 2443 4034 2693 4101; x_wconf 82' lang='lat' dir='ltr'><strong>decipere</strong></span> <span class='ocrx_word' id='word_1_677' title='bbox 2723 4042 2997 4087; x_wconf 85' lang='lat' dir='ltr'><strong>tentarunt</strong></span> <span class='ocrx_word' id='word_1_678' title='bbox 3027 4035 3274 4105; x_wconf 77' lang='lat' dir='ltr'><strong>,_ntipsc</strong></span> <span class='ocrx_word' id='word_1_679' title='bbox 3306 4044 3419 4105; x_wconf 88' lang='lat' dir='ltr'><strong>tes-</strong></span> 
     </span>
    </p>
   </div>
   <div class='ocr_carea' id='block_1_90' title="bbox 1819 4103 3422 4172">
    <p class='ocr_par' dir='ltr' id='par_1_90' title="bbox 1819 4103 3422 4172">
     <span class='ocr_line' id='line_1_90' title="bbox 1819 4103 3422 4172; baseline -0.005 -7"><span class='ocrx_word' id='word_1_680' title='bbox 1819 4113 1887 4165; x_wconf 88' lang='lat' dir='ltr'><strong>tis</strong></span> <span class='ocrx_word' id='word_1_681' title='bbox 1904 4117 1989 4163; x_wconf 89' lang='lat' dir='ltr'><strong>est</strong></span> <span class='ocrx_word' id='word_1_682' title='bbox 2018 4103 2178 4172; x_wconf 83' lang='lat' dir='ltr'><strong>epist.</strong></span> <span class='ocrx_word' id='word_1_683' title='bbox 2212 4106 2344 4159; x_wconf 82' lang='lat' dir='ltr'><strong>alias</strong></span> <span class='ocrx_word' id='word_1_684' title='bbox 2366 4119 2546 4167; x_wconf 73' lang='lat' dir='ltr'><strong>cunt,</strong></span> <span class='ocrx_word' id='word_1_685' title='bbox 2585 4117 2744 4156; x_wconf 81' lang='lat' dir='ltr'><strong>llltllc.</strong></span> <span class='ocrx_word' id='word_1_686' title='bbox 2779 4118 2920 4167; x_wconf 75' lang='lat' dir='ltr'><strong>xuv,</strong></span> <span class='ocrx_word' id='word_1_687' title='bbox 2951 4119 3005 4156; x_wconf 87' lang='grc' dir='ltr'>ιι.</span> <span class='ocrx_word' id='word_1_688' title='bbox 3039 4103 3096 4159; x_wconf 92' lang='grc'><strong>6.</strong></span> <span class='ocrx_word' id='word_1_689' title='bbox 3123 4104 3223 4159; x_wconf 84' lang='lat' dir='ltr'><strong>illo</strong></span> <span class='ocrx_word' id='word_1_690' title='bbox 3245 4104 3422 4158; x_wconf 86' lang='lat' dir='ltr'><strong>minus</strong></span> 
     </span>
    </p>
   </div>
   <div class='ocr_carea' id='block_1_91' title="bbox 1816 4175 3418 4246">
    <p class='ocr_par' dir='ltr' id='par_1_91' title="bbox 1816 4175 3418 4246">
     <span class='ocr_line' id='line_1_91' title="bbox 1816 4175 3418 4246; baseline -0.003 -12"><span class='ocrx_word' id='word_1_691' title='bbox 1816 4190 2003 4236; x_wconf 84' lang='lat' dir='ltr'><strong>cautus</strong></span> <span class='ocrx_word' id='word_1_692' title='bbox 2025 4178 2125 4233; x_wconf 78' lang='lat' dir='ltr'><strong>fuit.</strong></span> <span class='ocrx_word' id='word_1_693' title='bbox 2144 4176 2390 4246; x_wconf 81' lang='lat' dir='ltr'><strong>Vigilitts,</strong></span> <span class='ocrx_word' id='word_1_694' title='bbox 2422 4176 2515 4229; x_wconf 86' lang='lat' dir='ltr'><strong>lib.</strong></span> <span class='ocrx_word' id='word_1_695' title='bbox 2544 4190 2577 4246; x_wconf 9' lang='grc' dir='ltr'><strong>κν</strong></span> <span class='ocrx_word' id='word_1_696' title='bbox 2619 4185 2803 4246; x_wconf 79' lang='lat' dir='ltr'><strong>contra</strong></span> <span class='ocrx_word' id='word_1_697' title='bbox 2839 4175 3136 4246; x_wconf 58' lang='lat' dir='ltr'><strong>Eutychen,</strong></span> <span class='ocrx_word' id='word_1_698' title='bbox 3172 4192 3227 4228; x_wconf 91' lang='grc' dir='ltr'>ιι.</span> <span class='ocrx_word' id='word_1_699' title='bbox 3264 4176 3319 4231; x_wconf 77' lang='grc'><strong>5.</strong></span> <span class='ocrx_word' id='word_1_700' title='bbox 3350 4177 3418 4229; x_wconf 84' lang='lat' dir='ltr'><strong>At</strong></span> 
     </span>
    </p>
   </div>
   <div class='ocr_carea' id='block_1_92' title="bbox 1818 4244 3421 4315">
    <p class='ocr_par' dir='ltr' id='par_1_92' title="bbox 1818 4244 3421 4315">
     <span class='ocr_line' id='line_1_92' title="bbox 1818 4244 3421 4315; baseline -0.003 -9"><span class='ocrx_word' id='word_1_701' title='bbox 1818 4252 2078 4306; x_wconf 81' lang='lat' dir='ltr'><strong>llilarinm</strong></span> <span class='ocrx_word' id='word_1_702' title='bbox 2112 4244 2354 4302; x_wconf 84' lang='lat' dir='ltr'><strong>nostrum</strong></span> <span class='ocrx_word' id='word_1_703' title='bbox 2385 4260 2490 4299; x_wconf 91' lang='lat' dir='ltr'><strong>non</strong></span> <span class='ocrx_word' id='word_1_704' title='bbox 2532 4244 2657 4314; x_wconf 81' lang='lat' dir='ltr'><strong>fugit</strong></span> <span class='ocrx_word' id='word_1_705' title='bbox 2682 4287 2693 4303; x_wconf 83' lang='lat'><strong><em>.</em></strong></span> <span class='ocrx_word' id='word_1_706' title='bbox 2720 4261 2747 4295; x_wconf 73' lang='grc' dir='ltr'><strong>ιι</strong></span> <span class='ocrx_word' id='word_1_707' title='bbox 2796 4244 2989 4314; x_wconf 80' lang='lat' dir='ltr'><strong>quibus</strong></span> <span class='ocrx_word' id='word_1_708' title='bbox 3020 4246 3283 4315; x_wconf 85' lang='lat' dir='ltr'><strong>prodierit</strong></span> <span class='ocrx_word' id='word_1_709' title='bbox 3330 4260 3421 4301; x_wconf 86' lang='lat' dir='ltr'><strong>se-</strong></span> 
     </span>
    </p>
   </div>
   <div class='ocr_carea' id='block_1_93' title="bbox 1817 4316 3419 4392">
    <p class='ocr_par' dir='ltr' id='par_1_93' title="bbox 1817 4316 3419 4392">
     <span class='ocr_line' id='line_1_93' title="bbox 1817 4316 3419 4392; baseline -0.002 -16"><span class='ocrx_word' id='word_1_710' title='bbox 1817 4337 1988 4392; x_wconf 87' lang='lat' dir='ltr'><strong>quens</strong></span> <span class='ocrx_word' id='word_1_711' title='bbox 2015 4320 2265 4392; x_wconf 84' lang='lat' dir='ltr'><strong>formula,</strong></span> <span class='ocrx_word' id='word_1_712' title='bbox 2294 4317 2538 4392; x_wconf 50' lang='lat' dir='ltr'><strong>(&quot;Emittis</strong></span> <span class='ocrx_word' id='word_1_713' title='bbox 2561 4331 2666 4369; x_wconf 90' lang='lat' dir='ltr'><strong>non</strong></span> <span class='ocrx_word' id='word_1_714' title='bbox 2686 4317 3219 4392; x_wconf 45' lang='grc' dir='ltr'><strong>λιιιιξιιεξωριιιιῑἰιιυιήι.Δ</strong></span> <span class='ocrx_word' id='word_1_715' title='bbox 3247 4316 3419 4392; x_wconf 76' lang='lat' dir='ltr'><strong>Porro</strong></span> 
     </span>
    </p>
   </div>
   <div class='ocr_carea' id='block_1_94' title="bbox 1824 4384 3423 4455">
    <p class='ocr_par' dir='ltr' id='par_1_94' title="bbox 1824 4384 3423 4455">
     <span class='ocr_line' id='line_1_94' title="bbox 1824 4384 3423 4455; baseline -0.003 -6"><span class='ocrx_word' id='word_1_716' title='bbox 1824 4384 1929 4449; x_wconf 80' lang='lat' dir='ltr'><strong>non</strong></span> <span class='ocrx_word' id='word_1_717' title='bbox 1962 4391 2222 4451; x_wconf 71' lang='lat' dir='ltr'><strong>Sardicm,</strong></span> <span class='ocrx_word' id='word_1_718' title='bbox 2257 4384 2350 4442; x_wconf 89' lang='lat' dir='ltr'><strong>sed</strong></span> <span class='ocrx_word' id='word_1_719' title='bbox 2381 4386 2741 4455; x_wconf 80' lang='lat' dir='ltr'><strong>Philippopoli</strong></span> <span class='ocrx_word' id='word_1_720' title='bbox 2788 4389 2838 4439; x_wconf 90' lang='lat' dir='ltr'><strong>iu</strong></span> <span class='ocrx_word' id='word_1_721' title='bbox 2867 4388 3096 4443; x_wconf 83' lang='lat' dir='ltr'><strong>Thracia</strong></span> <span class='ocrx_word' id='word_1_722' title='bbox 3139 4384 3281 4444; x_wconf 88' lang='lat' dir='ltr'><strong>edita</strong></span> <span class='ocrx_word' id='word_1_723' title='bbox 3320 4388 3423 4444; x_wconf 75' lang='lat' dir='ltr'><strong>fuit</strong></span> 
     </span>
    </p>
   </div>
   <div class='ocr_carea' id='block_1_95' title="bbox 1820 4458 3425 4533">
    <p class='ocr_par' dir='ltr' id='par_1_95' title="bbox 1820 4458 3425 4533">
     <span class='ocr_line' id='line_1_95' title="bbox 1820 4458 3425 4533; baseline -0.003 -14"><span class='ocrx_word' id='word_1_724' title='bbox 1820 4466 1889 4519; x_wconf 90' lang='lat' dir='ltr'><strong>ab</strong></span> <span class='ocrx_word' id='word_1_725' title='bbox 1917 4466 2004 4527; x_wconf 90' lang='lat' dir='ltr'><strong>iis,</strong></span> <span class='ocrx_word' id='word_1_726' title='bbox 2037 4462 2127 4533; x_wconf 87' lang='lat' dir='ltr'><strong>qui</strong></span> <span class='ocrx_word' id='word_1_727' title='bbox 2162 4460 2451 4533; x_wconf 85' lang='lat' dir='ltr'><strong>sibi_male</strong></span> <span class='ocrx_word' id='word_1_728' title='bbox 2478 4460 2716 4523; x_wconf 77' lang='lat' dir='ltr'><strong>COltSCli,</strong></span> <span class='ocrx_word' id='word_1_729' title='bbox 2750 4458 3092 4516; x_wconf 83' lang='lat' dir='ltr'><strong>Sardicensis</strong></span> <span class='ocrx_word' id='word_1_730' title='bbox 3121 4461 3312 4533; x_wconf 87' lang='lat' dir='ltr'><strong>synodi</strong></span> <span class='ocrx_word' id='word_1_731' title='bbox 3336 4459 3425 4529; x_wconf 89' lang='lat' dir='ltr'><strong>ju-</strong></span> 
     </span>
    </p>
   </div>
   <div class='ocr_carea' id='block_1_96' title="bbox 1821 4530 3416 4601">
    <p class='ocr_par' dir='ltr' id='par_1_96' title="bbox 1821 4530 3416 4601">
     <span class='ocr_line' id='line_1_96' title="bbox 1821 4530 3416 4601; baseline -0.004 -11"><span class='ocrx_word' id='word_1_732' title='bbox 1821 4536 2020 4590; x_wconf 88' lang='lat' dir='ltr'><strong>dicium</strong></span> <span class='ocrx_word' id='word_1_733' title='bbox 2050 4530 2426 4587; x_wconf 83' lang='lat' dir='ltr'><strong>formidabant.</strong></span> <span class='ocrx_word' id='word_1_734' title='bbox 2460 4533 2828 4601; x_wconf 77' lang='lat' dir='ltr'><strong>Quamquam,</strong></span> <span class='ocrx_word' id='word_1_735' title='bbox 2861 4534 3100 4598; x_wconf 72' lang='lat' dir='ltr'><strong>exceptis</strong></span> <span class='ocrx_word' id='word_1_736' title='bbox 3128 4530 3416 4601; x_wconf 75' lang='lat' dir='ltr'><strong>postremis</strong></span> 
     </span>
    </p>
   </div>
   <div class='ocr_carea' id='block_1_97' title="bbox 153 4602 3414 4683">
    <p class='ocr_par' dir='ltr' id='par_1_97' title="bbox 153 4602 3414 4683">
     <span class='ocr_line' id='line_1_97' title="bbox 153 4602 3414 4683; baseline -0.005 -12"><span class='ocrx_word' id='word_1_737' title='bbox 153 4602 645 4677; x_wconf 18' lang='lat' dir='ltr'><strong>SoilionSAlii—vtetr&#39;o</strong></span> <span class='ocrx_word' id='word_1_738' title='bbox 664 4602 861 4682; x_wconf 51' lang='lat' dir='ltr'><strong>libri;</strong></span> <span class='ocrx_word' id='word_1_739' title='bbox 899 4602 1043 4672; x_wconf 78' lang='lat' dir='ltr'><strong>aliud</strong></span> <span class='ocrx_word' id='word_1_740' title='bbox 1073 4618 1155 4672; x_wconf 84' lang='lat' dir='ltr'><strong>sit.</strong></span> <span class='ocrx_word' id='word_1_741' title='bbox 1188 4602 1255 4671; x_wconf 81' lang='lat' dir='ltr'><strong>Ut</strong></span> <span class='ocrx_word' id='word_1_742' title='bbox 1305 4602 1452 4683; x_wconf 69' lang='lat' dir='ltr'><strong>smpe</strong></span> <span class='ocrx_word' id='word_1_743' title='bbox 1480 4602 1714 4670; x_wconf 83' lang='lat' dir='ltr'><strong>llilarius</strong></span> <span class='ocrx_word' id='word_1_744' title='bbox 1747 4614 1792 4674; x_wconf 90' lang='lat' dir='ltr'><strong>D</strong></span> <span class='ocrx_word' id='word_1_745' title='bbox 1820 4606 1970 4661; x_wconf 87' lang='lat' dir='ltr'><strong>hisce</strong></span> <span class='ocrx_word' id='word_1_746' title='bbox 2000 4604 2201 4683; x_wconf 80' lang='lat' dir='ltr'><strong>verbis,</strong></span> <span class='ocrx_word' id='word_1_747' title='bbox 2237 4603 2487 4683; x_wconf 79' lang='lat' dir='ltr'><strong>Similiter</strong></span> <span class='ocrx_word' id='word_1_748' title='bbox 2517 4619 2637 4683; x_wconf 69' lang='lat' dir='ltr'><strong>eos,</strong></span> <span class='ocrx_word' id='word_1_749' title='bbox 2667 4605 2753 4683; x_wconf 70' lang='lat' dir='ltr'><strong>qui</strong></span> <span class='ocrx_word' id='word_1_750' title='bbox 2784 4602 3100 4683; x_wconf 57' lang='lat' dir='ltr'><strong>diruuttres</strong></span> <span class='ocrx_word' id='word_1_751' title='bbox 3120 4619 3229 4657; x_wconf 88' lang='lat' dir='ltr'><strong>esse</strong></span> <span class='ocrx_word' id='word_1_752' title='bbox 3253 4603 3374 4655; x_wconf 86' lang='lat' dir='ltr'><strong>deos</strong></span> <span class='ocrx_word' id='word_1_753' title='bbox 3398 4646 3414 4670; x_wconf 87' lang='lat'><strong>,</strong></span> 
     </span>
    </p>
   </div>
   <div class='ocr_carea' id='block_1_98' title="bbox 150 4688 1716 4763">
    <p class='ocr_par' dir='ltr' id='par_1_98' title="bbox 150 4688 1716 4763">
     <span class='ocr_line' id='line_1_98' title="bbox 150 4688 1716 4763; baseline -0.003 -20"><span class='ocrx_word' id='word_1_754' title='bbox 150 4688 272 4763; x_wconf 68' lang='lat' dir='ltr'><strong>aliud</strong></span> <span class='ocrx_word' id='word_1_755' title='bbox 305 4701 526 4763; x_wconf 84' lang='lat' dir='ltr'><strong>usurpat</strong></span> <span class='ocrx_word' id='word_1_756' title='bbox 562 4693 629 4745; x_wconf 85' lang='lat' dir='ltr'><strong>ad</strong></span> <span class='ocrx_word' id='word_1_757' title='bbox 685 4692 1084 4747; x_wconf 84' lang='lat' dir='ltr'><strong>distinctionem</strong></span> <span class='ocrx_word' id='word_1_758' title='bbox 1130 4702 1412 4759; x_wconf 65' lang='lat' dir='ltr'><strong>personas,</strong></span> <span class='ocrx_word' id='word_1_759' title='bbox 1448 4688 1518 4741; x_wconf 88' lang='lat' dir='ltr'><strong>ita</strong></span> <span class='ocrx_word' id='word_1_760' title='bbox 1574 4698 1716 4739; x_wconf 91' lang='lat' dir='ltr'><strong>nunc</strong></span> 
     </span>
    </p>
   </div>
   <div class='ocr_carea' id='block_1_99' title="bbox 152 4758 1035 4819">
    <p class='ocr_par' dir='ltr' id='par_1_99' title="bbox 152 4758 1035 4819">
     <span class='ocr_line' id='line_1_99' title="bbox 152 4758 1035 4819; baseline 0 -4"><span class='ocrx_word' id='word_1_761' title='bbox 152 4758 264 4815; x_wconf 75' lang='lat' dir='ltr'><strong>alius</strong></span> <span class='ocrx_word' id='word_1_762' title='bbox 287 4765 346 4818; x_wconf 84' lang='lat' dir='ltr'><strong>ad</strong></span> <span class='ocrx_word' id='word_1_763' title='bbox 378 4758 783 4819; x_wconf 65' lang='lat' dir='ltr'><strong>distinctionem</strong></span> <span class='ocrx_word' id='word_1_764' title='bbox 812 4775 1035 4817; x_wconf 69' lang='lat' dir='ltr'><strong>naturae.</strong></span> 
     </span>
    </p>
   </div>
   <div class='ocr_carea' id='block_1_100' title="bbox 173 4832 1712 4912">
    <p class='ocr_par' dir='ltr' id='par_1_100' title="bbox 173 4832 1712 4912">
     <span class='ocr_line' id='line_1_100' title="bbox 173 4832 1712 4912; baseline -0.006 -22"><span class='ocrx_word' id='word_1_765' title='bbox 173 4832 281 4904; x_wconf 69' lang='grc' dir='ltr'><strong>«(ἀ)</strong></span> <span class='ocrx_word' id='word_1_766' title='bbox 307 4835 397 4892; x_wconf 81' lang='lat' dir='ltr'><strong>ilic</strong></span> <span class='ocrx_word' id='word_1_767' title='bbox 418 4836 841 4912; x_wconf 86' lang='lat' dir='ltr'><strong>auctoritas_non</strong></span> <span class='ocrx_word' id='word_1_768' title='bbox 871 4832 1012 4889; x_wconf 90' lang='lat' dir='ltr'><strong>aliud</strong></span> <span class='ocrx_word' id='word_1_769' title='bbox 1039 4842 1192 4912; x_wconf 75' lang='lat' dir='ltr'><strong>sonat</strong></span> <span class='ocrx_word' id='word_1_770' title='bbox 1232 4846 1296 4912; x_wconf 75' lang='lat' dir='ltr'><strong>ac</strong></span> <span class='ocrx_word' id='word_1_771' title='bbox 1322 4840 1504 4912; x_wconf 69' lang='lat' dir='ltr'><strong>auctor</strong></span> <span class='ocrx_word' id='word_1_772' title='bbox 1516 4844 1547 4912; x_wconf 42' lang='grc' dir='ltr'><strong>ς.</strong></span> <span class='ocrx_word' id='word_1_773' title='bbox 1562 4837 1712 4898; x_wconf 91' lang='lat' dir='ltr'><strong>puta,</strong></span> 
     </span>
    </p>
   </div>
   <div class='ocr_carea' id='block_1_101' title="bbox 152 4902 1603 4974">
    <p class='ocr_par' dir='ltr' id='par_1_101' title="bbox 152 4902 1603 4974">
     <span class='ocr_line' id='line_1_101' title="bbox 152 4902 1603 4974; baseline 0 -20"><span class='ocrx_word' id='word_1_774' title='bbox 152 4902 365 4963; x_wconf 77' lang='lat' dir='ltr'><strong>natusex</strong></span> <span class='ocrx_word' id='word_1_775' title='bbox 398 4918 622 4963; x_wconf 87' lang='lat' dir='ltr'><strong>auctore</strong></span> <span class='ocrx_word' id='word_1_776' title='bbox 651 4906 804 4974; x_wconf 84' lang='lat' dir='ltr'><strong>cujus</strong></span> <span class='ocrx_word' id='word_1_777' title='bbox 831 4916 915 4962; x_wconf 88' lang='lat' dir='ltr'><strong>est</strong></span> <span class='ocrx_word' id='word_1_778' title='bbox 950 4915 1139 4960; x_wconf 83' lang='lat' dir='ltr'><strong>natura</strong></span> <span class='ocrx_word' id='word_1_779' title='bbox 1176 4902 1603 4958; x_wconf 86' lang='lat' dir='ltr'><strong>indemutabilis.</strong></span> 
     </span>
    </p>
   </div>
   <div class='ocr_carea' id='block_1_102' title="bbox 212 4995 1712 5068">
    <p class='ocr_par' dir='ltr' id='par_1_102' title="bbox 212 4995 1712 5068">
     <span class='ocr_line' id='line_1_102' title="bbox 212 4995 1712 5068; baseline -0.003 -19"><span class='ocrx_word' id='word_1_780' title='bbox 212 4995 276 5068; x_wconf 84' lang='lat' dir='ltr'><strong>(e)</strong></span> <span class='ocrx_word' id='word_1_781' title='bbox 303 4997 461 5067; x_wconf 83' lang='lat' dir='ltr'><strong>Editi,</strong></span> <span class='ocrx_word' id='word_1_782' title='bbox 490 5014 609 5054; x_wconf 81' lang='lat' dir='ltr'><strong>cum</strong></span> <span class='ocrx_word' id='word_1_783' title='bbox 640 4999 837 5068; x_wconf 79' lang='lat' dir='ltr'><strong>primus</strong></span> <span class='ocrx_word' id='word_1_784' title='bbox 868 4996 1033 5051; x_wconf 87' lang='lat' dir='ltr'><strong>editus</strong></span> <span class='ocrx_word' id='word_1_785' title='bbox 1076 5004 1201 5068; x_wconf 79' lang='lat' dir='ltr'><strong>esset</strong></span> <span class='ocrx_word' id='word_1_786' title='bbox 1245 4995 1400 5068; x_wconf 87' lang='lat' dir='ltr'><strong>totius</strong></span> <span class='ocrx_word' id='word_1_787' title='bbox 1429 5002 1712 5068; x_wconf 66' lang='lat' dir='ltr'><strong>creatura,</strong></span> 
     </span>
    </p>
   </div>
   <div class='ocr_carea' id='block_1_103' title="bbox 155 5062 1715 5141">
    <p class='ocr_par' dir='ltr' id='par_1_103' title="bbox 155 5062 1715 5141">
     <span class='ocr_line' id='line_1_103' title="bbox 155 5062 1715 5141; baseline -0.002 -23"><span class='ocrx_word' id='word_1_788' title='bbox 155 5062 335 5141; x_wconf 63' lang='lat' dir='ltr'><strong>docetur</strong></span> <span class='ocrx_word' id='word_1_789' title='bbox 360 5081 405 5125; x_wconf 83' lang='lat' dir='ltr'><strong>et</strong></span> <span class='ocrx_word' id='word_1_790' title='bbox 433 5062 543 5141; x_wconf 78' lang='lat' dir='ltr'><strong>ipse</strong></span> <span class='ocrx_word' id='word_1_791' title='bbox 586 5062 675 5141; x_wconf 68' lang='lat' dir='ltr'><strong>ille</strong></span> <span class='ocrx_word' id='word_1_792' title='bbox 723 5085 920 5141; x_wconf 83' lang='lat' dir='ltr'><strong>semper</strong></span> <span class='ocrx_word' id='word_1_793' title='bbox 968 5068 1128 5141; x_wconf 79' lang='lat' dir='ltr'><strong>fuisse</strong></span> <span class='ocrx_word' id='word_1_794' title='bbox 1171 5067 1228 5141; x_wconf 78' lang='lat' dir='ltr'><strong>in</strong></span> <span class='ocrx_word' id='word_1_795' title='bbox 1271 5065 1528 5141; x_wconf 82' lang='lat' dir='ltr'><strong>principio</strong></span> <span class='ocrx_word' id='word_1_796' title='bbox 1576 5062 1715 5141; x_wconf 62' lang='lat' dir='ltr'><strong>apud</strong></span> 
     </span>
    </p>
   </div>
   <div class='ocr_carea' id='block_1_104' title="bbox 157 5132 1713 5208">
    <p class='ocr_par' dir='ltr' id='par_1_104' title="bbox 157 5132 1713 5208">
     <span class='ocr_line' id='line_1_104' title="bbox 157 5132 1713 5208; baseline -0.003 -16"><span class='ocrx_word' id='word_1_797' title='bbox 157 5132 312 5194; x_wconf 78' lang='lat' dir='ltr'><strong>Deum.</strong></span> <span class='ocrx_word' id='word_1_798' title='bbox 348 5132 568 5198; x_wconf 76' lang='lat' dir='ltr'><strong>Verbum</strong></span> <span class='ocrx_word' id='word_1_799' title='bbox 592 5138 734 5195; x_wconf 86' lang='lat' dir='ltr'><strong>Deus</strong></span> <span class='ocrx_word' id='word_1_800' title='bbox 762 5132 978 5204; x_wconf 67' lang='lat' dir='ltr'><strong>dicitur,</strong></span> <span class='ocrx_word' id='word_1_801' title='bbox 1001 5139 1124 5193; x_wconf 88' lang='lat' dir='ltr'><strong>dum</strong></span> <span class='ocrx_word' id='word_1_802' title='bbox 1149 5132 1346 5208; x_wconf 80' lang='lat' dir='ltr'><strong>primus</strong></span> <span class='ocrx_word' id='word_1_803' title='bbox 1379 5138 1567 5190; x_wconf 83' lang='lat' dir='ltr'><strong>editur.</strong></span> <span class='ocrx_word' id='word_1_804' title='bbox 1597 5132 1713 5189; x_wconf 83' lang='lat' dir='ltr'><strong>Na-</strong></span> 
     </span>
    </p>
   </div>
   <div class='ocr_carea' id='block_1_105' title="bbox 158 5212 853 5282">
    <p class='ocr_par' dir='ltr' id='par_1_105' title="bbox 158 5212 853 5282">
     <span class='ocr_line' id='line_1_105' title="bbox 158 5212 853 5282; baseline 0.003 -20"><span class='ocrx_word' id='word_1_805' title='bbox 158 5215 223 5262; x_wconf 78' lang='lat' dir='ltr'><strong>tus</strong></span> <span class='ocrx_word' id='word_1_806' title='bbox 244 5212 386 5282; x_wconf 72' lang='lat' dir='ltr'><strong>fuisse</strong></span> <span class='ocrx_word' id='word_1_807' title='bbox 409 5213 716 5280; x_wconf 84' lang='lat' dir='ltr'><strong>ostenditur,</strong></span> <span class='ocrx_word' id='word_1_808' title='bbox 746 5221 853 5268; x_wconf 91' lang='lat' dir='ltr'><strong>etc.</strong></span> 
     </span>
    </p>
   </div>
   <div class='ocr_carea' id='block_1_106' title="bbox 215 5296 1712 5385">
    <p class='ocr_par' dir='ltr' id='par_1_106' title="bbox 215 5296 1712 5385">
     <span class='ocr_line' id='line_1_106' title="bbox 215 5296 1712 5385; baseline -0.006 -25"><span class='ocrx_word' id='word_1_809' title='bbox 215 5298 283 5385; x_wconf 59' lang='grc' dir='ltr'><strong>μ)</strong></span> <span class='ocrx_word' id='word_1_810' title='bbox 308 5303 449 5385; x_wconf 77' lang='lat' dir='ltr'><strong>Urius</strong></span> <span class='ocrx_word' id='word_1_811' title='bbox 478 5304 649 5385; x_wconf 79' lang='lat' dir='ltr'><strong>codex</strong></span> <span class='ocrx_word' id='word_1_812' title='bbox 677 5304 980 5385; x_wconf 52' lang='lat' dir='ltr'><strong>Coloneum</strong></span> <span class='ocrx_word' id='word_1_813' title='bbox 1012 5300 1196 5385; x_wconf 57' lang='lat' dir='ltr'><strong>Carm,</strong></span> <span class='ocrx_word' id='word_1_814' title='bbox 1221 5298 1345 5355; x_wconf 87' lang='lat' dir='ltr'><strong>Mic.</strong></span> <span class='ocrx_word' id='word_1_815' title='bbox 1378 5308 1432 5385; x_wconf 71' lang='lat' dir='ltr'><strong>et</strong></span> <span class='ocrx_word' id='word_1_816' title='bbox 1463 5296 1712 5385; x_wconf 62' lang='lat' dir='ltr'><strong>vulgatis,</strong></span> 
     </span>
    </p>
   </div>
   <div class='ocr_carea' id='block_1_107' title="bbox 160 5369 1711 5439">
    <p class='ocr_par' dir='ltr' id='par_1_107' title="bbox 160 5369 1711 5439">
     <span class='ocr_line' id='line_1_107' title="bbox 160 5369 1711 5439; baseline -0.006 -9"><span class='ocrx_word' id='word_1_817' title='bbox 160 5369 520 5439; x_wconf 59' lang='lat' dir='ltr'><strong>talsistentium.</strong></span> <span class='ocrx_word' id='word_1_818' title='bbox 551 5375 703 5431; x_wconf 84' lang='lat' dir='ltr'><strong>Alter</strong></span> <span class='ocrx_word' id='word_1_819' title='bbox 740 5373 895 5430; x_wconf 88' lang='lat' dir='ltr'><strong>Colb.</strong></span> <span class='ocrx_word' id='word_1_820' title='bbox 925 5390 1046 5427; x_wconf 78' lang='lat' dir='ltr'><strong>cum</strong></span> <span class='ocrx_word' id='word_1_821' title='bbox 1078 5371 1263 5429; x_wconf 89' lang='lat' dir='ltr'><strong>Germ.</strong></span> <span class='ocrx_word' id='word_1_822' title='bbox 1299 5414 1315 5439; x_wconf 91' lang='lat'><strong>,</strong></span> <span class='ocrx_word' id='word_1_823' title='bbox 1348 5371 1711 5426; x_wconf 76' lang='lat' dir='ltr'><strong>substantiam.</strong></span> 
     </span>
    </p>
   </div>
   <div class='ocr_carea' id='block_1_108' title="bbox 162 5438 1719 5505">
    <p class='ocr_par' dir='ltr' id='par_1_108' title="bbox 162 5438 1719 5505">
     <span class='ocr_line' id='line_1_108' title="bbox 162 5438 1719 5505; baseline -0.003 -7"><span class='ocrx_word' id='word_1_824' title='bbox 162 5438 471 5505; x_wconf 73' lang='lat' dir='ltr'><strong>meerimns</strong></span> <span class='ocrx_word' id='word_1_825' title='bbox 490 5463 612 5504; x_wconf 90' lang='lat' dir='ltr'><strong>cum</strong></span> <span class='ocrx_word' id='word_1_826' title='bbox 653 5449 867 5503; x_wconf 71' lang='lat' dir='ltr'><strong>cmteris</strong></span> <span class='ocrx_word' id='word_1_827' title='bbox 896 5438 1327 5501; x_wconf 39' lang='lat' dir='ltr'><strong>substantiarum&#39;:</strong></span> <span class='ocrx_word' id='word_1_828' title='bbox 1363 5457 1484 5497; x_wconf 90' lang='lat' dir='ltr'><strong>cum</strong></span> <span class='ocrx_word' id='word_1_829' title='bbox 1513 5440 1600 5495; x_wconf 87' lang='lat' dir='ltr'><strong>hic</strong></span> <span class='ocrx_word' id='word_1_830' title='bbox 1623 5455 1719 5496; x_wconf 80' lang='lat' dir='ltr'><strong>ex-</strong></span> 
     </span>
    </p>
   </div>
   <div class='ocr_carea' id='block_1_109' title="bbox 162 5513 1721 5590">
    <p class='ocr_par' dir='ltr' id='par_1_109' title="bbox 162 5513 1721 5590">
     <span class='ocr_line' id='line_1_109' title="bbox 162 5513 1721 5590; baseline -0.004 -18"><span class='ocrx_word' id='word_1_831' title='bbox 162 5525 380 5590; x_wconf 56' lang='lat' dir='ltr'><strong>cusantur</strong></span> <span class='ocrx_word' id='word_1_832' title='bbox 397 5520 730 5585; x_wconf 84' lang='lat' dir='ltr'><strong>Orientales,</strong></span> <span class='ocrx_word' id='word_1_833' title='bbox 766 5518 911 5590; x_wconf 93' lang='lat' dir='ltr'><strong>quod</strong></span> <span class='ocrx_word' id='word_1_834' title='bbox 941 5518 1133 5572; x_wconf 89' lang='lat' dir='ltr'><strong>trinam</strong></span> <span class='ocrx_word' id='word_1_835' title='bbox 1183 5514 1512 5590; x_wconf 80' lang='lat' dir='ltr'><strong>hypostasim</strong></span> <span class='ocrx_word' id='word_1_836' title='bbox 1550 5513 1721 5590; x_wconf 82' lang='lat' dir='ltr'><strong>intro-</strong></span> 
     </span>
    </p>
   </div>
   <div class='ocr_carea' id='block_1_110' title="bbox 165 5584 1723 5662">
    <p class='ocr_par' dir='ltr' id='par_1_110' title="bbox 165 5584 1723 5662">
     <span class='ocr_line' id='line_1_110' title="bbox 165 5584 1723 5662; baseline 0 -22"><span class='ocrx_word' id='word_1_837' title='bbox 165 5584 399 5660; x_wconf 80' lang='lat' dir='ltr'><strong>duxerint,</strong></span> <span class='ocrx_word' id='word_1_838' title='bbox 428 5608 492 5649; x_wconf 90' lang='lat' dir='ltr'><strong>ac</strong></span> <span class='ocrx_word' id='word_1_839' title='bbox 516 5584 738 5649; x_wconf 78' lang='lat' dir='ltr'><strong>Verbum</strong></span> <span class='ocrx_word' id='word_1_840' title='bbox 768 5584 1003 5662; x_wconf 60' lang='lat' dir='ltr'><strong>g&#39;rsecum</strong></span> <span class='ocrx_word' id='word_1_841' title='bbox 1030 5584 1327 5651; x_wconf 71' lang='grc' dir='ltr'><strong>ὑπόστάσις</strong></span> <span class='ocrx_word' id='word_1_842' title='bbox 1374 5587 1543 5644; x_wconf 88' lang='lat' dir='ltr'><strong>latino</strong></span> <span class='ocrx_word' id='word_1_843' title='bbox 1603 5584 1723 5641; x_wconf 86' lang='lat' dir='ltr'><strong>sub-</strong></span> 
     </span>
    </p>
   </div>
   <div class='ocr_carea' id='block_1_111' title="bbox 164 5663 1063 5733">
    <p class='ocr_par' dir='ltr' id='par_1_111' title="bbox 164 5663 1063 5733">
     <span class='ocr_line' id='line_1_111' title="bbox 164 5663 1063 5733; baseline 0.008 -24"><span class='ocrx_word' id='word_1_844' title='bbox 164 5663 337 5717; x_wconf 80' lang='lat' dir='ltr'><strong>stantia:</strong></span> <span class='ocrx_word' id='word_1_845' title='bbox 354 5667 568 5733; x_wconf 80' lang='lat' dir='ltr'><strong>nomine</strong></span> <span class='ocrx_word' id='word_1_846' title='bbox 593 5664 825 5733; x_wconf 73' lang='lat' dir='ltr'><strong>Hilarius</strong></span> <span class='ocrx_word' id='word_1_847' title='bbox 850 5663 1063 5733; x_wconf 84' lang='lat' dir='ltr'><strong>reddat.</strong></span> 
     </span>
    </p>
   </div>
   <div class='ocr_carea' id='block_1_112' title="bbox 172 5723 1720 5837">
    <p class='ocr_par' dir='ltr' id='par_1_112' title="bbox 172 5723 1720 5837">
     <span class='ocr_line' id='line_1_112' title="bbox 172 5723 1720 5837; baseline -0.005 -34"><span class='ocrx_word' id='word_1_848' title='bbox 172 5751 292 5837; x_wconf 40' lang='lat'><strong>&quot;(9)</strong></span> <span class='ocrx_word' id='word_1_849' title='bbox 309 5723 539 5837; x_wconf 60' lang='grc' dir='ltr'>Τξιιιιῖιιιι</span> <span class='ocrx_word' id='word_1_850' title='bbox 565 5726 707 5825; x_wconf 61' lang='lat' dir='ltr'><strong>hisne</strong></span> <span class='ocrx_word' id='word_1_851' title='bbox 721 5723 865 5837; x_wconf 77' lang='lat' dir='ltr'><strong>apud</strong></span> <span class='ocrx_word' id='word_1_852' title='bbox 886 5727 1018 5837; x_wconf 61' lang='lat' dir='ltr'><strong>had.</strong></span> <span class='ocrx_word' id='word_1_853' title='bbox 1032 5754 1347 5837; x_wconf 41' lang='lat' dir='ltr'><strong>omissum,</strong></span> <span class='ocrx_word' id='word_1_854' title='bbox 1361 5750 1720 5837; x_wconf 45' lang='lat' dir='ltr'><strong>cuin-editio.</strong></span> 
     </span>
    </p>
   </div>
   <div class='ocr_carea' id='block_1_113' title="bbox 172 5818 1722 5899">
    <p class='ocr_par' dir='ltr' id='par_1_113' title="bbox 172 5818 1722 5899">
     <span class='ocr_line' id='line_1_113' title="bbox 172 5818 1722 5899; baseline 0.003 -25"><span class='ocrx_word' id='word_1_855' title='bbox 172 5818 299 5881; x_wconf 71' lang='lat' dir='ltr'><strong>nibus</strong></span> <span class='ocrx_word' id='word_1_856' title='bbox 322 5827 433 5886; x_wconf 82' lang='lat' dir='ltr'><strong>aliis</strong></span> <span class='ocrx_word' id='word_1_857' title='bbox 476 5818 543 5887; x_wconf 84' lang='lat' dir='ltr'><strong>ad</strong></span> <span class='ocrx_word' id='word_1_858' title='bbox 598 5818 891 5899; x_wconf 74' lang='lat' dir='ltr'><strong>marginem</strong></span> <span class='ocrx_word' id='word_1_859' title='bbox 937 5818 1215 5884; x_wconf 71' lang='grc' dir='ltr'>ιιιιιιιὶιιὶιιιι</span> <span class='ocrx_word' id='word_1_860' title='bbox 1261 5818 1530 5897; x_wconf 77' lang='lat' dir='ltr'><strong>adjectum</strong></span> <span class='ocrx_word' id='word_1_861' title='bbox 1565 5863 1581 5893; x_wconf 91' lang='lat'><strong>,</strong></span> <span class='ocrx_word' id='word_1_862' title='bbox 1622 5818 1722 5880; x_wconf 71' lang='lat' dir='ltr'><strong>suo</strong></span> 
     </span>
    </p>
   </div>
   <div class='ocr_carea' id='block_1_114' title="bbox 1821 4673 3419 4747">
    <p class='ocr_par' dir='ltr' id='par_1_114' title="bbox 1821 4673 3419 4747">
     <span class='ocr_line' id='line_1_114' title="bbox 1821 4673 3419 4747; baseline -0.005 -13"><span class='ocrx_word' id='word_1_863' title='bbox 1821 4688 1960 4745; x_wconf 89' lang='lat' dir='ltr'><strong>etc.,</strong></span> <span class='ocrx_word' id='word_1_864' title='bbox 1991 4676 2224 4747; x_wconf 84' lang='lat' dir='ltr'><strong>primum</strong></span> <span class='ocrx_word' id='word_1_865' title='bbox 2246 4675 2459 4745; x_wconf 80' lang='lat' dir='ltr'><strong>vulgata</strong></span> <span class='ocrx_word' id='word_1_866' title='bbox 2489 4673 2656 4747; x_wconf 75' lang='lat' dir='ltr'><strong>estalt</strong></span> <span class='ocrx_word' id='word_1_867' title='bbox 2685 4673 3236 4747; x_wconf 4' lang='lat' dir='ltr'><strong>eqtsebianis‘alitptot</strong></span> <span class='ocrx_word' id='word_1_868' title='bbox 3267 4689 3419 4747; x_wconf 56' lang='lat' dir='ltr'><strong>nien-</strong></span> 
     </span>
    </p>
   </div>
   <div class='ocr_carea' id='block_1_115' title="bbox 1821 4742 3418 4819">
    <p class='ocr_par' dir='ltr' id='par_1_115' title="bbox 1821 4742 3418 4819">
     <span class='ocr_line' id='line_1_115' title="bbox 1821 4742 3418 4819; baseline -0.004 -15"><span class='ocrx_word' id='word_1_869' title='bbox 1821 4764 1910 4805; x_wconf 90' lang='lat' dir='ltr'><strong>ses</strong></span> <span class='ocrx_word' id='word_1_870' title='bbox 1931 4742 2053 4819; x_wconf 76' lang='lat' dir='ltr'><strong>post</strong></span> <span class='ocrx_word' id='word_1_871' title='bbox 2077 4742 2365 4805; x_wconf 80' lang='lat' dir='ltr'><strong>concilium</strong></span> <span class='ocrx_word' id='word_1_872' title='bbox 2397 4744 2781 4819; x_wconf 59' lang='lat' dir='ltr'><strong>Antiochiajn</strong></span> <span class='ocrx_word' id='word_1_873' title='bbox 2812 4744 3099 4819; x_wconf 70' lang='lat' dir='ltr'><strong>Eucmniis,</strong></span> <span class='ocrx_word' id='word_1_874' title='bbox 3129 4742 3264 4819; x_wconf 66' lang='lat' dir='ltr'><strong>etin</strong></span> <span class='ocrx_word' id='word_1_875' title='bbox 3289 4742 3418 4798; x_wconf 84' lang='lat' dir='ltr'><strong>Gal-</strong></span> 
     </span>
    </p>
   </div>
   <div class='ocr_carea' id='block_1_116' title="bbox 1821 4813 3417 4891">
    <p class='ocr_par' dir='ltr' id='par_1_116' title="bbox 1821 4813 3417 4891">
     <span class='ocr_line' id='line_1_116' title="bbox 1821 4813 3417 4891; baseline -0.005 -14"><span class='ocrx_word' id='word_1_876' title='bbox 1821 4813 2045 4891; x_wconf 58' lang='lat' dir='ltr'><strong>lias&#39;per</strong></span> <span class='ocrx_word' id='word_1_877' title='bbox 2072 4817 2651 4891; x_wconf 56' lang='lat' dir='ltr'><strong>NarcissnmJlarim,</strong></span> <span class='ocrx_word' id='word_1_878' title='bbox 2694 4814 3041 4891; x_wconf 58' lang='lat' dir='ltr'><strong>Theodorum</strong></span> <span class='ocrx_word' id='word_1_879' title='bbox 3087 4824 3140 4868; x_wconf 92' lang='lat' dir='ltr'><strong>et</strong></span> <span class='ocrx_word' id='word_1_880' title='bbox 3182 4813 3417 4891; x_wconf 79' lang='lat' dir='ltr'><strong>Marcum</strong></span> 
     </span>
    </p>
   </div>
   <div class='ocr_carea' id='block_1_117' title="bbox 1822 4885 3423 4959">
    <p class='ocr_par' dir='ltr' id='par_1_117' title="bbox 1822 4885 3423 4959">
     <span class='ocr_line' id='line_1_117' title="bbox 1822 4885 3423 4959; baseline -0.004 -12"><span class='ocrx_word' id='word_1_881' title='bbox 1822 4893 1887 4947; x_wconf 89' lang='lat' dir='ltr'><strong>ad</strong></span> <span class='ocrx_word' id='word_1_882' title='bbox 1912 4885 2261 4948; x_wconf 79' lang='lat' dir='ltr'><strong>Constantem</strong></span> <span class='ocrx_word' id='word_1_883' title='bbox 2284 4890 2435 4959; x_wconf 86' lang='lat' dir='ltr'><strong>quasi</strong></span> <span class='ocrx_word' id='word_1_884' title='bbox 2477 4903 2506 4940; x_wconf 89' lang='lat' dir='ltr'><strong>a</strong></span> <span class='ocrx_word' id='word_1_885' title='bbox 2537 4886 2746 4959; x_wconf 70' lang='lat' dir='ltr'><strong>synodo</strong></span> <span class='ocrx_word' id='word_1_886' title='bbox 2777 4885 2951 4959; x_wconf 74' lang='lat' dir='ltr'><strong>delata</strong></span> <span class='ocrx_word' id='word_1_887' title='bbox 2991 4927 3005 4950; x_wconf 96' lang='lat'><strong>,</strong></span> <span class='ocrx_word' id='word_1_888' title='bbox 3053 4896 3111 4939; x_wconf 91' lang='lat' dir='ltr'><strong>ut</strong></span> <span class='ocrx_word' id='word_1_889' title='bbox 3153 4887 3319 4959; x_wconf 80' lang='lat' dir='ltr'><strong>testis</strong></span> <span class='ocrx_word' id='word_1_890' title='bbox 3339 4897 3423 4941; x_wconf 88' lang='lat' dir='ltr'><strong>est</strong></span> 
     </span>
    </p>
   </div>
   <div class='ocr_carea' id='block_1_118' title="bbox 1820 4956 3414 5041">
    <p class='ocr_par' dir='ltr' id='par_1_118' title="bbox 1820 4956 3414 5041">
     <span class='ocr_line' id='line_1_118' title="bbox 1820 4956 3414 5041; baseline -0.003 -23"><span class='ocrx_word' id='word_1_891' title='bbox 1820 4963 2170 5041; x_wconf 71' lang='lat' dir='ltr'><strong>Athanasius,</strong></span> <span class='ocrx_word' id='word_1_892' title='bbox 2203 4956 2390 5041; x_wconf 48' lang='lat' dir='ltr'><strong>libﬁde</strong></span> <span class='ocrx_word' id='word_1_893' title='bbox 2416 4956 2721 5041; x_wconf 32' lang='lat' dir='ltr'><strong>Synodap.</strong></span> <span class='ocrx_word' id='word_1_894' title='bbox 2783 4956 2909 5021; x_wconf 84' lang='lat'><strong>895;</strong></span> <span class='ocrx_word' id='word_1_895' title='bbox 2952 4960 3059 5011; x_wconf 88' lang='lat' dir='ltr'><strong>imo</strong></span> <span class='ocrx_word' id='word_1_896' title='bbox 3109 4968 3163 5011; x_wconf 91' lang='lat' dir='ltr'><strong>ut</strong></span> <span class='ocrx_word' id='word_1_897' title='bbox 3217 4957 3414 5041; x_wconf 80' lang='lat' dir='ltr'><strong>ibidem</strong></span> 
     </span>
    </p>
   </div>
   <div class='ocr_carea' id='block_1_119' title="bbox 1820 5028 3420 5103">
    <p class='ocr_par' dir='ltr' id='par_1_119' title="bbox 1820 5028 3420 5103">
     <span class='ocr_line' id='line_1_119' title="bbox 1820 5028 3420 5103; baseline -0.004 -12"><span class='ocrx_word' id='word_1_898' title='bbox 1820 5035 2057 5103; x_wconf 87' lang='lat' dir='ltr'><strong>subjicit,</strong></span> <span class='ocrx_word' id='word_1_899' title='bbox 2089 5033 2259 5103; x_wconf 87' lang='lat' dir='ltr'><strong>iidem</strong></span> <span class='ocrx_word' id='word_1_900' title='bbox 2277 5028 2506 5103; x_wconf 88' lang='lat' dir='ltr'><strong>triennio</strong></span> <span class='ocrx_word' id='word_1_901' title='bbox 2531 5037 2651 5103; x_wconf 76' lang='lat' dir='ltr'><strong>post</strong></span> <span class='ocrx_word' id='word_1_902' title='bbox 2672 5028 2744 5103; x_wconf 70' lang='lat' dir='ltr'><strong>in</strong></span> <span class='ocrx_word' id='word_1_903' title='bbox 2793 5041 3109 5103; x_wconf 65' lang='lat' dir='ltr'><strong>consessum</strong></span> <span class='ocrx_word' id='word_1_904' title='bbox 3143 5030 3420 5085; x_wconf 89' lang='lat' dir='ltr'><strong>venientes</strong></span> 
     </span>
    </p>
   </div>
   <div class='ocr_carea' id='block_1_120' title="bbox 1820 5097 3419 5173">
    <p class='ocr_par' dir='ltr' id='par_1_120' title="bbox 1820 5097 3419 5173">
     <span class='ocr_line' id='line_1_120' title="bbox 1820 5097 3419 5173; baseline -0.004 -12"><span class='ocrx_word' id='word_1_905' title='bbox 1820 5097 2067 5161; x_wconf 79' lang='lat' dir='ltr'><strong>eamdem</strong></span> <span class='ocrx_word' id='word_1_906' title='bbox 2102 5102 2372 5173; x_wconf 74' lang='lat' dir='ltr'><strong>praedictis</strong></span> <span class='ocrx_word' id='word_1_907' title='bbox 2398 5098 2790 5173; x_wconf 68' lang='lat' dir='ltr'><strong>appendicibus</strong></span> <span class='ocrx_word' id='word_1_908' title='bbox 2828 5097 3097 5173; x_wconf 61' lang='lat' dir='ltr'><strong>Similiter</strong></span> <span class='ocrx_word' id='word_1_909' title='bbox 3125 5117 3230 5163; x_wconf 87' lang='lat' dir='ltr'><strong>eos,</strong></span> <span class='ocrx_word' id='word_1_910' title='bbox 3264 5110 3369 5156; x_wconf 89' lang='lat' dir='ltr'><strong>etc.</strong></span> <span class='ocrx_word' id='word_1_911' title='bbox 3401 5142 3419 5166; x_wconf 88' lang='lat'><strong>,</strong></span> 
     </span>
    </p>
   </div>
   <div class='ocr_carea' id='block_1_121' title="bbox 1821 5169 3412 5244">
    <p class='ocr_par' dir='ltr' id='par_1_121' title="bbox 1821 5169 3412 5244">
     <span class='ocr_line' id='line_1_121' title="bbox 1821 5169 3412 5244; baseline -0.004 -14"><span class='ocrx_word' id='word_1_912' title='bbox 1821 5176 2048 5244; x_wconf 88' lang='lat' dir='ltr'><strong>aliisque</strong></span> <span class='ocrx_word' id='word_1_913' title='bbox 2076 5169 2312 5236; x_wconf 76' lang='lat' dir='ltr'><strong>auctam,</strong></span> <span class='ocrx_word' id='word_1_914' title='bbox 2346 5185 2441 5240; x_wconf 91' lang='lat' dir='ltr'><strong>per</strong></span> <span class='ocrx_word' id='word_1_915' title='bbox 2471 5169 2794 5244; x_wconf 61' lang='lat' dir='ltr'><strong>Eudoxium,</strong></span> <span class='ocrx_word' id='word_1_916' title='bbox 2828 5169 3136 5244; x_wconf 73' lang='lat' dir='ltr'><strong>Martyrium</strong></span> <span class='ocrx_word' id='word_1_917' title='bbox 3167 5173 3412 5240; x_wconf 84' lang='lat' dir='ltr'><strong>aliosque</strong></span> 
     </span>
    </p>
   </div>
   <div class='ocr_carea' id='block_1_122' title="bbox 1823 5239 3417 5313">
    <p class='ocr_par' dir='ltr' id='par_1_122' title="bbox 1823 5239 3417 5313">
     <span class='ocr_line' id='line_1_122' title="bbox 1823 5239 3417 5313; baseline -0.004 -11"><span class='ocrx_word' id='word_1_918' title='bbox 1823 5246 1877 5302; x_wconf 89' lang='lat' dir='ltr'><strong>in</strong></span> <span class='ocrx_word' id='word_1_919' title='bbox 1897 5239 2444 5301; x_wconf 76' lang='lat' dir='ltr'><strong>Italiamemisernnt.</strong></span> <span class='ocrx_word' id='word_1_920' title='bbox 2476 5239 2701 5313; x_wconf 31' lang='lat' dir='ltr'><strong>Dentnfm</strong></span> <span class='ocrx_word' id='word_1_921' title='bbox 2751 5256 2869 5310; x_wconf 78' lang='lat' dir='ltr'><strong>qua:</strong></span> <span class='ocrx_word' id='word_1_922' title='bbox 2913 5239 2999 5296; x_wconf 80' lang='lat' dir='ltr'><strong>hic</strong></span> <span class='ocrx_word' id='word_1_923' title='bbox 3028 5259 3149 5296; x_wconf 77' lang='lat' dir='ltr'><strong>mox</strong></span> <span class='ocrx_word' id='word_1_924' title='bbox 3198 5239 3417 5313; x_wconf 83' lang='lat' dir='ltr'><strong>subjici-</strong></span> 
     </span>
    </p>
   </div>
   <div class='ocr_carea' id='block_1_123' title="bbox 1826 5310 3419 5380">
    <p class='ocr_par' dir='ltr' id='par_1_123' title="bbox 1826 5310 3419 5380">
     <span class='ocr_line' id='line_1_123' title="bbox 1826 5310 3419 5380; baseline -0.003 -7"><span class='ocrx_word' id='word_1_925' title='bbox 1826 5327 1912 5373; x_wconf 88' lang='lat' dir='ltr'><strong>tur</strong></span> <span class='ocrx_word' id='word_1_926' title='bbox 1939 5326 2128 5373; x_wconf 88' lang='lat' dir='ltr'><strong>contra</strong></span> <span class='ocrx_word' id='word_1_927' title='bbox 2158 5313 2447 5371; x_wconf 89' lang='lat' dir='ltr'><strong>Photinum</strong></span> <span class='ocrx_word' id='word_1_928' title='bbox 2480 5354 2496 5377; x_wconf 88' lang='lat'><strong>,</strong></span> <span class='ocrx_word' id='word_1_929' title='bbox 2528 5312 2595 5368; x_wconf 91' lang='lat' dir='ltr'><strong>ab</strong></span> <span class='ocrx_word' id='word_1_930' title='bbox 2640 5310 2739 5366; x_wconf 80' lang='lat' dir='ltr'><strong>hac</strong></span> <span class='ocrx_word' id='word_1_931' title='bbox 2769 5330 2873 5368; x_wconf 90' lang='lat' dir='ltr'><strong>non</strong></span> <span class='ocrx_word' id='word_1_932' title='bbox 2903 5312 3084 5369; x_wconf 82' lang='lat' dir='ltr'><strong>dilTert</strong></span> <span class='ocrx_word' id='word_1_933' title='bbox 3111 5355 3126 5380; x_wconf 91' lang='lat'><strong>,</strong></span> <span class='ocrx_word' id='word_1_934' title='bbox 3157 5315 3257 5370; x_wconf 84' lang='lat' dir='ltr'><strong>nisi</strong></span> <span class='ocrx_word' id='word_1_935' title='bbox 3287 5310 3419 5370; x_wconf 81' lang='lat' dir='ltr'><strong>ana-</strong></span> 
     </span>
    </p>
   </div>
   <div class='ocr_carea' id='block_1_124' title="bbox 1782 5384 2554 5445">
    <p class='ocr_par' dir='ltr' id='par_1_124' title="bbox 1782 5384 2554 5445">
     <span class='ocr_line' id='line_1_124' title="bbox 1782 5384 2554 5445; baseline -0.01 -1"><span class='ocrx_word' id='word_1_936' title='bbox 1782 5410 1785 5413; x_wconf 94' lang='grc'>·</span> <span class='ocrx_word' id='word_1_937' title='bbox 1826 5388 2121 5445; x_wconf 91' lang='lat' dir='ltr'><strong>thematum</strong></span> <span class='ocrx_word' id='word_1_938' title='bbox 2153 5384 2554 5443; x_wconf 85' lang='lat' dir='ltr'><strong>additamentis.</strong></span> 
     </span>
    </p>
   </div>
   <div class='ocr_carea' id='block_1_125' title="bbox 1892 5455 3420 5587">
    <p class='ocr_par' dir='ltr' id='par_1_125' title="bbox 1892 5455 3420 5587">
     <span class='ocr_line' id='line_1_125' title="bbox 1892 5455 3420 5587; baseline 0.001 -73"><span class='ocrx_word' id='word_1_939' title='bbox 1892 5460 1962 5587; x_wconf 64' lang='lat' dir='ltr'><strong>&#39;(i)</strong></span> <span class='ocrx_word' id='word_1_940' title='bbox 1995 5461 2211 5532; x_wconf 84' lang='lat' dir='ltr'><strong>Aliquot</strong></span> <span class='ocrx_word' id='word_1_941' title='bbox 2250 5471 2379 5512; x_wconf 82' lang='lat' dir='ltr'><strong>mss.</strong></span> <span class='ocrx_word' id='word_1_942' title='bbox 2412 5455 2598 5526; x_wconf 68' lang='lat' dir='ltr'><strong>probae</strong></span> <span class='ocrx_word' id='word_1_943' title='bbox 2644 5468 2783 5512; x_wconf 83' lang='lat' dir='ltr'><strong>ncta-</strong></span> <span class='ocrx_word' id='word_1_944' title='bbox 2804 5500 2820 5525; x_wconf 90' lang='lat'><strong>,</strong></span> <span class='ocrx_word' id='word_1_945' title='bbox 2854 5456 2989 5512; x_wconf 73' lang='grc' dir='ltr'><strong>Αδὶω</strong></span> <span class='ocrx_word' id='word_1_946' title='bbox 3018 5456 3285 5530; x_wconf 79' lang='lat' dir='ltr'><strong>Phrygiis.</strong></span> <span class='ocrx_word' id='word_1_947' title='bbox 3329 5458 3420 5515; x_wconf 86' lang='lat' dir='ltr'><strong>Sic</strong></span> 
     </span>
     <span class='ocr_line' id='line_1_126' title="bbox 1915 5528 3420 5587; baseline 0 0"><span class='ocrx_word' id='word_1_948' title='bbox 1915 5550 1970 5587; x_wconf 89' lang='lat' dir='ltr'><strong>ra</strong></span> <span class='ocrx_word' id='word_1_949' title='bbox 2001 5532 2141 5587; x_wconf 81' lang='lat' dir='ltr'><strong>apud</strong></span> <span class='ocrx_word' id='word_1_950' title='bbox 2166 5532 2294 5587; x_wconf 88' lang='lat' dir='ltr'><strong>Bad.</strong></span> <span class='ocrx_word' id='word_1_951' title='bbox 2329 5543 2538 5584; x_wconf 89' lang='lat' dir='ltr'><strong>necnon</strong></span> <span class='ocrx_word' id='word_1_952' title='bbox 2569 5528 2621 5583; x_wconf 90' lang='lat' dir='ltr'><strong>in</strong></span> <span class='ocrx_word' id='word_1_953' title='bbox 2651 5540 2834 5585; x_wconf 82' lang='lat' dir='ltr'><strong>vetere</strong></span> <span class='ocrx_word' id='word_1_954' title='bbox 2866 5543 2965 5584; x_wconf 84' lang='lat' dir='ltr'><strong>tns.</strong></span> <span class='ocrx_word' id='word_1_955' title='bbox 2998 5528 3153 5585; x_wconf 80' lang='lat' dir='ltr'><strong>Colb.</strong></span> <span class='ocrx_word' id='word_1_956' title='bbox 3179 5541 3233 5587; x_wconf 90' lang='lat' dir='ltr'><strong>et</strong></span> <span class='ocrx_word' id='word_1_957' title='bbox 3259 5532 3381 5587; x_wconf 92' lang='lat' dir='ltr'><strong>aliis</strong></span> <span class='ocrx_word' id='word_1_958' title='bbox 3407 5577 3420 5587; x_wconf 93' lang='lat'><strong>.</strong></span> 
     </span>
    </p>
   </div>
   <div class='ocr_carea' id='block_1_126' title="bbox 1831 5528 3422 5603">
    <p class='ocr_par' dir='ltr' id='par_1_126' title="bbox 1831 5528 3422 5603">
     <span class='ocr_line' id='line_1_127' title="bbox 1831 5528 3422 5603; baseline -0.001 -14"><span class='ocrx_word' id='word_1_959' title='bbox 1831 5528 1970 5603; x_wconf 69' lang='lat' dir='ltr'><strong>infra</strong></span> <span class='ocrx_word' id='word_1_960' title='bbox 2001 5528 2141 5603; x_wconf 80' lang='lat' dir='ltr'><strong>apud</strong></span> <span class='ocrx_word' id='word_1_961' title='bbox 2166 5532 2294 5601; x_wconf 76' lang='lat' dir='ltr'><strong>Bad,</strong></span> <span class='ocrx_word' id='word_1_962' title='bbox 2329 5543 2538 5603; x_wconf 81' lang='lat' dir='ltr'><strong>necnon</strong></span> <span class='ocrx_word' id='word_1_963' title='bbox 2569 5528 2621 5583; x_wconf 90' lang='lat' dir='ltr'><strong>in</strong></span> <span class='ocrx_word' id='word_1_964' title='bbox 2651 5540 2834 5585; x_wconf 82' lang='lat' dir='ltr'><strong>vetere</strong></span> <span class='ocrx_word' id='word_1_965' title='bbox 2866 5543 2965 5603; x_wconf 79' lang='lat' dir='ltr'><strong>ins.</strong></span> <span class='ocrx_word' id='word_1_966' title='bbox 2998 5528 3233 5587; x_wconf 55' lang='lat' dir='ltr'><strong>Colhlet</strong></span> <span class='ocrx_word' id='word_1_967' title='bbox 3259 5532 3381 5588; x_wconf 90' lang='lat' dir='ltr'><strong>aliis</strong></span> <span class='ocrx_word' id='word_1_968' title='bbox 3407 5577 3422 5598; x_wconf 95' lang='lat'><strong>,</strong></span> 
     </span>
    </p>
   </div>
   <div class='ocr_carea' id='block_1_127' title="bbox 1832 5595 3425 5678">
    <p class='ocr_par' dir='ltr' id='par_1_127' title="bbox 1832 5595 3425 5678">
     <span class='ocr_line' id='line_1_128' title="bbox 1832 5595 3425 5678; baseline 0.001 -18"><span class='ocrx_word' id='word_1_969' title='bbox 1832 5595 2059 5678; x_wconf 67' lang='lat' dir='ltr'><strong>Europa}</strong></span> <span class='ocrx_word' id='word_1_970' title='bbox 2084 5595 2345 5678; x_wconf 47' lang='lat' dir='ltr'><strong>Thracia:</strong></span> <span class='ocrx_word' id='word_1_971' title='bbox 2375 5598 2517 5678; x_wconf 70' lang='lat' dir='ltr'><strong>quod</strong></span> <span class='ocrx_word' id='word_1_972' title='bbox 2542 5613 2595 5656; x_wconf 86' lang='lat' dir='ltr'><strong>et</strong></span> <span class='ocrx_word' id='word_1_973' title='bbox 2631 5604 2777 5678; x_wconf 85' lang='lat' dir='ltr'><strong>apud</strong></span> <span class='ocrx_word' id='word_1_974' title='bbox 2801 5601 3052 5678; x_wconf 78' lang='lat' dir='ltr'><strong>Vigilium</strong></span> <span class='ocrx_word' id='word_1_975' title='bbox 3099 5602 3298 5678; x_wconf 58' lang='lat' dir='ltr'><strong>legitur</strong></span> <span class='ocrx_word' id='word_1_976' title='bbox 3330 5595 3425 5661; x_wconf 70' lang='lat' dir='ltr'><strong>lit).</strong></span> 
     </span>
    </p>
   </div>
   <div class='ocr_carea' id='block_1_128' title="bbox 1830 5673 3432 5761">
    <p class='ocr_par' dir='ltr' id='par_1_128' title="bbox 1830 5673 3432 5761">
     <span class='ocr_line' id='line_1_129' title="bbox 1830 5673 3432 5761; baseline -0.003 -28"><span class='ocrx_word' id='word_1_977' title='bbox 1830 5694 1866 5733; x_wconf 81' lang='grc' dir='ltr'><strong>ν</strong></span> <span class='ocrx_word' id='word_1_978' title='bbox 1892 5673 2080 5761; x_wconf 79' lang='lat' dir='ltr'><strong>contra</strong></span> <span class='ocrx_word' id='word_1_979' title='bbox 2119 5673 2351 5761; x_wconf 68' lang='lat' dir='ltr'><strong>Eutych.</strong></span> <span class='ocrx_word' id='word_1_980' title='bbox 2404 5673 2600 5761; x_wconf 72' lang='lat' dir='ltr'><strong>Neutra</strong></span> <span class='ocrx_word' id='word_1_981' title='bbox 2638 5673 3215 5761; x_wconf 29' lang='grc' dir='ltr'><strong>⁸ιιξριίιξὶροιιιιιριιιξιιζιιι·</strong></span> <span class='ocrx_word' id='word_1_982' title='bbox 3259 5675 3432 5761; x_wconf 74' lang='lat' dir='ltr'><strong>Frag-</strong></span> 
     </span>
    </p>
   </div>
   <div class='ocr_carea' id='block_1_129' title="bbox 1830 5743 3433 5878">
    <p class='ocr_par' dir='ltr' id='par_1_129' title="bbox 1830 5743 3433 5878">
     <span class='ocr_line' id='line_1_130' title="bbox 1830 5743 3433 5878; baseline -0.001 -74"><span class='ocrx_word' id='word_1_983' title='bbox 1830 5755 2125 5878; x_wconf 42' lang='lat' dir='ltr'><strong>lii/quid)“,</strong></span> <span class='ocrx_word' id='word_1_984' title='bbox 2157 5743 2247 5807; x_wconf 83' lang='lat' dir='ltr'><strong>ubi</strong></span> <span class='ocrx_word' id='word_1_985' title='bbox 2275 5747 2454 5818; x_wconf 74' lang='lat' dir='ltr'><strong>legere</strong></span> <span class='ocrx_word' id='word_1_986' title='bbox 2482 5756 2585 5816; x_wconf 70' lang='lat' dir='ltr'><strong>eat,</strong></span> <span class='ocrx_word' id='word_1_987' title='bbox 2617 5748 2763 5820; x_wconf 78' lang='lat' dir='ltr'><strong>Asia,</strong></span> <span class='ocrx_word' id='word_1_988' title='bbox 2797 5747 3033 5818; x_wconf 78' lang='lat' dir='ltr'><strong>Eumpa,</strong></span> <span class='ocrx_word' id='word_1_989' title='bbox 3064 5743 3433 5821; x_wconf 73' lang='lat' dir='ltr'><strong>Hellesponto,</strong></span> 
     </span>
     <span class='ocr_line' id='line_1_131' title="bbox 1894 5836 2073 5878; baseline 0.006 -1"><span class='ocrx_word' id='word_1_990' title='bbox 1894 5836 2073 5878; x_wconf 78' lang='lat' dir='ltr'><strong>tracut.</strong></span> 
     </span>
    </p>
   </div>
   <div class='ocr_carea' id='block_1_130' title="bbox 1894 5836 2073 5880">
    <p class='ocr_par' dir='ltr' id='par_1_130' title="bbox 1894 5836 2073 5880">
     <span class='ocr_line' id='line_1_132' title="bbox 1894 5836 2073 5880; baseline 0.006 -3"><span class='ocrx_word' id='word_1_991' title='bbox 1894 5836 2073 5880; x_wconf 78' lang='lat' dir='ltr'><strong>tracut.</strong></span> 
     </span>
    </p>
   </div>
  </div>
