3936 6196
542 267 645 325 507

1739 243 1984 319 SANCTI
2025 257 2281 323 illlAnll
2322 256 2629 317 EPISCOPI
3707 260 3790 315 sua

615 387 863 462 Phrygiis
889 384 1130 455 duabus,
1166 381 1367 451 Pisidia
1400 420 1414 444 ,
1445 377 1741 452 Cycladnm
1786 379 2081 449 insularum
2111 420 2127 447 ,
2158 380 2211 453 ,Α
2235 375 2402 435 dedit.
2430 377 2506 433 Ac
2530 391 2598 431 ne
2621 375 2736 435 haec
2762 373 2914 451 origo
2933 371 3074 445 ejus,
3096 387 3164 441 ex,
3185 387 3289 445 qua
3305 380 3463 429 natus
3481 384 3560 435 est
3584 388 3793 445 manem,

612 478 948 553 Pamphylia.
978 474 1129 545 Caria
1150 515 1166 545 .
1193 472 1359 544 Lydia
1378 513 1392 539 ,
1420 470 1633 543 Europa
1656 513 1672 545 ,
1700 469 1927 537 Thracia
1952 511 1968 547 ,
1994 468 2141 533 Emi-

617 582 822 637 monto,
856 567 931 641 (a)
964 566 1171 645 Mysia,
1203 565 1495 637 Pannoniis
1532 565 1775 643 duabus,
1806 565 1943 641 lianc
1973 580 2139 638 expo-

608 665 812 733 suimus
835 661 1020 721 fidenti.

577 843 698 915 31.;
717 836 999 905 Credimus
1017 837 1068 892 in
1086 852 1247 909 unum
1268 836 1434 892 Deum
1458 842 1665 908 patrem
1684 836 2134 908 omnipotentem,

535 945 836 1005 creatorem
859 943 913 988 et
933 931 1188 1003 factorem
1213 931 1609 1003 universorum,
1634 946 1699 1003 es
1727 946 1830 1001 quo
1856 931 2028 1001 omnis
2045 945 2143 1005 pa-

536 1028 757 1099 ternitas
781 1026 834 1082 in
858 1025 1009 1091 oculis
1033 1034 1087 1079 et
1109 1024 1159 1079 in
1181 1032 1321 1079 terra
1352 1023 1676 1093 nominatur.
1696 1020 1977 1089 Credimus
1998 1032 2048 1077 et
2086 1023 2138 1077 in

534 1121 865 1195 unigenitum
880 1118 994 1191 ejus
1016 1118 1182 1171 lilium
1204 1116 1483 1177 Dominum
1504 1124 1745 1175 nostrum
1763 1113 1945 1170 Jesnm
1965 1112 2142 1169 Chris-

535 1222 671 1283 tum,
694 1212 927 1285 quiante
945 1208 1122 1265 omnia
1143 1208 1335 1263 smcula
1357 1223 1420 1262 ex
1446 1207 1604 1263 Patre
1620 1207 1833 1279 genitus
1848 1214 1950 1274 est,
1974 1206 2137 1261 Deum

541 1323 608 1375 ex
632 1308 763 1372 Deo,
797 1305 978 1367 lumen
1008 1317 1072 1356 ex
1102 1301 1303 1357 lumine
1328 1342 1344 1373 ,
1375 1315 1470 1370 per
1500 1314 1656 1370 quem
1691 1298 1827 1355 facta
1855 1308 1979 1353 sunt
2019 1312 2138 1371 om-

536 1404 622 1458 nia
649 1416 769 1473 qute
799 1400 849 1456 in
878 1397 1031 1454 etelis
1062 1406 1114 1453 et
1142 1410 1262 1466 qua:
1307 1395 1357 1449 in
1387 1401 1531 1450 terra
1556 1434 1570 1461 ,
1602 1393 1830 1448 visibilia
1865 1402 1919 1447 et
1949 1390 2141 1463 invisi-

537 1492 663 1547 bilia
699 1509 712 1545 ;
743 1490 832 1573 qni
860 1499 939 1544 est
969 1487 1214 1553 verbum,
1247 1493 1302 1539 et
1322 1485 1606 1554 sapientia,
1630 1491 1687 1553 et
1708 1485 1894 1552 virtus,
1922 1494 1977 1538 et
2005 1482 2136 1551 vita,

536 1592 592 1640 ct
622 1582 805 1655 lumen
838 1594 1056 1635 verum:
1090 1588 1145 1633 et
1174 1578 1260 1651 qui
1283 1577 1335 1633 in
1368 1575 1674 1632 novissimis
1702 1574 1892 1631 diebus
1923 1583 2141 1646 propter

540 1684 639 1749 nos
672 1679 977 1731 incarnatus
1010 1683 1114 1739 est,
1140 1680 1202 1728 et’
1224 1683 1380 1725 natus
1410 1686 1476 1726 ex
1522 1679 1707 1725 sancta
1756 1668 1971 1742 Virgine
1995 1711 2010 1735 ,
2046 1670 2137 1742 qui

2243 470 2319 544 (e)
2354 470 2454 542 alia
2484 470 2663 543 potius
2689 484 2851 547 quam
2878 467 2973 541 Dei
3024 467 3414 539 intelligeretur
3441 482 3559 531 esse
3586 467 3799 527 substan-

2245 561 2314 621 tia
2341 578 2356 629 ;
2389 561 2550 627 etiam
2602 576 2698 618 eos
2723 559 3071 633 blasphemos
3100 560 3416 635 pronuntiat
3444 601 3461 628 ,
3506 561 3595 631 qui
3623 578 3682 619 ex
3716 563 3800 635 alia

2241 656 2420 728 aliqua
2450 656 2779 725 substantia,
2810 664 2866 711 et
2895 669 3001 710 non
3052 669 3117 709 ex
3139 654 3252 710 Deo
3280 654 3474 721 Filium
3507 663 3684 715 natum
3706 671 3801 713 esse

2242 747 2631 819 loquerentur:
2666 753 2827 819 atque
2857 746 2928 819 ita
2963 744 3033 816 (Γ)
3060 759 3179 801 cum
3222 760 3328 803 non
3354 760 3420 805 es
3454 745 3617 809 nihil!)
3635 745 3805 805 subSIi-

2243 841 2324 907 tit,
2359 855 2535 912 neque
2556 838 2771 909 aliunde
2797 855 2958 909 quam
2984 855 3047 899 ex
3067 838 3179 907 Deo
3199 838 3342 910 quod
3364 848 3447 909 est
3471 839 3701 905 exstitit,
3722 857 3806 899 non

2244 942 2421 1004 potest
2442 933 2637 1004 ambigi
2686 933 2740 987 in
2773 932 2856 987 bis
2898 941 3053 985 natus
3085 946 3205 987 esse
3249 945 3370 1001 quae
3399 930 3499 986 Dei
3536 939 3683 1005 sunt;
3711 934 3809 1005 quia

2243 1041 2415 1099 neque
2439 1025 2507 1097 de
2531 1040 2638 1099 non
2670 1023 3031 1097 exstantibus,
3059 1038 3233 1099 neque
3257 1023 3362 1089 alia
3389 1039 3547 1101 quam
3573 1023 3637 1085 de
3661 1026 3815 1081 inuas-

2242 1119 2388 1191 eibili
2439 1119 2611 1189 Patris
2638 1128 2687 1183 et
2720 1126 2920 1179 atterna
2975 1116 3271 1189 substantia
3300 1114 3380 1195 (g)
3411 1117 3681 1189 unigenita
3711 1118 3812 1191 l-‘ilii

2246 1222 2536 1291 generatur
2567 1209 2825 1281 essentia.
2858 1208 3084 1281 Respuit
3130 1224 3260 1269 vero
3290 1217 3346 1262 et
3394 1208 3672 1267 intervalla
3696 1218 3813 1275 tem-

2243 1322 2435 1379 porum
2466 1321 2529 1361 ac
2558 1304 2913 1365 smculorum:
2945 1314 3000 1358 ut
3039 1302 3131 1375 qni
3162 1316 3261 1375 per
3311 1309 3559 1371 naturam
3607 1317 3703 1359 non
3727 1302 3816 1361 dii.

2244 1399 2351 1471 fert
2376 1443 2389 1465 ,
2422 1413 2529 1457 non
2562 1400 2732 1470 possit
2757 1396 3074 1467 separabilis
3104 1410 3225 1452 esse
3260 1412 3357 1469 per
3385 1407 3615 1471 tempus.

2313 1496 2406 1554 56.
2436 1496 2575 1555 Deus
2620 1512 2721 1557 non
2749 1496 2849 1563 nisi
2877 1512 3006 1555 unus
3047 1504 3120 1555 est
3136 1510 3156 1565 ;
3184 1502 3432 1565 quatenus
3462 1492 3686 1546 dicantur
3715 1491 3821 1565 plu-

2243 1609 2351 1650 res.
2377 1591 2532 1659 Fides
2556 1590 2794 1661 superior
2817 1606 2972 1657 unam
3026 1587 3202 1645 Patris
3227 1604 3287 1641 ac
3338 1583 3469 1643 Filii
3514 1585 3819 1651 substantiam

2245 1686 2511 1756 prazdicat.
2544 1716 2617 1725 —
2639 1685 2715 1743 Es
2761 1684 2907 1749 omni
2948 1691 3125 1751 autem
3160 1687 3342 1755 parte,
3390 1692 3495 1750 qua
3524 1692 3585 1735 se
3609 1677 3818 1743 circum-

534 1768 823 1841 crucil‘ixus
851 1778 935 1823 est
968 1808 983 1834 ,
1012 1772 1067 1837 et
1106 1774 1347 1819 mortuus
1373 1802 1386 1828 ,
1419 1771 1473 1817 et
1508 1761 1752 1832 sepultus
1782 1803 1796 1828 ,
1824 1767 1880 1815 et
1901 1759 2136 1815 surrexit

2252 1794 2406 1853 agere
2430 1776 2739 1835 sollicitudo
2760 1774 2952 1849 potuit,
2987 1773 3367 1835 ltmreticorum
3410 1769 3637 1845 ingeniis
3660 1768 3823 1845 aditus

534 1879 600 1921 ex
629 1860 856 1921 mortuis
876 1858 1030 1914 tertia
1053 1856 1159 1927 die,
1185 1865 1237 1913 et
1265 1862 1513 1924 receptus
1542 1854 1593 1907 in
1623 1853 1761 1908 coelo
1778 1862 1882 1917 est,
1906 1862 1958 1906 et
1979 1848 2142 1933 483

541 1954 696 2012 sedet
724 1954 775 2007 in
806 1952 1025 2006 dextera
1070 1947 1277 2017 Patris,
1310 1954 1571 2001 venturus
1612 1943 1687 2017 (ὁ)
1717 1943 1960 2015 judicare
1995 1946 2143 1998 vivos

542 2058 595 2119 et
621 2059 898 2117 mortuos,
941 2052 996 2097 et
1023 2035 1254 2099 reddere
1300 2038 1587 2111 unicuique
1635 2036 1929 2094 secundum
1978 2051 2145 2109 Opera

540 2140 691 2212 ejus;
720 2138 873 2209 cujus
899 2150 1122 2208 regnum
1153 2133 1273 2188 sine
1313 2132 1616 2195 cessatione
1646 2138 1923 2201 permanet
1948 2130 1999 2183 in
2046 2130 2143 2207 im-

543 2248 726 2291 mensa
754 2230 974 2303 smcula.
1006 2228 1173 2285 Sedet
1200 2226 1345 2282 enim
1376 2226 1429 2281 in
1460 2225 1680 2281 dextera
1709 2222 1883 2279 Patris
1913 2238 2017 2278 non
2048 2238 2141 2277 so-

540 2329 651 2383 lum
675 2327 725 2382 in
753 2324 854 2397 boc
880 2323 1101 2391 smeulo,
1135 2322 1228 2377 sed
1261 2330 1317 2377 et
1352 2322 1402 2375 in
1432 2320 1633 2374 futuro.
1677 2318 1963 2374 Credimus
1988 2326 2043 2373 et
2087 2317 2140 2373 in

538 2420 797 2491 Spiritum
828 2426 1096 2480 sanctum,
1134 2415 1235 2468 hoc
1268 2422 1351 2470 est
1380 2455 1395 2479 ,
1427 2411 1760 2484 paracletum
1787 2451 1802 2478 ,
1832 2426 1989 2487 quem
2018 2425 2142 2481 pro-

542 2512 762 2567 mittens
794 2508 1066 2579 Apostolis
1089 2515 1211 2578 post
1232 2506 1461 2562 reditum
1496 2506 1548 2560 in
1577 2504 1745 2560 cmlos
1776 2504 1921 2559 misit
1943 2504 2142 2560 docere

538 2622 634 2662 eos
661 2620 724 2660 ac
764 2604 1048 2659 memorari
1079 2602 1281 2665 omnia,
1326 2614 1421 2671 per
1447 2615 1606 2670 quem
1654 2608 1708 2653 et
1737 2598 2143 2653 sanctilicantur

542 2702 755 2755 sincere
804 2697 856 2751 in
887 2710 1009 2751 eum
1040 2692 1375 2749 credentium
1413 2693 1626 2747 animae.
1673 2689 1745 2763 (ο)
1778 2690 1885 2744 Eos
1911 2697 2088 2745 autem
2122 2730 2139 2758 ,

539 2793 631 2865 qui
669 2791 855 2847 dicunt
883 2788 951 2845 de
1002 2801 1111 2844 non
1138 2784 1472 2843 exstantibus
1518 2798 1641 2841 esse
1685 2783 1854 2841 tilium
1881 2782 1977 2841 Dei
2002 2824 2019 2855 ,
2054 2781 2140 2839 vel

536 2903 602 2943 ex
633 2886 737 2940 alia
763 2882 1090 2950 substantia,
1120 2890 1174 2937 et
1208 2897 1315 2937 non
1341 2895 1407 2935 ex
1442 2880 1551 2934 Deo
1576 2920 1589 2943 ,
1625 2890 1678 2932 et
1723 2877 1864 2949 quod
1892 2887 2007 2932 erat
2043 2876 2142 2931 ali-

539 2979 757 3051 quando
788 2988 997 3048 tempus
1025 2984 1117 3029 aut
1141 2975 1395 3030 sarculum
1438 2970 1650 3042 quando
1689 2987 1793 3043 non
1824 2979 1981 3057 erat,
2010 2970 2141 3037 alie-

543 3086 643 3131 nos
675 3069 822 3126 novit
866 3076 1046 3137 saneta
1077 3074 1129 3121 et
1154 3064 1414 3141 catholica
1463 3061 1726 3135 Ecclesia.
1776 3061 2038 3127 Similiter
2086 3071 2139 3116 et

2244 1873 2540 1933 obstruitur
2572 1911 2588 1938 ,
2646 1886 2713 1926 ne
2744 1870 2870 1939 quid
2900 1884 3022 1927 esse
3066 1865 3401 1925 diversitatis
3432 1863 3740 1936 pradicetur
3778 1863 3822 1933 in

2244 1966 2401 2025 Filio.
2431 1964 2869 2039 Anathematiaat
2920 1976 3152 2034 namque
3179 1975 3273 2023 eos
3300 2001 3316 2029 ,
3347 1960 3437 2032 qui
3469 1970 3577 2033 tres
3601 1957 3725 2029 deos
3756 1956 3826 2023 di-

2244 2065 2399 2127 cant:
2433 2057 2555 2129 quia
2575 2057 2870 2129 secundum
3091 2062 3295 2111 natura:
3317 2052 3628 2129 veritatem,
3650 2066 3823 2127 μυμιο·

2243 2166 2361 2209 rum
2392 2149 2853 2225 uuueupationum
2879 2148 3178 2217 substantia
3209 2146 3309 2207 ista
3342 2161 3449 2219 non
3482 2145 3668 2215 recipit
3688 2186 3703 2208 ,
3735 2144 3823 2217 nisi

2245 2252 2301 2297 ut
2333 2243 2383 2296 in
2412 2240 2720 2309 hominibus
2750 2248 2909 2311 atque
2941 2238 3163 2311 Angelis
3186 2238 3344 2305 solet,
3378 2251 3501 2291 cum
3528 2250 3718 2291 nomen
3740 2236 3824 2305 tri-

2243 2332 2421 2403 buitur
2446 2347 2511 2389 ex
2543 2332 2752 2388 honore
2777 2332 3115 2399 meritorum,
3150 2341 3358 2386 natura:
3382 2336 3563 2405 tamen
3588 2329 3720 2401 inter
3743 2344 3825 2383 eos

2241 2434 2298 2485 et
2325 2425 2493 2481 Deum
2523 2423 2601 2497 (Ii)
2636 2424 2917 2495 dilferente
2948 2424 3277 2497 substantia;
3312 2431 3367 2478 ct
3392 2422 3596 2495 ideirco
3622 2420 3693 2485 dii
3722 2419 3825 2492 plu-

2243 2532 2333 2575 res
2360 2528 2507 2591 sunt.
2539 2518 2807 2572 Czeterum
2840 2516 2893 2572 in
2921 2525 3109 2577 natura
3138 2514 3235 2589 Dei
3260 2514 3403 2587 Deus
3445 2529 3585 2585 unus
3629 2523 3735 2587 est;
3762 2513 3823 2567 ita

2246 2622 2445 2683 tamen,
2473 2618 2531 2683 ut
2552 2621 2607 2681 et
2635 2609 2804 2681 Filius
2835 2610 2975 2664 Deus
3023 2608 3133 2679 sit,
3161 2608 3285 2681 quia
3315 2609 3366 2681 in
3412 2620 3481 2681 eo
3513 2614 3700 2661 natura
3732 2622 3823 2658 non

2242 2703 2497 2777 diaerens
2525 2704 2627 2758 sit:
2666 2711 2723 2757 et
2772 2716 2892 2757 cum
2924 2700 3068 2756 Deus
3118 2716 3187 2769 ex
3219 2700 3332 2755 Deo
3361 2698 3470 2768 sit,
3504 2714 3610 2775 non
3668 2706 3826 2785 potest

2243 2814 2349 2869 non
2383 2808 2609 2866 uterque
2638 2795 2783 2853 Deus
2813 2809 2954 2871 esse,
2995 2808 3224 2867 quorum
3256 2808 3352 2875 per
3392 2792 3611 2869 generis
3634 2791 3827 2846 imlill‘e-

2244 2891 2472 2959 tentiam
2504 2906 2613 2946 non
2663 2888 3001 2947 discernatur
3042 2886 3295 2942 essentia.
3344 2885 3614 2961 Numerus
3660 2895 3823 2957 autem

2242 2984 2476 3051 nominis
2502 2984 2555 3041 in
2601 2979 3003 3055 nuncupatione
3032 2981 3332 3052 respuitur;
3363 2980 3487 3050 quia
3530 2994 3635 3049 non
3676 2986 3756 3035 est
3782 2977 3824 3031 iu

2243 3088 2449 3143 natura:
2491 3077 2750 3150 qualitate
2799 3074 3102 3143 diversitas.
3157 3072 3290 3147 Cum
3343 3072 3506 3145 igitur
3555 3070 3824 3143 anathema

538 3180 656 3231 eos,
678 3164 767 3239 qui
796 3162 979 3215 dicunt
1001 3168 1109 3214 tres
1135 3174 1253 3225 esse
1282 3158 1448 3222 deos;
1474 3156 1558 3211 vel
1584 3155 1853 3219 Christum
1878 3173 1981 3210 non
2014 3170 2137 3210 esse
2165 3158 2210 3223 C
2241 3172 2310 3228 sit
2338 3170 2403 3245 (ὁ)
2443 3170 2577 3228 deos
2600 3170 2805 3235 dicens,
2840 3175 2895 3245 et
2920 3166 3205 3237 anathema
3232 3167 3302 3221 sit
3327 3165 3525 3237 Filium
3550 3164 3719 3221 Deum
3745 3163 3825 3217 de-

544 3256 710 3319 Deum
741 3261 796 3307 et
818 3260 943 3305 ante
964 3250 1193 3315 sarcula,
1227 3265 1401 3320 neque
1433 3248 1729 3314 Christum,
1765 3263 1939 3317 neque
1965 3247 2136 3303 ﬁlium

538 3364 663 3404 eum
695 3362 814 3405 esse
842 3344 968 3410 Dei;
997 3344 1081 3400 vel
1105 3361 1225 3399 eum
1251 3344 1426 3413 ipsum
1471 3358 1589 3403 esse
1618 3342 1832 3417 Patrem
1862 3353 1915 3398 et
1941 3343 2135 3397 Filium

538 3448 595 3494 et
623 3446 868 3494 sanctum
902 3437 1202 3509 Spiritum,
1259 3435 1344 3490 vel
1381 3432 1753 3490 innascibilcm
1797 3435 1998 3499 lilium;
2053 3434 2137 3489 vel

540 3531 683 3602 quod
716 3545 894 3600 neque
921 3528 1150 3584 consilio
1192 3542 1367 3597 neque
1395 3527 1671 3583 voluntate
1700 3525 1861 3587 Fater
1888 3525 2138 3596 genuerit

542 3623 777 3678 Filium:
834 3621 1249 3678 anatbematizat
1300 3629 1484 3676 sancta
1530 3629 1584 3675 et
1629 3619 1891 3695 catholica
1952 3620 2137 3677 Eccle-

542 3717 639 3771 sia.
664 3715 774 3787 .(d)

609 3810 699 3863 55.
726 3807 886 3863 Fides
907 3808 1017 3863 lucc
1040 3806 1166 3861 Filii
1190 3807 1437 3877 originem
1467 3815 1708 3861 teternam
1750 3808 1947 3867 statuit.
1978 3806 2133 3867 Eam-

536 3918 635 3972 que
676 3917 739 3956 ea:
782 3899 879 3955 Dei
918 3901 1223 3969 siibstautia.
1274 3928 1332 3940 —-
1384 3898 1648 3955 Brevibus
1696 3900 1968 3970 expositio
2010 3900 2134 3957 ﬁdei

543 3993 723 4071 hujus,
755 3995 849 4050 sed
872 3993 1285 4050 absolutissimis
1322 4008 1414 4049 usa
1444 4003 1525 4048 est
1546 3991 1968 4051 definitionibus.
1999 3993 2133 4049 Nam

536 4086 906 4159 condemnans
932 4102 1059 4155 eos,
1088 4087 1176 4158 qui
1205 4087 1271 4145 de
1293 4102 1398 4147 non
1428 4086 1765 4151 exstantibus
1795 4102 1916 4155 esse
1938 4087 2132 4157 Filium

540 4180 818 4250 dicerent,
852 4182 1115 4252 originem
1147 4184 1197 4236 ei
1245 4196 1350 4236 non
1389 4190 1623 4251 emptam
1647 4222 1664 4249 ,
1700 4180 1797 4237 sed
1826 4191 2133 4239 manentem

609 4336 688 4410 (a)
710 4338 764 4392 In
795 4335 1042 4410 vulgatis,
1077 4335 1312 4410 Massilia
1334 4351 1449 4410 cum
1477 4333 1771 4410 ΜιμείαζιιῇΔ
1800 4349 1930 4399 mss.

539 4404 629 4467 tur
658 4404 863 4462 t’antum
890 4404 1075 4477 Mysia
1106 4452 1119 4470 ,
1157 4409 1236 4462 vel
1263 4447 1277 4471 ,
1307 4419 1365 4461 ut
1406 4407 1459 4461 in
1493 4404 1623 4460 nt'ss.
1656 4404 1813 4462 Colb.
1861 4415 1916 4461 et
1943 4404 2129 4463 Germ.

540 4482 798 4552 pingitur,
836 4479 1054 4550 Moysia.
1086 4478 1388 4552 Prorineige
1430 4477 1651 4552 totidem
1703 4488 1758 4552 et
1802 4477 1993 4552 eodem
2036 4493 2130 4532 or-

2245 3280 2480 3341 negans;
2509 3263 2754 3337 absolute
2784 3259 3085 3316 ostenditur
3114 3260 3268 3315 nnins
3298 3259 3363 3312 ad
3410 3266 3699 3327 utrumque
3745 3271 3826 3309 no-

2242 3358 2403 3433 minis
2431 3357 2686 3431 unitatem
2720 3356 2785 3409 de
2804 3354 3131 3433 proprietate
3158 3351 3519 3406 iudill‘erentis
3564 3366 3686 3406 esse
3712 3350 3824 3404 sub-

2242 3451 2455 3507 stantiae
2481 3468 2494 3503 :
2520 3465 2641 3505 cum
2674 3449 2725 3503 in
2750 3446 3091 3504 confessione
3120 3444 3451 3501 innascibilis
3476 3444 3569 3500 Dei
3594 3446 3761 3515 patris
3784 3451 3829 3495 et

2242 3543 2503 3614 unigeniti
2528 3542 2625 3598 Dei
2654 3542 2773 3605 lilii,
2806 3551 2997 3597 neutro
3023 3556 3053 3595 a
3078 3555 3139 3597 se
3176 3538 3616 3599 dissimilitudine
3655 3552 3829 3597 esseti-

2186 3691 2191 3696 .
2240 3637 2331 3717 tice
2362 3634 2665 3705 dill‘erente,
2700 3633 2770 3710 (j)
2802 3644 3025 3704 uterque
3050 3647 3172 3688 cum
3202 3631 3344 3686 Deus
3368 3630 3459 3698 sit,
3486 3631 3631 3685 Deus
3666 3643 3828 3684 tamen

2243 3743 2382 3782 unus
2417 3736 2471 3782 et
2513 3725 2818 3783 credendus
2848 3727 2916 3781 sit
2938 3735 2991 3780 ct
3022 3722 3420 3797 prcedicandns.
3455 3723 3701 3797 Sollicita
3742 3722 3830 3797 ita-

2242 3834 2345 3890 que
2375 3817 2602 3877 multum
2632 3817 2983 3889 diligentique
3027 3816 3235 3873 cautela
3277 3816 3661 3886 episcoporum
3710 3814 3830 3870 lidcs

2245 3912 2415 3966 munit
2441 3918 2647 3965 naturae
2671 3911 2867 3981 genita:
2894 3918 2950 3965 et
2986 3909 3251 3980 gignentis
3294 3906 3711 3965 indiderentiam
3740 3921 3828 3961 uo-

2244 4003 2406 4059 minis
2430 4000 2502 4075 (k)
2538 4002 2735 4058 unione
2764 4002 3111 4075 confirmans.

2312 4096 2402 4153 37.
2442 4092 2492 4148 Ν
2499 4112 2561 4148 on
2592 4105 2759 4149 tamen
2788 4093 2913 4163 ﬁdes
2940 4093 3227 4151 solitarium
3253 4089 3439 4169 Deum,
3469 4090 3676 4163 Filium
3708 4100 3831 4147 recte

2241 4188 2388 4244 docet
2412 4187 2787 4244 innascibilem.
2823 4189 2925 4255 Qui
2947 4204 3011 4243 ea:
3033 4187 3293 4243 uoluntate
3329 4196 3596 4243 nascatur.
3629 4216 3702 4228 -—-
3733 4184 3827 4243 Ta-

2242 4338 2550 4410 liqneteum
2581 4354 2647 4395 ex
2678 4339 2920 4409 pluribus
2964 4338 3103 4394 locis
3132 4379 3147 4405 ,
3199 4348 3309 4410 tum
3336 4352 3400 4392 ex
3434 4353 3591 4392 num.
3626 4336 3716 4399 40,
3746 4336 3825 4389 ubi

2240 4409 2430 4465 eodem
2462 4428 2625 4467 sensu
2653 4412 2831 4482 legere
2861 4418 2980 4477 est,
3018 4410 3139 4464 Non
3162 4419 3233 4464 est
3255 4409 3319 4464 de
3343 4425 3448 4464 non
3470 4410 3783 4464 exstantibus
3810 4447 3823 4471 ,

2241 4491 2294 4535 ut
2311 4484 2359 4537 ei
2387 4494 2594 4539 exstans
2638 4484 2781 4554 origo
2800 4484 2884 4537 sit.

542 4546 667 4607 dine
700 4546 1054 4626 recensentur
1074 4549 1212 4622 apud
1236 4549 1511 4626 Vigilium.
1544 4548 1613 4626 At
1639 4546 1776 4626 infra
1806 4549 2133 4623 Fragtneuto

2309 4554 2384 4626 (f)
2417 4554 2559 4624 Lips.
2596 4563 2652 4610 et
2671 4546 2820 4626 Pan,
2849 4570 2949 4607 non
2974 4568 3092 4607 cum
3117 4567 3181 4605 ea:
3219 4551 3382 4611 nihilo
3421 4552 3689 4607 subsistit:
3718 4566 3825 4608 cas-

539 4640 654 4688 CXI,
688 4622 943 4677 nonnulla
972 4631 1053 4677 est
1078 4619 1128 4677 in
1173 4620 1361 4677 ordine
1387 4619 1766 4689 discrepantia.

611 4695 687 4766 (ὁ)
718 4694 1040 4765 Fragmenta
1073 4708 1160 4750 est
1188 4693 1271 4745 bic
1298 4692 1549 4760 adjicitur
1578 4692 1629 4745 in
1659 4692 1759 4766 ﬁne
1780 4691 2056 4757 mundi;et
2078 4694 2131 4747 in

538 4763 731 4839 graecis
761 4763 1037 4839 formulis,
1073 4780 1229 4839 quas
1248 4779 1423 4839 supra_
1440 4763 1815 4839 annotavimus
1842 4772 1979 4839 post!
2003 4779 2135 4831 eon-

532 4833 713 4893 Eilinm
746 4837 996 4892 Antioch.
1025 4838 1075 4892 in
1093 4833 1296 4893 Gallias
1321 4842 1376 4891 et
1402 4833 1608 4889 italiam
1641 4836 1865 4899 missas,
1898 4835 1983 4889 ἐπὶ
2009 4855 2134 4890 συν-

535 4914 701 4974 τελείᾳ
725 4902 817 4968 rei)
851 4913 1050 4974 ὰιῶνος.

608 4972 1368 5108 (cfEpistoladiseudosynodi
1414 4979 1623 5035 Sardic.
1663 4979 1987 5064 Fragmento
2008 4992 2126 5041 cxi,

608 5056 865 5108 :exltibet
892 5096 906 5108 .
983 5055 1206 5108 redimus
1232 5054 1285 5107 in
1335 5063 1565 5107 sanctam
1595 5050 1880 5105 Ecclesmm
1920 5050 2126 5102 catholi-

536 5050 625 5111 bic
647 5050 865 5111 exhibet
892 5096 906 5119 ,
940 5050 1285 5109 Credimus'iu
1335 5063 1565 5107 sanctam
1595 5050 1880 5105 Ecclesium
1920 5050 2135 5102 catholi-

534 5143 679 5191 cam,
704 5128 755 5180 in
782 5126 1128 5181 remissionem
1179 5133 1538 5196 peccatorum,
1572 5124 1625 5176 in
1665 5123 1841 5196 carnis
1870 5137 2132 5196 resurrec-

538 5199 758 5259 tionem,
800 5203 852 5251 in
896 5199 1051 5263 vitam
1097 5192 1338 5251 wtérnam
1369 5211 1386 5250 :
1414 5211 1533 5266 quze
1562 5195 1756 5261 verba,
1812 5192 2026 5266 omissis
2077 5194 2130 5246 in

536 5270 710 5323 carnis
732 5258 1171 5332 resurrectionem,
1202 5268 1324 5321 inde
1349 5258 1451 5321 bué
1474 5277 1720 5321 revocata
1742 5258 1878 5321 sunt
1892 5258 2130 5318 editione

541 5340 662 5395 Par.
695 5355 816 5394 cum
850 5355 1023 5406 neque
1053 5340 1104 5393 in
1135 5338 1255 5393 aliis
1283 5332 1413 5392 edit.
1441 5347 1677 5403 exstent,
1710 5350 1883 5407 neque
1911 5337 1962 5389 in
1994 5351 2125 5390 rnss.

538 5428 712 5487 neque
726 5412 795 5487 _i_n
830 5412 1025 5487 graecis
1051 5411 1315 5487 formulis,

612 5478 693 5553 (ά)
726 5478 1001 5538 Vetustior
1026 5482 1193 5536 codex
1224 5480 1377 5553 Coll).
1412 5489 1466 5553 ct
1501 5480 1685 5536 Germ.
1737 5479 1825 5534 bic
1869 5478 2128 5548 adjiciunt

544 5554 618 5607 ita
643 5551 863 5608 dicentes
881 5570 911 5622 :7
931 5553 1016 5606 ubi
1069 5553 1206 5622 apud
1240 5551 1368 5606 Bad.
1398 5552 1421 5618 ,'
1446 5552 1519 5605 ita
1549 5553 1723 5605 dicens
1747 5594 1760 5618 ,
1792 5553 1842 5622 in
1875 5553 1995 5604 aliis
2041 5564 2138 5619 au-

545 5635 650 5679 teni
683 5624 838 5692 cdit.,
869 5608 1124 5677 tutari-usi
1400 5608 1412 5618 '
1748 5608 1759 5618 ’
1818 5608 1831 5633 ‘

634 5693 833 5765 (cibis.
885 5694 1019 5749 Silv.
1055 5737 1068 5759 ,
1097 5711 1161 5751 ea:
1188 5694 1292 5749 alia
1336 5695 1505 5765 potius
1553 5711 1706 5760 quam
1751 5694 1813 5749 de
1858 5694 1995 5761 Dei,
2028 5702 2135 5750 etc.

562 5764 870 5822 Prosimum
894 5766 1116 5821 verbum
1158 5764 1370 5821 manens
1395 5765 1538 5833 idem
1564 5776 1690 5828 esse
1712 5766 1853 5838 quod
1894 5772 2097 5829 exstaus'
2120 5808 2137 5841 ,

2240 4624 2477 4696 ligantur
2501 4639 2566 4682 ex
2592 4626 2712 4680 aliis
2736 4624 2909 4679 libris.

2311 4696 2389 4770 (g)
2420 4698 2477 4753 In
2509 4697 2757 4768 vulgatis,
2790 4696 3053 4770 unigeniti.
3089 4693 3280 4750 Verius
3302 4695 3354 4748 in
3385 4708 3515 4770 mss.
3546 4696 3820 4770 mrigeuitn.

2239 4766 2501 4824 Sicvenim
2533 4766 2688 4822 antea
2720 4768 3043 4822 innascibilis
3085 4777 3132 4821 et
3158 4776 3351 4821 eterna
3406 4766 3472 4819 ad
3508 4770 3678 4833 patris
3707 4766 3825 4818 sub—

2238 4841 2498 4965 lstantiam
2540 4840 2849 4896 referuntur
2876 4882 2890 4906 ,
2923 4855 3028 4895 non
3078 4837 3144 4893 ad
3178 4838 3347 4909 ipsius
3394 4840 3562 4908 patris
3602 4835 3823 4892 sambu-

2260 4929 2367 4965 11111.

2260 4929 2367 4966 [1111.

2308 4984 2389 5056 (Ιι)
2429 4983 2570 5043 Editi
2597 5024 2614 5049 ,
2663 4980 2908 5051 diﬂ'erens
2947 4992 3022 5043 est
3066 4981 3385 5049 substantia:
3435 4982 3820 5053 corrigpotnre

2236 5068 2368 5110 mss.

2307 5126 2371 5194 (ἱ)
2411 5126 2527 5191 Er.,
2557 5127 2699 5188 Min.
2726 5125 2876 5196 Lips.
2908 5134 2964 5185 et
2991 5125 3113 5196 Par.
3141 5139 3431 5196 perperam
3456 5123 3549 5193 hic
3572 5123 3819 5196 adjiciunt

2236 5197 2402 5253 duos:
2430 5213 2551 5252 cum
2579 5214 2646 5252 ex
2670 5194 3025 5253 determinata
3050 5194 3403 5265 Orientalium)
3436 5195 3813 5266 propositione.

2234 5285 2336 5337 qua
2378 5270 2699 5341 damnantur
2731 5284 2834 5323 non
2870 5270 2959 5341 qpi
2992 5268 3119 5341 duo}
3142 5309 3155 5332 ,
3191 5268 3283 5337 sed
3313 5268 3406 5339 qui
3441 5265 3553 5324 tres
3592 5272 3712 5339 deos
3740 5265 3813 5318 di-

2234 5326 2391 5411 c'ant,‘
2413 5326 2673 5411 conﬁciat
2694 5326 2925 5411 llilar'ni's
2952 5326 3304 5409 indeﬁnitum.
3324 5326 3341 5353 Ἦ

2306 5406 2371 5486 (j)
2417 5409 2479 5493 In
2507 5406 2733 5493 vulgatis
2761 5453 2775 5476 ,
2803 5411 2989 5493 dicitur
3044 5421 3097 5464 ut
3144 5406 3388 5493 uterque:
3428 5407 3814 5483 interpolatoris

2243 5483 2405 5553 Opera
2435 5492 2488 5553 et
2515 5483 2716 5551 absque
2741 5483 3061 5553 auctoritate
3090 5497 3220 5553 mss.

2318 5550 2391 5627 (Ις)
2425 5552 2559 5627 Editi
2589 5542 2817 5627 eicepto
2846 5542 2999 5627 llam,
3031 5542 3288 5627 unionem.
3320 5553 3539 5627 Rectius
3564 5552 3653 5627 alii
3679 5548 3813 5627 libri.

2247 5614 2455 5706 unione,
2488 5620 2702 5706 boc__e_5t
2727 5614 2749 5688 ',
2782 5615 2933 5706 ~|ides
2962 5614 3134 5679 munit
3163 5620 3215 5679 in
3251 5614 3447 5706 gcpit'q‘
3472 5633 3531 5706 et
3564 5614 3814 5706 “similam;

2250 5705 2457 5781 natura:
2494 5692 2959 5781 .i‘ndiﬁerctuiam,
3000 5712 3158 5781 quam
3204 5688 3489 5761 conﬁrmat
3536 5688 3730 5769 υῇἶὸὶιε
3756 5688 3813 5747 π

2249 5736 2959 5843 saturauimus?
3539 5736 3609 5781 Ἥ
