3936 6196
540 244 644 302 511

1693 245 1705 262 ⁸
1765 239 2009 298 SANCTI
2051 237 2306 295 IIILARII
2351 238 2657 299 EPISCOPI

3721 245 3816 302 El!

536 383 648 426 non
688 367 903 423 Patrem
939 366 1004 421 ad
1051 365 1241 420 Filium
1265 364 1492 430 dixisse,
1524 363 1618 420 sed
1649 363 1823 432 ipsum
1851 358 1919 415 ad
1944 367 2141 415 semet-
2165 368 2218 428 Α
2316 358 2506 414 XXIII.
2555 379 2572 413 ι
2612 361 2668 417 Si
2697 362 2839 432 quis,
2871 362 3014 433 quod
3045 362 3246 419 dictum
3277 372 3399 420 est:
3432 362 3541 435 Ego
3565 359 3693 420 Deus
3722 367 3818 437 pri-

539 461 719 534 ipsum
743 460 888 516 dicat
913 460 1081 513 Deum
1116 457 1352 511 locutum
1390 473 1402 509 :
1427 455 1713 510 anathema
1739 453 1834 509 sit.

614 554 758 610 XIV.
805 571 824 606 ‹
873 551 929 608 Si
985 550 1106 620 quis
1155 550 1321 604 lilium
1354 564 1459 604 non
1502 547 1647 604 dicat
1694 547 1931 603 Abrahae
1974 545 2149 602 visum

540 647 692 719 (Gen.
721 644 896 718 xvttt),
935 643 1030 700 sed
1080 644 1247 700 Deum
1289 643 1687 710 innascibilem,
1723 643 1805 699 vel
1830 640 1907 715 (ιι)
1941 652 2148 713 partem

537 739 655 812 ejus
681 758 694 795 :
727 736 1017 794 anathema
1045 737 1133 792 sit.

613 830 730 888 XV.
784 848 802 883 ‹
838 828 894 886 Si
925 830 1044 901 quis
1075 844 1196 885 cum
1229 829 1398 886 Jacob
1425 845 1532 885 non
1558 827 1756 884 Filium
1786 826 1940 899 quasi
1967 827 2147 882 homi-

537 939 664 981 nem
687 921 1036 979 colluctatam
1061 920 1217 995 (Gen.
1246 939 1392 978 xxxtt
1409 964 1424 991 ,
1445 922 1570 994 24),
1599 921 1693 977 sed
1719 921 1889 976 Deum
1917 920 2152 976 innasci-

544 1014 732 1080 bilem,
759 1014 845 1070 vel
877 1025 1082 1084 partem
1112 1014 1232 1084 ejus
1262 1014 1407 1070 dicat
1433 1032 1445 1068 :
1479 1013 1772 1070 anathema
1803 1015 1893 1068 sit.

611 1107 756 1164 XVI.
805 1126 822 1160 ι
855 1107 913 1164 Si
935 1107 1078 1180 quis,
1111 1108 1182 1180 (ὁ)
1221 1107 1363 1162 Pluit
1394 1108 1646 1162 Dominus
1669 1125 1700 1162 a
1729 1106 1948 1162 Domino
1988 1104 2142 1179 (Gen.

544 1216 637 1257 stx
657 1243 670 1267 ,
697 1200 816 1271 24),
852 1215 957 1256 non
998 1201 1066 1256 de
1097 1200 1236 1256 Filio
1258 1208 1314 1256 et
1339 1199 1498 1255 Patre
1531 1199 1814 1270 intelligat,
1845 1198 1940 1255 sed
1973 1199 2145 1270 ipsum

539 1309 572 1350 a
603 1309 661 1350 se
687 1293 830 1350 dicat
872 1293 1074 1365 pluisse
1102 1313 1118 1348 :
1167 1295 1453 1348 anathema
1484 1294 1574 1349 sit.
1617 1292 1759 1348 Pluit
1787 1294 1930 1348 enim
1962 1293 2145 1348 Domi-

537 1403 642 1445 nus
671 1388 838 1443 Filius
866 1403 894 1442 a
923 1388 1148 1442 Domino
1178 1387 1357 1443 Patre.

611 1478 774 1534 XVII.
821 1479 890 1551 (c)
931 1499 950 1533 ‹
989 1480 1044 1537 Si
1076 1479 1196 1551 quis
1219 1481 1504 1536 Dominum
1548 1489 1603 1537 et
1652 1481 1941 1538 Dominum
1980 1481 2144 1555 487

538 1570 756 1628 Patrem
811 1581 865 1626 et
918 1571 1110 1627 Filium
1167 1570 1316 1644 (quia
1351 1572 1600 1628 Dominus
1627 1591 1659 1627 a
1690 1573 1914 1629 Domino
1941 1573 2148 1646 [supple

537 1661 761 1736 pluitj),
806 1662 944 1720 duos
992 1663 1136 1721 dicat
1175 1665 1307 1722 deos
1341 1684 1352 1720 :
1387 1667 1672 1723 anathema
1718 1669 1806 1723 sit.
1856 1668 1972 1724 Non
2001 1671 2142 1725 enim

2252 468 2388 520 mus,
2432 461 2481 508 et
2515 469 2607 524 ego
2651 452 2788 509 Deus
2836 456 3164 520 novissimus,
3211 466 3259 510 et
3288 465 3472 526 printer
3518 474 3596 511 me
3638 470 3818 515 nonest

2255 543 2392 599 Deus
2436 545 2606 617 (Esai.
2652 563 2800 614 κων,
2857 546 2938 615 6),
2995 549 3060 604 ad
3109 549 3530 606 destructionem
3577 549 3817 610 idolorum

2251 635 2453 692 dictum
2484 648 2538 692 et
2571 652 2758 694 eorum
2803 639 2891 710 qui
2930 654 3034 694 non
3085 649 3210 695 sunt
3261 639 3368 707 dii,
3420 641 3475 696 in
3525 641 3823 700 destructio-

2252 743 2372 785 nem
2407 728 2485 801 (g)
2517 729 2779 801 unigeniti
2805 741 2928 787 ante
2953 731 3148 787 sarcula
3179 732 3275 790 Dei
3298 732 3514 804 judaice
3542 733 3818 808 intelligat:

2251 825 2537 880 anathema
2577 827 2667 880 sit.

2322 918 2512 975 XXIV.
2540 939 2559 972 ι
2589 920 2643 976 Si
2676 921 2795 991 quis
2810 919 3086 977 voluntate
3120 921 3234 988 Dei,
3268 930 3540 992 tamquam
3560 937 3714 978 unum
3735 923 3825 979 ali-

2249 1011 2376 1084 quid
2415 1014 2484 1070 de
2528 1025 2803 1084 creatura,
2840 1014 3037 1071 factum
3078 1015 3223 1072 dicat
3275 1015 3518 1070 Filium:
3562 1015 3827 1075 anathema

2248 1107 2338 1162 sit.

2321 1200 2486 1258 XXV.
2521 1221 2540 1256 ‹
2562 1202 2615 1258 Si
2645 1205 2764 1275 quis
2795 1203 3010 1259 nolente
3035 1203 3194 1259 Patre
3225 1211 3404 1258 natum
3436 1203 3581 1260 dicat
3601 1203 3784 1260 Filium
3812 1222 3828 1263 :

2247 1296 2537 1352 anathema
2581 1295 2670 1352 sit.
2706 1296 2820 1352 Non
2851 1297 2996 1352 enim
3052 1296 3129 1370 (It)
3176 1297 3396 1353 nolente
3444 1297 3600 1352 Patre
3626 1307 3830 1356 coactus

2247 1391 2427 1458 Pater,
2461 1394 2547 1447 vel
2598 1391 2825 1446 naturali
2876 1393 3202 1447 necessitate
3250 1390 3475 1458 ductus,
3521 1405 3643 1446 eum
3680 1391 3833 1448 nollet

2247 1483 2432 1553 genuit
2459 1483 2653 1539 Filium
2682 1501 2694 1536 :
2726 1483 2821 1539 sed
2875 1481 2934 1556 (ἱ)
2982 1499 3109 1538 mox
3141 1482 3330 1548 voluit,
3363 1483 3481 1538 sine
3510 1491 3754 1554 tempore
3785 1491 3836 1540 et

2248 1575 2657 1647 impassibiliter
2685 1591 2752 1632 ex
2789 1590 2850 1632 se
2876 1591 2998 1631 eum
3023 1576 3263 1646 genitum
3295 1574 3703 1630 demonstravit.

2321 1668 2512 1726 XXVI.
2561 1688 2580 1722 ι
2615 1668 2672 1725 Si
2696 1671 2815 1740 quis
2846 1667 3216 1726 innascibilem
3245 1666 3382 1741 et(j)
3406 1667 3690 1724 sineiuitio
3704 1667 3834 1723 dicat

538 1773 884 1829 cxmquamus
911 1759 996 1815 vel
1026 1759 1103 1832 (ά)
1149 1775 1525 1832 comparamus
1574 1761 1772 1818 Filium
1818 1762 1962 1818 Patri
1991 1805 2005 1830 ,
2034 1764 2129 1820 sed
2161 1762 2208 1823 B
2241 1760 2454 1828 Filium,
2481 1759 2871 1832 tamquantduo
2897 1762 3012 1817 sine
3036 1759 3300 1832 principio
3317 1768 3373 1815 et
3391 1760 3834 1817 duoinnascibilia

537 1855 839 1926 subjectum
905 1855 1281 1926 intelligimus.
1334 1857 1519 1928 Neque
1567 1857 1711 1913 enim
1761 1857 2042 1914 descendit
2089 1859 2142 1914 in

547 1946 839 2003 Sodomam
869 1947 986 2002 sine
1020 1947 1198 2003 Patris
1227 1949 1536 2018 voluntate;
1582 1966 1757 2021 neque
1793 1951 1932 2023 pluit
1959 1965 2024 2007 ex
2053 1965 2140 2019 se,

541 2041 637 2099 sed
659 2057 689 2097 a
716 2039 938 2096 Domino
957 2083 972 2108 ,
1016 2043 1334 2098 auctoritate
1375 2044 1582 2100 scilicet
1613 2043 1817 2110 Patris;
1865 2059 1967 2100 nec
1992 2044 2146 2101 sedet

542 2134 598 2191 in
630 2134 855 2189 dextera
881 2149 910 2189 a
932 2137 1248 2206 semetipso,
1288 2136 1381 2192 sed
1407 2137 1557 2192 audit
1584 2137 1858 2194 dicentem
1902 2135 2139 2204 Patrem,

543 2225 680 2282 Sede
699 2227 766 2282 ad
792 2227 1049 2282 dexteram
1081 2229 1322 2302 meam(e)
1365 2229 1538 2304 (Psal.
1564 2245 1676 2296 cut,
1712 2230 1787 2301 1).

619 2319 810 2378 XVIII.
860 2339 878 2373 r
916 2322 974 2378 Si
1025 2322 1145 2394 quis
1196 2323 1410 2380 Patrem
1459 2324 1735 2382 etFilinm
1785 2335 1841 2384 et
1883 2325 2142 2398 Spiritum

542 2426 790 2474 sanctum
818 2431 976 2472 unam
1004 2431 1289 2488 personam
1312 2418 1456 2474 dicat
1485 2436 1498 2474 :
1532 2422 1819 2478 anathema
1850 2424 1942 2479 sit.

613 2519 758 2577 XIX.
806 2546 825 2580 ι
863 2525 920 2582 Si
988 2529 1108 2600 quis
1165 2528 1427 2599 Spiritum
1483 2541 1730 2587 sanetum
1799 2532 2138 2604 paracletum

538 2619 726 2678 dicens
754 2664 768 2688 ,
803 2623 1177 2681 innascibilem
1206 2626 1374 2682 Deum
1403 2626 1549 2683 dicat
1575 2645 1588 2681 :
1615 2627 1903 2682 anathema
1952 2627 2043 2682 sit.

617 2713 739 2771 XX.
787 2733 805 2770 ι
843 2714 899 2770 Si
927 2717 1070 2786 quis,
1127 2719 1287 2774 sicuti
1341 2717 1525 2774 docuit
1565 2733 1664 2774 nos
1693 2719 1976 2784 Dominus,
2034 2733 2142 2774 non

541 2808 705 2865 alium
728 2809 874 2866 dicat
905 2811 1241 2870 Paracletum
1267 2829 1295 2867 a
1329 2814 1506 2880 Filio;
1541 2814 1675 2870 dixit
1704 2815 1848 2871 enim
1883 2833 1896 2871 :
1922 2815 1988 2869 Et
2013 2816 2142 2871 alte-

544 2917 660 2956 rum
687 2903 999 2976 paracletunt
1046 2905 1208 2960 mittet
1250 2906 1391 2960 vobis
1416 2905 1597 2973 Pater,
1643 2922 1793 2977 quem
1839 2907 2030 2980 rogabo
2069 2906 2141 2979 (ί)

541 3013 634 3069 ego
665 2996 847 3068 (Joan.
881 3016 990 3066 xtv,
1022 2999 1113 3071 l6)
1145 3018 1158 3055 :
1189 3002 1473 3058 anathema
1515 3003 1606 3057 sit.

615 3090 758 3148 XXI.
791 3111 810 3145 ε
845 3092 900 3149 Si
933 3093 1053 3162 quis
1083 3093 1340 3163 Spiritum
1370 3105 1614 3151 sanctum
1634 3104 1842 3168 partem
1864 3095 2011 3153 dicat
2041 3096 2144 3152 Pa-

546 3183 647 3239 tris
671 3186 755 3240 vel
785 3185 908 3241 Filii
943 3204 955 3239 :
986 3188 1271 3243 anathema
1296 3189 1386 3244 sit.

611 3275 779 3332 XXII.
807 3297 826 3330 ι
849 3276 906 3335 Si
932 3279 1054 3349 quis
1079 3280 1292 3336 Patrem
1324 3290 1380 3338 et
1402 3282 1595 3339 Filium
1621 3293 1677 3341 et
1697 3283 1958 3357 Spiritum
1984 3300 2141 3342 sanc-

543 3380 653 3427 tum
688 3380 796 3430 tres
824 3374 968 3431 dicat
989 3373 1123 3432 deos
1154 3394 1167 3430 :
1195 3377 1482 3435 anathema
1511 3379 1602 3435 sit.

624 3544 700 3612 (al
730 3543 870 3600 Editi
899 3543 985 3600 hic
1015 3554 1068 3599 et
1106 3545 1336 3600 articulo
1383 3545 1732 3615 subsequenti
1787 3561 1998 3604 necnon
2025 3547 2086 3602 2t
2125 3587 2139 3614 ,

541 3625 742 3694 patrem
759 3633 778 3670 :
810 3616 1328 3694 renitentibusmss.
1368 3627 1424 3672 et
1451 3633 1625 3686 grteca
1657 3632 1790 3694 voce
1817 3620 1995 3694 μέρος.

616 3686 690 3826 ﬂ
727 3687 780 3740 In
807 3689 1042 3753 antiquis
1069 3687 1220 3742 libris
1250 3697 1578 3748 constanter.
1615 3691 1797 3757 pluvit,
1817 3686 2066 3758 pluvisse.

639 3775 666 3811 c
715 3757 848 3812 Bad.
884 3758 1080 3824 Siquis
1119 3759 1397 3814 Dominum
1431 3770 1478 3813 et
1520 3759 1684 3814 Deum
1712 3779 1814 3816 non
1861 3762 2066 3818 Patrem

639 3757 687 3820 cl
715 3757 848 3812 Bad.
884 3758 944 3814 Si
965 3761 1080 3824 quis
1119 3759 1397 3814 Dominum
1431 3770 1478 3813 et
1520 3759 1684 3814 Deum
1712 3757 1831 3816 non
1861 3762 2068 3818 Patrem
2095 3773 2142 3817 et

543 3827 743 3882 Filium
773 3830 1062 3897 intelligat;
1089 3832 1210 3900 quia
1238 3829 1510 3884 Dominum
1539 3841 1587 3884 et
1637 3833 1799 3886 Deum
1844 3835 1974 3888 duos
2004 3835 2144 3889 dicat

541 3901 700 3954 deos:
725 3901 901 3954 anath.
946 3901 1038 3956 Er.
1069 3911 1122 3955 et
1151 3901 1276 3955 Mir:
1304 3901 1364 3956 Si
1391 3903 1504 3968 quis
1555 3901 1835 3958 Dominum
1888 3916 1934 3958 et
1979 3906 2141 3961 Deum

542 3988 644 4026 non
675 3969 882 4026 Patrem
911 3982 958 4026 et
1001 3971 1195 4026 Filium
1236 3975 1384 4040 quasi
1418 3973 1693 4028 Dominum
1723 3992 1754 4029 a
1801 3973 2022 4032 Domino
2062 3979 2144 4030 in-

543 4043 760 4116 telligat,
789 4053 895 4099 etc.
924 4086 939 4116 ,
970 4055 1025 4098 ut
1057 4044 1186 4099 Bad.
1233 4047 1311 4116 At
1341 4061 1471 4101 vero
1504 4045 1648 4116 Lys.
1675 4056 1731 4102 et
1774 4047 1914 4102 Par:
1943 4049 2005 4104 Si
2029 4049 2144 4116 quis

547 4114 819 4170 Dominum
841 4124 889 4169 et
916 4115 1186 4170 Dominum
1220 4115 1426 4172 Patrem
1456 4129 1502 4170 et
1533 4115 1580 4168 F
1585 4118 1754 4185 ilium,
1782 4120 1929 4184 quasi
1960 4114 2142 4173 Domi-

541 4203 665 4240 num
691 4203 722 4239 a
754 4185 976 4242 Domino
1002 4187 1298 4256 intelligat:
1327 4189 1446 4258 quia
1475 4187 1754 4243 Dominum
1775 4200 1822 4244 et
1865 4189 2143 4244 Dominum

538 4258 667 4312 duos
696 4260 832 4328 dicat
857 4258 1014 4315 deos:
1037 4262 1216 4312 anatlt.
1255 4260 1309 4314 In
1340 4271 1554 4315 vetusto
1583 4260 1772 4316 codice
1796 4260 2138 4328 Colbertino,

542 4328 606 4382 Si
632 4330 749 4390 quis
777 4327 938 4399 Deum
966 4340 1012 4384 et
1043 4329 1317 4385 Dominum
1351 4330 1555 4386 Patrem
1588 4341 1636 4387 et
1660 4329 1878 4395 Filium,
1904 4349 2004 4399 qua
2029 4327 2138 4387 Do-

541 4400 737 4453 minnm
758 4416 788 4452 a
813 4398 1054 4463 Domino.
1085 4402 1211 4454 duos
1243 4402 1376 4455 dicat
1406 4403 1527 4457 deos
1552 4420 1570 4458 :
1599 4407 1818 4471 anath.;
1843 4398 2005 4459 lectio
2033 4419 2140 4458 non

543 4471 868 4542 spernenda,
901 4471 986 4526 cui
1013 4471 1154 4527 lavet
1183 4472 1488 4533 Facundus.
1517 4475 1683 4538 lib.x,
1712 4491 1833 4540 cap.
1853 4477 1909 4542 6,
1935 4474 2029 4530 ubi
2053 4475 2144 4531 Hi~

543 4541 660 4597 Iarii
712 4541 826 4596 haec
877 4544 1053 4598 versio
1107 4543 1366 4599 mendose
1399 4545 1702 4601 exhibetur.
1760 4550 1828 4601 At
1877 4548 2143 4602 sincerior

543 4623 647 4677 est,
680 4629 838 4682 quam
867 4629 930 4668 ex
955 4615 1166 4686 cteteris
1194 4631 1322 4669 mss.
1355 4617 1709 4683 exprimimus
1729 4660 1744 4685 ,
1777 4633 1956 4686 grteco
1975 4617 2143 4673 Atha-

545 4686 682 4741 nasii
708 4693 852 4740 textu
880 4685 1238 4754 sntfragante:
1283 4702 1406 4740 nam
1440 4687 1579 4752 apud
1623 4683 1901 4743 Socratem
1931 4690 2141 4745 mendis
2173 4683 2220 4742 1)

544 4755 706 4829 etiam
741 4765 930 4829 scatet.
985 4758 1153 4812 Porro
1185 4757 1271 4811 hic
1317 4759 1607 4813 damnatur
1633 4801 1645 4820 ,
1678 4760 1766 4829 qui
1801 4775 1922 4814 cum
1956 4761 2140 4816 audiat

544 4825 798 4882 Dominus
827 4846 859 4882 a
892 4827 1110 4883 Domino
1142 4830 1272 4898 pluit
1297 4870 1310 4890 ,
1345 4829 1558 4884 Patrem
1592 4825 1881 4886 Dominum
1929 4840 1985 4886 et
2036 4832 2138 4887 Do-

547 4899 752 4953 minnm
784 4898 975 4955 Filium
1001 4902 1072 4955 ita
1106 4901 1370 4970 intelligat
1401 4944 1415 4965 ,
1459 4912 1513 4956 ut
1541 4903 1817 4957 vocabulis
1849 4902 2062 4957 Domini
2089 4912 2144 4958 et

548 4970 761 5042 Domini
790 4970 924 5026 duos
951 4972 1095 5028 dicat
1121 4973 1272 5030 deos.
1326 4972 1417 5028 Sic
1462 4975 1606 5027 enim
1640 4989 1815 5042 graécc
1866 4974 2094 5029 habetur
2125 4995 2138 5031 :

548 5040 702 5123 Εξτις
725 5046 924 5123 ἀκρύων
947 5048 1122 5123 nuptm
1145 5048 1238 5123 rint
1263 5047 1471 5123 Πατέρα,
1487 5049 1572 5123 uoti
1593 5047 1676 5123 τὸτί
1702 5049 1817 5102 Υἶὸν
1847 5047 2042 5120 κύριον,
2062 5050 2148 5123 uoti

547 5118 724 5196 Ξιξριργ
751 5116 1056 5196 τὸνΔΠοετέῥᾳ
1080 5122 1163 5196 θεοξί
1188 5119 1274 5172 τὸν
1303 5116 1414 5174 ratio
1454 5118 1590 5190 (ἐπεὶ
1615 5116 1788 5194 κύριος
1837 5121 1891 5174 ἐκ
1915 5116 2144 5196 Serapion),

548 5186 641 5244 86b
668 5188 803 5263 λέγοι
822 5186 999 5250 θεοὺς·’
1023 5191 1272 5260 ἀνάθεμα.

628 5281 707 5356 (ά)
737 5280 811 5356 Ita
855 5297 989 5338 mss.
1011 5285 1091 5356 iAjt
1119 5283 1246 5338 editi
1274 5299 1598 5353 exarquamus
1626 5283 1704 5338 vel
1747 5287 2150 5356 conformamus.

557 5355 651 5411 llis
677 5354 890 5429 duobus
912 5355 1089 5429 verbis
1121 5356 1725 5429 u_nicutn_awra'ca-a-ouev
1749 5357 1802 5411 in
1834 5354 2013 5427 grmco
2067 5372 2152 5411 re-

555 5425 805 5494 spondet.
858 5426 1118 5496 Superius
1142 5426 1250 5497 jam
1299 5425 1644 5484 observatum
1676 5469 1692 5490 ,
1748 5425 1906 5484 uuam
1953 5442 2150 5483 .vocem

556 5500 848 5574 πρόγνωσιν
869 5499 1057 5574 eadem
1105 5499 1313 5574 ratione
1355 5499 1578 5574 duabus
1612 5497 1783 5556 fuisse
1834 5499 2098 5555 redditam
2133 5541 2148 5564 ,

557 5570 934 5644 quasianceps
959 5570 1190 5626 Hilarius
1211 5586 1331 5641 qua:
1358 5571 1532 5643 aptior
1557 5571 1718 5639 foret,
1752 5579 2037 5644 utramque
2064 5586 2152 5628 sc-

563 5638 830 5710 Iigendam
862 5638 1212 5716 proponeret.

566 5764 584 5810 :_,
641 5730 890 5810 (e)_fipud
913 5734 1261 5810 Athanasium
1288 5747 1343 5792 et
1365 5737 1576 5810 soerpt.
1611 5739 1699 5807 hic
1725 5741 2009 5808 subjicitur
2030 5742 2154 5810 ἀνά-

561 5800 690 5876 θεμα
720 5801 884 5860 ἔτι-τῶς
934 5816 988 5862 ct
1033 5807 1084 5860 in
1136 5809 1382 5866 versione
1423 5800 1586 5865 latitia
1615 5800 1989 5882 concilidrmn,
2023 5807 2147 5867 atta-

2249 1865 2303 1908 et
2332 1853 2440 1909 duo
2476 1854 2656 1908 innata
2697 1853 2884 1910 dicens
2915 1871 2927 1906 :
2976 1852 3112 1908 duos
3151 1853 3308 1908 laciat
3355 1851 3489 1908 deos
3525 1851 3835 1908 :anathema

2247 1948 2337 2002 sit.
2366 1946 2538 2018 Caput
2561 1947 2887 2018 enim,qnod
2923 1956 3002 2002 est
3022 1946 3345 2018 principium
3367 1947 3634 2014 omnium,
3663 1945 3833 2014 Filius;

2246 2053 2407 2111 caput
2449 2051 2662 2118 autem,
2705 2043 2849 2115 quod
2886 2052 2968 2100 est
3008 2042 3330 2114 principium
3395 2041 3621 2110 Christi,
3667 2043 3832 2100 Deus:

2247 2134 2413 2210 488
2441 2135 2509 2192 ita
2540 2138 2684 2192 enim
2714 2137 2779 2193 ad
2813 2153 2975 2194 unum
3020 2138 3110 2210 qui
3156 2149 3238 2193 est
3272 2138 3391 2193 sine
3430 2137 3697 2208 principio
3733 2153 3835 2194 om-

2248 2229 2396 2284 nium
2427 2230 2770 2302 principium,
2809 2246 2903 2302 per
2931 2231 3124 2286 Filium
3150 2231 3398 2286 universa
3426 2228 3733 2285 referimus.

2319 2325 2535 2383 XXVII.
2577 2346 2595 2380 ι
2631 2328 2694 2383 Ει
2726 2329 3317 2387 iterumconﬁrmantes
3332 2326 3733 2385 Cbristianismi
3762 2327 3832 2383 in-

2247 2428 2540 2492 tellectum,
2574 2427 2826 2493 dicimus,
2854 2427 3106 2498 quoniam
3146 2427 3190 2481 si
3229 2425 3350 2497 quis
3375 2423 3652 2481 Christum
3682 2425 3834 2479 Deum

2247 2524 2420 2580 tilium
2447 2524 2542 2580 Dei
2568 2531 2695 2579 ante
2725 2525 2926 2580 saecula
2955 2523 3342 2580 subsistentem
3370 2531 3426 2578 et
3454 2520 3832 2576 ministrantem

2247 2625 2390 2683 Patri
2417 2624 2485 2681 ad
2505 2625 2744 2680 omnium
2775 2622 3162 2696 perfectionem
3189 2634 3294 2674 non
3317 2617 3496 2678 dicat;
3521 2617 3621 2674 sed
3652 2632 3717 2672 es
3742 2630 3836 2687 quo

2246 2725 2314 2783 de
2340 2726 2502 2782 Maria
2521 2735 2679 2782 natus
2705 2732 2812 2789 est,
2843 2740 2907 2780 ex
2939 2737 3005 2778 eo
3029 2730 3084 2778 et
3108 2719 3380 2777 Chrismm
3406 2717 3650 2774 etlilium
3674 2716 3834 2772 nomi-

2247 2829 2432 2877 natum
2461 2836 2618 2884 esse,
2648 2829 2701 2876 et
2732 2819 2942 2876 initium
2973 2815 3250 2888 accepisse
3280 2823 3338 2870 ut
3366 2813 3440 2870 sit
3470 2812 3641 2878 Deus,
3670 2811 3832 2868 dicat:

2245 2913 2530 2970 anathema
2559 2914 2629 2970 sit
2655 2914 2752 2985 (lt).
2791 2931 2811 2966 ι

2317 3006 2406 3063 59.
2439 3006 2652 3063 Photini
2674 3009 2818 3078 fraus
2845 3004 3116 3078 multiplex
3139 3001 3451 3057 retunditur.
3485 2999 3665 3055 Filius
3688 3017 3715 3052 α
3741 2996 3832 3051 Pa-

2246 3110 2324 3158 tre
2347 3119 2438 3158 nec
2461 3101 2744 3158 substantia
2763 3098 2937 3168 (li/fert
2962 3115 3055 3153 nec
3083 3107 3328 3167 tempore.
3358 3125 3430 3135 —
3455 3091 3761 3150 Necessitas
3786 3099 3830 3146 et

2167 3191 2213 3256 C
2244 3205 2456 3267 tempus
2481 3193 2762 3260 admonuit
2787 3207 2904 3258 eos,
2921 3191 3007 3261 qui
3036 3198 3148 3244 tum
3167 3194 3560 3248 convenerant,
3595 3181 3691 3256 per
3713 3183 3833 3240 mulv

2231 3289 2460 3358 _tiplices
2489 3287 2816 3359 quaestiones
2842 3285 3004 3341 latius
3050 3298 3115 3338 ac
3160 3281 3406 3338 dill‘usius
3451 3280 3833 3350 expositionem

2249 3381 2373 3439 ﬁdei
2393 3380 2680 3446 ordinare;
2701 3379 2825 3451 quia
2852 3377 3037 3434 multis
3060 3385 3115 3433 et
3140 3375 3368 3433 occultis
3389 3373 3664 3430 cuniculis
3688 3373 3736 3429 in
3760 3386 3837 3428 ca-

2252 3547 2421 3602 thema
2449 3546 2516 3600 sit
2542 3562 2561 3599 :
2582 3543 2723 3613 quod
2757 3541 2979 3598 omnino
3000 3538 3302 3613 superﬂuit.
3329 3536 3428 3613 llic
3449 3536 3601 3613 enim
3631 3552 3731 3613 non
3758 3551 3838 3613 no—
3881 3586 3884 3590 .

2247 3634 2347 3674 vus
2391 3607 2872 3673 anathematismus
2910 3622 2988 3670 est
3015 3655 3029 3677 ,
3060 3607 3156 3669 sed
3202 3609 3451 3682 proxime
3493 3608 3649 3665 allati
3678 3607 3834 3680 expli-

2248 3691 2412 3747 catio.

2323 3760 2393 3831 (f)
2423 3760 2514 3816 Sic
2555 3774 2685 3814 mss.
2715 3759 2781 3813 At
2805 3757 2962 3821 editi,
2991 3773 3142 3831 quem
3167 3753 3520 3831 rogaboeum.

2320 3825 2398 3901 to)
2449 3833 2505 3888 In
2547 3831 2764 3886 excusis
2814 3838 2868 3884 et
2922 3827 3177 3901 scriptis,
3211 3826 3401 3901 unici:
3432 3825 3551 3901 ubi_
3588 3840 3652 3880 ex
3680 3836 3840 3901 graeco

2250 3895 2766 3976 verbonoaoqavoﬁe,
2795 3911 2851 3976 et
2881 3915 2961 3976 ex
2995 3895 3179 3976 Ililarii
3210 3895 3664 3976 interpretatione
3689 3895 3841 3965 liquet

2250 3967 2536 4045 legendum
2564 3967 2685 4029 esse
2713 3972 2982 4041 nnigeniti.
3013 3970 3209 4025 Postea
3241 3984 3305 4045 ex
3327 3967 3502 4022 tribus
3534 3984 3670 4045 mss.
3699 3981 3841 4045 repo-

2249 4038 2429 4102 nimus
2474 4045 2698 4099 Judaiee
2723 4038 2997 4119 intelligat,
3040 4041 3413 4119 consentiente
3439 4054 3623 4119 (ξιξερο
3649 4038 3841 4119 ἰουδαιτ

2247 4128 2346 4181 κῶς
2395 4119 2698 4188 ἐκλαμϐάνοι
2731 4135 2744 4170 :
2777 4117 2864 4188 ubi
2890 4109 2950 4169 in
2991 4127 3126 4188 mss.
3174 4109 3327 4167 Colb.
3385 4121 3451 4188 et_
3471 4109 3839 4188 G_erm.,‘_ouasi

2246 4180 2470 4244 Judaice
2497 4180 2808 4255 intelligens,
2834 4187 2886 4242 in
2915 4187 3145 4255 vulgatis
3185 4192 3386 4255 autem,
3414 4180 3642 4255 Iudaico
3655 4182 3840 4255 dictum

2245 4263 2496 4332 intelligat
2524 4277 2541 4315 :
2569 4253 2690 4331 quae
2729 4259 2890 4316 lectio
2921 4253 3082 4320 intra,
3117 4270 3266 4311 num.
3299 4253 3390 4321 57,
3410 4254 3626 4311 obtinet
3651 4253 3702 4309 in
3731 4267 3836 4307 om-

2249 4333 2414 4389 nibus
2438 4333 2612 4388 libris.

2319 4405 2399 4474 (Ιι)
2453 4404 2540 4458 Er.
2591 4408 2900 4474 removerat
2930 4401 3133 4456 nolente
3170 4397 3367 4474 Patre:
3416 4397 3566 4465 quod
3611 4396 3838 4466 quamvis

2245 4468 2580 4543 superﬂuere
2610 4473 2859 4528 videatur
2883 4515 2898 4539 ,
2945 4487 3048 4527 nec
3098 4468 3332 4543 postulet
3381 4484 3600 4543 graecus
3637 4481 3832 4530 sermo;

2247 4541 2581 4604 restituimus
2610 4557 2790 4600 tamen
2820 4543 3143 4600 auctoritate
3167 4541 3300 4598 Bad.
3333 4551 3388 4596 et
3413 4541 3660 4597 omnium
3685 4553 3804 4594 mss.

2323 4641 2385 4712 (ἰ)
2415 4641 2560 4703 Μὶν..
2587 4640 2734 4708 Lips.
2767 4648 2822 4696 et
2862 4639 2982 4712 Par.
3013 4647 3137 4708 post
3159 4638 3426 4712 Er.._mox
3451 4645 3510 4690 ut
3535 4635 3713 4712 uoluit.
3745 4632 3830 4688 Hic

2250 4723 2304 4768 et
2330 4704 2490 4768 intra
2522 4704 2673 4769 abest
2700 4724 2808 4768 uta
2840 4709 2968 4766 Bad.
3005 4704 3053 4765 et
3097 4723 3230 4763 mss.
3260 4708 3449 4764 Grmce
3477 4750 3492 4772 ,
3528 4706 3635 4764 ἄλλ’
3663 4704 3764 4779 ἅμα
3784 4725 3832 4759 τε

2248 4787 2515 4846 ἐϐουλήθη.
2545 4788 2626 4860 δαὶ
2652 4783 2892 4860 ἀχρόνως
2918 4786 3005 4840 καὶ
3031 4784 3240 4843 ἀπαθῶς
3270 4782 3322 4848 ἒξ
3339 4780 3527 4837 ἑαυτοῦ
3558 4781 3706 4837 αὑτὸν
3730 4798 3832 4854 γενο

2257 4863 2416 4922 νήσας
2445 4856 2745 4924 ἀπέδειξεύζ
2967 4924 2992 4929 __
3230 4925 3245 4929 Α
3271 4923 3282 4929 Α
3379 4925 3394 4929 _
3781 4918 3808 4929 Α,

2323 4929 2396 5004 _(j)
2429 4923 2672 5004 Graﬁcant
2711 4941 2909 5004 vocem
2958 4924 3186 5004 ᾅναρχον
3230 4923 3333 5004 ιιὶοδΔ
3363 4925 3662 5004 dumtaxat
3687 4923 3830 5004 vertit

2251 4988 2488 5057 Hilarius
2517 5001 2626 5055 sine
2651 4999 2795 5053 initio
2826 5039 2842 5063 ,
2894 4997 3032 5052 inl‘ra
3053 4988 3242 5052 'a'titem
3287 4998 3398 5052 sine
3438 4993 3711 5063 principio.
3739 4988 3828 5045 Ubi

2253 5073 2398 5145 enim
2425 5087 2600 5145 grteee
2632 5070 2860 5145 habetur
2903 5073 2972 5133 ὡς
3000 5067 3092 5145 3ρο
3135 5065 3350 5145 ἄναρχοι
3374 5109 3394 5145 ,_
3417 5068 3565 5145 uertit
3594 5075 3830 5145 tulitquam

2256 5143 2362 5214 duo
2388 5136 2497 5198 sine
2523 5142 2778 5214 principio
2798 5158 2816 5196 :
2840 5150 2893 5196 et
2911 5136 3316 5214 paulopost'sié
3340 5143 3460 5214 μῇοςν
3489 5136 3721 5212 ἄναρχον
3742 5139 3829 5188 τῶν

2257 5212 2383 5271 ὅλων
2410 5210 2606 5291 ᾲρχῆν,
2638 5213 2804 5291 latine
2830 5212 3007 5291 reddit
3028 5213 3284 5291 adnuunt
3305 5210 3646 5291 qui_(gr:ecns
3667 5217 3829 5291 sermo

2255 5279 2670 5358 postulai'quod)
2702 5294 2774 5358 est
2820 5285 2928 5339 sine
2957 5283 3234 5358 principio,
3260 5279 3486 5358 omnium
3516 5279 3826 5358 principium.

2256 5347 2348 5429 per
2398 5347 2595 5412 Filium
2639 5347 2876 5411 universa
2901 5347 3101 5428 (grtece
3129 5347 3226 5410 hic,
3261 5347 3547 5424 subjicitur
3575 5347 3824 5409 εὐσεϐῶς,

2257 5429 2362 5502 pie)
2381 5430 2671 5500 referimus.

2329 5523 2404 5597 (lt)
2455 5523 2610 5597 Apud
2641 5523 2918 5597 Socratem
2959 5521 3042 5578 his
3072 5519 3287 5597 additur
3315 5519 3436 5597 die}
3481 5513 3825 5597 Σςςαοσοπςῦςξ

2257 5588 2402 5662 quod
2435 5588 2670 5666 retinere
2697 5596 2740 5650 si
2769 5595 2968 5666 placet,
2995 5609 3104 5648 non
3131 5592 3210 5648 sic
3238 5589 3637 5666 intelligendum
3663 5588 3825 5666 est,_ut

2262 5652 2464 5725 Paulus
2495 5652 2863 5721 Samosatenus
2884 5652 3140 5722 asserebat
3165 5707 3179 5729 ,
3209 5652 3658 5734 quemadmodum
3687 5660 3735 5708 in
3767 5652 3827 5734 la-

2260 5722 2395 5798 iinis
2411 5722 3438 5812 Socratis:editionibns;.ante.Valesium
3459 5727 3701 5792 obtinuit;
3719 5722 3820 5790 sed,

2259 5814 2325 5870 sit
2354 5811 2624 5869 anatheum
2652 5811 2782 5867 sicut
2811 5818 2881 5867 est
2916 5808 3301 5866 Sant’or‘atenus.
