3936 6196
117 323 208 380 515

865 317 1073 375 LIBER
1113 317 1202 376 DE
1244 317 1559 388 SYNODIS,
1604 319 1736 379 SEU
1774 321 1861 378 DF.
1922 321 2078 380 FIDE
2119 320 2614 381 ORIENTALIUM.

3296 323 3402 382 5M

119 439 348 494 tholicam
381 435 598 492 domum
631 448 727 502 ea,
759 451 876 507 qua:
918 451 1016 508 per
1057 437 1343 492 Photinum
1392 438 1690 494 rcnovaba-
1717 449 1768 508 Α
1795 449 1899 506 est,
1933 441 2274 497 occasionem
2311 441 2580 496 hmreticis
2605 448 2906 511 praestaret,
2940 450 2997 495 ut
3028 439 3398 498 innascibilem

118 540 209 598 tur,
239 528 455 584 hmresis
486 536 714 584 tentaret
741 528 978 599 irrepere
1004 545 1016 580 :
1049 539 1105 583 ut
1138 545 1234 600 per
1255 530 1461 600 singula
1492 546 1688 601 genera

119 627 423 680 intemeratae
441 632 498 678 et
520 622 699 677 illaasze
723 621 867 689 ﬁdei,
894 622 1186 692 unicuique
1205 623 1391 694 generi
1423 623 1691 679 haeretica:

118 731 169 770 ac
182 715 376 769 lurtivte
401 713 770 769 lraudulentia:
785 714 1150 770 contrairetur
1172 725 1492 785 ;esscntque
1512 713 1588 788 (α)
1614 723 1692 771 tot

120 810 223 866 ﬁdei
246 807 629 873 absolutiones,
659 807 931 878 quoﬁdem
959 816 1145 864 essent
1188 808 1428 879 qumsita:
1453 807 1691 879 perﬁdia:

120 901 424 960 occasiones.
464 903 544 957 Ac
583 899 816 972 primum
857 910 978 971 post
1017 902 1327 974 generalem
1355 902 1499 956 illam
1529 910 1691 973 atque

124 995 448 1052 indubitatam
486 1003 946 1049 sacramentorum
983 994 1401 1064 expositionem,
1441 993 1567 1049 hinc
1597 1009 1689 1050 cx-

120 1087 346 1160 ponendac
385 1086 506 1142 lidei
530 1084 816 1141 adversum
864 1085 1151 1142 haereticos
1175 1085 1340 1157 cmpit
1379 1086 1685 1144 exordium.

178 1181 212 1236 l.
256 1199 273 1233 ι
307 1179 410 1236 Eos
435 1187 616 1235 autem
663 1180 756 1250 qui
783 1178 1008 1234 dicunt:
1042 1179 1119 1234 De
1158 1179 1320 1234 nullis
1350 1179 1687 1236 exstantibus

118 1273 275 1340 Filius,
305 1275 390 1330 vel
430 1272 500 1330 de
540 1273 708 1330 altera
740 1272 1040 1328 substantia
1083 1280 1139 1328 et
1179 1286 1284 1327 non
1331 1287 1399 1328 ex
1443 1272 1584 1336 Deo;
1632 1281 1688 1328 et

117 1366 236 1441 quod
263 1378 370 1423 erat
400 1375 614 1438 tempus
661 1368 745 1422 vel
796 1367 1055 1423 saeculum
1105 1365 1321 1436 quando
1368 1381 1473 1421 non
1521 1375 1684 1423 erat:

118 1465 293 1518 alienos
319 1464 418 1517 scit
446 1472 633 1518 sancta
662 1471 716 1517 et
745 1461 1009 1516 catholica
1043 1460 1310 1516 Ecclesia.
1345 1479 1362 1512 ›

176 1555 254 1613 40.
289 1555 415 1624 Quis
441 1554 533 1610 hic
567 1554 931 1626 ambiguitatis
974 1553 1165 1609 locus?
1197 1562 1290 1607 aut
1318 1550 1443 1624 quid
1475 1569 1538 1609 ex
1567 1554 1681 1608 sin-

117 1665 233 1707 cera:
259 1648 376 1704 ﬁdei
405 1649 740 1706 conscientia
786 1648 1048 1718 reliquum
1077 1647 1198 1703 est?
1229 1646 1344 1702 Non
1370 1657 1453 1703 est
1479 1646 1546 1702 dc
1573 1662 1682 1702 non

119 1745 588 1804 exstatitibuszutci
607 1755 833 1804 cxstans
860 1745 1010 1812 origo
1036 1747 1128 1801 sit.
1146 1744 1258 1800 Non
1273 1755 1356 1800 est
1384 1753 1603 1800 cxstans
1632 1741 1682 1798 ei

1798 533 1988 598 Deum,
2023 535 2107 589 vel
2133 545 2335 604 partem
2364 536 2501 605 ejus,
2534 534 2680 589 nasci
2716 533 2783 588 de
2812 533 2972 587 Maria
3006 534 3396 604 prtedicarcnt;

1795 640 2080 682 occursum
2113 637 2195 684 est
2216 628 2467 684 salutaris
2499 626 2814 682 deﬁnitione
2842 628 3159 695 sententiae,
3187 638 3245 683 ut
3266 643 3393 682 ana-

1796 717 1977 776 thema
2005 733 2148 778 esset
2174 723 2274 778 hoc
2300 722 2586 779 conﬁtens.
2617 721 2732 776 Non
2765 722 2905 778 enim
2935 723 3184 794 religiosa
3215 722 3395 778 unitas

1793 813 2057 880 nominis,
2086 829 2152 871 ex
2186 814 2538 872 indiﬁ‘erentis
2570 823 2776 870 natura:
2802 816 3037 872 essentia
3078 817 3396 885 constituta,

1793 920 2078 973 personam
2099 907 2296 977 genita:
2315 906 2511 963 ademit
2537 910 2809 974 essentite,
2839 918 2895 962 ut
2924 908 3003 982 (ά)
3035 909 3176 965 unici
3204 924 3266 966 ac
3288 909 3401 964 sin-

1790 998 1993 1068 gularis
2041 999 2135 1054 Dei
2174 999 2471 1055 substantia
2515 1015 2609 1070 per
2654 1003 2905 1056 unionem
2938 1002 3171 1058 nominis
3199 1002 3399 1058 intelli-

1789 1097 1944 1159 gatur
1973 1107 1985 1142 :
2017 1105 2138 1146 cum
2167 1092 2446 1161 utriusque
2468 1091 2716 1147 essentia:
2747 1107 2943 1149 nomen
2976 1109 3142 1150 unum
3163 1137 3176 1162 ,
3211 1094 3262 1150 id
3287 1102 3393 1163 est,

1792 1181 1932 1238 Deus
1958 1199 2118 1252 unus,
2161 1185 2230 1241 ob
2260 1184 2568 1241 indiscretze
2597 1186 2649 1240 in
2683 1196 2912 1257 utroque
2943 1196 3147 1244 natura:
3179 1187 3398 1244 indissi-

1789 1274 1971 1332 milem
2003 1277 2358 1332 substantiam
2391 1278 2733 1350 prmdicetur.

1861 1366 1924 1422 V.
1963 1386 1983 1420 ‹
2022 1368 2077 1425 Si
2105 1370 2222 1441 quis
2245 1370 2538 1427 secundum
2562 1373 2958 1443 praescientiam
2990 1373 3061 1447 (e)
3088 1385 3142 1430 et
3167 1373 3394 1445 praedes-

1787 1459 2100 1517 tinationem
2132 1471 2258 1518 ante
2287 1462 2506 1518 Mariam
2538 1464 2668 1519 dicit
2696 1465 2888 1520 Filium
2935 1481 3088 1536 esse,
3125 1483 3230 1522 non
3263 1477 3391 1524 ante

1787 1555 1980 1609 saecula
2012 1570 2079 1611 ex
2109 1556 2264 1612 Patre
2307 1566 2490 1613 natum
2518 1557 2658 1630 apud
2689 1557 2860 1614 Deum
2892 1575 3033 1628 esse,
3065 1569 3121 1617 et
3146 1577 3242 1633 per
3265 1577 3387 1618 cum

1788 1645 1924 1702 facta
1958 1662 2079 1705 esse
2105 1651 2284 1704 omnia
2313 1668 2325 1703 :
2355 1650 2639 1706 anathema
2671 1653 2760 1708 sit.
2801 1672 2819 1705 s

1857 1740 1950 1796 45.
1989 1741 2152 1796 Deum
2187 1744 2423 1798 omnium
2456 1755 2697 1799 nostrum
2733 1745 2824 1800 Dei
2857 1746 3045 1813 ﬁlium,
3077 1755 3203 1803 ante
3229 1763 3387 1820 quam

116 1842 170 1898 ad
191 1843 428 1914 originem
456 1841 758 1898 substantia
797 1842 973 1914 aliqua
1006 1841 1130 1908 alia,
1169 1841 1269 1896 nisi
1294 1841 1407 1897 sola
1436 1855 1557 1912 qtae
1588 1841 1682 1896 Dei
1715 1841 1760 1902 B
1787 1846 2079 1902 corporeus
2109 1836 2369 1901 nascitur,
2414 1837 2657 1908 negaturi
2696 1846 2874 1893 tamen
2913 1838 3207 1894 secundum
3250 1856 3390 1911 pra:-

119 1941 291 1990 cstzut
318 1935 368 1989 in
399 1948 466 1990 co
491 1933 629 1990 nihil
684 1933 829 1990 aliud
879 1942 1062 1988 natum
1101 1948 1224 1989 esse
1276 1932 1468 2003 possit,
1517 1948 1676 2004 quam

120 2041 254 2082 omne
290 2025 360 2098 (ὁ)
401 2025 546 2096 quod
593 2025 686 2082 Dei
727 2026 827 2092 sit;
877 2025 996 2097 quia
1017 2039 1124 2081 non
1152 2040 1218 2080 ex
1248 2023 1415 2080 nihilo
1436 2035 1678 2090 exstans,

118 2118 302 2175 aliunde
326 2133 428 2174 non
453 2117 724 2174 subsistit.
750 2116 866 2174 Non
894 2116 1074 2174 diﬁ'ert
1095 2118 1147 2172 in
1171 2125 1412 2188 tempore
1443 2136 1455 2170 :
1481 2128 1536 2173 ut
1559 2133 1680 2173 cum

115 2213 245 2268 Patre
267 2213 331 2266 sit
359 2211 734 2282 intemporalis
761 2219 816 2266 et
848 2210 1033 2266 Filius.
1067 2208 1452 2280 lnseparabilia
1503 2210 1682 2281 itaque

116 2307 227 2364 inter
269 2306 641 2364 innascibilem
711 2307 925 2363 Patrem
992 2315 1047 2360 et
1099 2303 1430 2376 unigenitum
1485 2302 1679 2359 Filium

21 2391 26 2395 ’
114 2408 273 2456 cuncta
300 2407 442 2466 sunt,
475 2414 617 2472 quos
657 2397 711 2454 in
765 2408 1010 2469 tempore
1048 2412 1208 2469 pares
1247 2397 1360 2468 ipsa
1391 2396 1478 2452 illa
1523 2397 1680 2451 unius

115 2500 284 2549 tantum
309 2490 375 2565 (c)
404 2501 648 2564 paternas
674 2491 1003 2557 exsistentis,
1027 2505 1091 2547 ex
1113 2505 1218 2562 qua
1245 2490 1493 2546 nativitas
1515 2489 1680 2546 sumi-

115 2593 200 2649 tur,
225 2583 574 2640 indifferentia
605 2583 657 2639 in
687 2584 833 2639 nullo
863 2583 1134 2640 discernat
1164 2583 1437 2639 essentne.

167 2673 310 2749 489
345 2676 406 2732 ll.
444 2695 463 2729 ι
495 2677 556 2734 Si
586 2677 708 2748 quis
755 2687 936 2732 autem
966 2676 1181 2732 Patrem
1226 2684 1283 2732 et
1310 2675 1502 2732 Filium
1542 2675 1680 2732 duos

117 2769 220 2826 dicit
241 2773 362 2828 deos
392 2789 405 2825 :
437 2770 732 2828 anathema
761 2772 850 2827 sit.

170 2861 241 2918 ιιι.
272 2863 332 2920 Et
355 2865 400 2920 si
418 2864 546 2936 quis
575 2880 738 2919 unum
766 2865 951 2920 dicens
980 2864 1167 2931 Deum,
1197 2862 1472 2920 Christum
1494 2873 1676 2921 autem

115 2954 253 3011 Deum
292 2965 411 3013 ante
448 2958 654 3014 szecula
705 2956 873 3012 ﬁlium
922 2958 1014 3012 Dei
1061 2957 1374 3014 obsecutum
1430 2957 1571 3012 Patri
1622 2957 1674 3015 iu

114 3049 346 3106 creatione
373 3051 620 3106 omnium
652 3064 759 3106 non
782 3052 1068 3106 conﬁtetur
1096 3068 1108 3102 :
1141 3050 1425 3106 anathema
1454 3052 1541 3106 sit.
1580 3070 1599 3104 ι

170 3142 245 3196 Η.
277 3141 340 3197 Ut
364 3143 604 3199 essentia:
628 3144 860 3207 nomine,
890 3143 960 3196 ita
994 3152 1110 3197 sunt
1150 3159 1309 3197 unum
1337 3143 1566 3197 essentia:
1591 3157 1677 3213 ge-

1786 1928 2065 1983 scientiam
2083 1939 2134 1984 et
2153 1931 2702 2000 praedestinationem,
2726 1947 2830 1986 non
2859 1933 3154 1989 secundum
3180 1942 3384 1989 natura:

1785 2019 2129 2077 subsistentis
2167 2023 2490 2090 essentiam,
2524 2023 2687 2080 fuisse
2716 2025 3038 2081 conﬁrmant
3071 2043 3084 2080 :
3116 2026 3166 2081 id
3191 2035 3304 2092 cst,
3334 2035 3394 2083 ut

1784 2129 1882 2186 per
1921 2116 2313 2184 prtescientiam
2352 2116 2548 2182 Patris,
2582 2119 2710 2189 quia
2737 2134 2858 2174 eum
2897 2117 3297 2190 praedestinavit
3333 2127 3395 2174 ut

1784 2215 1932 2262 esset
1950 2207 2258 2278 aliquando,
2290 2207 2496 2264 scilicet
2516 2210 2814 2282 gignendos
2837 2227 2901 2268 cx
2929 2213 3152 2283 virgine,
3179 2211 3394 2266 nuntia-

1784 2309 1868 2355 tus
1906 2300 2060 2356 nobis
2093 2299 2252 2356 fuerit
2281 2303 2489 2372 potius,
2528 2319 2686 2374 qttam
2716 2315 2840 2360 ante
2870 2307 3064 2362 szccula
3099 2307 3149 2361 in
3179 2315 3386 2361 natura:

1782 2391 1977 2448 divina:
1998 2393 2294 2450 substantia
2321 2406 2477 2450 natus
2502 2398 2769 2452 exstiterit
2795 2416 2807 2452 :
2834 2408 2998 2470 utque
3023 2401 3229 2468 omnia,
3258 2416 3378 2471 qua:

1783 2487 1899 2559 ipse
1929 2487 1980 2542 in
2009 2487 2286 2558 prephetis
2304 2488 2776 2558 decorporationis
2799 2505 2908 2545 suae
2931 2509 2992 2548 ac
3015 2493 3279 2564 passionis
3300 2509 3387 2549 sa-

1781 2582 2070 2637 cramentis
2083 2583 2293 2660 locutus
2307 2592 2410 2648 est,
2436 2584 2546 2654 ipsa
2568 2583 2657 2640 illa
2672 2585 2965 2642 secundum
2989 2588 3385 2659 prtescientiam

1779 2670 1945 2746 490
1969 2673 2035 2730 de
2064 2688 2130 2729 eo
2155 2690 2184 2728 a
2214 2673 2372 2730 Patre
2401 2676 2507 2730 sint
2530 2675 2692 2731 dicta.
2729 2676 2915 2749 Itaque
2939 2679 3200 2735 doctrina:
3228 2679 3387 2750 hujus

1781 2766 2108 2835 perversitas
2131 2765 2524 2824 condemnatur
2553 2785 2566 2822 :
2598 2778 2655 2824 ut
2679 2772 2925 2842 cognitus
2954 2771 3110 2828 nobis
3137 2773 3384 2844 unigeni-

1781 2868 1864 2915 tus
1895 2859 1990 2916 Dei
2023 2860 2182 2928 ﬁlius,
2216 2870 2372 2918 natus
2403 2863 2583 2934 potius
2614 2879 2679 2920 ex
2716 2864 2874 2922 Patre
2902 2875 3028 2920 ante
3066 2867 3293 2933 saecula,
3326 2875 3404 2923 et

1780 2952 1894 3024 ipsa
1923 2953 2116 3010 smcula
2158 2969 2277 3009 cum
2325 2955 2586 3011 creaturis
2617 2957 2867 3013 omnibus
2910 2956 3170 3024 condens,
3212 2973 3376 3029 quam

1781 3047 2192 3117 prtedcstinatus
2223 3048 2291 3103 sit
2317 3063 2439 3104 esse
2467 3049 2786 3120 gignendus.

1854 3138 1944 3194 Vl.
1981 3157 1998 3191 ι
2037 3139 2092 3196 Si
2137 3140 2258 3210 quis
2288 3140 2640 3196 substantiam
2677 3142 2766 3197 Dei
2797 3139 3009 3198 dilatari
3053 3151 3105 3199 et
3136 3141 3384 3200 contrahi

117 3249 306 3291 nerr.—
333 3236 531 3294 Rerum
578 3236 732 3292 nobis
778 3235 1079 3291 absolutam
1121 3234 1531 3305 intelligentiam
1564 3235 1676 3305 ipsa
1707 3235 1752 3301 C
1783 3232 1953 3288 dicit:
1988 3232 2275 3288 anathema
2309 3234 2398 3288 sit.
2437 3254 2455 3287 ι

117 3329 186 3384 illa
211 3332 424 3388 nominis
450 3331 712 3403 religiosa
743 3330 1007 3401 professio
1039 3330 1244 3385 tribuit.
1279 3333 1413 3385 Cum
1441 3329 1584 3385 enim
1622 3329 1674 3384 in

118 3419 416 3481 damnatione
440 3426 550 3490 sit,
583 3424 794 3480 Patrem
825 3434 879 3480 et
903 3422 1096 3478 Filium
1136 3423 1272 3478 duos
1301 3422 1434 3479 deos
1458 3422 1673 3488 dicere;

118 3523 160 3568 ct
174 3529 360 3573 rursum
389 3517 683 3574 anathema
714 3518 818 3584 sit,
854 3516 1046 3572 Filium
1079 3517 1246 3572 Deum
1274 3531 1470 3588 negare
1502 3533 1515 3570 :
1545 3516 1677 3571 sub-

117 3607 290 3664 stantia:
325 3609 560 3667 diversa:
601 3611 824 3665 alterius
867 3610 934 3665 ab
973 3609 1142 3665 altera
1172 3609 1354 3680 Opinio
1385 3610 1436 3664 in
1487 3609 1681 3680 przcdi-

118 3701 268 3758 caudis
299 3702 397 3759 diis
444 3703 663 3760 duobus
707 3703 1029 3759 excluditur.
1070 3702 1190 3758 Non
1240 3703 1382 3758 cnim
1425 3712 1508 3759 est
1542 3702 1677 3770 alia,

119 3804 276 3861 praeter
294 3796 435 3853 illam
465 3797 570 3854 Dei
601 3798 766 3869 patris
793 3814 856 3854 ex
889 3813 990 3868 qua
1023 3797 1114 3853 Dei
1147 3797 1286 3852 lilius
1317 3797 1460 3853 Deus
1486 3798 1680 3853 intem-

119 3888 277 3956 poralis
300 3899 379 3947 est
396 3900 581 3960 natus,
610 3891 866 3948 essentia.
886 3890 1019 3946 Nam
1037 3906 1158 3946 cum
1181 3891 1485 3947 necessario
1507 3891 1672 3946 Detnn

118 3990 285 4047 patrem
317 3984 660 4049 conﬁtemur,
690 3993 746 4040 et
779 3983 1027 4039 absolute
1055 3980 1330 4038 Christum
1363 3983 1456 4038 Dei
1504 3981 1673 4038 ﬁlium

118 4069 254 4131 Deum
282 4077 672 4148 praedicamus,
700 4085 754 4132 ct
797 4077 935 4133 inter
967 4076 1082 4132 hzec
1129 4075 1293 4131 duum
1335 4075 1556 4131 deorum
1607 4075 1679 4131 sit

121 4162 370 4241 irreligiosa
395 4171 670 4228 confessio
694 4188 706 4223 :
732 4186 837 4225 non
871 4178 1118 4240 possunt,
1149 4168 1442 4225 secundum
1471 4177 1679 4223 natura:

120 4253 486 4320 indiﬁ'erentiam
525 4274 583 4320 et
615 4279 812 4319 nomen
845 4261 1189 4328 indiﬁerens,
1225 4276 1328 4316 non
1362 4276 1524 4316 unum
1557 4276 1679 4317 esse

121 4349 161 4404 in
196 4357 421 4413 essentia:
466 4372 708 4430 genere,
751 4371 979 4429 quorum
1020 4354 1269 4412 essentite
1319 4369 1515 4411 nomen
1571 4370 1677 4410 non

120 4442 219 4502 licet
238 4464 348 4507 esse
377 4452 480 4508 nisi
513 4467 707 4508 unum.

32 4541 34 4544 ’
174 4542 249 4600 IV.
283 4565 300 4598 ‹
334 4547 389 4604 Si
413 4547 534 4620 quis
561 4545 932 4603 innascibilem
964 4546 1152 4611 Deum,
1180 4543 1264 4600 vel
1287 4550 1494 4616 partem
1522 4541 1639 4614 ejus
1659 4583 1674 4608 ,

119 4629 171 4690 de
194 4634 334 4692 Maria
370 4648 554 4695 natum
597 4653 720 4695 esse
758 4638 919 4694 audet
948 4637 1167 4694 dicere:
1198 4636 1482 4693 anathema
1527 4635 1617 4691 sit.
1651 4653 1670 4688 ι

172 4730 250 4785 Ω.
281 4731 400 4788 Filii
428 4745 476 4790 et
511 4732 688 4788 Patris
727 4749 830 4788 non
856 4749 960 4787 una
989 4748 1226 4801 persona.
1254 4730 1447 4787 Contra
1476 4745 1562 4786 eos
1589 4730 1676 4800 qui

121 4834 313 4879 asserunt
341 4825 388 4880 F
389 4827 539 4881 ilium
566 4837 684 4881 ante
716 4826 939 4880 Mariam
963 4842 1064 4880 non
1085 4841 1192 4881 esse
1218 4825 1316 4880 nisi
1341 4841 1433 4898 per
1456 4822 1679 4895 praedes-

121 4911 392 4973 tinationem.
415 4951 485 4961 —
518 4919 596 4976 Ne
624 4919 765 4991 quod
805 4926 1127 4990 nuncupata:
1152 4917 1401 4974 essentia:
1427 4915 1480 4972 in
1521 4917 1680 4972 Patre

121 5018 161 5064 et
195 5010 348 5084 Filio,
395 5033 493 5089 per
541 5015 911 5073 indissimilem
958 5025 1223 5085 naturam,
1276 5029 1473 5072 nomen
1515 5029 1680 5070 unum

178 5166 244 5244 (α)
265 5167 317 5227 In
342 5172 592 5244 vulgatis.
614 5173 841 5228 totidem.
877 5175 944 5226 At
968 5172 1021 5226 in
1047 5187 1180 5228 mss.
1198 5181 1318 5244 tot:
1337 5181 1391 5228 et
1415 5187 1542 5228 mox
1563 5180 1684 5243 quot

123 5236 274 5307 ridetis,
305 5259 397 5313 pro
424 5236 703 5310 quoﬁdem.
734 5245 933 5300 Eadem
975 5243 1233 5315 loquendi
1260 5246 1470 5300 ratione
1519 5236 1681 5300 habe-

124 5321 221 5388 ηξιὶβ
243 5326 352 5388 cap.
385 5317 454 5371 15
485 5317 538 5371 in
587 5315 774 5372 Matth.
812 5333 868 5370 n.
900 5315 1002 5370 10:
1049 5314 1120 5388 In
1148 5325 1220 5388 tot
1264 5317 1487 5388 partium
1517 5316 1680 5370 millia

126 5379 237 5447 plebs
260 5379 573 5442 di'numerata
597 5389 812 5443 satiatur
831 5428 847 5455 ,
876 5387 1138 5458 quotidem
1161 5387 1224 5443 de
1249 5379 1500 5458 partibus,
1531 5397 1638 5443 etc.

180 5518 243 5593 (ιι)
264 5521 450 5596 Excusi
472 5535 698 5596 excepto
727 5523 845 5596 Μίιξἶ
873 5525 1127 5596 omittunt
1152 5542 1318 5592 omne,
1346 5523 1486 5595 quod
1513 5523 1682 5594 probe

124 5597 269 5647 exstat
292 5594 344 5649 in
371 5594 620 5652 omnibus
644 5610 774 5651 mss.
809 5595 1198 5652 Excludendus
1223 5594 1372 5652 enim
1400 5606 1484 5651 est
1527 5610 1681 5651 error

127 5654 485 5788 artiﬁciorum,
521 5669 610 5738 qui
636 5666 831 5723 Filium
863 5677 1072 5738 partem
1117 5667 1293 5724 Patris
1319 5682 1442 5724 esse
1468 5681 1685 5724 assere-

187 5801 248 5878 (γε)
273 5805 408 5864 Editi
432 5853 447 5873 ,
481 5820 701 5876 paterna:
730 5812 1138 5868 innascibilitatis
1175 5811 1433 5866 aeternitas
1457 5853 1470 5877 ,
1501 5827 1564 5865 ea:
1586 5826 1689 5878 qua

127 5877 324 5934 nativitos
348 5882 568 5938 sumitur
587 5899 605 5936 :
634 5893 746 5940 tum
777 5885 909 5942 Bad.
940 5926 955 5955 ,
983 5881 1388 5954 indi/ferentium
1417 5883 1470 5938 in
1500 5877 1643 5937 nullo
1665 5899 1684 5950 ;

1853 3327 1944 3384 1M.
1974 3327 2222 3384 Dilatatio
2243 3339 2289 3383 et
2318 3328 2603 3384 contractio
2632 3329 2686 3383 in
2709 3327 2876 3383 Deum
2905 3346 3006 3384 non
3032 3329 3244 3384 radunt.
3280 3328 3392 3384 Nec

1784 3420 1835 3476 F
1837 3422 1957 3476 ilius
2000 3429 2074 3476 est
2118 3421 2305 3477 divina:
2338 3422 2635 3477 substantia:
2665 3421 2924 3476 dilatatio.
2949 3452 3023 3463 —-
3046 3420 3307 3477 Contrahi
3337 3430 3393 3478 et

1782 3514 2016 3580 dilatari,
2049 3515 2345 3586 corporalis
2375 3525 2459 3570 est
2489 3515 2669 3587 passio
2698 3533 2712 3571 :
2749 3515 2887 3571 Deus
2919 3525 3118 3582 autem,
3147 3515 3235 3586 qui
3268 3515 3381 3586 spi-

1783 3610 1918 3666 ritus
1945 3619 2047 3677 cst,
2081 3620 2136 3666 et
2158 3609 2326 3680 Spirat
2351 3610 2439 3666 ubi
2465 3612 2598 3680 vult,
2624 3625 2731 3667 non
2755 3627 2814 3668 se
2837 3626 2934 3682 per
2961 3610 3388 3668 demutationem

1785 3701 2104 3759 substantia:
2133 3704 2449 3768 autdilatat,
2474 3713 2567 3759 ant
2589 3703 2879 3759 contrahit.
2899 3703 3062 3759 Extra
3089 3703 3390 3774 corporalis

1785 3793 1928 3849 enim
1961 3804 2164 3850 natura:
2195 3796 2574 3852 necessitatem
2607 3795 2743 3852 liber
2774 3811 3032 3864 manens,
3063 3795 3206 3868 quod
3236 3795 3385 3863 vult,

1783 3896 1839 3944 et
1868 3903 1989 3944 cum
2017 3890 2150 3958 vult,
2186 3899 2239 3946 et
2265 3889 2355 3946 ubi
2393 3890 2526 3958 vult,
2559 3889 2610 3947 id
2642 3900 2864 3961 prtestat
2891 3908 2956 3946 ex
2987 3906 3128 3948 sese.
3156 3888 3386 3961 impium

1783 3993 1913 4049 ergo
1956 3987 2041 4035 est
2091 3981 2406 4038 substantia:
2454 3982 2880 4038 demutationem
2948 3983 3183 4039 libertati
3229 3992 3391 4040 tanta:

1785 4072 2000 4128 virtutis
2031 4072 2361 4132 adscribere.

1843 4167 1968 4224 "VII.
2006 4187 2024 4220 ‹
2076 4168 2130 4224 Si
2162 4168 2280 4240 quis
2318 4167 2593 4223 dilatatam
2635 4168 2991 4224 substantiam
3044 4171 3138 4227 Dei
3186 4171 3384 4230 Filium

1784 4260 1928 4316 dicat
1957 4260 2161 4326 facere,
2191 4269 2284 4316 aut
2321 4259 2656 4316 latitudinem
2694 4261 3010 4318 substantia:
3035 4264 3153 4334 ejus
3191 4265 3384 4322 Filium

1783 4354 2026 4410 nominet
2056 4368 2070 4406 :
2104 4351 2386 4409 anathema
2421 4352 2510 4408 sit.
2551 4373 2569 4407 ι

1853 4446 1944 4502 45.
1971 4444 2231 4515 Superior
2257 4445 2542 4512 sententia,
2575 4447 2674 4502 etsi
2736 4446 3176 4507 indcmutabilem
3212 4451 3381 4510 Deum

1783 4537 1984 4594 docere
2013 4537 2277 4606 voluerit,
2306 4539 2373 4594 ad
2405 4539 2543 4596 hanc
2570 4555 2629 4596 se
2653 4551 2829 4598 tamen
2859 4555 3176 4616 sequentem
3209 4546 3387 4603 haere-

1781 4632 1882 4687 sim
1909 4632 2255 4704 przrparavit.
2287 4631 2514 4701 Quidam
2537 4634 2680 4690 enim
2709 4635 2827 4690 ausi
2852 4645 2978 4691 sunt
3008 4637 3385 4694 innascibilem

1780 4725 1947 4782 Deum
1975 4741 2150 4798 usque
2175 4725 2244 4782 ad
2270 4736 2510 4783 sanctam
2543 4726 2817 4800 Virginem
2849 4731 3160 4787 substantia:
3189 4731 3381 4788 dilata-

1783 4819 1925 4876 tione
1974 4818 2298 4892 protendere
2345 4818 2368 4892 (
2410 4819 2533 4874 Vid.
2592 4819 2728 4875 (5b.:
2769 4821 2834 4876 de
2873 4821 3063 4877 Trinit.
3111 4841 3165 4878 η.
3222 4824 3288 4879 16
3333 4835 3380 4880 et

1784 4911 1873 4968 lib.
1933 4928 1998 4980 ι,
2028 4929 2082 4968 n.
2113 4911 2214 4983 50)
2245 4927 2262 4966 :
2288 4920 2346 4966 ιιι
2367 4911 2592 4967 latitudo
2639 4912 2865 4968 deducta
2911 4915 3144 4985 quodam
3172 4925 3382 4974 natura:

1784 5024 1895 5067 sua:
1925 5018 2096 5065 tractu
2135 5022 2522 5079 assumensque
2558 5008 2828 5064 hominem
2871 5007 3013 5066 ﬁlius
3042 5025 3382 5084 nuncupare-

1790 5167 1910 5234 Er.,
1941 5166 2086 5232 Min,
2140 5167 2287 5237 Lips.
2318 5178 2374 5224 et
2405 5167 2526 5224 Par.
2550 5208 2564 5233 ,
2594 5167 2912 5237 indi/ferenti
2937 5170 2990 5226 in
3020 5172 3187 5228 nullo.
3215 5173 3390 5231 Casti-

1788 5249 1993 5311 gantur
2007 5253 2071 5294 ex
2103 5238 2339 5311 scriptis.

1861 5307 1940 5435 id)
1973 5308 2028 5364 In
2059 5307 2289 5381 vulgatis
2314 5325 2378 5392 ac
2401 5309 2650 5394 pluribus
2698 5314 3037 5400 ιηεδεηςηιὶείιἔ
3083 5315 3387 5401 Rectiusin

1861 5405 1864 5427 ι
1887 5381 1942 5435 1).
1965 5391 2020 5435 et
2044 5381 2228 5435 Germ.
2271 5399 2430 5435 unica-
2464 5382 2515 5435 Id
2542 5393 2629 5435 est
2653 5385 2879 5435 solitam
2905 5403 2918 5435 :
2944 5404 3097 5435 Imma
3129 5398 3212 5435 est
3237 5403 3381 5435 etum

1786 5379 1942 5437 Colb.
1965 5391 2020 5435 et
2044 5379 2228 5438 Germ.
2271 5379 2430 5448 unici,
2464 5382 2515 5437 id
2542 5393 2629 5438 est
2653 5383 2879 5439 solitarii
2905 5403 2919 5452 ;
2944 5387 3098 5443 unica
3129 5398 3212 5444 est
3237 5389 3383 5446 enim

1786 5452 1882 5526 Dei
1911 5460 2121 5526 natura,
2150 5453 2246 5510 sed
2275 5470 2380 5510 non
2409 5453 2697 5526 singularis
2723 5471 2786 5510 ac
2816 5458 3089 5514 solitarius
3119 5461 3278 5516 Deus.

1861 5522 1934 5596 (ε)
1980 5523 2036 5596 ln
2084 5540 2189 5579 ms.
2222 5526 2386 5581 Corb.
2416 5541 2478 5581 ac
2502 5522 2750 5595 pluribus
2777 5527 2896 5583 aliis
2926 5545 3030 5584 non
3061 5530 3290 5588 habetur
3332 5544 3380 5588 et

1788 5595 2304 5670 pradestinationem.
2329 5595 2624 5670 Deindeex
2648 5613 2778 5670 mss.
2803 5615 2972 5670 prope
2995 5605 3234 5658 omnium
3259 5621 3390 5661 con-

1788 5682 1956 5746 sensu
1996 5668 2336 5746 restituirnus
2362 5679 2482 5724 ante
2523 5669 2747 5746 Mariam
2767 5668 3071 5746 {quamvis
3102 5676 3350 5746 superius
3369 5717 3385 5744 ,

1794 5746 1852 5817 ut
1880 5736 1969 5817 hic
1995 5739 2047 5817 i_n
2091 5740 2307 5795 excusis
2327 5750 2551 5817 ,_exste_t
2575 5758 2608 5795 a
2639 5736 2858 5817 diaria:
2883 5743 3032 5817 Hanc
3079 5736 3392 5817 opinionem

1793 5809 1965 5866 Paulo
1997 5810 2364 5868 Samosatensi
2395 5813 2709 5869 nominatim
2758 5812 3017 5874 adscribit
3065 5809 3395 5876 Athanasius

1797 5882 1898 5941 sub
1930 5883 2092 5942 ﬁnem
2119 5883 2241 5942 libri
2269 5884 2337 5942 de
2366 5883 2578 5944 lncarn.
2612 5885 2832 5943 Christi.
