3936 6196
571 243 677 301 519

1724 275 1731 283 -
1775 237 2020 298 SANCTI
2061 231 2316 293 HILARII
2358 230 2664 291 EPISCOPI
3747 230 3831 288 520

569 371 748 416 tamen
771 402 786 428 ,
817 366 877 414 ιιι
905 359 1167 432 subjectio
1196 358 1430 416 nominis
1472 359 1856 432 proprietatem
1916 357 2174 414 naturalis
2202 361 2254 421 Λ
2281 359 2466 406 sancto
2498 347 2830 419 nuncupatio
2855 343 3328 403 damnabilisest?
3355 343 3708 432 Qttodlamen
3736 350 3833 418 quia

569 462 728 523 atque
760 454 1111 509 indifferentis
1143 461 1366 508 testelur
1399 456 1670 510 essentia).

640 543 803 616 494
825 544 1009 598 XVIII.
1037 562 1054 596 t
1078 543 1132 598 Si
1161 545 1282 614 quis
1309 545 1526 600 Patrem
1556 555 1611 602 et
1635 545 1829 602 Filittnt
1860 561 2016 600 unam
2047 562 2171 616 per-

571 649 758 690 sonam
789 633 957 688 dicit:
989 632 1278 690 anathema
1309 635 1398 690 sit.
1434 655 1452 690 ι

640 726 729 781 52.
765 723 925 780 Pater
954 737 1000 781 et
1032 725 1204 783 Filius
1233 745 1334 783 non
1363 746 1467 784 una
1495 747 1736 801 persona.
1767 762 1837 773 —
1866 732 1980 788 Non
2017 732 2177 789 habet

581 817 955 874 necessitatem
979 819 1386 877 contradicendi
1413 823 1513 878 sibi
1540 824 1787 880 absoluta
1819 827 2174 896 perversitas:

575 916 633 966 et
663 919 840 965 tamen
873 911 1071 968 stulttts
1102 913 1456 983 quorumdam
1490 914 1639 970 furor
1669 916 1720 971 in
1747 917 1796 971 id
1820 917 2096 988 prorupit,
2121 925 2180 972 ut

573 1017 862 1074 personam
888 1019 1048 1060 unam
1078 1005 1242 1061 duum
1272 1007 1548 1063 nominum
1575 1023 1736 1064 ausus
1763 1008 1834 1064 sit
1860 1011 2172 1080 prmdicare.

645 1097 791 1154 XIX.
823 1099 923 1157 «Si
971 1101 1094 1172 quis
1139 1101 1398 1172 Spiritum
1447 1112 1690 1159 sanetum
1740 1105 2071 1174 paracletum
2099 1105 2180 1160 di-

575 1205 705 1248 cens
727 1233 742 1259 ,
774 1193 1146 1250 innascibilem
1176 1194 1342 1251 Deum
1374 1195 1550 1251 dicat:
1578 1197 1864 1252 anathema
1897 1196 1986 1252 sit.
2013 1217 2031 1250 s

649 1285 742 1342 55.
773 1285 1004 1355 Spiritus
1034 1297 1240 1342 sanctus
1269 1306 1371 1342 non
1397 1288 1712 1344 htnascibilis
1741 1289 1902 1345 Dens.
1936 1290 2082 1344 Alius
2110 1297 2181 1345 est

575 1395 607 1431 a
641 1377 799 1432 Filio.
825 1378 1164 1450 -—Adjectio
1197 1396 1340 1436 nunc
1369 1381 1665 1449 Paraeleti,
1709 1381 2040 1439 anathemati
2081 1383 2180 1438 ob-

578 1471 794 1524 noxiam
842 1472 967 1526 facit
1005 1473 1338 1530 innascihilis
1377 1475 1428 1528 in
1471 1491 1538 1530 eo
1582 1475 1675 1531 Dei
1719 1476 2178 1546 praedicationem.

575 1561 953 1635 Impiissimum
983 1567 1124 1622 enim
1152 1578 1265 1633 est,
1297 1568 1670 1626 innascibilem
1697 1571 1862 1626 Deum
1889 1587 2010 1627 eum
2035 1571 2140 1627 dici
2166 1613 2180 1638 ,

575 1659 666 1729 qui
695 1659 762 1714 ad
792 1660 1215 1717 consolationem
1245 1673 1486 1719 nostram
1517 1672 1603 1720 est
1630 1665 1825 1721 missus
1853 1681 1881 1720 a
1915 1667 2070 1722 Filio.

2278 443 2520 498 Ineretici
2551 443 2770 510 dicunt,
2803 449 2950 497 recte
2989 440 3242 496 catholici
3285 415 3664 496 condemnant.

2350 536 2570 592 ΧΧ111.«
2596 536 2654 594 Si
2677 537 2801 608 quis
2830 537 2974 607 quod
2999 535 3202 591 dictum
3228 542 3330 602 est,
3361 533 3476 606 Ego
3499 532 3635 589 Deus
3660 535 3840 604 primus,

2277 638 2325 684 et
2350 646 2443 702 ego
2474 629 2612 684 Deus
2659 629 2986 695 novissimus,
3037 636 3086 682 et
3130 637 3314 699 printer
3340 643 3418 682 me
3465 644 3572 681 non
3617 637 3685 681 est
3732 626 3843 684 Deus

2279 723 2462 796 (Esai.
2494 740 2640 789 xuv,
2670 724 2765 796 6),
2796 723 2862 779 ad
2892 722 3319 778 destructionem
3362 721 3633 777 idolorum
3671 720 3842 778 dictum

2279 826 2332 871 et
2353 831 2538 872 eorum
2563 816 2652 887 qui
2679 832 2784 871 non
2813 824 2937 870 sunt
2967 815 3062 882 dii,
3082 814 3134 869 in
3166 814 3592 870 destructionem
3622 814 3847 886 unigeniti

2278 918 2406 965 ante
2432 909 2628 965 szccula
2657 910 2749 964 Dei
2769 907 2984 980 judaice
3023 907 3225 964 dictum
3259 907 3565 980 intelligat:
3599 909 3848 964 anathema

2280 1007 2372 1061 sit.
2400 1024 2420 1058 ι

2353 1101 2441 1156 57.
2475 1099 2766 1168 Illud,non
2794 1109 2878 1154 est
2907 1098 3046 1152 Deus
3073 1104 3271 1169 praeter
3297 1109 3404 1162 me,
3442 1092 3639 1149 Filium
3668 1111 3758 1149 non
3779 1111 3851 1150 ne-

2281 1205 2373 1268 gat
2403 1195 2586 1251 Deum.
2610 1225 2682 1236 ——
2703 1195 2936 1251 Deorum
2969 1193 3363 1249 numerositate
3389 1191 3664 1258 damnata,
3691 1201 3737 1246 et
3766 1191 3855 1248 Deo

2283 1297 2494 1346 tanttnn
2525 1305 2635 1345 uno
2667 1289 2964 1360 praedicata
2985 1329 2999 1352 ,
3033 1288 3221 1357 negari
3270 1287 3414 1340 Deus
3459 1284 3603 1339 ﬁlius
3643 1282 3729 1338 Dei
3765 1298 3852 1338 non

2282 1392 2484 1454 potest.
2507 1383 2706 1438 Verum
2736 1393 2938 1437 natura:
2968 1381 3107 1436 istud
3133 1389 3353 1451 prtestat
3373 1379 3611 1450 genuina
3636 1378 3848 1448 pmprie-

2284 1483 2388 1542 tas,
2424 1485 2481 1531 ut
2511 1491 2733 1542 nomen,
2767 1474 2908 1544 quod
2937 1483 3167 1544 negatur
3195 1471 3260 1526 ad
3291 1487 3606 1537 numerum,
3634 1471 3858 1526 debeatur

2284 1569 2572 1634 essentizn;
2607 1575 2662 1624 et
2694 1568 2777 1630 id,
2810 1567 2952 1638 quod
2983 1583 3080 1620 non
3113 1576 3187 1620 est
3226 1564 3366 1619 Deus
3415 1575 3602 1634 printer
3631 1581 3736 1629 nte,
3773 1579 3856 1618 non

2286 1663 2456 1733 possit
2487 1661 2626 1716 Filio
2656 1661 2869 1716 auferre
2898 1659 3042 1731 quod
3075 1660 3214 1712 Deus
3244 1668 3359 1713 cst:
3393 1659 3520 1728 quia
3551 1657 3686 1712 Deus
3709 1656 3853 1723 alius,

647 1751 867 1810 XX.tSi
896 1754 1040 1824 quis,
1067 1755 1427 1813 sicutidocuit
1453 1773 1552 1814 nos
1574 1756 1851 1826 Dominus,
1878 1775 1983 1814 non
2012 1761 2178 1816 alium
2209 1753 2256 1814 Β
2287 1764 2485 1826 μηρίον
2515 1770 2674 1826 quam
2705 1754 2796 1824 qui
2829 1762 2914 1809 est
2941 1768 3004 1808 ex
3038 1753 3169 1818 Deo,
3205 1751 3385 1805 nullus
3415 1759 3520 1806 est.
3552 1750 3613 1804 Et
3641 1765 3727 1819 per
3750 1749 3862 1802 hanc

572 1843 718 1900 dicat
744 1845 1085 1902 Paracletum
1109 1863 1138 1902 a
1168 1848 1336 1914 Filio;
1368 1850 1503 1905 dixit
1527 1851 1670 1906 enim
1695 1868 1708 1903 :
1737 1850 1806 1904 Et
1833 1852 2051 1907 alterunt
2075 1852 2184 1907 Pa-

573 1938 825 1993 racletum
851 1939 1014 1994 mittet
1037 1940 1176 1996 vobis
1202 1939 1381 2008 Pater,
1407 1959 1555 2015 quem
1579 1945 1771 2016 rogabo
1792 1961 1926 2018 ego:
1951 1947 2182 2004 anathe-

575 2045 663 2085 ma
685 2031 810 2086 sit.»

644 2126 734 2182 54.
766 2124 870 2181 Cur
890 2126 1092 2182 dicatur
1114 2128 1246 2183 mitti
1267 2145 1298 2182 a
1327 2127 1501 2184 Patre.
1520 2132 1651 2186 -Α
1681 2130 1819 2188 Filio
1846 2131 2181 2189 Paracletum

575 2220 801 2277 missum
842 2223 1224 2288 meminimus,
1271 2233 1325 2279 et
1369 2225 1422 2279 in
1465 2224 1726 2296 principio
1760 2227 1862 2282 hoc
1893 2227 2025 2283 ﬁdes
2069 2229 2181 2298 ipsa

573 2314 844 2384 exposuit.
876 2313 983 2370 Sed
1010 2315 1132 2386 quia
1163 2315 1473 2386 frequenter
1504 2316 1671 2372 Filius
1702 2332 1798 2388 per
1827 2319 2184 2376 indiﬁ‘erentis

585 2415 790 2460 natura:
834 2407 1086 2464 virtutem
1119 2424 1282 2479 opera
1314 2424 1409 2466 sua
1439 2426 1602 2482 opera
1635 2412 1810 2468 Patris
1852 2429 1974 2470 esse
2012 2413 2180 2479 dixit,

583 2499 804 2556 dicens:
854 2499 968 2574 Ego
1009 2519 1166 2573 opera
1209 2503 1383 2558 Patris
1413 2507 1512 2559 mei
1542 2508 1679 2578 facio
1710 2505 1906 2581 (Joan.
1937 2525 1969 2563 ι
1996 2549 2011 2574 ,
2039 2509 2107 2564 57
2130 2508 2183 2580 ),

577 2593 844 2648 missurus
873 2609 1086 2664 quoque
1115 2595 1455 2651 Paracletum
1479 2637 1495 2664 ,
1529 2597 1688 2652 sicuti
1722 2598 2030 2669 frequenter
2055 2614 2184 2670 spo-

578 2684 798 2758 pondit,
824 2685 1090 2742 interdum
1117 2703 1240 2743 eum
1284 2698 1339 2744 et
1379 2689 1700 2745 mittendum
1741 2691 1875 2746 dixit
1915 2706 1944 2745 a
1983 2690 2182 2758 Patre,

576 2779 704 2835 dum
732 2795 894 2836 omne
921 2781 1062 2852 quod
1089 2791 1304 2854 ageret,
1334 2783 1422 2853 pie
1453 2783 1655 2839 referre
1685 2781 1759 2855 (a)
1788 2792 1873 2839 est
1899 2784 2091 2840 solitus
2118 2783 2185 2840 ad

575 2873 812 2931 Patrem.
841 2875 919 2930 Ex
940 2890 1048 2946 quo
1073 2875 1313 2931 hmretici
1343 2877 1682 2932 occasionem
1712 2879 2022 2948 frequenter
2045 2877 2184 2932 arri-

577 2968 768 3038 piunt,
796 2976 856 3024 ut
886 2968 1060 3039 ipsum
1091 2984 1212 3026 esse
1241 2969 1434 3025 Filium
1461 2971 1799 3028 Paracletum
1826 2972 2038 3028 dicant:
2064 2987 2185 3028 cum

573 3061 628 3116 in
654 3077 741 3125 eo,
771 3061 917 3132 quod
946 3061 1110 3117 alium
1143 3063 1478 3119 Paracletum
1514 3065 1831 3121 mittendum
1863 3080 1892 3119 a
1924 3066 2085 3121 Patre
2114 3066 2186 3121 sit

2287 1863 2474 1904 vocem
2509 1847 2602 1901 Dei
2635 1847 2803 1916 patris
2832 1860 2938 1900 non
2974 1853 3149 1914 potest
3179 1859 3286 1899 non
3321 1843 3468 1898 Dens
3507 1857 3662 1909 esse,
3698 1842 3776 1911 qui
3810 1855 3862 1894 ex

2293 1939 2371 2010 (bl
2399 1955 2457 1995 se
2485 1938 2812 1993 indilTerenti
2842 1937 2908 1991 ad
2944 1945 3188 1990 naturam
3221 1951 3375 1989 suam
3407 1942 3497 1990 est
3527 1941 3679 1989 natus
3704 1947 3862 1989 essen-

2287 2031 2380 2086 tia.
2411 2031 2565 2100 Quod
2593 2030 2800 2086 idcirco
2829 2029 3001 2085 Jndtci
3048 2027 3114 2083 ad
3165 2029 3423 2082 unionem
3477 2027 3572 2082 Dei
3616 2024 3861 2090 referunt,

2285 2124 2415 2195 quia
2445 2123 2781 2194 unigenitum
2819 2123 2986 2178 Deum
3020 2121 3292 2177 nesciunt.
3337 2120 3450 2176 Sed
3482 2133 3581 2174 nos
3612 2133 3725 2173 cum
3753 2117 3864 2172 duos

2285 2219 2416 2276 deos
2450 2234 2741 2290 negamus,
2770 2217 3141 2272 diversitatem
3176 2215 3228 2268 in
3264 2213 3432 2270 Patre
3460 2224 3517 2270 et
3565 2213 3699 2269 Filio
3739 2221 3865 2267 natu-

2287 2314 2418 2369 ralis
2467 2311 2843 2368 abominamur
2897 2310 3150 2365 essentia:
3197 2326 3209 2360 :
3243 2309 3368 2378 quia
3403 2307 3493 2373 id,
3528 2306 3670 2378 quod
3697 2316 3864 2362 nonest

2287 2405 2430 2460 Deus
2463 2415 2649 2476 prazter
2675 2421 2782 2470 me,
2827 2403 3047 2474 impiam
3088 2402 3156 2457 de
3198 2400 3347 2456 falsis
3387 2401 3499 2456 diis
3541 2401 3744 2471 perimit
3772 2399 3864 2469 opi-

2287 2498 2528 2554 nionem.
2559 2495 2691 2551 Cum
2721 2512 2853 2551 vero
2883 2510 3050 2550 unum
3087 2496 3255 2550 Deum
3298 2493 3662 2562 conﬁtentes,
3702 2491 3860 2548 Filium

2285 2608 2504 2664 quoque
2537 2593 2702 2648 Deum
2735 2592 2998 2657 dicimus;
3036 2590 3167 2644 nihil
3199 2591 3481 2645 diversum
3524 2605 3622 2660 per
3649 2589 3859 2643 substan-

2289 2687 2416 2742 tiam
2451 2688 2502 2742 iu
2534 2693 2767 2756 utroque
2794 2685 2896 2740 sub
2927 2700 3036 2740 uno
3065 2685 3284 2740 nomine
3312 2684 3694 2754 prtedicamus.

2362 2779 2556 2837 XXIV.
2606 2799 2625 2833 ε
2675 2779 2732 2835 Si
2775 2781 2897 2850 quis
2943 2779 3219 2834 voluntate
3270 2779 3363 2835 Dei
3416 2787 3686 2849 tamquam
3729 2791 3858 2832 unum

2290 2873 2492 2944 aliquid
2534 2872 2600 2927 de
2631 2881 2878 2928 creatura
2920 2872 3112 2927 Filium
3156 2871 3354 2928 factum
3395 2873 3581 2952 dicat:
3621 2871 3859 2926 anathema

2291 2966 2382 3021 sit.
2414 2984 2432 3018 ι

2364 3057 2458 3114 58.
2493 3057 2664 3114 Filius
2691 3075 2754 3114 ex
2784 3057 2879 3113 Dei
2903 3057 3215 3126 substantia,
3243 3074 3346 3113 non
3369 3069 3429 3112 ut
3457 3067 3701 3114 creatura:
3721 3073 3776 3112 ex
3798 3072 3862 3110 ro-

578 3163 922 3225 pl'ecalurus.
955 3155 1315 3211 differentiam
1344 3158 1492 3213 missi
1521 3160 1868 3231 rogantisque
1894 3160 2182 3230 signiﬁcet.
2216 3145 2262 3208 C
2294 3153 2509 3208 ltmlale.
2533 3185 2605 3196 _
2630 3151 2891 3208 Omnibus
2935 3153 3200 3208 creaturis
3244 3152 3612 3208 substantiam
3655 3151 3861 3206 voluntas

649 3245 794 3301 XXI.
822 3265 838 3298 ί
860 3247 915 3304 Si
944 3247 1064 3318 quis
1095 3249 1356 3318 Spiritum
1387 3259 1635 3307 sanctum
1663 3259 1874 3323 partem
1901 3253 2049 3308 dicat
2076 3252 2181 3308 Pa-

577 3339 677 3396 tris
707 3339 791 3396 vel
823 3339 981 3395 Filii:
1015 3343 1301 3398 anathema
1332 3343 1422 3399 sit.
1446 3361 1464 3396 ι

652 3434 742 3492 55.
779 3434 903 3490 Non
934 3445 1008 3490 est
1041 3453 1162 3508 pars
1192 3435 1371 3492 Patris
1397 3449 1488 3491 aut
1523 3437 1670 3492 Filii.
1703 3467 1774 3478 —
1805 3438 2041 3495 Stultitia
2073 3437 2184 3495 ha:-

577 3529 735 3586 retici
764 3529 966 3584 furoris
986 3529 1103 3585 htec
1124 3530 1304 3601 coegit
1325 3531 1378 3585 in
1401 3531 1601 3601 scripta
1626 3529 1858 3597 referre,
1885 3548 1990 3588 non
2010 3549 2186 3605 qtth-

583 3622 679 3679 tio.
715 3621 849 3677 Nam
905 3637 1026 3677 cum
1060 3621 1297 3694 Spiritus
1353 3622 1526 3678 sancti
1557 3638 1753 3679 nomen
1797 3623 1992 3680 habeat
2030 3641 2181 3681 suam

581 3714 1066 3784 signiﬁcationem,
1109 3724 1166 3771 et
1205 3715 1441 3784 Spiritus
1481 3727 1702 3772 sanctus
1739 3719 2042 3787 paracletus
2083 3718 2182 3773 ha-

580 3805 709 3862 beat
737 3807 1054 3863 substantia:
1083 3822 1196 3864 sua:
1224 3818 1282 3865 et
1309 3808 1545 3865 ofﬁcium
1574 3821 1627 3865 et
1655 3810 1903 3868 ordinem
1929 3854 1942 3876 ,
1975 3821 2030 3867 et
2059 3827 2184 3868 cum

583 3897 785 3968 ubique
839 3899 1244 3957 indemutabilis
1293 3901 1455 3956 Pater
1503 3912 1557 3958 et
1606 3901 1771 3958 Filius
1820 3904 2179 3974 praedicetur:

581 3991 856 4064 quomodo
889 4008 1012 4064 pars
1043 4007 1166 4050 esse
1196 4003 1288 4049 aut
1317 3994 1492 4050 Patris
1521 4003 1616 4050 aut
1644 3995 1765 4051 Filii
1794 3995 2024 4067 Spiritus
2053 4012 2181 4052 san-

582 4095 701 4143 ctus
731 4087 1036 4144 asseritur?
1071 4088 1177 4145 Sed
1209 4090 1329 4159 quia
1360 4089 1501 4146 sicut
1528 4090 1672 4145 inter
1702 4100 1899 4147 cit-tera
1941 4091 2180 4146 insania-

580 4194 702 4236 rum
739 4195 973 4250 genera,
1017 4180 1179 4236 etiam
1228 4180 1330 4237 hoc
1373 4196 1586 4253 quoqttc
1629 4181 1857 4252 proferri
1899 4182 1968 4239 ab
2006 4182 2183 4254 impiis

583 4271 764 4337 solet;
799 4272 1000 4330 idcirco
1026 4289 1054 4327 a
1088 4275 1292 4331 sanctis
1319 4275 1504 4332 debuit
1547 4276 1860 4346 improbari.
1927 4349 1935 4358 ‘

651 4363 814 4438 495
845 4365 1012 4422 XXII.
1037 4385 1056 4419 t
1079 4366 1136 4422 Si
1169 4369 1287 4438 quis
1309 4368 1523 4424 Patrem
1545 4377 1600 4425 et
1620 4367 1814 4425 Filium
1844 4378 1900 4426 et
1921 4369 2179 4442 Spiritum

579 4468 830 4514 sanctum
864 4468 978 4516 tres
1009 4459 1141 4516 dicit
1167 4461 1330 4517 deos:
1363 4462 1649 4518 anathema
1676 4463 1765 4518 sit.
1800 4483 1818 4517 ι

2292 3245 2388 3301 Dei
2416 3245 2627 3300 attulit:
2657 3245 2750 3301 sed
2780 3255 3024 3300 naturam
3052 3245 3195 3300 Filio
3221 3243 3372 3300 dedit
3395 3261 3466 3302 cx
3497 3243 3794 3316 impassihili
3815 3255 3861 3295 ac

2290 3353 2396 3394 non
2437 3349 2562 3394 nata
2613 3340 2915 3394 substantia
2962 3337 3198 3408 perfecta
3245 3339 3537 3394 nativitas.
3569 3337 3713 3392 Talia
3749 3335 3860 3389 enim

2289 3443 2481 3490 cuncta
2512 3443 2694 3490 creata
2726 3442 2882 3499 sunt,
2916 3433 3094 3503 qualia
3136 3448 3259 3488 esse
3303 3433 3450 3489 Deus
3493 3432 3689 3487 voluit:
3727 3429 3861 3486 Filius

2289 3538 2470 3585 autem
2498 3539 2655 3583 natus
2683 3544 2749 3584 ex
2774 3529 2886 3584 Deo
2908 3528 3032 3583 talis
3055 3527 3329 3594 substitit,
3353 3529 3535 3598 qualis
3559 3537 3613 3583 et
3635 3527 3762 3582 Deus
3783 3531 3860 3578 est.

2287 3621 2398 3678 Nec
2447 3621 2764 3677 dissimilem
2793 3622 2872 3675 sui
2905 3620 3074 3676 edidit
3103 3629 3296 3675 natura
3346 3630 3597 3676 naturam
3637 3639 3648 3672 :
3697 3617 3779 3674 sed
3813 3630 3860 3671 es

2289 3715 2588 3771 substantia
2615 3714 2706 3770 Dei
2735 3716 2946 3786 genitus
2975 3726 3182 3771 natura:
3209 3713 3508 3770 secundum
3541 3713 3784 3784 originem
3804 3717 3864 3762 at-

2291 3807 2442 3870 tulit,
2475 3823 2580 3861 non
2613 3807 2908 3862 secundum
2931 3816 3232 3872 creaturas,
3260 3807 3561 3863 voluntatis
3587 3805 3859 3862 essentiam.

2360 3899 2560 3954 XXVJ
2584 3900 2796 3971 Siquis,
2822 3900 3039 3956 nolente
3073 3899 3254 3965 Patre,
3288 3909 3476 3954 natum
3509 3897 3860 3954 dicatFilinm:

2286 3993 2569 4048 anathema
2599 3994 2691 4048 sit.
2719 3993 2835 4048 Non
2864 3994 3008 4049 enim
3036 3993 3257 4048 nolente
3288 4000 3440 4061 patre
3469 4000 3685 4048 coactus
3713 3989 3861 4051 Pater,

2287 4090 2371 4144 vel
2403 4089 2635 4144 naturali
2666 4090 2991 4146 necessitate
3021 4088 3234 4154 ductus,
3263 4087 3432 4162 496
3460 4105 3582 4146 cum
3612 4087 3768 4142 nollet
3792 4097 3862 4154 ge

2289 4182 2402 4237 nuit
2426 4180 2653 4250 Filium;
2681 4183 2774 4238 sed
2805 4198 2928 4238 mox
2953 4182 3148 4252 voluit,
3183 4181 3298 4237 sine
3327 4193 3574 4253 tempore
3609 4189 3662 4238 et
3697 4179 3863 4248 impas-

2286 4275 2517 4332 sibiliter
2539 4292 2606 4331 ex
2633 4291 2693 4331 se
2713 4291 2837 4332 eum
2862 4276 3194 4346 unigenitum
3220 4275 3634 4330 demonStravit.
3657 4292 3675 4326 ι

2360 4368 2451 4425 59.
2485 4367 2608 4422 Νοη
2635 4378 2802 4423 tamen
2852 4384 2915 4422 ex
2940 4369 3100 4422 invito
3127 4367 3286 4421 Patre
3312 4365 3507 4422 Filius.
3534 4397 3605 4407 —-
3625 4363 3746 4420 Cum
3772 4375 3859 4416 non

2287 4477 2353 4518 ex
2379 4461 2679 4525 voluntate,
2709 4469 2768 4515 ut
2793 4473 3019 4525 caetera,
3059 4459 3224 4516 Filius
3253 4459 3558 4517 subsistere
3586 4460 3856 4519 doceretur,

653 4552 742 4608 56.
778 4551 866 4606 Dii
906 4562 1008 4609 tres
1049 4564 1321 4626 negantur.
1346 4556 1610 4612 —Duum
1651 4556 1878 4612 deorum
1919 4557 2184 4628 professio
2210 4551 2266 4612 D
2291 4569 2359 4610 ne
2389 4554 2685 4610 secundum
2717 4553 3044 4610 voluntatem
3076 4563 3278 4608 tantum
3301 4594 3317 4620 ,
3353 4569 3460 4609 non
3501 4553 3660 4610 etiam
3698 4565 3858 4605 secun-

578 4661 703 4703 cum
733 4645 1035 4718 irreligiosa
1065 4646 1171 4716 sit,
1197 4649 1619 4720 quia.nusqnam
1663 4650 1764 4705 nisi
1806 4666 1973 4705 unum
2014 4651 2182 4706 Deum

581 4740 934 4812 praedicatum
985 4742 1396 4798 meminerimus
1447 4753 1500 4798 et
1532 4742 1933 4812 praedicamus:
1982 4754 2186 4814 quanto

580 4835 753 4907 magis
797 4835 957 4892 trium
1003 4835 1234 4894 deorum
1285 4837 1340 4892 in
1391 4836 1553 4892 Patre
1597 4846 1651 4892 et
1695 4836 1834 4892 Filio
1877 4846 1930 4892 et
1978 4836 2185 4910 Spiritu

653 4991 733 5078 la)
760 4992 915 5078 Quod
949 5002 1165 5078 praestat
1202 4995 1359 5078 salva
1385 5005 1589 5050 natum
1611 5009 1727 5078 suae1
1736 4993 2086 5078 “aequalitate.
2121 4995 2194 5053 Ut

582 5063 727 5122 enim
759 5063 986 5120 habetur
1015 5067 1065 5121 in
1098 5066 1242 5122 Psal.
1273 5083 1522 5122 cxsxvut
1546 5110 1562 5133 ,
1607 5084 1663 5122 n.
1694 5065 1798 5123 28:
1828 5063 2189 5122 ’Cmttestatam

581 5137 645 5192 de
673 5152 735 5211 se
754 5145 1051 5206 potestatem
1077 5155 1168 5211 per
1197 5141 1490 5194 reverentiw
1519 5141 1761 5194 honorem
1792 5140 1838 5193 ei
1857 5181 1870 5203 ,
1903 5140 1986 5193 cui
2016 5141 2189 5194 omnia

583 5208 881 5282 meminerat
910 5208 1206 5278 conﬁtenda
1224 5254 1240 5280 ,
1272 5211 1487 5282 subjecit
1514 5251 1528 5276 ,
1557 5228 1658 5267 non
1683 5212 1780 5265 sibi
1805 5211 2034 5265 adimens
2054 5215 2189 5278 quod

584 5279 772 5354 similia
805 5277 966 5354 Patri
983 5277 1154 5354 posset
1176 5324 1190 5348 ,
1221 5277 1311 5354 sed
1337 5277 1454 5337 eum
1485 5299 1575 5352 per
1605 5300 1752 5354 quem
1791 5283 1981 5336 similia
2021 5294 2189 5354 posset

589 5351 877 5407 ostendens.
905 5350 1042 5408 Vide
1071 5363 1226 5408 tract.
1256 5353 1397 5409 Psal.
1426 5350 1544 5409 exta
1563 5397 1578 5420 ,
1608 5350 1663 5409 n.
1694 5353 1745 5409 6.

659 5422 735 5548 si)
766 5421 1102 5548 Vlotétbulum
1140 5441 1194 5480 se
1231 5424 1321 5480 hic
1358 5425 1644 5496 adjicimus
1683 5425 2004 5480 auctoritate
2043 5441 2174 5481 mss.

659 5516 664 5543 μ
731 5535 743 5548 .
775 5510 805 5548 e
908 5509 1044 5548 erm.

585 5491 743 5549 Colb.
775 5503 829 5548 et
859 5493 1044 5550 Germ.

659 5563 836 5641 (c)_I_t_a
862 5581 994 5622 mss.
1020 5564 1091 5641 ᾼι
1113 5566 1277 5635 editi,
1311 5569 1536 5623 naturali
1563 5569 1672 5641 lege
1697 5577 1899 5625 coactus
1924 5569 2080 5624 invito
2105 5586 2179 5635 se,

586 5633 692 5711 etc.
716 5633 920 5711 [filium
953 5636 1231 5711 voluntate
1260 5633 1443 5711 natum
1476 5641 1581 5696 dici
1611 5633 1688 5696 "eo
1717 5657 1879 5697 sensu
1921 5633 2186 5711 permittit

587 5703 857 5784 Hilatjus,
886 5721 993 5776 quo
1031 5708 1126 5784 lib.
1186 5711 1362 5784 xnhde
1405 5710 1558 5766 Trin.
1593 5729 1646 5766 η.
1680 5712 1785 5779 50,
1827 5721 1883 5767 et
1910 5703 2181 5784 superius,

588 5789 645 5834 tt.
682 5775 781 5839 17,
814 5775 1215 5846 generationem
1247 5781 1390 5840 illius
1427 5775 1992 5840 creationem'vocari'
2021 5775 2182 5853 sinit,

2293 4648 2420 4702 dum
2452 4657 2695 4702 naturam
2729 4647 2954 4702 haberet
2977 4647 3304 4712 essentiam;
3333 4645 3459 4701 data
3492 4645 3747 4701 hatreticis
3779 4655 3854 4694 oc-

2288 4745 2438 4801 casio
2460 4745 2758 4811 videbatur,
2780 4754 2840 4799 ut
2860 4744 3234 4800 necessitatem
3263 4743 3372 4799 Deo
3398 4742 3533 4812 patri
3555 4737 3784 4814 gignendi
3804 4750 3855 4790 ex

2291 4857 2352 4898 se
2380 4839 2506 4896 Filii
2535 4839 2943 4908 adscriberent,
2978 4849 3248 4910 tamquam
3283 4838 3356 4911 (ε)
3389 4848 3596 4896 natura:
3634 4837 3742 4907 lege
3777 4847 3854 4888 co-

2295 4997 2362 5071 ad
2394 4996 2778 5071 removendam
2809 4997 2929 5053 scil.
2961 5011 3176 5053 omnem
3210 4996 3384 5071 Patris
3425 4995 3477 5071 in
3521 4995 3637 5071 Filii
3665 5004 3856 5071 genera-

2296 5070 2443 5125 tione
2481 5069 2785 5140 passionem
2827 5081 2918 5124 aut
2955 5070 3392 5140 repugnantiam.
3435 5067 3708 5124 Verenth
3743 5067 3854 5140 enim

2294 5152 2441 5207 esset,
2463 5132 2636 5207 inquit
2663 5141 2909 5211 apposite
2934 5132 3226 5210 Gregorius
3252 5139 3404 5204 Naz.,
3436 5141 3529 5196 0r.
3559 5153 3710 5200 xxxv,
3736 5150 3781 5188 η.
3806 5132 3850 5211 ’ἔτι

2294 5230 2355 5267 ne
2377 5202 2606 5267 coactam
2625 5202 2900 5284 quamdam
2928 5202 3300 5284 generationem
3317 5202 3678 5284 inueherentus,
3695 5223 3748 5261 ac
3769 5202 3851 5257 rel—

2293 5295 2348 5338 ut
2378 5283 2896 5362 naturtrlequoddam
2919 5280 3322 5362 jegccrementnm
3350 5280 3684 5362 (περίττωμα)
3709 5288 3850 5362 reten—

2294 5365 2447 5426 tuque
2475 5345 2678 5426 difﬁcile
2699 5397 2714 5422 ,
2745 5357 2799 5409 in
2829 5355 3142 5426 divinitatem
3171 5345 3382 5408 minime
3407 5345 3677 5425 quadrans;
3707 5345 3847 5403 Paulo

2285 5428 2444 5482 aliter
2469 5425 2696 5483 subinde
2723 5427 2890 5481 locuti
2919 5435 3046 5482 sunt
3069 5425 3352 5495 Theologi,
3373 5439 3508 5496 quos
3528 5426 3664 5479 inter
3687 5428 3847 5496 auctor

2285 5497 2382 5567 lib.
2411 5498 2910 5554 deTriniLetunit.
2940 5498 3057 5562 Dei,
3087 5497 3228 5567 apud
3255 5487 3629 5567 Kugt'tstinum,
3659 5505 3765 5559 cap.
3787 5487 3844 5539 ἓξ

2288 5566 2400 5623 Nec
2426 5571 2688 5624 voluntate
2709 5587 2801 5625 nec
2833 5565 3133 5625 necessitate
3149 5569 3320 5640 genuit
3349 5565 3505 5622 Pater
3527 5567 3574 5621 F
3574 5567 3736 5620 ilium:
3752 5573 3843 5640 non

2286 5642 2606 5704 necessitate,
2635 5642 2755 5708 quia
2785 5642 3056 5696 necessitas
3085 5633 3276 5694 in'Deo
3302 5658 3404 5695 non
3429 5649 3539 5702 est;
3567 5654 3661 5693 non
3688 5633 3842 5708 volun:

2289 5721 2411 5786 ιρις.
2431 5713 2551 5786 quia
2572 5707 2804 5786 uoluntas
2825 5715 3007 5786 prwire
3027 5712 3330 5786 sapientiam
3352 5729 3450 5766 non
3471 5719 3648 5783 potest,
3667 5719 3769 5772 qua
3785 5707 3842 5753 est
3879 5712 3882 5714 ·

2289 5782 2482 5840 Filius.
2514 5783 2686 5856 Igitur
2705 5782 2850 5857 prius
2875 5795 2948 5841 est
2976 5782 3350 5840 rationabiliter
3378 5782 3581 5856 sapere,
3609 5792 3748 5850 quam
3770 5787 3840 5826 ra-
