3936 6196
507 254 619 315 ses
1064 227 1083 238 ’
1715 232 1961 298 SANGTl
1999 223 2259 293 unum]
2296 231 2605 291 EPISCOPI
3671 237 3767 295 εει

507 381 649 440 quas
663 362 926 432 consisto,
949 371 1079 416 vere
1104 356 1274 414 Deum
1300 351 1376 426 (a)
1401 349 1667 410 nesciunt.
1689 346 1866 420 Atque
1894 348 2098 405 utinam
2127 348 2182 417 Α
2204 348 2419 421 genitus
2438 347 2583 404 Deus
2611 353 2715 413 est;
2744 358 2976 417 namque
3004 344 3156 419 origo
3184 359 3284 403 sua
3316 344 3633 427 innascibilis
3654 354 3773 409 sub-

508 462 728 533 penitus
755 455 1048 518 nescirent;
1075 463 1197 506 cum
1230 445 1555 519 procliviore
1579 444 1724 500 enim
1752 442 1908 497 venia
1951 442 2105 512 igno-
2210 442 2409 499 stantia
2428 450 2529 498 est.
2559 440 2676 497 Non
2705 456 2869 497 unum
2896 441 3278 501 subsistentem
3297 484 3311 508 ,
3338 442 3434 498 sed
3459 442 3527 515 (f)
3551 445 3775 503 substan-

508 564 720 621 rarent,
749 562 909 622 quam
949 545 1332 602 obtrectarent.
1359 538 1470 596 Sed
1496 537 1692 595 horum
1721 535 2104 607 episcoporum
2211 536 2339 597 tiam
2369 550 2475 590 non
2506 534 2863 593 differentem.
2901 533 3019 590 Non
3047 550 3212 590 unum
3251 534 3306 590 in
3332 534 3666 592 dissimilibus
3691 554 3778 595 na-

510 647 673 705 dolor
696 658 755 701 se
787 642 926 697 intra
951 635 1229 693 silentium
1258 647 1367 690 non
1402 630 1688 688 continens
1706 668 1721 697 ,
1752 628 2012 684 unitatem
2043 626 2103 681 ﬁ-
2210 629 2347 686 turis
2369 628 2466 685 Dei
2488 643 2710 695 nomen,
2737 627 2833 685 sed
2854 628 3016 685 unius
3044 628 3280 685 nominis
3301 636 3465 700 atque
3492 639 3682 687 natura:
3704 632 3781 688 in-

511 739 599 795 dei
632 734 792 805 hujus
811 728 1025 804 quaerit,
1050 742 1210 800 quam
1237 725 1349 797 jam
1378 722 1589 796 pridem
1619 736 1718 793 per
1746 720 1884 777 alios
1904 719 2105 775 amisit.
2211 720 2529 778 dissimilem
2572 721 2887 779 essentiam.
2929 719 3047 779 Non
3090 731 3440 792 prmstantem
3483 738 3780 797 quemquam

436 854 443 858 ’
510 829 643 887 Nam
676 826 765 891 illa
793 822 866 897 (b)
907 822 960 879 in
985 820 1161 892 primo
1185 819 1398 893 collatae
1423 813 1779 887 expositionis
1805 812 1940 869 ﬁdes
1969 810 2112 873 banc
2211 812 2464 884 cuiquam
2501 827 2702 885 genere
2725 813 3066 881 substantiae,
3087 813 3185 870 sed
3226 814 3534 886 subjectum
3573 815 3784 873 alterum

508 917 696 977 habuit
722 914 1141 973 necessitatem:
1172 910 1301 983 quia
1327 908 1467 981 apud
1498 907 1755 965 Sirmium
1783 920 1880 975 per
1916 904 2112 963 imme—.
2210 908 2368 967 alteri
2395 908 2673 966 nativitate
2700 918 2930 966 naturae.
2963 909 3182 965 Patrem
3211 910 3273 965 in
3294 924 3364 966 eo
3396 909 3646 980 majorem
3674 926 3790 968 esse

509 1026 720 1070 morem
749 1015 1027 1081 gestorum
1055 1019 1278 1062 suorum
1309 1002 1688 1072 dictorumque
1721 998 1909 1057 Osium
1955 1012 2111 1055 nova:
2212 1000 2356 1075 quod
2384 1010 2535 1072 pater
2557 1011 2661 1071 est,
2693 1001 2889 1058 Filium
2913 1003 2966 1059 in
2995 1017 3063 1059 eo
3083 1018 3191 1059 non
3223 1001 3491 1059 minorem
3526 1017 3637 1059 esse
3653 1004 3787 1076 quod

510 1116 567 1166 et
606 1116 789 1163 tamen
818 1103 895 1177 (ο)
938 1108 1249 1173 suppuratm
1286 1099 1397 1171 jam
1426 1097 1519 1154 diu
1548 1096 1841 1167 impietatis
1863 1093 2111 1150 doctrina
2213 1095 2356 1151 ﬁlius
2381 1105 2484 1153 est.
2538 1094 2999 1168 Signiﬁcationem
3044 1096 3343 1165 interesse,
3387 1111 3497 1151 non
3545 1095 3789 1153 interesse

507 1206 856 1274 proruperat.
901 1195 1012 1254 Sed
1051 1194 1123 1251 de
1147 1208 1214 1250 eo
1232 1190 1314 1266 (ά)
1346 1191 1420 1247 nil
1446 1191 1659 1261 loquor,
1682 1188 1772 1261 qui
1798 1187 2001 1245 idcirco
2029 1195 2114 1243 est
2213 1197 2483 1246 naturam.
2513 1189 2731 1248 Patrem
2760 1206 2869 1269 ηφ
2919 1190 3060 1246 intra
3109 1198 3354 1261 tempora
3393 1188 3650 1257 oonﬁteii,
3699 1190 3789 1246 sed

506 1301 820 1352 reservatus
844 1330 862 1360 ,
912 1303 982 1347 ne
1021 1287 1229 1360 judicio
1259 1284 1493 1342 humano
1542 1283 1882 1353 ignoraretur
1938 1280 2113 1351 qualis
2212 1281 2693 1351 cointemporalem
2720 1282 2865 1339 Patri
2887 1281 3083 1338 Filium
3110 1297 3221 1338 non
3260 1296 3481 1353 negare.
3513 1281 3716 1340 Patrem
3742 1283 3794 1339 in

508 1399 636 1448 ante
664 1390 910 1447 vixisset.
946 1383 1156 1454 Ubique
1178 1389 1358 1438 autem
1385 1376 1665 1445 scandala,
1695 1377 1897 1448 ubique
1931 1374 2111 1433 schis-
2214 1372 2353 1429 Filio
2382 1373 2702 1443 praedicare,
2733 1376 2860 1442 quia
2890 1374 3023 1431 nihil
3053 1374 3106 1430 in
3136 1388 3199 1431 se
3227 1374 3424 1430 habent
3452 1372 3617 1430 Filius
3637 1391 3664 1428 a
3704 1375 3795 1430 Pa-

505 1490 650 1541 mata
674 1521 690 1548 ,
738 1479 935 1549 ubique
976 1474 1214 1547 perﬁdiae
1250 1481 1396 1529 sunt.
1449 1472 1582 1527 llinc
1623 1469 1756 1527 illud
1786 1478 1901 1541 est,
1945 1477 2005 1524 ut
2042 1467 2113 1524 ad
2214 1476 2300 1524 tre
2324 1466 2631 1524 dissimile:
2660 1467 2857 1524 Filium
2886 1468 2938 1523 in
2961 1466 3122 1525 Patre
3148 1466 3416 1533 conﬁteri,
3448 1467 3573 1539 quia
3599 1482 3699 1523 non
3720 1476 3798 1525 est

505 1571 905 1648 professionem
945 1564 1353 1627 subscribendae
1400 1562 1524 1620 ﬁdei
1558 1562 1723 1633 aliqui
1767 1577 1988 1627 eorum,
2019 1561 2113 1632 qui
2213 1559 2435 1618 aliunde
2457 1560 2602 1632 quod
2630 1560 2774 1619 ﬁlius
2795 1570 2900 1619 est.
2927 1562 3164 1619 Mutuom
3194 1561 3301 1619 sibi
3330 1577 3399 1618 ac
3414 1562 3641 1618 similem
3669 1563 3800 1617 invi-

507 1680 635 1731 ante
683 1666 827 1725 aliud
871 1661 1204 1733 scripserant
1230 1699 1246 1728 ,
1299 1665 1646 1728 cogerentur.
1677 1654 1790 1711 Nec
1813 1669 2015 1726 queror
2043 1653 2114 1711 de
2215 1666 2332 1708 cem
2355 1662 2602 1711 naturam
2631 1669 2737 1711 non
2780 1654 2997 1711 nescire
3018 1694 3034 1719 ,
3064 1654 3191 1725 quia
3220 1669 3317 1724 par
3342 1654 3416 1710 sit
3450 1670 3466 1708 :
3493 1654 3633 1725 quod
3669 1669 3801 1711 unus

508 1757 925 1835 patientissimis
942 1757 1072 1814 viris
1093 1751 1759 1823 Orientalibusepiscopis,
1785 1751 1983 1822 quibus
2000 1747 2110 1807 sul—
2139 1764 2189 1825 Β
2214 1744 2287 1802 sit
2313 1762 2420 1803 non
2447 1746 2778 1815 existimare,
2812 1746 2938 1818 quia
2964 1762 3128 1809 unum
3178 1757 3343 1804 sunt:
3387 1762 3557 1804 unum
3598 1762 3690 1803 eos
3729 1747 3803 1804 sic

508 1853 639 1910 fecit
663 1862 784 1924 post
806 1849 1164 1921 blasphemia:
1190 1847 1525 1904 voluntatem
1544 1852 1747 1901 coactae
1770 1842 1965 1899 saltem
1985 1838 2114 1897 ﬁdei
2213 1854 2312 1911 per
2330 1839 2672 1899 iudissimilis
2701 1849 2909 1903 natura:
2937 1839 3357 1910 indiﬁ'erentiam
3403 1842 3718 1913 praedicare,
3741 1856 3803 1899 ne

505 1944 776 2017 professio
803 1960 817 1997 :
848 1938 1229 2014 gratulandum
1264 1937 1409 1994 enim
1439 1935 1657 1991 videtur
1687 1934 1741 1990 in
1789 1941 1936 1989 tanta
1967 1932 2116 1991 blas-
2214 1948 2354 1988 unus
2384 1934 2476 1990 sit.

508 2032 882 2107 phcmantium
927 2032 1308 2102 episcoporum
1352 2026 1609 2084 haeretica
1657 2024 1984 2096 pertinacia,
2015 2024 2115 2080 ali-
2284 2024 2376 2081 65.
2409 2024 2618 2081 Hilario
2658 2025 2840 2082 desunt
2865 2027 3041 2090 verba.
3069 2044 3174 2084 non
3207 2043 3409 2085 sensus.
3432 2057 3506 2070 -—-
3529 2027 3761 2099 Exposui
3788 2069 3803 2096 ,

509 2144 749 2203 qucmex
772 2126 854 2182 bis
877 2125 1076 2196 suscipi
1098 2120 1593 2195 poenitentem.Sed
1616 2120 1757 2177 inter
1780 2122 1917 2188 hanc,
1939 2120 2114 2176 obea-
2214 2115 2533 2175 Charissimi
2564 2161 2579 2187 ,
2633 2128 2892 2191 quantum
2917 2120 3139 2178 humani
3180 2121 3455 2179 sermonis
3488 2121 3805 2179 consuetudo

508 2229 596 2277 tos
617 2235 715 2275 vos
741 2218 795 2275 in
829 2218 1055 2274 Domino
1084 2225 1139 2272 et
1181 2214 1472 2287 gloriosos,
1502 2213 1592 2285 qui
1623 2213 1917 2282 perlectam
1950 2223 2114 2283 atque
2215 2214 2519 2284 patiebatur
2541 2254 2556 2281 ,
2607 2224 2664 2271 et
2694 2214 2955 2272 Dominus
2980 2215 3114 2276 mihi
3141 2213 3217 2290 (g)
3243 2231 3464 2286 semper
3490 2224 3554 2271 ut
3580 2216 3692 2285 ipse
3715 2216 3808 2272 scit

508 2312 866 2384 apostolicam
896 2309 1058 2367 ﬁdem
1085 2308 1159 2382 (ε)
1189 2307 1539 2365 εοηεεῖθιιιίω
1584 2304 1749 2379 499
1775 2305 2115 2376 Professione
2215 2323 2247 2363 a
2274 2325 2362 2369 me
2390 2318 2578 2367 oratus
2610 2309 2852 2373 indulsit,
2883 2309 3192 2367 communis
3230 2309 3359 2366 ﬁdei
3401 2310 3801 2366 conscientiam.

506 2407 828 2472 retinentes,
847 2403 1184 2474 conscriptas
1212 2401 1347 2459 ﬁdes
1375 2400 1482 2457 huc
1504 2414 1676 2471 usque
1704 2399 1962 2456 nescitis!
1994 2398 2112 2456 Non
2218 2402 2288 2459 Et
2315 2402 2364 2460 si
2402 2403 2532 2473 quid
2561 2403 2774 2470 minus,
2805 2403 2973 2461 immo
3019 2405 3142 2476 quia
3178 2404 3358 2460 annus
3387 2418 3454 2460 ac
3480 2392 3664 2475 prope
3687 2402 3804 2458 nihil

509 2504 657 2559 enim
691 2501 917 2573 eguistis
940 2499 1145 2565 littera,
1173 2497 1267 2569 qui
1289 2496 1482 2567 spiritu
1514 2495 1892 2553 abnudabatis.
1920 2493 2115 2566 Neque
2215 2494 2418 2552 dictum
2438 2504 2543 2564 est,
2575 2502 2905 2553 mementote
2933 2511 3043 2553 non
3075 2510 3297 2552 sensum
3327 2496 3464 2551 mibi
3484 2537 3501 2564 ,
3528 2496 3626 2553 sed
3656 2494 3807 2551 verba

508 2594 748 2652 oflicium
772 2609 966 2649 manus
990 2592 1058 2649 ad
1075 2589 1425 2648 scribendum
1454 2589 1827 2657 desiderastis,
1857 2588 2116 2660 quiquod
2216 2588 2428 2647 deesse.
2455 2588 2695 2661 Arguam
2732 2588 2873 2647 forte
2903 2589 2958 2644 in
2982 2604 3051 2646 eo
3073 2597 3321 2645 naturam
3347 2605 3525 2646 meam
3542 2630 3559 2656 ,
3603 2605 3707 2645 non
3735 2597 3806 2643 ta-

507 2692 674 2750 corde
698 2705 733 2745 a
750 2690 913 2749 vobis
950 2687 1298 2755 credebatur,
1334 2701 1431 2742 ore
1467 2685 1538 2742 ad
1565 2686 1795 2743 salutem
1823 2684 2115 2757 proﬁteba—
2217 2699 2342 2742 men
2370 2698 2591 2755 arguam
2613 2683 2949 2749 voluntatem
2974 2700 2988 2737 :
3018 2693 3073 2740 et
3102 2683 3327 2755 ignosco
3349 2692 3582 2749 naturae,
3604 2684 3651 2739 si
3678 2681 3809 2754 loqui

507 2790 662 2846 mini.
718 2786 828 2844 Nec
857 2785 1226 2843 necessarium
1271 2780 1536 2838 habuistis
1589 2780 1829 2853 episcopi
1885 2780 2071 2849 legere
2093 2818 2111 2846 ,
2218 2777 2286 2834 de
2313 2778 2424 2835 Deo
2452 2777 2593 2847 quod
2624 2778 2740 2833 vult
2778 2793 2884 2833 non
2911 2786 3114 2849 potest,
3140 2778 3299 2850 cujus
3336 2776 3570 2835 sufﬁciat
3595 2777 3664 2834 ad
3685 2778 3811 2833 salu-

509 2880 655 2954 quod
685 2878 990 2952 regenerati
1040 2875 1300 2947 neopbyti
1333 2873 1621 2930 tenebatis.
1673 2872 1782 2929 Sed
1813 2871 2114 2928 necessitas
2218 2877 2352 2935 tem.
2385 2870 2685 2929 credidisse
2711 2886 2833 2941 quas
2860 2871 2953 2927 Dei
2983 2880 3130 2927 sunt.

510 2970 962 3032 consuetudinem
986 2969 1186 3034 intulit,
1210 2966 1409 3038 exponi
1432 2966 1591 3032 ﬁdes,
1619 2974 1677 3022 et
1699 2965 1958 3035 expositis
1985 2965 2115 3021 sub-
2290 2964 2383 3022 66.
2420 2964 2625 3021 Transit
2649 2965 2720 3020 ad
2743 2967 2961 3023 alterum
2982 2965 3144 3021 libelli
3168 2974 3391 3036 partem.
3422 2965 3550 3021 Ante
3580 2966 3730 3035 ﬁnali
3751 2981 3807 3019 ne

514 3065 701 3123 scribi.
737 3061 840 3121 Ubi
870 3060 1014 3119 enim
1046 3073 1238 3115 sensus
1264 3055 1616 3115 conscientiae
1639 3056 2005 3129 periclitatur,
2049 3054 2114 3110 il-
2210 3059 2494 3132 judicetur.
2526 3088 2595 3103 --
2634 3059 2788 3118 Nunc
2818 3063 2941 3130 quia
2972 3057 3054 3133 (Ιι)
3084 3059 3217 3119 ﬁdes
3249 3074 3368 3117 mea
3400 3069 3565 3132 atque
3610 3067 3772 3117 vestra
3795 3100 3808 3126 ,

512 3161 584 3219 lic
608 3161 786 3216 littera
816 3156 1142 3226 postulatur.
1171 3152 1284 3211 Nec
1310 3167 1442 3210 sane
1487 3152 1655 3210 scribi
1691 3151 1938 3225 impedit,
1968 3148 2113 3222 quod
2142 3168 2189 3233 ο
2220 3163 2477 3226 quantum
2501 3154 2633 3211 mihi
2657 3154 2908 3212 conscius
2932 3170 3072 3221 sum,
3098 3154 3241 3225 apud
3290 3154 3463 3212 Deum
3510 3154 3676 3226 δα)
3718 3168 3812 3208 non

515 3254 753 3311 salutare
774 3258 860 3307 est
878 3247 1147 3305 conﬁteri.
2220 3250 2571 3320 periclitatur;
2600 3248 2883 3307 etostendi
2906 3249 3078 3311 vobis.
3095 3248 3235 3304 sicut
3262 3248 3532 3313 voluistis,
3558 3263 3683 3318 qua:
3701 3255 3813 3301 ante

582 3345 674 3403 64.
701 3344 894 3399 Hilarii
917 3342 1044 3413 ﬁdes
1066 3344 1129 3395 de
1162 3337 1317 3395 Patre
1338 3348 1383 3394 et
1401 3335 2118 3394 Filio.-Conﬁtemursane
2220 3343 2481 3413 expositae
2510 3341 2645 3400 ﬁdes
2686 3351 2872 3400 essent
2911 3342 2980 3398 ab
3005 3341 3370 3398 Orientalibus
3388 3340 3683 3412 episcopis,
3733 3336 3815 3394 sed

512 3444 569 3500 in
598 3438 772 3497 sancti
802 3436 1035 3508 Spiritus
1061 3434 1206 3491 dono
1226 3448 1443 3504 semper
1465 3432 1805 3498 innocentes,
1836 3438 1892 3487 et
1916 3429 2114 3486 scribi-
2220 3435 2412 3507 paucis
2463 3434 2729 3506 (repetam
2778 3434 2922 3490 enim
2957 3474 2973 3500 ,
3013 3433 3138 3505 quia
3196 3431 3493 3490 secundant
3544 3442 3813 3487 numerum

511 3550 633 3590 mus
655 3532 918 3599 volentes,
966 3544 1074 3583 non
1100 3526 1234 3583 deos
1266 3526 1422 3592 duos,
1450 3524 1549 3581 sed
1570 3525 1740 3580 Deum
1768 3538 1933 3580 unum
1966 3541 1981 3579 :
2021 3538 2117 3579 ne-
2222 3526 2592 3589 Ecclesiarum
2619 3525 3001 3591 Orientalium,
3025 3525 3409 3596 episcoporum
3436 3538 3734 3595 paucorum
3758 3521 3815 3577 ﬁ-

512 3642 619 3699 quc
645 3641 742 3698 per
767 3624 821 3679 id
848 3640 956 3678 non
983 3630 1039 3677 et
1061 3620 1233 3676 Deum
1262 3618 1356 3674 Dei
1391 3618 1595 3683 ﬁlium;
1625 3626 1711 3674 est
1734 3616 1879 3674 enim
1909 3632 1978 3673 ex
2006 3616 2118 3674 Deo
2221 3620 2321 3678 des
2343 3620 2446 3677 ista
2465 3629 2553 3679 est
2573 3622 2627 3693 );
2658 3622 2775 3690 ipse
2802 3636 3040 3692 quoque,
3073 3619 3203 3691 quid
3228 3619 3299 3676 de
3326 3618 3529 3676 divinis
3552 3620 3721 3676 rebus
3739 3632 3816 3673 se-

511 3720 676 3775 Deus.
709 3716 827 3771 Non
862 3713 1209 3769 innascibiles
1244 3710 1403 3777 duos,
1431 3711 1558 3782 quia
1584 3711 1909 3767 auctoritate
1934 3710 2120 3767 innas-
2222 3714 2457 3770 cundum
2480 3712 2784 3770 doctrinam
2825 3712 3181 3783 apostolicam
3207 3712 3471 3769 sentirem
3493 3753 3510 3779 ,
3550 3712 3816 3783 professus

516 3809 797 3868 cibilitatis
826 3808 969 3864 Deus
1012 3819 1150 3860 unus
1179 3813 1266 3860 est
1294 3822 1308 3860 :
1341 3819 1517 3875 neque
1548 3819 1645 3875 per
1675 3803 1727 3861 id
1757 3820 1868 3862 non
1907 3814 1961 3860 et
1988 3804 2121 3861 Uni-
2223 3821 2343 3864 sum
2367 3823 2382 3860 :
2409 3805 2675 3877 reliquum
2703 3816 2808 3875 est,
2832 3816 2890 3864 ut
2920 3805 2986 3878 (i)
3016 3821 3140 3878 quae
3157 3820 3400 3864 errorem
3436 3805 3602 3864 nobis
3618 3821 3688 3863 ex
3701 3806 3818 3861 sim-

512 3995 775 4079 Syriam
808 3985 1961 4079 Photinus‘inillyricoaliisque‘provintﬁis
1987 3989 2110 4079 [tli‘lji
2226 3997 2407 4079 ratajm
2453 3989 2786 4079 impietatem
2827 4006 2937 4049 non
2986 3990 3056 4049 de
3103 3990 3273 4057 Osio,
3316 3989 3417 4049 sed
3470 3988 3542 4048 de
3589 3988 3819 4048 doctrina

511 4058 847 4123 divinitatem
900 4059 1114 4131 penitus
1167 4058 1516 4133 reiecissent;
1551 4060 1824 4133 episcopi,
1870 4061 1960 4130 qui
2002 4061 2112 4133 illis
2218 4060 2498 4133 prmdicat.

512 4140 758 4210 impense
784 4129 1405 4210 restiterunt,.anostris
1429 4129 1610 4210 [iuberi
1638 4129 1919 4201 coeperunt
1949 4131 2112 4187 veluti
2219 4129 2246 4210 ἠ
2300 4130 2373 4210 (e)
2411 4133 2467 4187 In
2513 4133 2741 4210 vulgatis
2770 4142 2825 4190 et
2854 4134 3059 4210 aliquot
3090 4133 3612 4210 ms§.,__cons_cientia
3631 4142 3682 4210 et
3707 4148 3819 4202 pro-

510 4199 761 4265 eut'holici
790 4212 845 4259 et
870 4202 1164 4275 divinitatis
1186 4199 1385 4275 Christi
1416 4199 1776 4275 defensores;
1807 4212 1859 4275 et
1887 4214 2019 4268 tum,
2055 4212 2116 4257 ut
2221 4199 2464 4274 fessione.
2513 4199 2700 4261 Melius
2729 4207 2779 4260 in
2810 4199 3111 4275 potioribus
3157 4205 3373 4270 ϐοιδιά
3395 4205 3591 4266 Cum.
3623 4199 3816 4267 Germ,

511 4282 749 4356 loquitur
774 4276 1070 4356 Gregorius
1091 4272 1244 4356 Nec,
1387 4288 1509 4339 xm,
1534 4291 1589 4327 n.
1612 4274 1686 4328 45
1716 4292 1729 4328 :
1757 4273 1913 4328 leuior
1933 4276 2117 4345 impie-
2221 4271 2709 4356 etc.,.cons§_ien_ti(e
2736 4271 3079 4349 professione.
3113 4276 3358 4356 Namque
3386 4277 3581 4356 alludit
3602 4275 3820 4356 Hilarius

514 4343 598 4407 tas
619 4353 817 4420 pietatis
839 4343 1128 4420 opinionem
1153 4343 1361 4420 ferebat.
1459 4414 1519 4420 ω
1693 4417 1702 4420 _
1799 4416 1829 4420 Δ
1975 4343 2015 4420 ς
2223 4348 2297 4403 ad
2326 4349 2469 4415 pium
2504 4343 2762 4420 Ecclesiae
2790 4343 3015 4414 rnorem,
3047 4363 3155 4419 quo
3182 4343 3427 4418 Sytnboli
3469 4348 3632 4402 tidem
3675 4345 3821 4420 Com-

590 4414 668 4495 (n)
702 4420 815 4475 Hoc
838 4414 1097 4495 lecuolim
1125 4414 1774 4495 almtebaturVinccntius
1799 4416 2111 4486 Rogatista:
2225 4414 2522 4495 petentium
2564 4419 2741 4495 cordia
2770 4436 2896 4495 _n0n
2941 4414 3107 4475 cartie
3157 4414 3371 4495 solebat
3417 4419 3814 4495 commendare.

510 4493 578 4549 ad
600 4487 764 4565 quem
788 4487 1321 4565 Augustinus,_e|_iist.
1345 4487 1479 4565 alias
1508 4503 1686 4565 sunt,
1720 4504 2110 4565 nunexcntm.
2225 4489 2458 4565 Rursum
2490 4490 2582 4565 _ad
2627 4490 2877 4547 entndem
2918 4505 3124 4565 ntorem
3155 4491 3381 4565 respicit
3429 4490 3527 4565 lib.
3562 4490 3617 4565 in
3646 4487 3816 4565 coast.

510 4567 577 4621 21
609 4556 631 4619 ε’
656 4563 845 4618 Hilarii
879 4556 1051 4613 libros
1076 4557 1222 4633 mihi
1260 4559 1497 4633 opponis,
1546 4560 1620 4611 uti
1649 4576 1799 4633 neges
1829 4559 2119 4615 Ecclesium
2226 4577 2374 4633 num.
2400 4561 2453 4616 6.
2489 4562 2681 4633 Utique
2711 4571 2891 4617 autem
2922 4562 2998 4617 illi
3029 4564 3150 4618 loco
3172 4562 3497 4617 illustrando
3533 4562 3677 4615 valet
3700 4556 3819 4633 illud

515 4647 819 4690 crescentem
853 4634 905 4686 in
946 4630 1178 4685 omnibus
1209 4629 1443 4699 gentibus
1480 4646 1639 4695 usque
1668 4632 1717 4701 in
1738 4631 1893 4700 finem
1915 4633 2112 4686 Schuli.
2225 4630 2506 4701 Augustini
2556 4629 2732 4690 Serm.
2767 4649 2906 4689 ccxu
2939 4674 2957 4700 ,
3010 4652 3064 4687 n.
3108 4634 3183 4687 Ξῖ
3221 4633 3331 4688 Nec
3369 4643 3425 4687 ut
3470 4633 3652 4687 eadem
3679 4630 3813 4684 verba

517 4708 726 4776 Quibus
772 4706 862 4760 ille
902 4701 1193 4776 resnondet
1238 4718 1291 4776 n_.
1324 4703 1385 4755 5i
1407 4700 1593 4776 etii}.
1642 4700 1774 4756 Vide
1802 4712 1857 4776 et
1890 4718 2021 4776 quin
2052 4718 2115 4758 ea
2145 4713 2201 4774 D
2228 4700 2463 4776 Symboli
2495 4706 2740 4772 teneatis,
2772 4705 2880 4759 ullo
2932 4705 3086 4760 modo
3114 4704 3301 4759 debetis
3328 4704 3552 4759 scribere
3577 4746 3591 4766 ,
3623 4701 3709 4756 sed
3734 4716 3821 4776 alt:

518 4769 587 4834 de
613 4794 671 4833 re
692 4776 1067 4845 annotavimns
1094 4772 1225 4845 (not.
1256 4774 1307 4845 7b
1336 4772 1436 4825 col.
1473 4772 1577 4845 15⁸1
1598 4781 1732 4826 nost.
1759 4769 1935 4844 edit):
2145 4769 2187 4774 ”
2226 4769 2415 4830 άῖεηάο
2447 4769 2764 4844 perdiscere;
2795 4792 2885 4830 nec
2915 4792 3033 4831 cum
3076 4776 3367 4830 didiceritis
3390 4818 3405 4841 ,
3460 4769 3819 4845 scribcrc,_sed

591 4850 665 4921 (ὑ)
701 4847 866 4921 Editi,
896 4846 949 4898 in
984 4843 1151 4921 prima
1181 4844 1384 4897 collata:
1405 4843 1735 4921 expositionis
1762 4846 1958 4921 synodo
1985 4845 2117 4921 ﬁdes
2226 4843 2477 4921 meritorio
2505 4866 2705 4917 semper
2733 4861 2905 4904 tenere
2938 4860 3096 4916 atque
3129 4849 3373 4921 recolere:
3408 4845 3569 4921 Quod
3589 4862 3689 4899 non
3713 4843 3818 4897 licet

518 4913 657 4976 hanc
683 4917 1271 4991 habuitnecessitntein‘,
1315 4931 1433 4991 curn
1458 4913 1618 4982 apud,
1656 4924 1761 4991 etc.
1791 4913 1867 4969 ’At
1897 4932 2025 4972 mss.
2056 4918 2115 4972 in
2225 4919 2403 4976 scribi.
2437 4913 2929 4991 commentor-arioli!
2956 4913 3454 4991 promissionis_Dci.
3485 4916 3573 4971 ubi
3600 4932 3688 4991 per
3711 4928 3820 4991 εξο-

519 4993 685 5067 primo
710 4989 942 5067 (supple,
972 4985 1115 5067 loco)
1141 4986 1341 5039 collata:
1366 4980 1883 5067 (Carniconlocatm)
1912 4990 2119 5056 exposi-
2228 4991 2435 5060 pltetam
2465 4994 2818 5061 praenuntiam
2847 4980 3231 5067 Inminentem
3283 4980 3693 5067 Nouumhdiaiitx
3712 4980 3817 5067 Hoc

517 5054 671 5122 iionis
698 5054 852 5139 ﬁdes;
874 5068 979 5113 etc.
1012 5054 1115 5139 Hic
1129 5054 1563 5139 expttsantnr'qui
1595 5054 2116 5139 Ancyrzeconvene-
2228 5054 2305 5139 est
2333 5054 2709 5139 testaineutum,
2740 5061 2876 5133 quod
2907 5061 3293 5139 ordinabo_post
3322 5062 3432 5139 dies
3457 5061 3613 5125 illos,
3660 5054 3817 5139 ὀᾳριόο

518 5145 661 5198 runt,
698 5127 840 5202 quod
864 5144 1052 5183 novam
1088 5128 1205 5183 ﬁdei
1236 5129 1633 5197 expositionem
1663 5127 1842 5188 adorsi
1869 5132 1997 5186 sint.
2228 5132 2392 5203 legem
2419 5151 2583 5188 meam
2602 5136 2655 5189 in
2681 5127 2845 5189 inelite
2863 5148 3060 5199 eorum,
3085 5143 3134 5188 et
3154 5127 3206 5187 in
3230 5133 3388 5187 corde
3414 5148 3597 5187 eorum
3614 5127 3817 5203 scribom

592 5197 670 5283 (_c)
702 5197 1051 5283 llecentiores
1078 5215 1208 5283 mss.
1231 5208 1506 5283 SOPOTGIIE.

2258 5197 2369 5261 τᾶηι.
2393 5204 2582 5283 μιςλαδ
2610 5207 2681 5260 rei
2724 5197 3079 5283 signiﬁcandis
3104 5222 3260 5283 causa
3279 5203 3582 5283 3ἰηιιϋιεηάο
3610 5197 3812 5283 ngbo:

702 5276 756 5329 In
785 5270 1186 5349 excusif,_nihil
1209 5265 1413 5349 queror.
1442 5270 1576 5327 Cum
1611 5287 1924 5341 persuasum
1956 5275 2123 5349 babe-
2229 5276 2344 5349 lum
2368 5265 2601 5349 discitur,
2632 5294 2723 5332 nec
2749 5265 2805 5332 iit
2831 5265 3014 5333 tubulis
3037 5276 3114 5331 uel
3142 5278 3205 5331 in.
3237 5265 3417 5346 aliqua
3454 5265 3705 5336 violarii,
3732 5265 3811 5322 sed

518 5343 885 5403 rct'llilnrins.
926 5343 1046 5396 lidei
1079 5343 1483 5403 perversitatem
1516 5358 1580 5400 ex
1614 5360 1823 5400 morum
1854 5348 2125 5403 scaturire
2227 5347 2288 5401 in
2316 5348 2472 5402 corde
2498 5349 2755 5404 scribitur.

517 5418 808 5488 pravitate,
829 5414 965 5469 adeo
991 5422 1047 5466 ut
1069 5413 1392 5490 Fragmenta
1419 5431 1475 5478 ιι,
1502 5431 1558 5490 n.
1594 5415 1676 5481 l9,
1701 5416 1845 5472 dicat
1869 5437 1883 5472 :
1919 5418 1987 5472 Et
2020 5420 2120 5473 hoc
2304 5418 2374 5490 (Ι)
2407 5420 2545 5474 Editi
2564 5462 2581 5484 ,
2604 5422 2693 5475 sed
2718 5437 2873 5475 unam
2896 5419 3253 5476 substantiam.
3280 5418 3448 5473 Abest
3471 5432 3625 5472 unum
3646 5429 3675 5469 a
3704 5423 3809 5466 ma-

516 5487 589 5542 itu
617 5503 765 5560 stupe
780 5498 884 5560 est,
905 5494 959 5539 ut
990 5500 1105 5538 cum
1134 5487 1446 5541 incrementa
1460 5487 1705 5560 uitiorum
1735 5489 2036 5543 detrimenta
2058 5490 2113 5543 in
2229 5487 2543 5556 adscriptis.

518 5557 709 5640 arnore.
735 5557 827 5612 Dei
859 5557 1084 5640 fecerunt
1102 5599 1135 5640 θ’
1164 5573 1405 5640 vesanum
1434 5558 2113 5640 depravatfescienlirestu-
2243 5629 2254 5640 1
2307 5559 2899 5640 (g).Ru_man_us_codex,
2927 5563 3066 5621 alias
3093 5560 3620 5640 Begirmﬂhristinaa
3643 5596 3658 5619 .
3686 5563 3808 5640 uti?

520 5632 666 5685 dium
695 5631 939 5703 increscat
966 5643 983 5681 :
1016 5628 1170 5703 facile
1195 5629 1423 5703 credidit
1466 5631 1605 5684 hanc
1650 5629 1762 5703 0sii
1821 5632 2115 5703 inﬁdelita-
2230 5628 2400 5703 (quod
2425 5633 2589 5691 etiam
2614 5634 2779 5692 habet
2803 5628 2934 5697 Silv.
2958 5628 3245 5691 asecund‘a
3267 5633 3584 5703 manulnon
3607 5636 3802 5695 scalper-

518 5709 629 5753 tcm
656 5713 763 5777 non
787 5698 952 5753 fuisse
977 5699 1357 5777 subitamLSed
1398 5699 1653 5777 latentem
1688 5701 1799 5777 jam
1827 5702 1923 5759 diu
1944 5704 2113 5760 animi
2226 5698 2251 5773 ξ
2273 5698 2288 5703 ’
2306 5703 2474 5777 (ΙιΗη
2498 5714 2719 5777 vetusto
2746 5723 2847 5762 ms.
2879 5706 3061 5777 Coll...
3085 5704 3149 5759 de
3177 5704 3278 5777 [ide
3302 5698 3436 5758 mea.

516 5769 837 5842 pravitatem
868 5768 1189 5839 prodidisse.
1220 5770 1553 5842 Quamquam
1578 5768 1721 5832 forte
1742 5773 1883 5832 hanc
1902 5789 2110 5848 suppu-
2226 5768 2240 5794 "
2306 5768 2381 5846 (if
2401 5776 2554 5846 Bad.,
2579 5776 2673 5835 Er.
2698 5788 2754 5836 et
2777 5778 2894 5835 Μὶν.
2919 5797 2932 5834 :
2961 5768 3015 5833 ut
3037 5768 3288 5849 professio
3332 5790 3448 5847 qua:
3476 5783 3697 5832 errorem
3720 5777 3807 5820 κοί

2146 5958 2183 5965 ._.
