3936 6196
157 230 257 293 535

910 206 1116 286 LIBER
1153 226 1243 284 DE
1280 222 1594 297 svuoots,
1635 223 1769 301 seu
1810 228 1900 299 ns
1939 231 2098 293 FIDE
2126 232 2621 295 ORIENTALIUM.

3324 240 3431 299 526

158 341 395 416 plicilatis
418 342 703 401 securium
742 341 995 409 alierum.
1025 342 1366 414 cognoscatis
1397 343 1518 398 sine
1553 342 1732 411 Suspi-
1757 345 1802 404 Α
1834 357 2057 418 possunt
2078 349 2245 407 videri
2260 366 2381 409 esse
2395 364 2697 413 consortes.
2718 352 3126 426 Atquinitauna
3141 355 3438 414 substantia

156 440 298 496 cione
337 438 539 508 aliqua;
586 438 709 509 quia
734 436 847 508 jam
878 452 978 493 nec
1028 437 1217 493 relicta
1258 445 1339 492 est
1365 436 1640 492 audiendi.
1669 435 1739 490 Et

156 546 461 605 quamquam
485 530 599 603 jam
623 547 728 586 non
757 546 945 587 verear
967 530 1035 585 de
1062 545 1149 585 me
1183 527 1414 600 iudicari
1439 529 1736 585 secundum

156 626 530 698 expositionem
553 624 719 681 totius
740 624 884 692 ﬁdei;
906 633 1082 679 tamen
1109 623 1381 694 patimini,
1401 622 1555 695 (a)ut
1577 621 1737 678 velim

156 722 216 779 de
243 739 321 776 me
349 719 543 789 adhuc,
571 719 675 776 nisi
700 719 964 776 absolutis
984 718 1257 781 omnibus,
1281 716 1537 789 judicari.

218 816 301 871 67.
330 813 651 869 Homousion
686 814 892 885 quando
922 823 1056 871 recte
1080 810 1645 883 pradicetur.-—Multi
1671 825 1739 868 ex

161 909 322 972 nobis,
347 906 566 965 Fratres
595 906 922 971 clrarissimi,
953 905 1023 961 ita
1056 920 1219 960 unam
1249 905 1604 963 substantiam
1631 904 1736 960 Pa-

159 1004 243 1059 tris
267 1011 319 1057 et
345 999 465 1057 Filii
494 999 810 1068 pradicant,
837 1010 894 1054 ut
920 999 1089 1065 videri
1116 1000 1324 1070 possint
1349 1016 1457 1057 non
1481 1000 1655 1072 magis
1679 998 1729 1056 id

158 1095 232 1166 pie
257 1108 411 1164 quam
433 1090 599 1162 impie
631 1090 929 1161 praedicare
958 1108 970 1144 :
1004 1089 1168 1146 habet
1192 1093 1339 1153 enim
1372 1090 1477 1146 boc
1512 1090 1739 1147 verbum

161 1189 205 1243 in
230 1203 286 1243 se
312 1196 363 1243 et
387 1184 510 1242 ﬁdei
539 1185 953 1251 cottscientiam,
981 1196 1037 1249 et
1056 1184 1297 1241 fraudem
1317 1194 1582 1253 paratam.
1604 1183 1739 1239 Nam

157 1280 195 1336 si
222 1277 509 1337 secundum
542 1284 749 1335 natura:
778 1276 1167 1347 proprietatem
1193 1290 1258 1331 ac
1285 1274 1696 1333 similitudinem
1719 1316 1736 1343 ,

160 1382 209 1431 ut
230 1370 514 1429 similitudo
539 1387 642 1425 non
669 1372 909 1441 speciem
935 1367 1013 1441 (ὁ)
1036 1370 1206 1425 solam
1222 1367 1546 1436 atl‘crat,sed
1569 1383 1742 1441 genus

161 1474 351 1532 teneat;
409 1464 668 1535 religiose
715 1479 876 1519 unam
935 1464 1294 1519 substantiam
1336 1464 1693 1535 praedicamus
1721 1504 1738 1532 ,

158 1558 432 1617 dummodo
462 1574 621 1619 unam
665 1557 1022 1616 substantiam
1054 1559 1403 1628 proprietatis
1434 1557 1743 1614 similitudi-

156 1668 266 1711 nem
287 1651 682 1722 intelligamus,
715 1662 775 1705 ut
805 1650 947 1722 quod
980 1667 1142 1709 unum
1170 1660 1328 1717 sunt,
1373 1667 1479 1705 non
1508 1651 1744 1722 singula-

1838 439 2013 497 Patris
2040 452 2094 498 et
2122 443 2242 500 Filii
2268 446 2579 515 praedicata,
2608 456 2700 503 aut
2726 463 2890 505 unum
2934 449 3025 521 qui
3065 448 3200 506 duas
3232 465 3439 508 nuncu-

1840 533 2082 603 patioues
2109 535 2305 593 habeat
2333 539 2719 597 subsistentem
2746 541 3049 612 signiﬁcat;
3095 553 3183 600 aut
3212 543 3442 600 divisam

1842 640 2000 681 unam
2032 628 2411 700 substantiam,
2443 632 2576 689 duas
2595 633 2940 703 imperfectas
2974 634 3165 691 fecisse
3189 636 3444 695 suhsmn-

1841 719 1962 789 tias;
1995 732 2088 778 aut
2115 723 2330 783 tertiam
2358 725 2589 795 priorem
2617 726 2999 795 substantiam,
3024 743 3148 798 quae
3173 743 3200 782 a
3232 729 3446 789 duobus

1840 826 1896 873 et
1924 825 2179 892 usurpata
2206 818 2277 874 sit
2299 826 2355 876 et
2374 828 2675 891 assumpta,
2703 836 2821 892 quae
2850 820 3058 879 idcirco
3085 838 3187 876 una
3211 822 3438 889 dicatur,

1840 910 1966 983 quia
1987 910 2041 967 in
2056 911 2193 967 duas
2215 928 2318 967 una
2333 912 2549 969 desecta
2572 913 2662 971 sit.
2684 913 2753 969 Et
2771 915 2860 971 ubi
2884 924 3003 983 post
3021 914 3136 971 haec
3153 914 3443 970 nativitas?

1842 1001 1945 1061 Ubi
1968 1004 2152 1070 Pater,
2172 1005 2260 1059 ubi
2288 1003 2455 1061 Filius
2483 1005 2833 1077 intelligitur;
2867 1005 2910 1061 si
2935 1006 3150 1061 Patrem
3178 1015 3231 1062 ct
3250 1007 3440 1062 Filium

1845 1096 1929 1152 vel
1954 1096 2197 1152 desectio
2229 1099 2408 1168 potius
2434 1140 2448 1164 ,
2476 1098 2577 1159 ,vel
2605 1098 2891 1155 anterioris
2937 1100 3253 1157 substantia:
3286 1114 3441 1153 com-

1845 1191 2050 1256 munio,
2083 1209 2245 1264 quam
2275 1202 2481 1253 natura:
2512 1195 2766 1253 uativitas
2795 1193 3141 1267 praedicabit?

1917 1286 2013 1343 (i9-
2042 1286 2364 1345 Honwusian
2384 1305 2484 1359 quo
2512 1289 2626 1345 loco
2654 1298 2762 1347 tuto
2783 1288 3099 1362 proferatur.
3148 1318 3220 1329 —
3272 1287 3327 1343 lu
3358 1288 3445 1345 bis

1842 1378 2004 1453 igitur
2040 1389 2118 1435 tot
2147 1389 2200 1436 et
2232 1391 2341 1435 tam
2370 1381 2622 1452 gravibus
2652 1380 2775 1437 fidei
2808 1380 3063 1452 periculis
3085 1422 3100 1447 ,
3145 1380 3439 1437 verborum

1846 1470 2079 1529 brevitas
2102 1474 2456 1547 temperanda
2481 1482 2564 1530 est
2589 1490 2605 1539 ;
2656 1489 2727 1533 ne
2748 1474 2909 1543 impie
2936 1473 3039 1529 dici
3070 1473 3443 1541 existimetur,

1845 1567 1987 1638 quod
2020 1567 2106 1637 pie
2133 1566 2453 1637 intelligitur
2478 1584 2492 1621 :
2515 1582 2583 1625 ne
2599 1581 2791 1627 secura
2811 1576 2971 1638 atque
2994 1566 3281 1625 innocente
3309 1580 3446 1621 con-

1846 1659 2092 1725 Scientia,
2124 1673 2217 1728 per
2240 1659 2583 1719 occasionem
2611 1659 2920 1716 hznrcticam
2946 1698 2965 1726 ,
2988 1674 3109 1717 reus
3137 1674 3319 1716 sermo
3348 1657 3445 1713 sit.

157 1760 253 1800 rem
279 1742 675 1814 εἱαηίίίεειεξθά
688 1744 945 1810 inuenies.
967 1742 1353 1817 Altinatitalem
1379 1742 1525 1807 dico.
1555 1741 1606 1798 id
1635 1750 1741 1807 est.
1772 1733 1821 1805 Β
1852 1753 2098 1808 Dicturus
2119 1766 2277 1807 unam
2298 1751 2600 1809 catholicus
2626 1752 2980 1811 substantiam
3011 1752 3189 1808 Patris
3210 1761 3265 1808 et
3295 1750 3447 1819 Filii,

157 1834 555 1899 indill‘crentiam
604 1836 998 1903 similitudinis,
1044 1849 1103 1891 ut
1145 1836 1446 1893 similitudo
1476 1836 1744 1892 habeatur

153 1928 454 2000 aequalitas;
508 1928 789 1999 inqualitas
819 1944 950 1984 vero
976 1944 1142 1983 unum
1187 1927 1386 1984 idcirco
1435 1926 1508 2002 (ο)
1536 1927 1745 1983 dicatur

151 2041 275 2091 esse,
306 2027 430 2096 quia
459 2040 560 2095 par
588 2024 679 2091 sit;
706 2039 869 2078 unum
900 2033 1105 2084 autem.
1139 2023 1195 2077 in
1222 2038 1330 2094 quo
1350 2038 1443 2093 par
1472 2022 1746 2089 signiﬁca-

154 2127 245 2184 tur,
276 2133 379 2173 non
405 2116 472 2172 ad
497 2117 717 2172 unicum
740 2116 1077 2171 vcndicctur.
1097 2114 1211 2172 Una
1234 2114 1396 2187 igitur
1414 2115 1740 2179 substantia,

151 2208 190 2264 si
225 2226 323 2265 non
352 2226 644 2279 personam
676 2209 1067 2266 Subsistentem
1111 2210 1382 2282 perimat,
1436 2226 1537 2266 nec
1585 2226 1744 2267 unam

151 2304 490 2359 substantiam
522 2305 772 2375 partitam
808 2304 862 2359 in
891 2304 1025 2359 duos
1054 2303 1295 2369 dividat,
1322 2304 1576 2377 religiose
1608 2319 1736 2374 prm-

151 2397 399 2453 dicab'rtur
436 2415 449 2450 :
482 2414 604 2468 quae
648 2412 716 2453 ex
749 2397 1043 2452 nativitatis
1073 2396 1422 2468 proprietate,
1466 2405 1521 2451 et
1548 2411 1612 2452 ex
1650 2410 1745 2450 na-

152 2498 269 2547 tura:
313 2488 669 2545 similitudine
723 2489 797 2551 ita
849 2486 1165 2547 indilIerens
1197 2488 1302 2559 sit,
1347 2496 1408 2544 ut
1449 2504 1557 2547 una
1590 2487 1744 2543 dica~

156 2590 247 2637 tur.

211 2672 293 2731 63.
327 2671 483 2728 Vocis
506 2673 736 2745 ejusdem
758 2672 948 2743 triplex
972 2690 1151 2729 sensus
1182 2689 1393 2742 pravus.
1419 2704 1487 2714 --
1512 2672 1582 2728 At
1616 2689 1744 2729 vero

150 2770 187 2825 si
215 2769 413 2827 idcirco
436 2770 596 2831 unius
623 2768 945 2824 substantiae
968 2769 1126 2824 Pater
1147 2779 1201 2822 cl
1228 2767 1397 2823 Filius
1425 2767 1658 2834 dicatur,
1688 2774 1745 2822 ut

152 2862 229 2921 hic
246 2863 569 2930 subsistens,
591 2862 693 2921 sub
708 2861 1099 2933 signiﬁcatione
1122 2859 1246 2915 licet
1261 2860 1421 2915 duum
1439 2860 1740 2924 nominum,

153 2970 277 3015 unus
315 2971 378 3013 ac
426 2954 577 3021 solus
626 2953 697 3008 sit
728 2971 740 3008 :
784 2952 1094 3013 confessum
1133 2952 1350 3008 nomine
1378 2951 1577 3009 Filium
1606 2966 1738 3007 cou-

150 3049 357 3104 scieutia
384 3063 493 3102 non
520 3057 795 3112 tenemus,
822 3046 869 3100 si
901 3061 1059 3100 unam
1090 3045 1449 3101 subSIantiatn
1479 3041 1742 3099 conﬁtcn-

1846 1860 1955 1901 non
1985 1844 2113 1901 inde
2150 1845 2404 1914 incipiat:
2451 1860 2628 1919 neque
2666 1843 2770 1901 hoc
2819 1846 2972 1923 quasi
3021 1846 3316 1905 maximum
3364 1853 3447 1901 te‘

1847 1942 2004 1999 neat,
2058 1945 2329 2008 tamquam
2379 1936 2499 1993 sine
2529 1937 2631 1993 hoc
2675 1952 2801 1993 vera
2832 1936 2967 1992 ﬁdes
2993 1934 3136 1993 nulla
3167 1937 3255 1992 sit.
3302 1936 3448 1992 Tuto

1848 2045 2008 2083 uuam
2038 2027 2396 2086 substantiam
2451 2028 2629 2095 dicet,
2668 2044 2791 2084 cum
2833 2036 2958 2083 ante
3001 2028 3234 2091 dixerit,
3286 2027 3451 2084 Pater

1849 2122 2119 2190 ingenitus
2170 2130 2292 2189 est;
2342 2118 2509 2176 Filius
2552 2127 2712 2177 natus
2743 2130 2858 2188 est,
2891 2119 3137 2175 subsistit
3165 2136 3229 2177 ex
3259 2119 3448 2190 Patre,

1848 2212 1994 2269 Patri
2025 2213 2216 2268 similis
2236 2219 2322 2268 est
2345 2213 2566 2279 virtute,
2601 2213 2826 2280 honore,
2852 2221 3063 2267 natura.
3116 2211 3261 2268 Patri
3316 2211 3449 2269 sub-

1841 2304 2022 2376 jectus
2050 2315 2157 2372 cst,
2189 2316 2246 2359 ut
2267 2306 2474 2360 auctori
2501 2323 2513 2358 :
2571 2321 2675 2362 nec
2703 2321 2765 2361 se
2793 2321 2888 2376 per
2916 2307 3154 2376 rapinam
3183 2306 3316 2372 Deo,
3350 2322 3449 2361 cu-

1844 2397 1929 2468 jus
1955 2397 2009 2452 in
2032 2396 2203 2453 forma
2234 2399 2505 2464 manebat,
2534 2397 2808 2469 aequavit;
2869 2395 3131 2453 obedicns
3176 2414 3346 2468 usque
3375 2396 3444 2452 ad

1848 2497 2076 2545 mortem
2107 2490 2229 2544 fuit.
2288 2487 2404 2544 Non
2456 2499 2535 2544 est
2577 2504 2644 2544 ex
2683 2488 2883 2554 nihilo,
2934 2487 3030 2544 sed
3075 2486 3146 2560 (f)
3198 2488 3456 2546 nativitas

1846 2591 1948 2640 est.
1996 2581 2111 2636 Non
2140 2580 2763 2651 estinttascibilis,\sed
2809 2581 3272 2652 cointemporalis.
3322 2582 3445 2639 Non

1846 2684 1927 2730 est
1957 2684 2130 2745 pater,
2163 2672 2255 2729 sed
2282 2689 2345 2728 ex
2375 2688 2441 2729 eo
2467 2672 2608 2729 ﬁlius
2635 2683 2739 2731 est.
2771 2672 2887 2728 Non
2922 2682 3006 2729 est
3034 2673 3209 2742 portio
3240 2673 3443 2744 aliqua,

1847 2767 1943 2822 sed
1979 2777 2122 2821 totus
2148 2778 2252 2823 εει.
2301 2767 2414 2821 Non
2460 2772 2543 2821 est
2568 2767 2891 2837 auctoripse
2921 2811 2935 2834 ,
2981 2766 3074 2823 sed
3119 2768 3293 2839 imago
3316 2777 3445 2824 est:

1848 2861 2022 2931 imago
2054 2861 2145 2918 Dei
2193 2877 2257 2919 ex
2284 2861 2392 2915 Deo
2434 2862 2484 2915 in
2519 2860 2685 2915 Deum
2716 2872 2862 2916 nata.
2911 2860 3024 2917 Non
3058 2873 3138 2918 est
3169 2871 3443 2933 creatura,

1845 2953 1938 3011 sed
1972 2952 2111 3009 Deus
2139 2961 2240 3010 cst.
2312 2952 2426 3007 Non
2455 2953 2591 3007 alter
2621 2952 2761 3008 Deus
2794 2954 2844 3006 in
2875 2969 3072 3023 genere
3098 2955 3439 3023 substantiae,

1844 3045 1938 3100 sed
1972 3061 2109 3125 unus
2135 3046 2273 3100 Deus
2292 3060 2387 3115 per
2410 3044 2723 3101 substantia:
2744 3043 3099 3102 inditferentis
3124 3049 3439 3104 essentiam.

152 3150 227 3196 tes
251 3142 427 3211 ipsum
453 3140 556 3197 sibi
587 3140 802 3195 unicum
834 3154 897 3197 ac
938 3137 1264 3208 singularem
1295 3148 1348 3194 et
1378 3136 1591 3193 Patrem
1619 3152 1660 3192 c.
1682 3151 1741 3191 se
1766 3123 1813 3190 C
1844 3136 1962 3193 Non
1997 3123 2223 3209 persona
2263 3138 2399 3192 Deus
2429 3153 2565 3191 unus
2596 3146 2699 3199 est,
2750 3137 2851 3193 sed
2880 3148 3070 3193 natura
3098 3155 3111 3191 :
3154 3140 3279 3210 quia
3305 3139 3443 3196 nihil

149 3233 369 3292 dicimus
395 3246 450 3291 et
477 3233 695 3290 Filium.
721 3233 863 3301 Q.tlll
881 3232 1043 3288 etiam
1073 3240 1128 3288 et
1150 3231 1310 3302 hujus
1340 3230 1423 3301 (ά)
1448 3232 1628 3286 statim
1653 3247 1739 3286 cr-

152 3328 274 3383 roris
292 3325 531 3385 occurrit
553 3326 768 3385 occasio
790 3366 805 3392 ,
850 3333 911 3379 ut
932 3323 1137 3379 divisus
1159 3340 1190 3379 a
1207 3338 1331 3381 sese
1358 3322 1517 3379 Pater
1542 3322 1740 3378 intelli-

145 3434 302 3492 gatur,
335 3434 389 3478 et
416 3430 625 3493 partem
671 3419 985 3476 cxsecuisse
1012 3436 1129 3488 quc
1175 3426 1323 3475 esset
1356 3418 1460 3475 sibi
1492 3418 1653 3473 ﬁlius.
1680 3416 1736 3473 id

147 3515 274 3570 enim
304 3514 546 3589 barrelici
602 3528 763 3567 unam
800 3511 1159 3567 substantiam
1200 3508 1557 3581 praedicantes
1599 3523 1733 3566 con-

149 3606 362 3665 tendunt
390 3626 403 3660 :
437 3614 494 3662 et
517 3606 601 3661 his
633 3605 860 3661 multum
890 3604 991 3675 piae
1014 3602 1371 3660 confessionis
1402 3611 1602 3659 nostrae
1624 3618 1738 3659 ser-

148 3715 227 3761 mo
247 3700 541 3765 blanditur,
561 3707 622 3754 ut
641 3697 769 3754 dum
801 3698 902 3753 hoc
920 3698 1140 3755 verbum
1163 3696 1442 3753 indetittita
1474 3696 1737 3769 brevitate

148 3791 353 3848 dubium
381 3800 484 3857 est,
512 3791 756 3862 proﬁciat
786 3791 850 3845 ad
874 3807 1137 3846 errorem.
1172 3791 1269 3846 Est
1297 3801 1559 3861 prtetcrea
1582 3807 1736 3847 error

149 3882 226 3940 hic
248 3884 405 3962 501
429 3886 643 3950 tertius,
666 3894 722 3941 ut
740 3898 863 3940 cum
890 3885 1049 3939 unius
1068 3884 1378 3941 substantiae
1393 3885 1553 3941 Pater
1575 3893 1630 3941 et
1655 3884 1739 3940 Fi-

148 3977 245 4033 lius
277 3993 396 4035 esse
441 3979 672 4044 dicatur,
724 3975 1014 4047 signiﬁcari
1064 3977 1407 4037 existimetur
1432 3977 1734 4035 substantia

148 4071 300 4138 prior,
327 4085 487 4141 quam
524 4070 666 4125 inter
694 4084 753 4125 se
780 4069 885 4125 duo
929 4084 1083 4138 pares
1115 4069 1347 4127 habeant
1372 4088 1385 4124 :
1420 4085 1484 4126 ac
1511 4071 1591 4126 sic
1620 4079 1735 4127 tres

146 4176 228 4217 res
256 4177 429 4221 sermo
457 4159 1116 4233 signiﬁcet,subsmntiam
1145 4176 1331 4228 uuam,
1352 4171 1405 4215 ct
1425 4160 1561 4216 duos
1576 4162 1732 4218 unius

147 4252 443 4313 substantia:
466 4253 612 4309 velut
642 4251 977 4308 enltmredcs.
1008 4251 1075 4309 Ut
1109 4253 1252 4308 enim
1285 4252 1599 4307 cohmretles
1627 4252 1733 4307 duo

147 4354 274 4411 sunt,
302 4355 355 4401 et
381 4344 670 4400 heart-ditas
700 4344 938 4400 anterior
964 4354 1047 4400 cst
1073 4348 1227 4415 cujus
1251 4345 1357 4400 duo
1394 4356 1521 4400 sunt
1547 4346 1725 4401 cohzn-

146 4437 284 4494 redes
312 4457 325 4497 ς
355 4438 426 4494 ita
454 4438 614 4496 unius
641 4436 959 4494 substantiae
987 4438 1285 4497 anteriori
1318 4438 1425 4495 duo
1471 4438 1542 4513 (e)
1573 4455 1731 4510 pares

1843 3230 1896 3285 iu
1929 3248 1988 3287 se
2005 3232 2278 3286 diversum
2303 3245 2366 3284 ac
2388 3229 2651 3285 dissimile
2677 3229 2876 3284 habent
2903 3239 3058 3285 natus
3078 3238 3131 3285 et
3152 3246 3440 3302 generans.

1842 3322 1913 3378 Et
1942 3333 2060 3391 post
2092 3327 2242 3389 haec,
2300 3337 2458 3377 unam
2505 3321 2861 3376 substantiam
2912 3320 3085 3376 Patris
3129 3329 3183 3376 et
3208 3320 3328 3378 Filii
3357 3322 3443 3378 di-

1842 3416 2034 3484 cendo,
2080 3431 2186 3469 non
2208 3423 2361 3470 errat
2393 3432 2407 3467 :
2457 3421 2549 3468 aut
2568 3428 2730 3468 unam
2757 3412 3117 3469 substantiam
3164 3412 3436 3484 negando,

1837 3509 1947 3580 jam
1979 3517 2181 3578 peccat.

1916 3606 2004 3663 70.
2037 3605 2118 3659 Ne
2141 3603 2276 3659 mule
2296 3614 2343 3658 et
2364 3609 2480 3656 ante
2500 3600 2603 3656 alia
2626 3598 2956 3673 prmdicetur.
2979 3630 3051 3640 —
3070 3598 3243 3656 Nemo
3261 3600 3443 3672 itaque

1842 3714 1999 3757 unam
2025 3697 2380 3753 substantiam
2404 3694 2586 3767 negari
2618 3709 2645 3747 a
2670 3694 2825 3749 nobis
2849 3702 3033 3764 putet:
3056 3693 3211 3764 cujus
3239 3692 3445 3750 idcirco

1839 3790 1979 3846 ratio
2008 3788 2314 3844 ostenditur
2343 3830 2358 3854 ,
2405 3801 2471 3841 ne
2516 3794 2759 3857 negetur.
2798 3784 2970 3840 Nemo
2997 3801 3159 3842 unam
3187 3785 3442 3841 substan-

1841 3884 1966 3936 tiam
1990 3880 2140 3936 brevi
2163 3895 2226 3935 ac
2253 3877 2394 3934 nudo
2424 3892 2677 3933 sermone
2707 3885 2860 3947 putet
2895 3877 3330 3948 pradicandam:
3375 3887 3437 3933 ut

1840 3974 2271 4047 possitreligiose
2298 3972 2401 4030 dici
2419 3988 2522 4027 una
2547 3987 2671 4029 esse
2684 3974 3005 4028 substantia.
3036 3971 3152 4028 Non
3172 3974 3318 4028 enim
3331 3987 3437 4045 ego

1836 4067 2018 4135 autlio,
2037 4065 2285 4122 Christus
2326 4081 2391 4121 ex
2419 4063 2582 4120 Maria
2608 4074 2763 4119 natus
2793 4063 2953 4137 503
2975 4073 3087 4130 est;
3119 4067 3220 4121 nisi
3261 4075 3315 4121 et
3340 4082 3439 4121 au-

1835 4160 1977 4216 diant
2007 4202 2021 4226 ,
2080 4158 2147 4212 In
2168 4158 2423 4230 principio
2451 4165 2558 4210 erat
2598 4154 2815 4209 Verbum
2839 4167 2885 4209 et
2906 4154 3048 4209 Deus
3069 4168 3176 4211 erat
3213 4155 3436 4212 Verbum

1836 4250 2016 4327 (Joau.
2066 4266 2104 4317 l,
2134 4247 2208 4321 l).
2254 4248 2369 4303 Non
2394 4247 2635 4314 audiam,
2658 4246 2907 4304 Christus
2930 4248 3009 4320 (g)
3031 4249 3299 4315 csurivit;
3331 4248 3436 4305 nisi

1834 4354 1957 4418 post
1985 4342 2334 4415 quadraginta
2369 4340 2579 4396 dierum
2614 4340 2877 4411 jejunium
2918 4342 3157 4408 audiam,
3214 4341 3338 4397 Non
3376 4344 3434 4397 in

1832 4455 1964 4512 pane
1988 4438 2097 4495 solo
2125 4436 2243 4490 uiuit
2273 4435 2425 4489 homo
2453 4433 2671 4507 (Matth.
2698 4450 2769 4501 tv,
2795 4433 2877 4505 4).
2921 4433 3039 4490 Non
3072 4434 3310 4503 audiam,
3360 4436 3436 4492 si-

145 4596 492 4680 bis_mperqere
518 4595 717 4678 videtur
741 4595 1091 4680 simplicitatis
1123 4615 1184 4653 ex
1219 4614 1456 4680 sermone
1476 4599 1586 4680 sine
1606 4616 1723 4680 ιιι-ε·-
1748 4604 1803 4666 D
1900 4595 1973 4670 (c)
2015 4597 2071 4679 in
2125 4596 2387 4679 vulgatis,
2437 4597 2642 4680 dicitur.
2688 4597 2884 4680 Yerius
2922 4598 2975 4680 in
3021 4614 3151 4655 mss.
3207 4600 3431 4669 dicatur,

144 4669 324 4741 [titione
359 4669 557 4741 aliqua,
586 4668 709 4737 quia
726 4669 840 4734 jam
876 4684 969 4723 nec
1010 4670 1169 4725 relata
1197 4680 1301 4734 est,
1335 4670 1591 4724 audienda
1631 4672 1715 4725 sit.

143 4737 275 4809 [λβ.
303 4751 353 4797 et
382 4737 505 4799 Par.
533 4753 547 4792 :
576 4748 633 4793 ut
674 4754 793 4808 qua:
815 4756 1038 4795 errorem
1080 4742 1219 4795 nobis
1265 4757 1327 4795 ea:
1373 4741 1721 4809 simplicitatis

144 4813 391 4869 securitate
414 4809 663 4884 aferunt,
687 4812 1006 4884 cognoscatis
1027 4812 1505 4884 sirteAsciscitatione
1523 4814 1716 4884 aliqua,

173 4884 372 4953 uiojam
398 4900 488 4937 nec
510 4882 689 4936 relicta
710 4892 784 4953 est
819 4883 1099 4938 (radiantia.
1133 4882 1474 4953 Castigantur
1495 4900 1559 4939 ex
1585 4882 1716 4940 mss.

185 4951 347 5013 imeus
375 4955 632 5016 Hilarius,
664 4968 730 5007 ne
757 4951 896 5009 forte
939 4956 1077 5011 male
1099 4951 1317 5019 audiat,
1361 4955 1449 5009 ubi
1475 4956 1722 5013 hnmteu-

143 5025 253 5081 Sion
278 5028 445 5096 prima
467 5024 644 5096 fretae
675 5025 989 5096 approbare
1016 5026 1305 5094 videbitur,
1330 5028 1570 5096 quamvis
1603 5037 1722 5095 post

144 5104 242 5149 tam
280 5093 531 5154 disertam
563 5093 690 5150 ﬁdei
728 5093 840 5155 suae
889 5095 1310 5153 declarationem
1346 5093 1488 5152 nulla
1534 5093 1720 5154 rel—icta

144 5167 209 5225 sit
248 5171 379 5231 male
415 5166 667 5223 audiendi
713 5168 950 5233 occasio,
985 5168 1070 5227 bis
1118 5169 1295 5224 verbis
1325 5183 1540 5225 omnem
1589 5186 1618 5225 a
1667 5186 1727 5225 se

524 5253 778 5309 nutavere
809 5247 984 5295 curat.

421 5325 552 5393 mss.
601 5306 704 5393 nisi
745 5311 889 5393 quod
916 5318 968 5367 in
999 5312 1301 5371 recentiore
1322 5311 1510 5376 Carm,
1540 5320 1594 5367 ut
1625 5329 1727 5367 non

146 5380 304 5440 uelim.
331 5385 401 5438 At
419 5381 572 5447 editi,
598 5392 654 5434 ut
676 5380 854 5436 nolim.

169 5452 281 5531 ΠΨ)
316 5455 460 5531 Par;
483 5464 605 5523 Ρυει
631 5450 893 5531 ίξίνείυιρ.
922 5456 1141 5525 speciem
1167 5471 1361 5531 manu
1381 5453 1602 5531 Rectius
1635 5455 1724 5531 alii

148 5520 279 5589 libri,
326 5520 542 5595 speciem
586 5520 782 5595 soloin;
828 5524 879 5578 id
925 5520 1029 5594 est,
1073 5543 1234 5583 uuam
1281 5525 1641 5587 substantiam
1682 5527 1726 5579 si

148 5594 493 5661 pradicant»
509 5609 637 5659 cum
652 5594 1023 5670 similitudine,
1052 5614 1173 5670 qua:
1195 5613 1298 5653 non
1322 5598 1551 5655 formam
1576 5598 1729 5655 dum-

307 5676 615 5738 esternaut,
640 5664 741 5723 sed
767 5674 821 5721 ct
844 5682 1015 5737 genus
1040 5664 1102 5726 ac
1126 5681 1375 5727 naturam
1410 5678 1612 5738 teneat,
1645 5684 1731 5725 re-

153 5731 327 5804 ligiose
353 5731 730 5807 prtedieamus.
846 5731 877 5737 ⁷
1599 5731 1609 5738 ’
1684 5750 1687 5751 ⁷

1830 4669 2119 4743 prmposita
2152 4671 2297 4739 prius
2328 4670 2589 4739 particula
2614 4677 2670 4723 ut
2698 4669 2750 4724 id
2785 4671 3110 4740 postulante.

1898 4763 1981 4835 (di
2018 4761 2109 4817 Sic
2137 4776 2267 4816 mss.
2299 4761 2368 4815 At
2396 4761 2549 4828 editi,
2581 4761 2738 4835 Imjns
2760 4762 2899 4835 tanti
2926 4761 3134 4835 erroris.
3156 4761 3300 4835 __l\_lox
3332 4778 3430 4819 co-

1956 4833 2138 4959 Rom:
2171 4849 2234 4887 ea:
2257 4849 2308 4887 se
2330 4835 2568 4887 secuisse.
2595 4830 2814 4897 COnfer,
2858 4832 2902 4886 si
2941 4831 3111 4898 lubet,
3156 4833 3247 4888 lib.
3281 4850 3332 4889 tv
3361 4835 3429 4891 de

1875 4922 1975 4961 rm.
2009 4922 2063 4959 n.
2139 4945 2151 4959 .
2380 4938 2383 4941 η

1875 4922 1975 4961 l‘lll.
2009 4922 2063 4959 η.
2099 4922 2151 4959 4.
2380 4938 2383 4941 π

1899 4995 1970 5067 (ρ)
2012 4995 2124 5051 Vox
2155 5010 2304 5063 pares
2324 5009 2444 5051 cum
2473 4993 2716 5063 sequenti
2751 4994 2917 5051 verbo
2941 5010 3052 5048 esse
3085 4992 3432 5051 desideratur

1830 5068 1885 5127 in
1917 5066 2063 5137 prius
2094 5066 2345 5136 vulgatis.

1904 5157 1973 5231 (ι’)
2006 5158 2240 5225 Lipsius,
2275 5173 2348 5231 ac
2370 5166 2488 5226 post
2510 5172 2631 5210 eum
2660 5154 2809 5231 Pan,
2843 5158 2934 5212 sed
2963 5169 3117 5216 natus
3150 5173 3223 5217 est
3268 5182 3288 5222 :
3316 5182 3423 5224 non

1832 5228 1959 5290 alio
1996 5243 2161 5285 sensu
2194 5269 2208 5294 ,
2257 5228 2351 5282 sed
2411 5237 2587 5281 tamen
2640 5228 2844 5298 absque
2898 5234 3239 5291 auctoritate.
3298 5238 3427 5294 Pes.

1832 5302 1967 5359 sitne
2005 5309 2184 5355 autem
2222 5309 2407 5369 postea
2434 5299 2831 5368 contemporah’s
2870 5315 2993 5355 cum
3021 5306 3240 5376 reliquis
3264 5309 3426 5366 editis

1832 5381 2016 5438 habet.

1906 5453 1984 5525 (g)
2023 5448 2209 5505 Obiter
2235 5448 2527 5525 observare
2549 5457 2653 5512 est,
2683 5464 2840 5521 quam
2875 5467 2979 5506 non
3011 5464 3169 5525 neget
3197 5456 3432 5515 llihrius

1835 5520 2110 5580 Christum
2138 5520 2414 5592 esuriisse,
2437 5520 2638 5585 sitisse,
2662 5520 2715 5576 et
2733 5536 2948 5592 passum
2983 5520 3103 5580 esse
3130 5531 3427 5585 secundum

1841 5594 2110 5649 hominem
2138 5610 2151 5643 :
2181 5591 2307 5646 dum
2338 5595 2450 5646 ltmc
2483 5594 2551 5647 ita
2583 5591 2919 5655 considerari
2947 5594 3079 5660 vult,
3126 5611 3183 5655 ut
3214 5600 3353 5655 aliud
3380 5604 3433 5658 in

1840 5663 2270 5793 egeatéeudattlr,
2326 5663 2466 5736 quod
2496 5678 2715 5734 prorsus
2749 5678 2941 5734 expers
2975 5677 3092 5724 erat
3120 5668 3433 5742 hujusmodi

1844 5753 1875 5791 a
1948 5751 1976 5793 c
2007 5748 2208 5792 tonum.

1844 5742 2208 5793 aﬂ’ectionum.
