3936 6196
490 257 599 315 527

492 372 616 430 tivit
639 389 656 439 ;
709 369 813 426 nisi
838 366 1069 430 audiam,

497 470 622 525 dero
658 468 742 536 ei,
802 481 901 520 non
929 460 1063 517 sitiet
1100 457 1155 510 in
1186 464 1431 510 (sternunt
1459 448 1641 521 (Joan.
1677 461 1762 513 tv,
1819 443 1933 511 l5).
1978 440 2095 495 Non

496 561 735 628 audiam,
763 556 1009 613 Christus
1036 562 1229 620 passus
1253 555 1374 610 est;
1422 541 1524 600 nisi
1547 540 1761 596 audiam
1789 578 1803 603 ,
1844 533 1997 589 Nunc
2025 542 2099 587 est

499 654 630 709 hora
678 623 733 704 ut
773 646 943 702 Filius
995 640 1216 697 hominis
1266 635 1579 705 clariﬁcetur
1613 629 1795 703 (Joan.
1821 642 1931 693 xu,
1976 623 2096 696 ἓξ).

493 744 614 802 Νοη
647 740 881 805 audiam,
916 743 1161 791 mortuus
1189 740 1310 796 est;
1372 726 1475 783 nisi
1502 724 1738 788 audiam,
1773 715 2096 775 resurrexit.

496 834 641 895 Nihil
671 831 973 889 solitarium
1014 843 1083 885 ex
1111 824 1310 883 divinis
1335 818 1690 878 sacramentis
1726 814 1793 870 ad
1830 810 2098 882 suspicio-

493 950 622 992 nem
643 930 979 988 audientium
1010 934 1064 984 et
1101 924 1170 980 ad
1216 920 1563 979 occasionem
1605 909 2099 985 blasphemantium

493 1025 854 1099 proferamus.
931 1021 1075 1077 Ante
1120 1011 1592 1079 nativitas.Filii,
1634 1014 1762 1065 ante
1811 1001 2098 1074 subiectio,

493 1130 623 1175 ante
649 1113 950 1173 similitudo
970 1122 1176 1168 natura:
1199 1104 1545 1181 praedicanda
1570 1110 1684 1159 est:
1712 1108 1772 1155 ut
1803 1113 1909 1154 non
1934 1094 2101 1164 impie

491 1213 656 1269 unius
686 1224 809 1266 esse
836 1219 891 1265 et
918 1207 1080 1263 Pater
1114 1212 1166 1260 et
1194 1200 1365 1258 Filius
1393 1195 1709 1255 substantia:
1750 1190 2098 1264 prmdicetur.

491 1302 565 1361 Et
586 1317 696 1361 non
718 1301 977 1372 intelligo,
1003 1313 1102 1354 cur
1120 1303 1249 1353 ante
1277 1301 1474 1349 caetera
1503 1300 1775 1360 tamquam
1799 1284 2100 1342 maximum

493 1408 551 1456 et
578 1397 920 1470 potissimum
964 1402 1019 1449 et
1045 1386 1347 1447 solitarium
1376 1381 1781 1456 praedicandum
1808 1379 1876 1434 sit
1903 1419 1918 1444 ,
1957 1372 2103 1446 quod

494 1507 601 1550 nec
628 1491 716 1562 pie
744 1489 915 1561 possit
941 1494 1067 1542 ante
1108 1492 1308 1540 caetera
1334 1476 1654 1552 praedicari,
1685 1483 1741 1531 et
1776 1473 1887 1545 jam
1937 1468 2103 1541 impie

494 1598 727 1643 necesse
747 1583 818 1637 sit
839 1590 963 1653 post
990 1586 1190 1634 czetera
1211 1571 1492 1645 denegari.

564 1680 656 1735 7i.
690 1673 761 1730 Et
812 1675 898 1747 pie
941 1673 1045 1727 dici
1076 1679 1263 1744 potest,
1317 1675 1363 1722 et
1400 1666 1483 1739 pie
1529 1661 1704 1718 taceri.
1738 1690 1809 1701 —
1846 1656 1963 1714 Non
1995 1663 2098 1722 est,

1686 229 1930 290 SANCTI
1971 225 2227 285 lllLARll
2267 220 2577 281 EPISCOPI

1113 361 1213 428 Qui
1236 357 1415 413 biberit
1440 354 1505 410 de
1526 368 1677 423 aqua,
1702 365 1854 422 quam
1884 363 1976 419 ego
2003 346 2091 398 de-
2118 345 2170 407 Α
2198 339 2566 396 Prtedicantes
2592 335 2795 406 itaque,
2826 331 3046 386 Fratres
3075 323 3398 389 charissimi,
3432 321 3642 377 similem
3667 321 3750 376 Fi-

3655 208 3749 266 538

2203 436 2333 490 lium
2390 433 2443 487 in
2494 429 2746 487 onmibus
2767 424 2934 490 Patri,
2990 421 3119 478 nihil
3166 418 3310 474 aliud
3342 432 3495 487 quam
3520 415 3750 485 aequalem

2204 525 2578 597 praedicamus.
2621 519 2883 578 Perfecta:
2903 513 3228 588 :equalitatis
3250 508 3644 581 signiﬁcandam
3672 508 3755 560 lia-

2201 621 2293 678 bet
2322 617 2619 676 similitudo
2661 633 2674 669 :
2707 624 2761 669 et
2791 613 2894 668 hoc
2919 627 2984 666 ex
3038 606 3241 664 sanctis
3265 603 3554 673 Scripturis
3574 600 3758 655 intelli-

2200 714 2434 787 gendum
2465 719 2567 767 est.
2599 705 3027 779 503Legimus
3052 700 3131 773 (d)
3164 711 3424 768 namque:
3455 693 3593 748 Vixit
3616 702 3761 747 autent

2202 809 2367 864 Adam
2385 805 2615 861 ducentis
2641 804 2851 874 triginta
2874 798 3025 855 annis
3047 837 3062 862 ,
3094 804 3142 852 et
3169 793 3339 866 genuit
3369 788 3638 845 secundum
3664 787 3764 858 eni-

2202 905 2336 977 giem
2351 918 2497 957 suam
2517 896 2857 955 etsecundum
2879 889 3264 948 similitudinem
3278 901 3447 952 suam,
3471 894 3516 938 et
3537 882 3769 954 cognomi-

2203 974 2344 1053 navit
2370 1010 2554 1049 nomen
2583 992 2692 1060 eius
2719 988 2848 1045 Seth
2876 984 3029 1059 (Gen.
3081 999 3136 1051 ν,
3165 981 3243 1054 5).
3277 980 3475 1049 Quaero
3500 974 3769 1046 cuiusmodi

2204 1085 2613 1145 similitudinem
2645 1092 2699 1138 et
2712 1080 2944 1152 efﬁgiem
2958 1092 3110 1134 suam
3127 1073 3297 1130 Adam
3320 1071 3375 1128 in
3385 1068 3514 1127 Seth
3528 1067 3766 1140 genuerit.

2203 1181 2360 1239 Tolle
2385 1192 2674 1253 corporum
2704 1174 3068 1237 inﬁrmitates,
3088 1168 3218 1225 tolle
3245 1174 3541 1237 conceptus
3563 1162 3768 1228 initium,

2204 1276 2339 1333 tolle
2364 1274 2585 1331 dolores
2625 1270 2699 1346 (e)
2747 1264 3094 1341 partitudinis
3117 1306 3133 1333 ,
3183 1269 3239 1318 et
3263 1273 3483 1317 omnem
3514 1256 3770 1313 humanam

2206 1369 2585 1428 necessitatem
2616 1383 2630 1420 :
2681 1377 2868 1435 quaero
2907 1356 3204 1416 similitudo
3234 1354 3355 1410 haec
3377 1397 3392 1421 ,
3444 1350 3631 1423 qumin
3657 1348 3775 1406 Seth

2205 1476 2310 1533 est,
2334 1472 2512 1519 utrum
2541 1475 2639 1531 per
2662 1466 2911 1513 naturam
2934 1448 3218 1509 dissentiat
3240 1443 3476 1511 auctori,
3504 1450 3596 1499 aut
3617 1453 3773 1498 utrum

2207 1556 2428 1613 alterius
2451 1553 2671 1627 generis
2700 1548 2936 1606 essentia
2966 1545 3127 1602 fuerit
3152 1544 3206 1599 in
3251 1550 3482 1612 utroque
3510 1583 3525 1607 ,
3582 1553 3642 1595 ne
3677 1552 3772 1593 non

2204 1651 2505 1708 naturalem
2535 1645 2785 1703 habuerit
2813 1642 2946 1699 Ada:
2975 1639 3109 1697 Seth
3134 1647 3291 1693 natus
3321 1634 3632 1692 essentiam.
3681 1631 3778 1689 Sed

497 1774 721 1834 Fratres
752 1766 1059 1828 charissimi
1078 1726 1101 1835 ⁸,
1126 1779 1235 1821 una
1260 1726 1434 1819 Patris
1463 1768 1518 1814 et
1543 1756 1667 1814 Filii
1694 1751 1937 1824 neganda
1966 1750 2093 1805 sub-
2131 1736 2176 1797 Β
2203 1743 2497 1803 similitudo
2527 1741 2658 1797 Adae
2684 1748 2790 1806 est,
2826 1735 2894 1810 (ι’)
2945 1733 3158 1791 etiamsi
3183 1744 3440 1803 negemus
3464 1746 3479 1797 ;
3540 1726 3657 1799 quia
3681 1739 3777 1782 non

496 1870 732 1931 stantia:
764 1865 841 1941 (a)
875 1864 975 1922 sed
1003 1877 1105 1919 nec
1127 1852 1571 1916 irrationabiliter
1598 1845 1960 1923 praedicanda.
2017 1843 2100 1899 Sit

492 1982 603 2025 una
650 1959 953 2021 substantia
997 1973 1065 2014 ex
1118 1963 1325 2011 natum
1360 1948 1556 2022 genitze
1584 1942 1944 2017 proprietate;
1987 1952 2095 1992 non

490 2061 565 2119 sit
594 2069 688 2115 aut
715 2072 780 2113 ex
811 2053 1060 2126 portione
1084 2091 1101 2119 ,
1142 2054 1238 2103 aut
1265 2060 1330 2100 ex
1360 2042 1559 2099 unione
1579 2080 1595 2107 ,
1639 2046 1732 2092 aut
1760 2050 1825 2090 ex
1851 2044 2096 2087 commu-

491 2155 679 2212 nione.
738 2122 925 2205 Potest
949 2158 1055 2200 una
1086 2136 1389 2197 substantia
1420 2134 1495 2206 (b)
1530 2131 1615 2203 pie
1641 2128 1744 2185 dici
1764 2170 1777 2194 ,
1827 2134 1882 2181 et
1904 2122 1990 2194 pie
2019 2131 2098 2176 ta-

492 2247 629 2306 ceri.
689 2242 867 2299 Habes
895 2236 1256 2301 nativitatem,
1298 2229 1468 2285 habes
1496 2220 1926 2282 similitudinem.
1956 2214 2097 2283 Quid

491 2340 646 2399 verbi
674 2334 997 2394 calumniam
1027 2326 1327 2400 suspiciose
1351 2331 1633 2395 tenemus,
1674 2316 1754 2370 rei
1795 2310 2100 2381 intelligen-

490 2439 569 2495 tia
622 2451 730 2491 non
785 2423 1148 2486 dissidentes?
1214 2418 1544 2481 Credamus,
1603 2421 1656 2468 et
1704 2409 1949 2466 dicamus
1975 2419 2097 2461 esse

491 2543 655 2586 unam
700 2521 1088 2581 substantiam;
1130 2511 1228 2571 sed
1278 2525 1377 2582 per
1425 2515 1632 2563 natura:
1682 2499 2090 2574 proprietatem,

489 2638 601 2679 non
630 2618 699 2677 ad
724 2611 1170 2689 signiﬁcationem
1196 2604 1377 2675 impia:
1407 2596 1643 2657 unionis.
1683 2592 1800 2649 Una
1832 2590 1901 2647 sit
1934 2605 2002 2646 ex
2027 2587 2099 2642 si-

491 2713 821 2779 militudine,
861 2721 967 2763 non
996 2719 1064 2761 ex
1090 2696 1405 2757 solitudine.

564 2829 657 2885 7‘2.
713 2823 829 2879 V0.1;
874 2814 1188 2874 lwmaeusion
1234 2826 1301 2864 an
1356 2805 1531 2860 minus
1579 2798 1803 2873 prapria.
1855 2823 1929 2836 —
1990 2789 2097 2847 Sed

487 2923 629 2982 forte
659 2930 849 2991 parum
880 2904 1226 2984 proprietatis
1278 2902 1331 2956 in
1362 2913 1422 2954 se
1451 2894 1656 2951 habere
1685 2886 1985 2946 similitudo
2015 2884 2098 2938 vi-

491 2975 705 3072 d'eatui'.
755 2975 1088 3064 Hoc-siest,
1140 3007 1326 3067 qumro
1372 3002 1479 3061 quo
1525 2983 1687 3041 modo
1716 2979 1921 3053 possim
1964 2975 2099 3030 alte-

491 3124 612 3167 rum
644 3103 714 3161 ad
749 3101 914 3156 alium
945 3094 1048 3150 nisi
1078 3105 1174 3162 per
1201 3081 1606 3143 similitudinem
1638 3072 1962 3147 comquare?
1991 3070 2101 3126 Aut

490 3195 755 3268 numquid
780 3207 888 3249 non
918 3188 1061 3245 idem
1089 3194 1173 3242 est
1193 3223 1207 3248 ,
1262 3193 1386 3237 esse
1414 3176 1487 3249 (ο)
1515 3173 1721 3232 similes
1743 3169 1883 3243 quod
1916 3180 2098 3237 sequa-

485 3293 615 3353 les?
646 3261 717 3346 Si
759 3297 927 3343 unum
971 3278 1132 3344 dico,
1181 3274 1345 3331 habet
1387 3279 1442 3326 et
1495 3266 1641 3323 unici
1688 3261 2094 3333 suSpicionem:

485 3390 535 3448 si
559 3385 791 3445 similem
821 3378 1033 3442 dixero,
1100 3368 1265 3425 habet
1320 3356 1680 3420 indifferentis
1729 3351 2093 3424 comparatio-

484 3498 635 3541 nem.
709 3475 854 3531 Inter
892 3467 1128 3527 similem
1178 3470 1234 3516 et
1280 3472 1446 3514 unum
1494 3465 1684 3524 quaero
1719 3460 1881 3518 quem
1908 3445 2090 3499 locum

489 3538 692 3633 habeat
715 3563 976 3638 aequalis:
1007 3568 1062 3615 et
1081 3558 1358 3623 interrogo
1387 3556 1565 3603 utrum
1598 3538 1967 3599 similitudinis
2000 3550 2098 3606 po-

487 3666 618 3732 tius,
647 3669 741 3717 aut
767 3629 1074 3714 solitudinis
1104 3662 1191 3704 res
1218 3644 1309 3700 sit.
1351 3641 1470 3697 Non
1493 3647 1578 3693 est
1605 3632 1886 3705 inqualitas
1908 3630 1962 3686 in
1985 3629 2094 3685 dis-

488 3722 758 3817 similibus
781 3794 797 3820 ,
858 3762 961 3805 nec
981 3738 1283 3802 similitudo
1314 3744 1399 3793 est
1427 3735 1566 3789 intra
1593 3744 1781 3785 unum.
1830 3725 1935 3781 Aut
1966 3722 2095 3796 quid

490 3851 747 3910 differunt
772 3818 1004 3905 similes,
1027 3844 1082 3891 et
1110 3831 1351 3903 mquales
1380 3844 1394 3893 ;
1444 3834 1506 3881 ut
1531 3825 1598 3880 ab
1619 3838 1729 3879 uno
1760 3822 1955 3876 iterum
1978 3818 2094 3874 dis-

490 3946 747 4001 cernatur
774 3928 1031 4005 :equalis?
1084 3924 1207 3981 Non
1232 3928 1356 3977 sunt
1382 3917 1565 3989 itaque
1591 3911 1883 3970 dissimiles
1911 3926 2092 3981 mqua-

489 4036 591 4092 les.
633 4032 704 4087 Et
730 4025 856 4101 quid
878 4020 1036 4079 aliud.
1058 4024 1283 4090 possunt
1305 4027 1426 4070 esse
1477 4008 1683 4065 similes
1723 4021 1884 4077 quam
1913 4018 2094 4076 sequa-

491 4130 607 4194 les,
632 4138 755 4183 cum
786 4122 839 4175 in
865 4111 1224 4174 dissimilibus
1252 4123 1359 4164 non
1382 4106 1452 4162 sit
1478 4101 1804 4172 aequalitas?

562 4189 655 4275 7'5.
696 4212 1072 4285 Equalitatem
1095 4205 1373 4276 perfectam
1407 4196 1667 4269 signiﬁcat
1686 4189 1971 4248 similitudo
1996 4206 2095 4245 na-

490 4328 638 4375 turae.
693 4309 844 4380 Quod
874 4303 1046 4377 Moysi
1071 4296 1375 4365 similitudo,
1402 4294 1459 4349 id
1477 4290 1672 4349 θοαηηὶ
1695 4287 1986 4361 wqualitas.
2024 4315 2097 4327 —-

488 4498 502 4527 -'
565 4492 647 4565 (a)
669 4490 819 4565 Lips.
844 4493 901 4565 et
925 4483 1074 4562 Pan,
1104 4474 1304 4565 sedne

495 4535 906 4638 sequenti'av'sie
925 4535 1345 4638 'c‘onjungentes
1378 4584 1393 4609 ,
1441 4540 1872 4638 lirrationabiliter
1898 4535 2095 4638 pi;ng-

466 4669 470 4673 -
790 4604 905 4685 una
917 4604 1222 4687 substantia,
1249 4604 1389 4683 etc.,'
1405 4612 1646 4669 efﬁciunt
1667 4624 1885 4667 sensum
1899 4604 1978 4662 'ab
2007 4604 2100 4661 lli-

495 4710 634 4767 lario
664 4706 921 4762 alienum.

502 4862 505 4863 ν
571 4799 646 4873 (b)
702 4798 775 4873 lta
808 4785 1160 4873 in_ms_s..nisi
1198 4779 1343 4857 quod
1370 4778 1425 4835 in
1447 4775 1669 4833 Carnut.
1704 4781 1761 4829 ut
1789 4772 1844 4828 in
1874 4768 2104 4840 vulgatis

497 4862 694 4937 exstat,
744 4866 900 4938 impie
941 4862 1069 4917 dici.

573 4966 647 5035 (ε)
681 4934 780 5019 Sic
806 4934 907 5035 nis.
940 4954 1103 5035 Carn.
1135 4950 1240 5035 alii
1267 4956 1444 5035 autem
1465 4986 1479 5010 ,
1536 4939 1730 5035 similes
1769 4946 1815 4993 et
1841 4934 2101 5006 azquales:

500 5014 1005 5096 ubiveditivliabent,
1042 5025 1211 5080 simile
1239 5020 1376 5094 quod
1405 5014 1622 5087 wquale.

574 5129 657 5198 (ά)
687 5124 968 5198 Origenes,
990 5117 1086 5198 lib.
1116 5132 1135 5170 ι
1166 5097 2101 5198 Periarehzmlite}:2

498 5169 675 5274 ιδιδῖἰέ
691 5169 1345 5274 ῗοιῧιμιοιιιξιιψὶηιθείηειη
1381 5169 1651 5274 interdum
1701 5174 1751 5229 id
1774 5172 1900 5237 dici,
1946 5169 2095 5274 quod

499 5243 1002 5340 Ej‘ﬁg-g..jiis"ii{i£{gb
1033 5243 1379 5340 estnaturam
1407 5252 1855 5340 obtineat‘,.caque
1886 5243 2096 5340 ratilone

498 5313 695 5399 filii-him
713 5313 895 5395 Patris
917 5313 1206 5401 imaginem
1253 5322 1585 5401 nuncupari:
1617 5313 1782 5401 “sicut
1813 5313 2095 5401 secundum

1327 5383 1454 5473 Adit}
1475 5409 1580 5473 esse
1604 5390 1769 5473 ﬁliuni
1797 5386 1911 5457 ejus
1939 5383 2091 5473 Sfth;

1031 5455 1242 5549 estht
1270 5467 1443 5549 genuit
1465 5455 1632 5517 Adam
1655 5458 1783 5514 Seth
1809 5455 2088 5549 secundum

497 5558 717 5614 speciem
738 5525 905 5608 ξηαπς.
949 5525 1452 5614 Quwintagovetiam
1473 5546 1671 5591 natura:
1710 5545 1769 5584 ac
1794 5525 2092 5584 substantia

553 5625 681 5679 atris
701 5633 748 5677 et
776 5619 903 5675 Filii
923 5612 1143 5672 continet
1163 5612 1432 5668 unitatem.

577 5710 647 5782 (e)
661 5712 720 5767 1n
746 5709 1019 5780 plerisque
1038 5719 1170 5782 mss.
1185 5744 1199 5771 ,
1217 5698 1550 5782 paritudinis.
1572 5690 1909 5753 Vocabulum
1926 5689 2088 5763 parti-

505 5774 705 5842 tudinis
727 5774 838 5853 jam
870 5774 1112 5835 occurrit
1134 5790 1192 5831 ιι.
1224 5774 1316 5831 17.

2201 1851 2284 1898 est
2313 1847 2501 1894 natura
2529 1832 2830 1890 dissimilis.
2901 1826 3208 1886 Similituilo
3236 1834 3418 1879 autem
3451 1830 3650 1877 natura;
3679 1835 3772 1875 non

2202 1932 2391 1988 habuit
2416 1930 2468 1985 in
2492 1926 2624 1984 Seth
2676 1923 2899 1980 alterius
2925 1918 3142 1994 generis
3173 1923 3423 1973 naturam
3448 1957 3463 1982 ,
3514 1913 3634 1985 quia
3682 1925 3776 1968 non

2200 2022 2571 2082 aliundeSeth
2616 2028 2774 2075 natus
2800 2025 2890 2074 est
2940 2034 2954 2072 :
3014 2016 3088 2069 ita
3146 2009 3452 2067 similitudo
3509 2023 3597 2065 res
3648 2007 3781 2076 ipsas

2202 2124 2282 2194 (g)
2303 2117 2566 2176 naturalis
2592 2122 2859 2185 eomqnat,
2891 2127 2989 2183 per
3018 2107 3429 2165 similitudinem
3459 2119 3566 2159 non
3590 2100 3783 2159 indiffe-

2199 2214 2371 2273 rentis
2400 2211 2673 2268 essentiaa.
2703 2207 2890 2263 Omnis
2913 2205 3095 2276 itaque
3125 2202 3286 2268 lilius,
3322 2198 3619 2255 secundum
3644 2205 3782 2251 natu-

2203 2311 2372 2369 ralem
2406 2304 2768 2369 nativitatem,
2796 2300 3077 2371 aequalitas
3106 2295 3278 2368 patris
3302 2303 3423 2359 est;
3474 2292 3600 2363 quia
3632 2297 3711 2346 est
3734 2297 3783 2345 et

2201 2400 2504 2462 similitudo
2535 2407 2759 2454 naturie.
2821 2396 2887 2449 Et
2930 2393 3118 2448 beatus
3147 2389 3387 2445 Joannes
3416 2386 3576 2443 docet
3618 2385 3672 2440 in
3696 2398 3779 2438 na-

2201 2508 2322 2556 tura
2349 2497 2521 2552 Patris
2548 2504 2602 2550 et
2635 2492 2754 2548 Filii
2785 2532 2801 2557 ,
2859 2504 3020 2560 quam
3045 2486 3257 2558 Moyses
3296 2484 3350 2538 in
3372 2480 3504 2539 Seth
3546 2490 3603 2536 ct
3627 2477 3781 2534 Adam

2200 2590 2607 2650 similitudinem
2635 2585 2796 2650 dicit,
2834 2584 2974 2636 hanc
2999 2579 3246 2636 eamdem
3278 2576 3641 2649 aequalitatem
3671 2588 3780 2628 esse

2202 2696 2427 2751 naturae,
2458 2684 2534 2738 ait
2562 2681 2740 2737 enim:
2785 2674 3009 2746 Propter
3044 2674 3140 2728 hoc
3179 2688 3296 2727 eum
3328 2668 3494 2741 magis
3514 2664 3783 2738 qurerebant

2198 2779 2375 2835 Judwi
2400 2776 2685 2845 inter/icere
2705 2814 2719 2838 ,
2769 2770 3011 2843 quoniam
3041 2783 3144 2823 non
3167 2764 3337 2821 solum
3364 2760 3588 2818 solvebat
3615 2756 3782 2815 sabba-

2202 2885 2309 2930 tum
2330 2915 2343 2939 ,
2400 2871 2489 2926 sed
2530 2879 2581 2926 et
2617 2877 2813 2941 patrem
2850 2880 2999 2918 suum
3020 2862 3222 2916 dicebat
3249 2855 3439 2924 Deum,
3470 2853 3714 2921 aequalem
3737 2865 3784 2905 se

2201 2961 2393 3035 faciens
2427 2956 2539 3012 Deo
2593 2954 2771 3027 (Joau.
2809 2967 2857 3019 v,
2890 2947 3002 3021 l8).
3070 2946 3211 3016 Quid
3245 2953 3522 3000 tantorum
3553 2940 3778 2995 virorum

2200 3029 2463 3109 doctrinis
2515 3059 2676 3120 atque
2724 3044 2883 3102 dictis
2928 3042 3218 3098 inserimus
3263 3037 3529 3108 torpentia
3563 3029 3782 3106 peccatis

2127 3137 2173 3201 C
2203 3146 2456 3219 gravibus
2487 3141 2701 3213 ingenia
2725 3181 2741 3208 ,
2788 3148 2844 3194 et
2903 3148 3098 3192 sensus
3142 3132 3367 3187 hebetes
3388 3138 3548 3199 atque
3579 3135 3785 3181 temera-

2200 3213 2312 3295 rios
2344 3235 2421 3311 (Ii)
2454 3234 2738 3291 adversum
2770 3226 3173 3286 indissolubiles’
3208 3220 3624 3294 praedicationes
3650 3213 3785 3286 impii

2200 3328 2522 3401 fatigamus?
2548 3326 2652 3380 Per
2674 3322 2895 3394 Moysen
2923 3317 3054 3375 Seth
3083 3314 3215 3372 Ade:
3237 3311 3537 3370 similitudo
3565 3318 3670 3376 est,
3697 3321 3784 3378 per

2199 3422 2464 3479 Joannem
2493 3418 2662 3474 Filius
2690 3415 2835 3472 Patri
2864 3411 3090 3483 aequalis
3117 3417 3201 3465 est
3232 3425 3245 3461 :
3291 3416 3344 3461 et
3370 3403 3665 3476 quaerimus
3689 3411 3787 3456 ter-

2200 3518 2333 3574 tium
2367 3513 2554 3570 nescio
2578 3510 2707 3582 quid
2754 3510 2898 3564 inter
2925 3506 3140 3562 Patrem
3163 3512 3219 3560 et
3245 3501 3449 3557 Filium
3469 3543 3485 3568 ,
3536 3497 3679 3569 quod
3707 3511 3786 3551 na-

2203 3617 2321 3665 tura
2350 3621 2457 3662 non
2478 3603 2691 3674 recipit.
2730 3600 2935 3658 Similis
2974 3607 3059 3655 est
3084 3596 3267 3661 Patri,
3320 3593 3464 3648 illius
3489 3591 3666 3647 Patris
3693 3596 3787 3654 est,

2200 3718 2270 3760 ex
2317 3715 2385 3757 eo
2430 3708 2592 3755 natus
2638 3705 2759 3753 est:
2816 3710 2912 3765 per
2962 3693 3064 3748 hoc
3114 3690 3289 3747 solum
3335 3688 3424 3761 pie
3455 3695 3637 3759 potest
3658 3681 3787 3758 quod

2202 3812 2366 3856 unum
2399 3796 2508 3851 sint
2536 3791 2837 3865 priedicari.

2277 3891 2366 3947 74.
2403 3864 2809 3945 Similitudinem
2863 3885 2972 3940 sine
2996 3881 3288 3949 wqualitate
3313 3864 3617 3951 conﬁtentes
3647 3875 3787 3947 refel-

2199 3987 2483 4044 luntur.—
2508 3984 2620 4041 Nec
2650 3997 2737 4039 me
2766 3981 2918 4047 fallit,
2936 3980 3154 4036 Fratres
3181 3976 3511 4043 cbarissimi,
3541 3970 3788 4046 quosdam

2199 4096 2344 4149 esse,
2392 4079 2481 4151 qui
2511 4075 2924 4134 similitudinem
2952 4072 3304 4136 conﬁtcntes,
3350 4077 3555 4141 negant
3575 4062 3786 4137 aequali-

2203 4185 2387 4234 tatem.
2434 4171 2540 4229 Sed
2572 4170 2860 4241 loquantur
2885 4175 2941 4223 ut
2969 4166 3174 4229 volunt,
3227 4169 3285 4241 et
3309 4158 3661 4232 blasphemiae
3686 4167 3787 4209 suae

2203 4274 2355 4329 virus
2383 4270 2631 4340 ingerant
2659 4260 3052 4335 ignorantibus.
3090 4257 3175 4314 'Si
3226 4236 3366 4311 in‘tcr
3391 4249 3785 4309 similitudinem

1393 4481 1504 4525 tum
1555 4484 1677 4525 cum
1705 4464 1918 4523 caiteris
1962 4461 2093 4519 edit.
2123 4466 2180 4526 Ι)
2282 4458 2349 4532 (Ῑ)
2395 4457 2546 4532 Lips.
2575 4428 2807 4532 et_l;ar.,
2860 4448 3013 4532 etiam
3043 4445 3154 4501 sine
3178 4455 3361 4532 genere
3397 4455 3415 4494 :
3445 4443 3779 4532 contrauni'ss.

2204 4501 2362 4590 ﬁdem
2390 4541 2444 4587 et
2465 4501 2651 4584 lHilarii
2670 4501 2927 4578 mentem.
2949 4518 3111 4590 vetus
3136 4501 3583 4590 mus.__Carn.-cum.
3611 4501 3781 4566 Mich.,

2395 4580 2773 4657 Ii'e'éiiiiﬁedu.
2805 4592 2960 4669 Bad.,
2995 4589 3088 4669 Εςζ
3118 4597 3174 4643 et
3197 4583 3341 4650 Min,
3382 4580 3784 4669 etiamsigegtffi

2204 4642 2368 4749 quod,
2402 4669 2747 4749 commodum
2793 4642 2973 4749 animo
3010 4659 3167 4741 ollert
3191 4642 3435 4740 sensum,
3490 4642 3782 4749 puta'tisueth

2206 4719 3093 4816 Etiiiumsivg'enus—Ad_mobtineat,
3143 4728 3312 4800 ipsius
3336 4719 3515 4781 tamen
3544 4719 3779 4816 similitu-

2207 4788 2387 4876 dinem
2410 4788 2802 4880 coinuminari.
2840 4788 3201 4880 'Pgefcri'mus
3248 4808 3426 4853 tamen
3449 4810 3577 4880 cum
3605 4788 3777 4880 garb,

2208 4861 2874 4955 :liemigg
2902 4874 3108 4955 '_l‘heod.
3120 4914 3134 4938 ,
3160 4872 3317 4927 Rom.
3334 4879 3387 4926 et
3413 4867 3585 4955 altera
3605 4861 3777 4955 Cara:

2210 4938 2730 5029 etiamsimegeinus;
2780 4938 3013 5029 maxime
3056 4960 3177 5029 cum
3236 4957 3384 5009 num.
3430 4938 3778 5029 75.,_ri_ilrsnum

2210 5005 2826 5100 833535iféijuiptmie
2848 5029 2921 5075 est
2944 5017 3142 5100 etiamsi
3166 5005 3405 5086 negemus
3422 5026 3442 5065 :
3478 5008 3566 5064 ubi
3613 5005 3779 5062 denuo

2208 5088 2423 5175 LipSius
2441 5088 2509 5158 de
2536 5088 2632 5155 suo
2653 5088 2853 5175 posuit,
2901 5091 3054 5175 etiam
3083 5088 3195 5175 sine
3205 5101 3404 5167 genere.
3699 5144 3710 5155 .

2410 5157 2473 5230 lu
2504 5157 2740 5250 excusis,
2786 5157 3049 5250 naturales
3066 5201 3116 5250 1,.
3148 5157 3448 5250 elegantius
3492 5166 3556 5208 ac
3582 5157 3773 5250 F9325

2205 5250 2257 5304 in
2283 5217 2740 5304 iiiésf'iuiiuians.’
2786 5217 2924 5291 Tum
2961 5234 3015 5289 in
3066 5217 3393 5304 liisﬁve'rbis,
3436 5240 3527 5297 per
3551 5217 3778 5304 similitu-

2963 5286 3221 5381 abundat
3257 5286 3476 5381 quidem
3528 5286 3774 5381 particula

2203 5362 2561 5463 negans,"nee
2580 5362 2731 5463 male
2751 5362 3014 5435 omittitur
3041 5376 3093 5430 in
3125 5389 3228 5463 ms.
3257 5362 3457 5463 Rom”I
3477 5362 3775 5463 sédhujui

2199 5435 2823 5525 invgdiml’oeuiio—uisiam
2874 5466 2980 5525 non
3025 5445 3191 5503 semel
3247 5441 3494 5512 exempla
3533 5435 3768 5493 vidimus.

2198 5534 2266 5590 ν.
2300 5535 2394 5588 lib.
2427 5547 2499 5587 vn
2526 5530 2595 5584 de
2615 5523 2765 5582 Trin.
2796 5540 2850 5577 n.
2882 5523 2971 5579 75.
3258 5588 3268 5590 _
3330 5585 3360 5590 η
3456 5584 3467 5590 _
3658 5528 3677 5543 ’

2269 5579 2730 5679 (timuimus—ai
2758 5594 2914 5679 editi,
2953 5579 3773 5679 adversumnindissolulii'lisnﬁg-

2195 5650 2465 5733 (iniiinii;
2492 5650 2847 5726 auctori—tatem
2869 5650 2913 5735 ;’
2940 5673 2994 5722 et
3015 5677 3158 5731 mox,
3196 5658 3372 5715 Patris
3395 5650 3659 5728 (aquatiles
3680 5651 3768 5711 est,

2194 5764 2303 5807 non
2352 5745 2567 5822 wqualis
2605 5750 2696 5798 est.
