3936 6196
506 344 606 402 551

1706 339 1946 397 SANCTI
1990 336 2243 397 tumutt
2290 330 2591 400 sciscant
3250 298 3253 301 l
3692 351 3783 405 me

502 462 596 517 tim
648 463 983 528 mussitabat,
1020 440 1157 516 trime
1192 462 1272 533 (η)
1304 476 1410 517 ηοιι
1443 460 1580 515 clam
1614 460 1802 515 victrix
1834 460 2101 532 glorialn-
2130 458 2176 523 Α
2210 471 2320 517 tres
2370 460 2701 533 charissimi,
2742 464 2965 531 fallunt;
3001 465 3123 538 quia
3148 480 3358 535 semper
3374 464 3711 524 fefellerunt:
3740 480 3787 526 et

506 565 614 613 tur.
647 557 809 629 506
847 556 1049 623 Quibus
1079 558 1222 612 enim
1265 564 1423 611 antea
1468 554 1735 611 cuniculis
1764 556 1816 610 in
1868 554 2100 610 catholi-

508 662 629 706 cam
675 648 977 704 Ecclesiam
1024 664 1130 703 non
1186 648 1413 703 tentavit
1464 648 1744 718 irrepere?
1800 636 1945 715 Quas
1993 662 2101 701 non

508 742 590 815 (b)
607 742 870 810 exseruit,
891 741 1038 798 falsa:
1054 742 1331 813 religionis
1345 741 1732 807 blandimento,
1748 739 1931 796 saeculi
1951 746 2103 807 pote-

502 835 714 894 states?
755 835 1015 891 Homines
1057 836 1203 892 enim
1251 834 1493 907 perversi
1532 850 1598 891 eo
1629 850 1799 905 usque
1846 847 2104 903 prorupe-

506 939 652 997 rant,
698 938 756 985 ut
791 944 913 986 cum
973 931 1079 989 hoc
1125 932 1224 1003 ipsi
1252 931 1548 1003 praedicare
1576 930 1789 999 publice
1816 944 1919 983 non
1943 928 2108 983 aude-

504 1031 649 1088 rent,
679 1020 1063 1094 Imperatorem
1092 1035 1267 1081 tamen
1288 1025 1533 1081 fallerent
1555 1024 1622 1078 ad
1656 1021 1730 1096 (c)
1759 1021 2105 1078 audiendum.

506 1116 844 1173 Fet‘ellerunt
894 1118 1037 1174 enim
1087 1118 1427 1190 ignorantem
1460 1132 1665 1190 regem,
1696 1125 1757 1173 ut
1802 1114 2109 1171 istiusmodi

507 1211 757 1281 perﬁdia:
785 1211 945 1267 ﬁdem
975 1214 1129 1269 bellis
1158 1220 1455 1283 occupatus
1475 1220 1794 1283 exponeret,
1818 1219 1873 1267 et
1895 1210 2112 1266 creden-

511 1302 567 1359 di
593 1300 821 1359 Formam
864 1304 1117 1359 Ecclesiis
1146 1304 1383 1359 nondum
1414 1311 1764 1374 regeneratus
1788 1305 2112 1375 imponeret.

513 1391 960 1449 Contradicentcs
1025 1396 1315 1466 episcopos
1377 1396 1442 1450 ad
1495 1396 1743 1450 exsilium
1795 1400 2111 1466 coegerunt.

509 1483 817 1555 Coegerunt
858 1487 1001 1541 enim
1031 1496 1132 1542 nos
1158 1487 1228 1543 ad
1272 1488 1607 1544 voluntatem
1646 1488 1955 1553 exsultsndl,
1986 1487 2115 1542 dum

512 1576 807 1646 impietatis
866 1577 1152 1646 imponunt
1198 1581 1600 1635 necessitatem.
1649 1579 1757 1635 Sed
1805 1578 2117 1635 exsulemus

512 1682 751 1739 semper,
779 1670 1075 1727 dummodo
1116 1670 1339 1743 incipiat
1368 1686 1557 1728 verum
1597 1672 1901 1743 pr.cdicari.
1937 1670 2121 1726 Domi-

2204 555 2320 624 ipsa
2349 555 2441 609 illa
2472 570 2714 625 przcsens
2741 573 2883 614 nunc
2924 556 3252 629 subscriptio
3280 574 3382 614 non
3415 570 3567 617 caret
3595 560 3785 618 falsita.

2207 654 2281 703 te.
2306 646 2581 704 Excusant
2616 652 2759 705 enim
2793 667 2851 707 se
2900 652 3102 714 idcirco
3128 651 3448 708 homousion
3482 663 3537 709 et
3564 657 3790 711 hommu-

2207 738 2324 795 sion
2357 726 2526 796 taceri
2548 742 2808 811 Voluisse,
2829 744 2950 815 quia
2971 759 3133 799 unum
3158 756 3319 816 atque
3340 744 3481 801 idem
3514 747 3786 818 signiﬁCnri

2207 830 2374 886 verbo
2407 838 2637 903 utroque
2692 824 3085 891 existimarent.
3125 837 3303 892 liudcs
3345 837 3511 894 credo
3567 841 3788 911 episcopi

2208 931 2264 978 et
2294 924 2606 994 ignorantes
2635 925 2902 982 ltomousii
2962 928 3446 1000 signiﬁcationem:
3483 930 3628 1001 quasi
3654 948 3792 988 num-

2210 1032 2370 1086 quam
2399 1016 2466 1072 de
2498 1018 2599 1073 hoc
2627 1029 2716 1073 aut
2744 1020 2981 1092 synodus
3010 1021 3218 1088 luisset,
3248 1029 3341 1075 aut
3368 1022 3515 1077 lites.
3556 1022 3661 1078 Sed
3689 1032 3792 1079 esto

2213 1110 2597 1182 ignoraverunt
2634 1115 2979 1181 homoosion,
3011 1116 3079 1188 (ι’)
3111 1124 3204 1169 aut
3228 1116 3546 1171 nesciebant
3567 1116 3793 1173 homoeo-

2213 1203 2330 1260 sion
2358 1203 2410 1259 id
2434 1204 2745 1275 signiﬁcari,
2769 1207 2912 1277 quod
2957 1206 3149 1263 similis
3167 1218 3311 1263 esset
3346 1210 3615 1264 essentitn.
3650 1209 3791 1283 507

2221 1292 2338 1349 Jam
2366 1296 2409 1350 si
2430 1296 2534 1349 hoc
2548 1298 2884 1366 nesciebant,
2922 1296 3794 1370 curneseirivolebantgeneratio—

2216 1402 2339 1442 nem
2386 1386 2555 1443 Filii?
2596 1389 2672 1461 (ῃ)
2704 1389 2977 1462 Numquid
3003 1392 3047 1445 si
3076 1386 3455 1448 inenarrabilis
3479 1398 3580 1461 est,
3616 1393 3727 1448 ideo
3747 1392 3794 1448 et

2218 1474 2535 1550 ignorabilis
2573 1483 2698 1537 est?
2737 1483 2844 1539 Sed
2897 1484 2941 1538 si
2984 1485 3261 1554 ignoratur
3301 1499 3410 1556 quo
3458 1484 3618 1542 modo
3660 1497 3795 1541 natus

2219 1585 2336 1640 est;
2364 1576 2622 1646 numquid
2677 1578 2911 1649 ignorari
2942 1579 3026 1634 vel
3071 1581 3170 1634 hoe
3216 1588 3415 1650 potest,
3460 1578 3603 1650 quod
3648 1578 3797 1634 Filius

2223 1668 2367 1725 Deus
2405 1687 2512 1726 non
2540 1687 2606 1728 ex
2644 1670 2753 1727 alia
2783 1672 3104 1739 substantia,
3150 1673 3246 1730 sed
3270 1688 3337 1730 ex
3370 1674 3481 1729 Deo
3506 1682 3675 1741 natus,
3703 1688 3796 1728 non

516 1776 588 1817 uo
613 1763 756 1817 enim
792 1764 1015 1834 gratias,
1045 1764 1191 1835 quod
1241 1766 1634 1838 ignorationem
1678 1781 1777 1837 per
1805 1780 1904 1821 vos
1932 1765 2122 1821 admo—
2223 1759 2491 1820 diversam
2520 1764 2717 1822 habeat
2761 1766 3092 1823 essentiam?
3122 1767 3394 1840 Numquid
3428 1784 3532 1823 non
3555 1766 3796 1839 legerunt,

515 1857 662 1912 nitus
701 1856 998 1929 Imperator
1027 1859 1267 1929 agnovit,
1300 1867 1357 1914 et
1385 1873 1629 1915 errorem
1664 1873 1769 1913 non
1796 1874 1979 1924 suum,
2017 1858 2113 1913 sed
2147 1842 2191 1920 Β
2220 1856 2358 1912 sicut
2385 1856 2623 1926 Patrem,
2652 1860 2721 1914 ita
2756 1870 2810 1915 et
2832 1859 3027 1915 Filium
3057 1856 3531 1916 ltonoriﬁcandum
3559 1858 3726 1932 (Joan.
3753 1876 3797 1926 v,

518 1949 608 2021 (tl)
659 1949 1085 2018 adhortantium,
1137 1968 1234 2021 per
1267 1950 1365 2005 has
1416 1951 1538 2006 ﬁdei
1581 1960 1777 2007 vestra!
1821 1953 2120 2008 sententias

531 2043 885 2114 recognovit:
930 2054 987 2100 et
1011 2059 1072 2099 se
1124 2044 1324 2100 invidia
1353 2044 1496 2115 apud
1532 2045 1697 2102 Deum
1746 2053 1911 2116 atque
1941 2045 2119 2100 homi-

520 2149 621 2190 nes
651 2134 830 2204 impiai
888 2134 1181 2191 voluntatis
1225 2136 1446 2203 exemit,
1487 2151 1617 2199 cum
1642 2136 1965 2207 legationem
2001 2151 2123 2192 ves-

525 2237 666 2281 tram
713 2224 1016 2282 bonorilice
1067 2226 1296 2294 habens,
1337 2225 1625 2284 falsitatem
1648 2243 1858 2292 eorum,
1892 2243 2119 2298 quorum

523 2319 908 2375 auctoritatein
934 2318 1186 2376 invidiam
1203 2318 1591 2385 deducebatur,
1610 2330 1795 2376 coacta
1822 2317 1893 2393 (e)
1918 2336 1945 2373 a
1970 2321 2124 2378 vobis

524 2411 841 2482 ignorantia:
864 2427 976 2468 suae
1004 2411 1367 2484 professione,
1396 2413 1668 2484 cognovit.

601 2504 689 2561 79.
733 2505 1029 2563 Sirmiensis
1083 2508 1323 2579 formulas
1360 2516 1596 2563 auctores
1643 2524 1841 2579 semper
1883 2509 2121 2579 fallaces.

525 2596 721 2669 Lepide
766 2610 1049 2669 carpuntur
1092 2616 1152 2655 ac
1198 2600 1526 2672 refelluntur.
1557 2598 1791 2657 Christus
1824 2617 1979 2667 unus,
2023 2617 2129 2655 non

523 2690 652 2747 duo.
696 2689 922 2746 Valentis
952 2699 997 2748 et
1043 2690 1246 2749 Ursacii
1284 2701 1520 2762 suspecta
1548 2692 1878 2764 subscriptio.
1908 2723 1980 2733 —
2007 2691 2130 2748 Fal-

521 2781 648 2841 lunt
696 2783 862 2853 enim,
892 2793 1155 2856 quantum
1192 2793 1248 2839 et
1274 2799 1470 2841 vereor
1496 2794 1552 2840 et
1579 2785 1707 2840 mihi
1732 2785 1966 2854 videtur,
1996 2785 2131 2843 Fra-

626 2950 679 3022 n)
722 2950 888 3013 Editi,
918 2949 1298 3024 nunc__victrix:
1325 2959 1433 3004 tum
1459 2942 1579 3024 ilic.
1612 2948 1957 3024 gloriabitur;
1980 2947 2127 3022 Lips.

528 3031 586 3079 et
606 3020 728 3078 Par.
750 3025 1019 3096 gloriatur.
1046 3021 1272 3096 veteres
1290 3034 1430 3096 mss:
1444 3020 1821 3096 poib.;_Carn.
1845 3028 1899 3077 et
1919 3020 2128 3096 G_ertit.,

528 3109 669 3167 nunc
689 3092 804 3167 j@t
835 3094 1018 3167 victrix
1042 3092 1578 3167 gloriabatur._b_lagis
1605 3093 1777 3163 placet
1798 3109 1918 3148 cum
1940 3092 2126 3167 Cnrb.,

530 3154 709 3226 Prat.:
736 3164 923 3221 Faur..
958 3154 1139 3224 Ιὶιιῖη..
1169 3154 1345 3226 Reum,
1372 3154 1530 3228 Silv;
1567 3154 1846 3226 vic.,nnne
1869 3180 1969 3218 non
1999 3154 2132 3218 clant

528 3234 1091 3319 vifn'ix‘gloriabatar:
1118 3234 1386 3319 scilz‘post
1405 3234 1691 3319 Qpli‘Cllllllil
1714 3230 2007 3319 Sirinieuse
2036 3250 2127 3290 an.
2158 3258 2202 3319 ρ

534 3307 662 3363 557.
710 3306 885 3361 Antea
931 3307 1099 3368 cnim,
1146 3306 1450 3373 utSnlpicii
1489 3306 1672 3361 Severi
1706 3306 1886 3360 verbis
1916 3318 2130 3361 utamur

531 3379 628 3434 lib.
662 3394 720 3443 lt,
750 3393 847 3446 pag
901 3377 1041 3432 9.43:
1092 3375 1271 3431 Ariani
1302 3376 1570 3446 perﬁdiam
1594 3394 1743 3427 suam
1765 3376 2130 3432 occultabant:

531 3466 636 3504 non
685 3450 797 3503 ausi
828 3449 997 3518 palam
1028 3449 1217 3501 erroris
1249 3448 1327 3501 sui
1356 3448 1541 3518 (lngula
1578 3447 1879 3518 itra’dicare,
1908 3446 2130 3518 catholi-

533 3538 621 3576 cos
649 3538 701 3575 se
724 3516 982 3591 gerebant.
1015 3523 1130 3584 Quo
1157 3527 1368 3591 Spectat
1415 3516 1540 3570 illud
1577 3517 1807 3571 Luciferi
1840 3520 1940 3591 sub
1973 3517 2131 3573 linem

533 3594 633 3649 lib.
664 3607 681 3645 ι
712 3588 808 3661 pro
838 3591 1159 3647 Athanasio.
1196 3591 1285 3644 ubi
1322 3588 1641 3643 Constantio
1672 3590 1963 3661 exprobrat
1993 3591 2133 3659 quod

533 3660 876 3732 egerit’more
918 3666 1265 3722 meretricum,
1297 3675 1409 3729 qua:
1450 3662 1613 3732 primo
1662 3660 1795 3732 clunt
1826 3671 2132 3721 scortentnr,

533 3730 710 3809 postea
757 3750 870 3855 tl'ero
901 3735 972 3786 ita
1023 3741 1140 3786 sunt
1171 3731 1545 3797 inverecundis,
1591 3740 1646 3785 ut
1669 3730 1822 3786 vel-tot
1843 3734 2059 3787 scortari
2086 3735 2137 3787 in

535 3814 844 3855 manantis.

535 3814 844 3876 pro‘patntts.

616 3869 694 3947 (ιι)
735 3873 827 3947 Sic
868 3884 1004 3926 mss.
1037 3871 1109 3947 At
1141 3869 1304 3933 Editi.
1332 3872 1579 3947 exercuit.

614 3941 686 4017 (e)
730 3946 909 4014 Longe
951 3943 1249 4017 mallemus
1274 3944 1343 4017 ad
1364 3943 1678 4017 audendum.
1709 3941 1869 3999 Certe
1910 3962 2029 4000 (sum
2060 3946 2143 4003 his

539 4013 786 4088 apprime
810 4013 1083 4088 convenit,
1112 4015 1252 4088 quod
1283 4013 1792 4088 SulpiciusgSever”
1822 4017 1913 4070 lib.
1934 4034 1992 4083 ιι,
2021 4035 2144 4088 nar-_-

538 4083 628 4144 rat
655 4086 1040 4143 Mediolauensi
1070 4083 1279 4155 synodo
1324 4083 1395 4139 an
1420 4084 1527 4142 555
1560 4086 1761 4141 factum
1811 4101 1964 4141 esse:
2001 4084 2143 4155 quod

538 4160 800 4215 nimirum
838 4157 1029 4226 Valens
1048 4167 1093 4209 et
1122 4155 1664 4228 Ursaciuscwterique
1687 4168 1821 4213 metu
1852 4158 2015 4224 plebis
2043 4178 2147 4214 non

538 4230 654 4285 ausi
685 4230 887 4300 piacula
916 4224 1169 4301 proﬁteri,
1201 4227 1467 4301 epistolam
1488 4224 1589 4283 sub
1609 4226 1945 4301 Imperatoris
1978 4232 2145 4285 nomi-

540 4317 608 4356 ne
631 4299 838 4355 mittunt
862 4299 1000 4353 omni
1025 4300 1274 4370 pravitate
1315 4299 1575 4367 refertam,
1607 4317 1665 4355 eo
1694 4299 1933 4356 nimirum
1980 4304 2149 4357 consi-

544 4372 636 4439 lio,
671 4374 793 4445 utsi
828 4388 888 4425 ea
935 4369 1097 4445 wquis
1122 4369 1336 4445 auribus
1360 4374 1602 4445 imputas!
1622 4375 1916 4444 recepisset,
1946 4374 2151 4445 publica

544 4390 636 4439 uo,
671 4390 725 4426 tu
748 4390 791 4425 si
828 4390 888 4425 ea
935 4390 1097 4439 wquts
1122 4390 1336 4424 aurwus
1360 4390 1425 4440 po
1465 4390 1581 4425 atus
1622 4390 1916 4444 recepisset,
1946 4390 2149 4445 publica

542 4443 1053 4517 auctoritatecupita
1076 4443 1384 4517 proferrent.
1414 4390 1510 4517 ἕὶιι
1531 4443 1682 4498 aliter
1708 4445 1886 4517 fuisset
1915 4456 2149 4516 excepta,

539 4514 709 4571 omnis
728 4514 921 4569 invidia
950 4522 1076 4587 esset
1104 4512 1156 4567 in
1196 4529 1331 4585 rege,
1361 4524 1408 4569 et
1432 4515 1544 4587 ipsa
1563 4512 1718 4570 etiarn
1752 4516 1962 4587 venialis
1990 4561 2004 4578 ,
2031 4512 2153 4587 quia

540 4588 696 4643 etiam
747 4594 856 4641 tum
893 4586 1282 4658 catechumenus
1295 4586 1702 4658 _sacrantentnm
1731 4586 1851 4658 ﬁdei
1880 4586 2057 4642 merito
2079 4590 2151 4643 vi-

2220 1947 2347 2020 25):
2396 1956 2457 2004 ut
2484 1949 2697 2005 Patrem
2737 1952 2943 2007 honore
2972 1948 3327 2023 praelerrent?
3368 1951 3635 2023 Numquid
3668 1952 3798 2006 inco-

2221 2040 2429 2111 gnitum
2457 2040 2727 2098 habebant
2760 2040 2974 2099 Patrem
3024 2044 3078 2099 in
3108 2043 3245 2100 Filio
3267 2044 3440 2100 videri
3493 2042 3664 2117 (Joan.
3703 2059 3798 2109 xrv,

2223 2132 2311 2206 9):
2344 2144 2401 2191 ut
2428 2134 2600 2191 Filius
2639 2135 2781 2207 apud
2810 2151 2905 2192 eos
2932 2136 3215 2208 dignitate,
3246 2137 3516 2204 claritate,
3548 2135 3803 2207 majestate

2221 2224 2496 2282 diﬂerret?
2526 2231 2605 2283 An
2645 2237 2699 2284 et
2719 2227 2822 2284 hoc
2842 2245 2906 2285 ex
2950 2230 3248 2301 ignorantia
3279 2232 3451 2295 venit,
3483 2239 3540 2283 ut
3568 2244 3681 2285 cum
3703 2242 3796 2284 ca:-

2231 2318 2364 2373 teris
2408 2317 2555 2373 Patri
2598 2319 2873 2391 subjectus
2903 2321 2973 2376 sit
3002 2316 3201 2378 Filius:
3231 2329 3288 2377 ut
3314 2321 3447 2377 dum
3470 2336 3589 2377 cum
3618 2321 3804 2376 caeteris

2230 2406 2537 2482 subjicitur,
2572 2428 2679 2467 non
2721 2410 3059 2470 discernatur
3080 2429 3111 2468 a
3134 2412 3391 2470 caeteris?
3421 2428 3543 2470 cum
3575 2412 3809 2484 subjectio

2231 2503 2355 2561 Filii
2386 2514 2591 2562 naturae
2613 2506 2690 2582 (h)
2716 2505 2887 2578 pietas
2909 2509 2998 2573 sit,
3022 2507 3284 2579 subjectio
3312 2516 3494 2563 autem
3516 2516 3806 2564 ceterorum

2233 2599 2525 2657 creationls
2575 2601 2863 2657 inllrmitas
2907 2601 2998 2658 sit.
3033 2600 3257 2658 Passum
3302 2602 3526 2674 quidem
3553 2601 3806 2657 sciebant:

2234 2692 2332 2750 sed
2356 2694 2560 2763 dicant,
2607 2710 2724 2761 oro,
2774 2710 3116 2768 compassum
3180 2695 3243 2768 (i)
3299 2696 3524 2768 quando
3565 2709 3805 2766 eugnove-

2234 2786 2399 2842 runt?
2431 2777 2650 2843 Evitant
2696 2786 3018 2844 ltomousion
3061 2797 3115 2845 et
3163 2788 3532 2855 bommusiou,
3558 2790 3671 2860 quia
3701 2802 3808 2842 nus-

2234 2959 2417 3024 verunt
2444 2950 2800 3006 nouimusion?
2843 2951 2999 3021 Apud
3046 2952 3342 3024 Ancyram!
3383 2952 3578 3024 synodi
3609 2952 3807 3019 legatos,

2236 3023 2326 3091 qui
2356 3022 2678 3077 homousion
2702 3032 3040 3091 respuerant,
3070 3040 3134 3079 ea
3161 3022 3370 3081 valebat
3400 3022 3807 3091 excussumque

2238 3092 2512 3166 liOIIIOUSli
2555 3106 2609 3150 et
2650 3093 2936 3150 hommusii
2972 3111 3135 3149 unam
3176 3105 3231 3151 et
3268 3095 3518 3152 eamdem
3565 3095 3780 3166 signiﬁca

2239 3164 2440 3220 tionem
2467 3181 2525 3220 se
2556 3166 2897 3222 existimasse
2929 3168 3282 3235 reponebam.

2310 3238 2389 3308 (9)
2438 3236 2588 3291 Haud
2634 3237 2797 3291 aliter
2848 3236 3082 3293 Africani
3121 3239 3271 3307 jussu
3310 3238 3637 3296 Hunericiin
3664 3252 3805 3291 unum

2235 3307 2406 3365 coacti
2453 3308 2696 3379 subjecto
2728 3307 2901 3379 Esaias
2928 3310 3046 3364 loco
3086 3311 3419 3372 restiondent
3470 3312 3604 3379 apud
3647 3310 3798 3364 Victo-

2234 3396 2349 3435 rem
2381 3380 2511 3445 Vit.,
2537 3380 2628 3434 lib.
2674 3395 2730 3435 tu
2770 3378 2837 3433 de
2871 3381 3085 3436 Perscc.
3123 3382 3323 3439 Alric.:
3358 3378 3547 3436 Divina
3569 3382 3711 3443 enim,
3740 3382 3808 3429 ll:-

2236 3451 2441 3524 qniunt,
2495 3452 2754 3524 generatio
2801 3450 3164 3524 inenarrabilis
3208 3463 3306 3517 est,
3356 3471 3463 3507 non
3518 3452 3803 3524 ignorabitis.

2299 3540 2382 3576 am
2423 3538 2582 3590 usque
2623 3521 2754 3575 adeo
2780 3536 2880 3574 non
2899 3532 2977 3593 est
3004 3523 3327 3593 ignorabitis.
3360 3525 3419 3577 id
3441 3532 3512 3579 est
3529 3521 3553 3590 ,⁷
3573 3536 3666 3578 non
3686 3523 3808 3593 igno-

2246 3603 2392 3666 ratur
2434 3594 2571 3666 u_nde
2597 3595 2687 3657 sit,
2719 3603 2773 3647 nt
2801 3604 2848 3649 et
2889 3591 3047 3649 Pater
3078 3595 3141 3649 de
3161 3612 3215 3647 se
3242 3599 3361 3664 ipso
3386 3599 3637 3666 genuisse,
3655 3605 3695 3646 et
3734 3591 3805 3646 Fi-

2239 3665 2340 3736 lius
2360 3666 2422 3719 de
2446 3663 2601 3736 Patre
2629 3682 2681 3718 se
2702 3674 2873 3718 natum
2897 3663 3518 3736 swpissinte‘protestEtur.
3553 3667 3719 3721 Altera
3741 3670 3807 3736 [διε

2243 3735 2390 3790 tione
2445 3735 2769 3789 l’hoeltatlius
2815 3728 3129 3791 Sirmiensis
3172 3728 3420 3793 formula:
3471 3747 3708 3792 auctores
3747 3734 3809 3784 si".

2242 3807 2459 3879 sugillat
2488 3823 2508 3879 :_
2549 3804 2573 3857 Ι
2585 3803 2697 3860 llud
2736 3816 2905 3861 autem
2943 3811 3057 3878 quis
3081 3812 3216 3879 ferre
3241 3811 3424 3879 possit,
3473 3818 3687 3877 atquein
3728 3807 3810 3879 ini-

2243 3880 2370 3951 tium
2417 3876 2606 3951 habere
2651 3896 2745 3948 pro
2773 3886 2907 3951 certo
2947 3876 3202 3951 asserunt,
3229 3876 3386 3951 hujus
3416 3876 3714 3951 nativitatem
3733 3878 3810 3951 lia:

2246 3950 2395 4004 beant
2436 3950 2507 4020 Ain
2564 3946 2852 4020 incertum?
2905 3950 3108 4005 Eodem
3149 3946 3356 4020 spectat
3406 3952 3540 4007 illud
3584 3946 3808 4020 Victorini

2246 4021 2400 4094 initio
2433 4018 2585 4094 liba
2631 4016 2815 4094 contra
2865 4022 3087 4094 Arium:
3120 4016 3279 4076 Addit
3349 4020 3612 4094 Eusebius
3644 4018 3809 4094 princi-

2250 4092 2419 4165 piunr
2443 4087 2575 4144 Filii
2604 4092 2728 4165 sciri
2759 4106 2853 4165 nec
2904 4091 2966 4147 ab
2998 4092 3201 4148 homine
3221 4111 3389 4165 posse,
3432 4110 3521 4150 nec
3562 4092 3623 4147 ab
3644 4087 3809 4159 'aliqrm

2249 4163 2513 4236 superiore
2536 4164 2613 4217 vel
2638 4163 2866 4228 potentia
2890 4163 3393 4236 vel_excogitatione:
3426 4176 3473 4220 et
3502 4166 3650 4219 audet
3665 4174 3807 4236 tamen

2251 4233 2419 4306 dicere
2473 4234 2773 4306 figmentum
2819 4251 2927 4289 esse
2953 4233 3168 4299 Filium,
3214 4237 3474 4291 voluntate
3516 4246 3561 4291 et
3596 4233 3808 4291 sententia

2252 4302 2430 4361 Patris
2477 4302 2770 4360 subsistere.
2804 4307 3064 4373 Apposite
3102 4306 3360 4364 Leontius
3390 4310 3526 4363 lianc
3557 4306 3807 4362 hmretieu-

2253 4378 2442 4449 rumin
2459 4375 2656 4449 divinis
2679 4377 2950 4449 mysteriis
2965 4379 3280 4449 ignorantia:
3306 4380 3701 4448 professionem,
3722 4386 3804 4440 qua

2254 4446 2545 4504 incii'abilia
2576 4461 2640 4501 ea
2669 4446 2788 4503 esse
2814 4446 3017 4518 volunt,
3036 4454 3192 4505 vocat
3212 4446 3542 4505 reverentiam
3569 4467 3597 4504 a
3619 4462 3805 4501 rever-rn-

2257 4519 2329 4592 tia
2380 4533 2556 4573 revera
2601 4518 2858 4592 alienam:
2884 4522 3080 4592 quippe
3119 4523 3206 4592 qui
3247 4533 3304 4575 ut
3352 4523 3558 4576 licenter
3584 4519 3807 4589 impietate

2259 4588 2558 4663 abutantur,
2581 4592 2648 4663 ad
2691 4588 3151 4646 honesta'nontina'
3167 4601 3429 4663 tamquam
3452 4595 3518 4648 ad
3548 4602 3804 4663 propugna-

541 4659 753 4737 aereiur
778 4658 1004 4737 potuisse
1048 4647 1263 4711 nescire.
1292 4656 1382 4737 Ex_
1417 4652 1518 4737 bac
1550 4675 1710 4737 porro
1731 4647 1957 4737 synodo
1986 4661 2143 4737 Luci-
2173 4647 2228 4707 Ῑ)
2254 4662 2427 4737 c_ulum
2474 4647 2732 4737 quoddam
2753 4663 2982 4717 validum
3016 4647 3486 4737 etiinexpu‘ijnabile
3512 4647 3798 4733 cbttfngiitrtl-

540 4728 624 4818 f‘er
650 4728 869 4784 Cala'rit.
908 4731 1343 4818 uthipsemnarrat
1369 4729 1525 4812 initio
1555 4728 1699 4796 libri,
1726 4728 1884 4818 quem
1914 4730 2147 4815 Morien-

543 4800 673 4856 dum
701 4810 822 4856 che
846 4816 942 4870 pro
964 4794 1058 4854 Dei
1110 4798 1221 4853 ﬁlio
1246 4799 1544 4870 inscripsit,
1574 4794 1697 4855 cum
1725 4794 2040 4856 Constantio
2060 4802 2147 4856 in-

541 4881 627 4927 tra
669 4869 859 4927 velunt
892 4872 1052 4925 stanti
1099 4869 1536 4934 coutradixisset,
1592 4873 1643 4926 in
1691 4873 1912 4942 exiliunt
1961 4872 2148 4942 pulsus

544 4950 647 4998 est.
679 4942 823 4997 Pulsi
856 4945 1017 4998 etiam
1056 4950 1185 4996 sunt
1225 4942 1472 4997 eamdem
1513 4943 1582 4997 ob
1622 4958 1838 4998 causam
1886 4940 2147 5001 Eusebius

545 5014 805 5096 \fercell.,
840 5014 1129 5086 Dionysius
1156 5011 1442 5068 Mediolau.
1491 5029 1554 5070 ac
1602 5015 1943 5085 postmodum
1979 5014 2142 5072 Libe-

544 5101 684 5141 IIIIS.

621 5155 701 5229 (cl)
742 5154 799 5211 In
829 5154 1067 5229 excusis,
1092 5143 1754 5229 natantium{Concinnius
1783 5157 1836 5212 in
1885 5172 2019 5213 mss.
2048 5158 2143 5212 ad-

546 5224 883 5294 hortantium,
930 5227 1048 5281 scil.
1091 5226 1339 5296 Eudoxii,
1372 5226 1574 5292 Acacii,
1619 5224 1827 5295 Urattii,
1878 5228 2139 5295 Valentis,

542 5307 678 5366 etc.,
701 5312 930 5371 quorum
954 5297 1175 5371 luere-sis
1194 5314 1287 5371 per
1306 5297 1580 5367 llisilium,
1600 5296 1960 5371 Eustathium,
1982 5300 2139 5355 Eleu-

546 5364 688 5425 sium
719 5364 777 5425 et
810 5368 1093 5443 Leontium
1121 5364 1421 5441 Aticyraum
1447 5364 1639 5443 synodi
1670 5364 1871 5443 legatos
1904 5364 2139 5443 patefac-

549 5448 626 5511 ta,
662 5444 922 5497 continuo
951 5440 1020 5494 ab
1063 5438 1388 5511 Imperatore
1434 5438 1686 5497 damnata
1723 5438 1835 5510 est,
1880 5438 1937 5498 ut
1964 5451 2147 5498 narrat

551 5510 909 5579 Soznmeuus,
939 5510 1029 5565 lib.
1059 5508 1213 5577 tv,'c.
1243 5508 1310 5565 12
1324 5520 1379 5566 et
1410 5513 1492 5568 I5.

625 5582 889 5654 (e)AEditi,
947 5593 1125 5654 coacta
1151 5599 1182 5635 α
1218 5580 1398 5637 nobis:
1441 5582 1717 5654 mendose.
1760 5585 1952 5641 Sermo
2000 5586 2143 5641 enim

553 5652 731 5709 estad
759 5654 962 5723 legatos
991 5653 1329 5725 Ancyranos,
1352 5654 1444 5725 qui
1473 5653 1753 5725 Valentem
1780 5664 1834 5712 et
1866 5655 2143 5713 Ursacinm

560 5722 873 5798 coegerunt_
901 5722 1257 5798 ignorantiam
1306 5722 1485 5793 faieri,
1515 5722 1598 5783 uti
1668 5726 1782 5798 jam
1851 5728 2148 5786 indicatum

559 5803 812 5850 estnum.
841 5793 876 5849 5
904 5793 959 5847 et
986 5796 1076 5851 65.

636 5863 707 5940 (ἵ)
746 5862 808 5923 In
849 5863 1059 5936 aliquot
1107 5881 1245 5928 mss.
1276 5868 1368 5928 hic
1389 5868 1627 5947 additur,
1659 5872 1909 5944 numquid
1947 5872 2156 5948 ignora-

2250 4732 2460 4809 Contra
2484 4733 2781 4787 christiana
2828 4737 3024 4809 pietas,
3069 4735 3118 4809 i_u
3154 4732 3352 4791 divitiis
3397 4732 3682 4809 myistertis,
3713 4744 3804 4809 nta-

2249 4818 2413 4875 guum
2448 4804 2589 4859 inter
2621 4819 2731 4859 rem
2764 4805 2950 4876 reique
2975 4807 3191 4862 modum
3231 4809 3378 4861 novit
3405 4804 3600 4876 ponere
3638 4804 3800 4876 discri:

2252 4867 2375 4946 ineo
2407 4893 2420 4940 ;
2456 4892 2630 4946 neque
2678 4892 2791 4930 rem
2822 4867 2877 4931 in
2904 4876 3122 4932 dubiuut
3151 4890 3306 4934 vocat
3337 4867 3660 4938 eo‘obtentu,
3682 4867 3799 4946 quod

2253 4945 2470 5001 modmn
2504 4944 2744 5007 nesciat:
2778 4947 2874 5003 sed
2914 4947 2983 5003 de
3002 4952 3217 5005 caeteris
3248 4953 3430 5013 sentit,
3464 4949 3597 5017 qttud
3619 4948 3678 4998 tle
3702 4944 3798 5017 ilco

2250 5017 2591 5073 sentiendum
2624 5018 2783 5072 tradit
2806 5018 3063 5086 Hilarius,
3096 5020 3187 5074 lib.
3213 5036 3249 5075 tt
3272 5023 3339 5077 de
3358 5012 3504 5077 Trin.
3536 5039 3585 5074 ιι.
3610 5019 3667 5072 7:
3696 5012 3800 5086 Per-

2246 5088 2382 5158 fecta
2408 5089 2618 5167 scientia
2647 5099 2752 5167 est,
2783 5091 2857 5143 sic
2886 5085 3056 5167 Deum
3080 5093 3228 5157 scire,
3264 5103 3321 5148 ut
3359 5110 3458 5148 non
3479 5085 3794 5167 ignorabilem.

2246 5170 2415 5215 tamen
2440 5160 2830 5215 inenarrabilem
2857 5163 3012 5218 scias.

2316 5232 2395 5304 (It)
2430 5228 2526 5285 Hic
2573 5231 2723 5304 locus
2744 5233 2884 5304 apud
2910 5234 3063 5298 Bad.,
3115 5233 3207 5290 Er.
3242 5245 3298 5291 et
3332 5235 3452 5290 Mir.
3493 5243 3572 5290 est
3613 5226 3797 5304 omnino

2243 5301 2587 5374 depravatus.
2622 5302 2678 5356 In
2707 5303 3033 5360 editionibus
3068 5306 3208 5370 aliis,
3258 5319 3457 5361 natura!
3521 5301 3795 5374 proprieltn.

2244 5389 2353 5445 non
2404 5373 2566 5445 pietas
2602 5389 2621 5427 :
2674 5374 2815 5443 quod
2857 5377 3122 5432 malumus
3146 5392 3266 5431 cum
3297 5393 3426 5432 mss.
3458 5373 3544 5431 Sic
3566 5386 3726 5440 supra,
3752 5383 3793 5417 II-

2252 5444 2316 5499 5l
2405 5442 2627 5518 Pietatis
2652 5442 2898 5518 subjectio
2919 5465 3020 5502 non
3048 5459 3121 5502 est
3149 5450 3381 5503 essentia
3407 5444 3679 5518 diminutio.
3759 5508 3770 5518 .

2327 5513 2390 5587 (i)
2414 5514 2595 5589 ‘Editi,
2625 5512 2881 5589 quomodo
2923 5528 3278 5589 cognoverant.
3307 5521 3502 5574 Eadem
3529 5512 3795 5589 Sirttriensis

2253 5581 2608 5664 blasphemiae
2637 5581 2821 5664 verba
2860 5581 3061 5658 pariier
3085 5593 3327 5661 agnOScit
3346 5586 3655 5664 Pttmba‘dius
3680 5581 3795 5664 ira":

2254 5657 2323 5713 de
2369 5670 2687 5733 acuveugno
2731 5656 2955 5726 referta,
3004 5656 3177 5732 eaque
3204 5677 3371 5730 prope
3418 5659 3570 5718 simili
3621 5656 3795 5733 ratione

2257 5724 2826 5803 convellitaPrimum,
2878 5724 3221 5801 inquit,'non'
3246 5724 3391 5788 video
3438 5750 3525 5790 cur
3563 5724 3795 5803 maluerint

2256 5799 2664 5880 cpmpassibileni
2685 5801 2872 5880 dicere,
2896 5796 3063 5875 quant
3090 5805 3242 5861 libere
3268 5807 3550 5880 passibilent
3577 5796 3789 5880 confiteri:

2263 5861 2425 5947 Quasi
2451 5887 2566 5931 vero
2589 5873 2735 5931 aliud
2761 5874 2827 5935 sit
2854 5861 3255 5955 compungam
3269 5861 3397 5954 'pati.
3422 5875 3576 5937 Porro
3598 5861 3740 5931 utilem
3756 5861 3794 5920 Il
