3936 6196
154 337 257 397 535

951 334 1158 394 LIBER
1192 334 1284 396 DE
1324 330 1637 404 SYNODIS,
1675 332 1812 394 SEU
1850 334 1940 393 DE
1978 334 2137 395 FIDE
2162 336 2654 400 ORIENTALIUM.

3360 343 3466 407 554

154 471 310 529 quam
361 456 629 528 scriptum
654 456 762 513 sit:
821 470 1008 530 quaero
1055 471 1397 529 compassum
1445 470 1569 513 esse
1618 455 1760 512 unde
1785 440 1838 520 Ᾱ
1934 456 2022 514 8i.
2066 456 2301 532 Epistola
2322 458 2575 520 Sirmium
2594 460 2767 517 delata
2790 463 2853 518 de
2881 462 3136 521 homousii
3165 464 3213 523 et
3236 460 3464 524 hominu-

154 552 645 625 prmsumpseﬁut?
682 552 791 609 Aut
818 552 1078 626 numquid
1107 554 1301 611 volunt
1325 554 1462 611 duos
1504 568 1627 611 esse
1667 554 1760 626 qui

153 643 291 715 passi
317 642 497 699 sunt?
547 644 600 701 id
630 646 773 703 enim
820 647 1126 719 compassio
1176 656 1423 705 testatur.
1468 644 1573 704 Ubi
1626 645 1758 705 illud

151 746 229 795 est
255 735 411 795 Iesus
440 738 681 797 Christus
710 738 880 797 Filius
924 740 1066 797 Dei?
1093 751 1184 799 aut
1232 739 1494 814 numquid
1512 741 1650 799 alius
1671 748 1757 799 est

148 828 299 888 Iesus
326 829 609 903 Christus,
651 835 795 891 alius
840 835 985 891 ﬁlius
1014 836 1153 892 Dei?
1180 836 1238 895 Si
1281 853 1387 893 non
1420 836 1563 893 idem
1591 845 1754 908 atque

148 941 280 982 unus
311 925 458 980 intra
484 936 749 996 extraque
778 927 875 984 Dei
897 927 1042 984 ﬁlius
1070 937 1188 997 est;
1219 929 1427 986 credite
1454 926 1534 1003 (a)
1563 928 1616 984 in
1647 928 1750 983 lto-

148 1018 354 1073 mousio
406 1016 828 1089 ignorationem,
881 1022 927 1077 si
964 1019 1082 1077 hmc
1131 1022 1369 1093 ignorari
1396 1022 1541 1078 licet.
1570 1022 1628 1079 Si
1655 1038 1751 1077 au-

148 1121 249 1169 teni
296 1109 352 1167 in
397 1111 488 1168 his
521 1113 652 1183 ipsis
675 1113 792 1186 ipsa
844 1114 933 1170 illa
984 1115 1249 1187 ignoratio
1276 1116 1437 1185 impia
1485 1123 1588 1182 est,
1627 1131 1749 1186 quae

145 1213 314 1261 tamen
347 1219 460 1259 non
490 1215 693 1277 potest,
720 1220 822 1262 nec
871 1204 1030 1273 falso,
1061 1210 1345 1275 excusari;
1374 1221 1571 1264 vereor
1595 1224 1663 1264 ne
1691 1216 1748 1266 et

149 1296 219 1369 (ὁ)
246 1298 543 1355 Ιιοιιιωυεῖί
567 1300 959 1372 ignorationem
982 1301 1251 1373 professio
1282 1301 1605 1361 mentiatun
1625 1300 1743 1358 Non

146 1408 334 1465 queror
381 1393 683 1449 admodum
748 1394 817 1450 de
870 1395 1025 1451 venia
1051 1410 1212 1466 quam
1261 1392 1426 1467 508
1478 1394 1741 1451 dedistis:

144 1486 451 1558 religiosum
507 1494 593 1542 est
648 1484 760 1544 Deo
813 1487 912 1543 sita
940 1502 1242 1553 reservare,
1291 1498 1344 1543 et
1388 1488 1742 1559 ignorationis

143 1594 286 1635 error
313 1578 590 1636 humanus
630 1590 735 1636 est.
760 1579 866 1637 Sed
892 1581 1176 1652 ignoscant
1204 1579 1336 1635 mihi
1360 1579 1470 1652 jam
1489 1580 1597 1636 duo
1623 1580 1738 1652 epi-

142 1672 278 1744 scopi
306 1671 515 1729 Valens
554 1683 612 1729 et
639 1672 917 1741 Ursacius,
948 1671 1092 1744 quod
1119 1686 1211 1728 eos
1242 1672 1312 1746 (ε)
1348 1689 1444 1743 pro
1472 1679 1632 1728 a-tate
1656 1682 1738 1728 at-

142 1782 236 1835 que
261 1764 662 1822 exercitatione
712 1779 811 1820 sua
838 1766 1115 1837 ignorasse
1158 1780 1266 1820 non
1288 1763 1472 1820 credo.
1498 1760 1569 1819 Et
1597 1763 1737 1819 difﬂ-

1862 550 1927 606 sii
1956 553 2293 623 expositione.
2323 551 2649 610 Homousion
2670 556 2733 611 ob
2759 558 3075 615 natiuitatem
3100 556 3237 617 ritate
3258 565 3461 634 respui-

1861 645 2375 717 tur.—-Epistolam
2406 690 2423 717 ,
2472 663 2632 719 quam
2670 663 2701 706 a
2749 650 2904 708 vobis
2955 650 3025 710 de
3087 653 3356 712 homousii
3404 665 3461 713 et

1858 737 1926 794 de
1988 737 2275 795 homteusii
2348 741 2687 812 expositione
2741 743 2882 815 apud
2953 743 3208 803 Sirmium
3259 747 3461 805 Valens

1856 839 1911 886 et
1941 827 2194 888 Ursacius
2237 838 2294 889 et
2331 832 2639 893 Germinius
2701 849 3064 908 poposcerunt
3117 840 3244 913 legi,
3301 842 3461 913 intel-

1854 924 1964 997 ligo
2010 924 2065 981 in
2113 925 2431 998 quibusdam
2485 943 2592 985 non
2647 931 2826 985 minus
2889 933 3052 1006 509
3099 936 3460 1008 circumspec-

1853 1026 1962 1074 tam
1992 1033 2113 1074 esse
2129 1062 2143 1086 ,
2166 1034 2325 1090 quam
2352 1020 2596 1078 liberam.
2620 1022 2689 1079 Et
2715 1025 2831 1095 ipsa
2855 1025 3119 1083 homousii
3141 1034 3196 1085 et
3217 1029 3460 1087 homoeu-

1850 1109 1914 1165 sii
1944 1111 2334 1167 demonstratio
2364 1112 2497 1168 nihil
2523 1114 2740 1185 reliquit
2765 1115 3116 1174 difﬁcultatis.
3150 1121 3216 1176 Et
3236 1122 3454 1194 quidem

1849 1202 1916 1259 de
1956 1202 2290 1270 hommusio,
2331 1205 2474 1277 quod
2504 1214 2586 1262 est
2627 1207 2821 1264 similis
2860 1210 3142 1280 essentize,
3171 1228 3456 1272 commune

1842 1297 2104 1369 judicium
2136 1307 2237 1355 est.
2272 1297 2351 1355 De
2382 1299 2665 1357 homousio
2692 1317 2821 1358 vero
2843 1344 2857 1369 ,
2889 1304 3033 1375 quod
3058 1314 3142 1361 est
3182 1306 3343 1362 unius
3366 1323 3454 1364 es-

1845 1395 2069 1462 sentia},
2096 1402 2419 1465 tractantes,
2454 1396 2684 1465 primum
2713 1396 2918 1453 idcirco
2946 1401 3307 1469 respuendum
3331 1418 3454 1473 pro-

1845 1485 2163 1554 nuntiastis,
2207 1488 2333 1557 quia
2375 1503 2471 1558 per
2500 1488 2650 1544 verbi
2682 1488 2840 1560 hujus
2869 1491 3296 1548 enuntiationem
3327 1493 3456 1549 sub-

1844 1582 2037 1637 stantia
2070 1581 2216 1653 prior
2246 1582 2664 1653 intelligeretur,
2693 1599 2857 1655 quam
2888 1585 2995 1641 duo
3017 1586 3157 1641 inter
3182 1600 3241 1643 se
3272 1586 3455 1654 partiti

1842 1684 2043 1731 essent.
2080 1673 2329 1745 Intelligo
2364 1674 2553 1730 vitium
2593 1675 2648 1729 in
2678 1676 3051 1747 intelligentia.
3089 1677 3152 1733 Et
3190 1678 3451 1749 profanus

1842 1765 1929 1821 hic
1961 1780 2153 1824 sensus
2178 1776 2292 1835 est,
2320 1777 2375 1825 et
2410 1769 2682 1824 communi
2721 1760 2927 1840 judicio
2974 1770 3043 1826 ab
3084 1770 3327 1829 Ecclesia
3366 1788 3453 1828 re-

140 1859 386 1914 cillimum
417 1869 510 1915 est
537 1874 608 1914 ne
647 1859 865 1915 mentiri
905 1857 1311 1925 existimentur,
1343 1860 1435 1930 qui
1461 1875 1521 1914 se
1548 1859 1601 1913 in
1630 1858 1735 1914 alio
1764 1862 1814 1923 B
1840 1859 2136 1929 spuendus.
2170 1860 2422 1917 Secundo
2448 1876 2663 1932 quoque
2688 1861 2742 1917 id
2772 1862 3075 1927 addidistis,
3097 1867 3241 1937 quod
3271 1873 3452 1936 patres

144 1953 214 2026 (ά)
241 1952 459 2024 negotio
500 1969 612 2008 non
640 1961 869 2025 possunt
896 1953 999 2009 nisi
1028 1951 1313 2010 mendacio
1342 1966 1594 2023 purgare.
1625 1952 1732 2009 Sed

137 2044 387 2100 Dominus
409 2046 522 2103 hoc
551 2048 723 2118 magis
749 2047 969 2111 tribuat,
1026 2054 1089 2103 ut
1124 2061 1222 2102 nos
1254 2046 1395 2102 male
1424 2047 1729 2118 opinemur,

138 2153 284 2209 quam
310 2136 388 2193 illi
418 2136 494 2212 (e)
521 2155 631 2194 non
671 2138 1059 2210 ignoraverint.
1089 2137 1229 2194 Malo
1257 2138 1401 2195 enim
1435 2155 1535 2211 ego
1580 2141 1723 2196 male

137 2229 443 2284 existimans
480 2229 736 2301 iudicari,
782 2242 943 2302 quam
995 2224 1157 2286 fidem
1187 2234 1420 2287 vestram
1462 2228 1733 2288 hteretica:

136 2322 473 2379 conscientiae
501 2326 883 2380 communione
910 2325 1124 2381 violari.

198 2414 285 2473 80.
316 2418 429 2473 Uro
456 2424 644 2473 autem
692 2433 814 2487 vos,
836 2412 1164 2474 sanctissimi
1205 2414 1327 2488 viri,
1358 2424 1415 2475 ut
1437 2434 1560 2475 cum
1592 2420 1730 2477 bona

136 2508 278 2565 venia
316 2506 722 2566 sollicitudines
764 2524 913 2566 meas
952 2509 1252 2567 aestimetis.
1282 2509 1350 2584 (ί)
1381 2510 1558 2567 Testis
1587 2504 1729 2568 enim

138 2599 383 2658 Dominus
428 2606 522 2660 est
569 2603 920 2661 conscientia:
945 2618 1102 2670 mere,
1128 2604 1180 2659 in
1218 2604 1366 2660 nullo
1398 2621 1484 2662 me
1515 2606 1732 2677 exposi-

140 2693 299 2751 tiones
337 2693 460 2763 has,
524 2711 658 2767 quas
707 2696 965 2752 Sirmium
1013 2696 1302 2764 detulistis,
1355 2696 1479 2753 ﬁdei
1530 2707 1733 2754 vestra:

139 2784 267 2842 velle
292 2786 624 2843 convellere.
654 2787 761 2845 Sed
791 2787 917 2845 date
947 2789 1181 2859 veniam,
1219 2789 1265 2847 si
1294 2790 1541 2862 quaedam
1573 2790 1733 2846 intel—

140 2876 293 2948 ligere
315 2894 423 2935 non
450 2894 698 2950 possum,
718 2884 771 2936 ‘et
798 2881 1122 2936 consolabor
1145 2897 1262 2938 me:
1291 2884 1414 2953 quia
1442 2882 1575 2954 legi:
1607 2881 1732 2954 Spi-

143 2956 258 3024 ritus
284 2972 659 3045 prophetarum
704 2974 967 3047 prophetis
997 2972 1253 3046 subjectus
1279 2985 1353 3030 est
1376 2975 1435 3049 (l
1466 2973 1586 3032 Cor.
1613 2991 1728 3045 xxv,

143 3059 243 3134 δί).
276 3062 351 3119 Ex
376 3080 488 3135 quo
517 3064 658 3121 forte
697 3081 809 3121 non
834 3066 1177 3137 impudenter
1223 3067 1383 3123 etiam
1408 3082 1438 3122 a
1470 3082 1558 3125 me
1589 3084 1728 3139 prae-

146 3156 377 3222 sumitur,
427 3166 491 3212 ut
541 3167 594 3213 et
619 3164 720 3229 ego
750 3158 1068 3235 intelligam,
1125 3158 1266 3231 quod
1307 3159 1445 3215 alius
1494 3161 1726 3231 ignoret.

1837 1954 2027 2021 nostri,
2045 1969 2166 2009 cum
2198 1950 2394 2010 Paulus
2418 1954 2495 2028 (g)
2523 1952 2874 2012 Samosateus
2901 1956 3191 2014 haereticus
3213 1975 3451 2030 pronuno

1838 2047 2000 2103 tiatus
2029 2058 2145 2115 est,
2176 2049 2339 2105 etiam
2369 2048 2691 2105 homousion
2724 2050 3166 2121 repudiaverint:
3199 2054 3322 2124 quia
3348 2069 3448 2126 per

1837 2139 1975 2195 hanc
2004 2140 2161 2195 unius
2190 2140 2444 2197 essentia:
2475 2142 2928 2213 nuncupationem
2958 2143 3261 2198 Solitarium
3284 2155 3447 2216 atque

1834 2233 2054 2288 unicum
2102 2222 2205 2289 sibi
2249 2248 2370 2289 esse
2417 2233 2632 2291 Patrem
2666 2246 2721 2291 et
2759 2235 2957 2291 Filium
3000 2236 3349 2306 praedicabat.
3376 2236 3450 2294 Et

1835 2325 1941 2381 hoc
1966 2340 2095 2381 sane
2120 2342 2262 2382 nunc
2290 2342 2504 2399 quoque
2532 2327 2974 2397 profanissimum
3007 2329 3250 2385 Ecclesia
3282 2346 3439 2387 reco-

1835 2419 2084 2490 gnoscit,
2115 2418 2328 2474 Patrem
2372 2427 2427 2474 et
2471 2416 2667 2475 Filium
2701 2419 2754 2475 in
2794 2416 2879 2476 his
2924 2421 3204 2478 nominum
3237 2423 3444 2494 profes-

1834 2513 2079 2569 sionibus
2117 2498 2183 2568 ad
2215 2512 2427 2569 uniouis
2454 2526 2520 2571 ac
2547 2513 2839 2586 singularis
2866 2506 3213 2572 solitudinem
3255 2526 3444 2588 negata

1834 2614 2186 2675 personarum
2228 2602 2562 2675 proprietate
2606 2618 2882 2661 revocare.
2913 2604 3097 2662 Tertio
3135 2608 3296 2663 etiam
3327 2606 3445 2665 haec

1834 2712 1994 2754 causa
2034 2695 2377 2768 improbaudi
2429 2696 2698 2753 homousii
2746 2702 3172 2754 commemorata
3218 2702 3250 2755 a
3289 2700 3441 2756 vobis

1833 2801 1913 2847 est
1948 2808 1960 2844 :
1993 2788 2119 2861 quia
2145 2791 2200 2845 in
2231 2789 2477 2861 synodo,
2505 2804 2625 2860 quze
2647 2784 2789 2861 apud
2828 2789 3061 2845 Nicaeam
3105 2791 3238 2861 fuit,
3268 2792 3441 2848 coacti

1832 2891 2017 2955 patres
2041 2880 2209 2937 nostri
2234 2890 2455 2954 propter
2484 2896 2579 2937 eos
2605 2883 2694 2951 qui
2715 2891 3019 2937 creaturam
3051 2880 3248 2938 Filium
3287 2885 3437 2940 dice-

1834 2976 1998 3043 bant,
2029 2990 2223 3032 nomen
2263 2974 2531 3031 liomousii
2572 2972 2896 3031 indidissent
2925 2993 2939 3030 :
2969 2972 3113 3047 quod
3153 2991 3261 3032 non
3301 2978 3441 3034 reci-

1835 3067 2089 3139 piendum
2122 3066 2323 3123 idcirco
2352 3070 2452 3135 sit,
2495 3068 2619 3139 quia
2651 3080 2918 3138 nusquam
2945 3069 3204 3140 scriptum
3236 3054 3443 3142 reperi-

1834 3169 2003 3217 retur.
2033 3161 2185 3230 Quod
2217 3176 2244 3213 a
2276 3159 2425 3215 vobis
2456 3152 2658 3216 dietuin
2689 3161 2821 3217 satis
2860 3161 3048 3218 miror.
3079 3160 3136 3217 Si
3168 3162 3312 3219 enim
3343 3160 3441 3218 ho-

147 3244 249 3303 Non
268 3248 409 3317 quod
438 3248 736 3320 quidquam
766 3264 865 3305 vos
894 3251 1191 3305 secundum
1216 3265 1521 3306 mensuram
1553 3251 1730 3308 scieu-
1758 3266 1804 3330 ί]
1835 3255 2082 3311 mousion
2113 3260 2334 3325 propter
2364 3254 2656 3310 novitatem
2688 3241 3080 3325 repudiandum
3111 3257 3216 3324 sit;
3249 3268 3442 3314 vereor

148 3339 223 3396 tia:
258 3340 513 3413 ignorare
538 3358 701 3399 ausus
717 3345 820 3400 sim
847 3344 1056 3403 dicere:
1086 3342 1181 3401 sed
1207 3360 1371 3416 super
1396 3345 1519 3403 lidel
1547 3345 1728 3402 catho-

148 3431 253 3489 lica:
286 3434 520 3502 unitate,
565 3436 806 3508 patimini
853 3452 960 3493 non
1005 3439 1187 3495 minus
1213 3438 1267 3495 in
1290 3440 1445 3498 nobis
1472 3454 1595 3497 esse
1623 3441 1730 3498 sol-

147 3526 491 3599 licitudinnm,
525 3542 682 3602 quam
713 3531 768 3588 in
799 3531 973 3589 vobis.

150 3643 460 3712 impassibilis
514 3646 671 3713 Deus,
710 3648 881 3720 utique
921 3651 1373 3723 incompassibilis.
1428 3651 1559 3705 Tam
1604 3670 1726 3723 ergo

152 3724 423 3791 Compassus
463 3729 708 3791 nonest,
756 3732 907 3788 quam
933 3738 1022 3775 nec
1050 3739 1230 3791 passus
1260 3733 1354 3789 est,
1390 3739 1452 3777 ea:
1478 3741 1536 3778 ea
1560 3734 1728 3778 tamen

153 3789 420 3863 conditione
444 3806 551 3862 qua
578 3790 733 3847 Deus.
762 3793 839 3847 Ex
889 3808 1016 3863 quo,
1048 3789 1179 3848 utet
1200 3810 1263 3849 ex
1298 3803 1484 3849 nostro
1524 3794 1729 3850 Hilario

153 3859 476 3932 manifestum
533 3874 634 3928 est,
660 3859 944 3919 haereticos
974 3859 1217 3921 dicentes
1242 3867 1405 3932 ﬁlium
1440 3866 1538 3920 Dei
1564 3870 1730 3922 homi-

153 3930 533 4011 rtem__de_il!aria
552 3937 857 4011 suscepisse,
883 3954 972 4006 per
987 3955 1137 4005 quem
1162 3930 1457 4011 compassus
1477 3948 1572 4005 est,
1589 3940 1727 3994 duos

153 4000 199 4080 in
225 4000 436 4060 Christo
460 4000 785 4069 asseruisse,
815 4000 1044 4078 quorum
1079 4025 1217 4063 unus
1230 4000 1373 4063 esset
1405 4000 1724 4080 suscipiens,

153 4074 279 4150 alter
331 4089 661 4149 susceptus,
704 4074 931 4147 uterque
987 4095 1119 4135 vero
1165 4080 1452 4150 passibilis.
1508 4074 1640 4136 Nam
1686 4074 1731 4137 si

154 4143 399 4221 dixissent
435 4143 530 4219 per
575 4143 723 4221 quem
762 4143 944 4220 pasam
996 4163 1105 4217 est;
1146 4143 1470 4220 sequeretur
1528 4162 1732 4207 tantum

154 4213 406 4274 Christum
437 4213 670 4290 passum
701 4213 823 4277 esse
851 4213 1143 4278 secundum
1175 4213 1420 4277 naturam
1464 4223 1734 4279 hominis:

156 4294 339 4366 at_cum
366 4290 726 4366 scribuntper
753 4311 900 4366 quem
923 4311 1218 4366 compassus
1243 4304 1337 4361 est,
1365 4296 1613 4361 passione
1639 4295 1739 4351 ho-

159 4358 301 4437 minis
333 4375 581 4437 naturam
614 4358 775 4419 Verbi
803 4358 1053 4420 similiter
1080 4366 1220 4420 affici
1244 4358 1568 4437 significant.

218 4431 285 4500 (a)
325 4433 531 4491 Omnes
563 4451 695 4491 mss.
723 4436 777 4490 in
807 4437 1130 4491 homousion.

215 4502 284 4577 (ρ)
321 4504 577 4577 Nonnulli
605 4522 736 4562 mss.
766 4522 887 4563 cum
918 4510 1152 4576 excusis,
1187 4511 1466 4563 homousii.
1515 4508 1737 4564 Rectius

158 4570 314 4648 gate,
335 4576 529 4645 Corb.,
556 4578 779 4645 Pratel.,
811 4576 998 4645 Faur.,
1015 4570 1148 4648 etc.,
1169 4580 1455 4636 homaeusii.
1480 4580 1575 4637 llic
1597 4582 1737 4636 redit

162 4641 375 4702 Hilarius
419 4651 486 4704 ad
518 4641 583 4706 vid
626 4641 776 4721 quod.
803 4650 915 4722 jam
970 4641 1234 4707 deliberat
1277 4655 1482 4719 dicens,
1517 4652 1583 4706 Et
1621 4653 1737 4706 irsu

162 4713 240 4767 illa
262 4728 396 4773 nunc
431 4738 657 4777 urwsens
696 4722 1001 4777 subscriptio
1049 4740 1151 4777 non
1178 4734 1311 4777 caret
1343 4724 1604 4777 falsitate:
1640 4671 1734 4777 bo-

158 4715 240 4767 illa
262 4728 396 4796 nunc
431 4715 657 4790 prtesens
696 4715 1005 4796 subscriptio
1049 4740 1151 4777 non
1178 4734 1311 4796 caret
1341 4715 1568 4796 falsitate
1585 4741 1616 4796 :p
1640 4715 1734 4778 lto-

159 4786 353 4864 mteusii
379 4786 582 4858 autem,
605 4810 707 4850 non
743 4786 1008 4848 hornousii
1040 4786 1363 4864 professioni
1394 4794 1736 4851 subscribere

160 4861 314 4937 coacti
352 4871 498 4919 sunt.
532 4865 638 4921 Sed
685 4880 844 4937 quam
889 4881 1016 4921 vere
1038 4861 1104 4921 de
1136 4866 1365 4923 Utsacio
1404 4879 1459 4922 et
1510 4867 1735 4922 Valente

160 4928 502 5007 subodoratus
566 4939 671 5007 sit,
700 4928 795 4993 eos
822 4954 924 4993 non
953 4954 1019 4993 ex
1049 4939 1228 4993 animo
1258 4938 1596 4995 hommtision
1620 4952 1737 4994 sus-

162 5006 376 5083 cepisse,
423 5008 575 5067 testis
613 5006 697 5067 εει
748 5008 1055 5067 Geﬂninius
1100 5008 1427 5083 Fragmento
1458 5027 1547 5077 xv,
1580 5008 1735 5083 n.73:

165 5071 328 5154 Miror
362 5071 553 5154 autem,
586 5084 757 5154 inquit
785 5083 1099 5136 nominatim
1145 5071 1492 5148 de'Valente,
1521 5071 1738 5149 preedic-

167 5154 261 5201 tum
295 5149 550 5208 Valentem
576 5149 676 5209 aut
689 5156 901 5209 oblitum
929 5170 1053 5217 esse,
1080 5164 1169 5208 aut
1190 5163 1325 5208 certe
1346 5155 1560 5208 subdole
1584 5154 1739 5207 dissi—

167 5221 348 5297 mulare
368 5226 503 5295 quod
524 5228 577 5281 in
607 5226 919 5297 praeteritum
939 5235 1132 5297 gestum
1150 5227 1234 5291 sit,
1265 5225 1620 5295 ete.,quando
1648 5223 1741 5277 Fi-

168 5288 282 5368 lium
307 5288 525 5368 similem
548 5288 699 5352 Patri
724 5315 813 5368 per
862 5288 1032 5350 ciuilia
1073 5314 1181 5351 esse
1224 5288 1742 5368 utattttnostrasub-

167 5364 463 5439 scripsimus.
501 5368 705 5439 Quippe
724 5364 818 5424 isti
839 5367 960 5429 duo,
990 5379 1045 5421 ut
1069 5377 1220 5423 notat
1246 5369 1521 5432 Socrates,
1555 5367 1648 5421 lib.
1674 5382 1741 5439 tt,

169 5445 276 5502 (³³1)-
302 5432 374 5511 574
394 5456 409 5511 εί
438 5432 653 5511 Semper
684 5440 753 5495 ad
774 5456 947 5494 eorum
975 5450 1142 5511 partes
1168 5440 1476 5506 transibant,
1508 5442 1593 5507 qui
1626 5432 1742 5507 plus

171 5517 303 5570 posse
328 5509 635 5565 viderentur.

238 5572 306 5651 (c)
329 5579 393 5635 Ut
420 5583 672 5655 pote_qui
696 5597 839 5655 anno
859 5580 967 5637 ’555
995 5580 1160 5655 Tyrio
1187 5580 1550 5637 conciliabula
1573 5582 1741 5637 inter-

173 5642 387 5723 fue'n'int,
414 5642 463 5707 et
484 5642 679 5708 abhinc
702 5666 796 5723 per
815 5651 887 5710 ‘25
907 5642 1078 5708 anno's
1101 5652 1396 5723 innumeris
1422 5666 1589 5721 prope
1618 5667 1747 5707 con-

180 5718 436 5798 vetttibus,
462 5724 514 5778 in
543 5718 736 5798 quibus
764 5724 1035 5779 solemnes
1081 5732 1236 5780 erant
1265 5721 1333 5779 de
1354 5718 1627 5795 pra'dictis
1650 5739 1747 5780 vo-

186 5788 320 5844 cibus
346 5788 743 5851 controversia).

253 5862 327 5935 (tl)
364 5863 503 5925 Satis
538 5864 820 5924 advertunt
850 5864 1165 5938 prudentes,
1195 5865 1284 5924 hic
1326 5861 1552 5922 indicari
1596 5864 1745 5923 litte-

1766 4693 1814 4752 1)

1837 3363 1905 3404 ne
1948 3356 2003 3403 et
2054 3344 2399 3403 homoeusion
2459 3342 2995 3419 periclitetur,‘quia
3049 3360 3315 3421 nusquam
3361 3348 3441 3423 (lt)

1836 3441 2095 3511 scriptum
2125 3439 2448 3512 reperiatur.

1913 3532 2004 3587 82.
2039 3532 2154 3601 Quo
2192 3549 2346 3587 sensu
2364 3532 2572 3606 judicio
2615 3531 2875 3588 communi
2912 3530 3201 3588 damnetur.
3227 3542 3300 3573 -‘-
3327 3529 3437 3589 Sed

1833 3667 1926 3709 ras
1958 3668 1988 3707 a
2019 3652 2246 3708 Valente
2278 3658 2335 3707 et
2388 3650 2608 3708 Ursacio
2639 3650 2706 3706 ad
2734 3650 2933 3708 Julium
2965 3660 3086 3722 post
3113 3652 3436 3722 Sardicense

1835 3725 2121 3781 c0nciliutn
2157 3722 2514 3793 conscriptas,
2538 3724 2732 3793 quibus
2758 3720 3015 3793 expresse
3052 3723 3287 3780 confessi
3310 3720 3434 3781 sunl

1835 3796 1970 3852 falsa
2014 3810 2138 3852 esse
2156 3794 2337 3851 omnia
2363 3808 2484 3866 quae
2505 3794 2765 3852 adversus
2794 3795 3151 3852 Athanasium
3176 3796 3425 3869 dirulga‘

1836 3874 1983 3924 rant.

1934 3939 1981 4013 e)
2020 3938 2187 4013 Abest
2218 3954 2321 3993 non
2350 3953 2379 3991 a
2408 3936 2730 4013 quibusdam
2764 3953 2896 4013 mss.
2921 3938 3083 3995 male.

1934 3942 1981 4013 e)
2020 3942 2187 3995 Abest
2218 3954 2321 3993 non
2350 3953 2379 3991 a
2408 3942 2730 4008 quibusdam
2764 3953 2896 3993 mss.
2921 3942 3083 3995 male.

1907 3942 1981 4083 if)
2021 4011 2279 4083 Erasmus
2304 4020 2495 4083 monet
2515 4024 2574 4063 se
2608 4010 2664 4083 in
2688 4012 2992 4083 recentiore
3022 4009 3253 4080 quodam
3285 4009 3436 4066 codi-

1838 4096 1901 4138 ce
1919 4078 2201 4151 ‘reperisse
2228 4080 2315 4135 hic
2342 4079 2604 4134 additum:
2624 4078 2730 4134 Pro
2755 4081 3028 4147 prudentia
3043 4078 3218 4135 uestra
3244 4096 3437 4151 expen-

1839 4154 1966 4220 dite,
1994 4154 2119 4225 quid
2143 4154 2205 4207 sit
2232 4151 2638 4225 asanctissimis
2662 4151 2783 4205 uiris
2822 4166 3056 4225 poscere,
3090 4161 3146 4206 ut
3164 4168 3281 4225 eum
3305 4154 3440 4207 bona

1838 4221 2226 4281 venia'audiant
2251 4224 2535 4288 dicentem;
2558 4232 2604 4276 et
2640 4239 2707 4276 an
2737 4221 2967 4290 ejusdem
3010 4221 3075 4276 sit
3118 4222 3343 4287 adulari,
3391 4234 3440 4290 et

1841 4297 2140 4370 objurgare.
2174 4295 2287 4370 Hoc
2326 4282 2557 4370 ideojla
2596 4282 2803 4370 dictum
2841 4301 2934 4355 est.
2978 4293 3202 4370 quiaea,
3229 4282 3343 4363 ante
3370 4282 3440 4348 ad

1840 4364 2241 4442 pr'a'se'nstacita
2313 4364 2377 4439 ab
2422 4364 2502 4418 his
2531 4366 2765 4436 fuissent,
2815 4382 2956 4419 eram
2984 4367 3302 4442 proditurus,
3337 4382 3440 4442 nou

1843 4437 2011 4494 tamen
2038 4441 2091 4492 in
2120 4439 2198 4511 Itis
2224 4451 2338 4511 qua:
2365 4446 2570 4511 possent
2586 4446 2844 4511 tamquam
2866 4437 3182 4511 excusabilia
3210 4437 3440 4511 defendi,

1842 4513 2041 4565 viderer
2082 4502 2410 4563 calun'miari.
2445 4507 2659 4562 Erasini
2693 4502 2873 4562 notam
2904 4522 2967 4561 ac
3006 4509 3170 4564 verba
3218 4502 3444 4563 retinuit

1845 4582 2084 4647 Μίνωας,
2118 4596 2235 4651 quae
2253 4577 2308 4633 in
2341 4579 2689 4651 sequentibus
2734 4574 2866 4636 edit.
2898 4592 3121 4651 prorsus
3151 4592 3440 4650 suppressa

1844 4664 1989 4708 sunt.
2042 4649 2147 4721 Qui
2191 4658 2371 4706 autem
2409 4650 2787 4721 Remigianum
2834 4649 3075 4721 codicem
3117 4649 3242 4721 ante
3271 4662 3441 4705 annos

1838 4725 1945 4781 400
1999 4720 2192 4795 pinxit,
2225 4724 2413 4779 eadem
2452 4721 2517 4776 ad
2552 4720 2847 4795 marginem
2873 4720 3179 4795 exscripsit,
3212 4734 3442 4795 praemo-

1843 4813 1975 4852 nens
2001 4790 2068 4852 ea
2100 4798 2153 4850 in
2182 4796 2489 4867 quibusdam
2528 4790 2901 4867 egemplaribus
2959 4790 3168 4867 haberi.
3218 4790 3444 4867 Exstant

1841 4869 1895 4922 in
1942 4859 2249 4924 recentiore
2287 4864 2450 4920 Carn.
2480 4874 2533 4919 et
2554 4859 2689 4919 Tell.
2718 4865 2782 4918 ad
2823 4878 2973 4917 oram
3004 4859 3165 4927 libri;
3202 4873 3256 4915 at
3285 4863 3339 4916 in
3367 4860 3443 4917 al-

1839 4947 1959 4995 tero
1998 4948 2160 4995 Uarn.
2205 4944 2331 4990 ante
2376 4951 2549 4991 annos
2574 4935 2681 4992 900
2728 4935 2926 5004 scripto
2973 4942 3028 5004 et
3074 4930 3234 4987 Mich.
3275 4932 3437 4988 etiam

1842 5012 1896 5066 in
1928 5012 2044 5081 ipso
2074 5019 2241 5065 textu.
2278 5008 2387 5081 His
2406 5016 2602 5078 quarto
2633 5022 2697 5081 se
2746 5002 3439 5081 purgat_llilarius,__osten-

1840 5074 2027 5152 ditq'ue
2057 5098 2115 5137 se
2143 5095 2245 5135 non
2270 5074 2590 5152 adulationis
2615 5074 2763 5152 vitio;
2789 5078 2882 5131 sed
2914 5074 3177 5152 charitate
3202 5075 3441 5152 dietaute

1842 5147 2144 5209 Orientales
2196 5151 2541 5204 sanctissimos
2587 5150 2721 5219 viros
2771 5147 3073 5219 appellasse
3124 5164 3136 5200 :
3179 5161 3285 5214 quo
3316 5148 3437 5202 scil.

1846 5225 2129 5295 prodesset
2155 5221 2628 5295 correctio,_quan_i
2650 5216 2727 5295 eis
2751 5216 3106 5295 adhibiturus
3113 5226 3259 5295 erat.

1918 5293 1991 5364 (g)
2025 5295 2080 5359 in
2115 5301 2323 5348 vetusto
2365 5286 2551 5364 codice
2578 5288 2733 5364 Coll).
2764 5297 2819 5364 et
2847 5289 3030 5346 Germ.
3076 5286 3329 5364 Noateus.
3365 5286 3450 5364 ᾼιι

1847 5358 2070 5422 Paulum
2115 5365 2193 5419 sic
2222 5373 2376 5417 vocat
2423 5362 2657 5417 Hilarius
2700 5376 2735 5431 a_
2779 5360 2971 5429 Noeto,
3017 5364 3170 5431 cujus
3198 5358 3451 5417 lustres-im

1847 5435 2079 5505 quodam
2128 5437 2288 5491 ["0th
2330 5432 2694 5505 instauravit?
2725 5426 3055 5503 Epiphanius
3084 5426 3247 5505 enim
3289 5431 3453 5505 tradit

1850 5496 1985 5564 Ιὶςιτ.
2026 5524 2151 5573 va,
2184 5524 2237 5561 n.
2266 5504 2337 5576 Al.
2372 5504 2597 5560 Paulum
2640 5496 2917 5576 opinatum
2951 5519 3095 5573 esse,
3119 5496 3311 5576 ﬁlium
3353 5496 3456 5576 Dei

1851 5580 2225 5636 subsistentiam
2255 5574 2443 5632 habere
2472 5592 2561 5645 per
2590 5572 2695 5630 sese
2722 5576 2936 5642 nullam,
2984 5576 3073 5629 sed
3113 5572 3179 5645 in,
3197 5572 3307 5628 Deo
3334 5575 3454 5629 sub-

1853 5653 2033 5706 sistere
2064 5668 2082 5706 :
2110 5652 2161 5705 id
2190 5648 2328 5721 quod
2373 5644 2621 5704 Sabelllo‘
2643 5663 2838 5719 quoque
2867 5646 3084 5720 placuit,
3129 5644 3357 5715 Novato,
3404 5654 3453 5703 et

1856 5723 2025 5777 Noelo
2034 5764 2045 5776 .

1930 5792 2008 5865 (lt)
2038 5792 2483 5865 Argumentuma
2515 5792 2661 5865 vocis
2688 5788 2925 5865 novitate
2954 5790 3179 5865 petitum
3208 5789 3452 5844 Athana-

1856 5862 1997 5933 sius,
2010 5866 2102 5923 0r.
2120 5862 2183 5936 it,
2202 5879 2323 5938 pag.
2349 5864 2453 5922 516
2466 5873 2520 5926 et
2533 5862 2657 5934 556,
2672 5863 3089 5934 etEpiphanius,
3106 5862 3238 5918 hter.
3258 5866 3453 5926 Lxxnr‘,
