3936 6196
504 304 571 321 ιον

467 322 478 353 ἰ
502 326 573 360 ξιτ)

1669 288 1912 349 SANCTI
1964 285 2245 343 HILARII‘
2272 284 2584 343 EPISCOPI

3651 286 3753 343 5'53

466 421 595 477 hinc
618 433 729 476 non
752 417 1073 474 calumnior.
1103 413 1241 469 Malo
1273 412 1418 469 enim
1450 409 1653 482 aliquid
1689 422 1888 464 novum
1913 420 2060 463 eom-
2090 404 2145 468 Α
2167 402 2295 460 huic
2320 404 2558 460 sermoni
2591 412 2780 460 nostro
2811 419 2917 460 non
2949 404 3249 475 irreligioso
3275 404 3589 459 inseremus.

466 528 822 577 memorasse,
850 524 1011 583 quam
1050 506 1213 578 impie
1240 506 1534 589 respuisse.
1567 502 1935 560 Prmtermissa
1961 500 2062 554 ita-

470 624 577 677 que
588 606 881 678 qumstione
894 601 1168 666 novitatis,
1184 614 1251 655 ne
1268 600 1320 655 in
1346 600 1426 654 his
1446 598 1662 669 quidem
1676 595 1876 653 residet
1891 610 2065 665 quais-

466 704 562 768 tio,
598 715 714 770 qua:
745 697 1017 754 communi
1045 695 1287 750 omnium
1313 701 1554 749 nostrum
1567 691 1773 761 judicio
1804 689 2065 745 damnan-

468 803 579 848 tur.
618 791 752 858 Quis
793 790 939 845 enim
988 802 1136 843 same
1190 788 1387 842 mentis
1420 785 1632 842 tertiam
1679 780 2061 846 substantiam,

466 898 589 954 qua:
629 890 684 938 et
711 870 856 937 Patri
887 890 942 935 et
969 878 1109 936 Filio
1138 877 1449 933 communis
1476 877 1567 939 sit,
1593 872 1942 947 praedicabit?
1965 870 2065 927 Vel

464 976 587 1045 quis
616 973 913 1030 secundum
955 972 1357 1036 Samosateum,
1396 968 1450 1023 in
1481 967 1699 1024 Christo
1736 974 1979 1033 renatus,
2013 973 2070 1021 et

467 1065 663 1122 Filium
687 1064 971 1120 confessus
1000 1079 1063 1119 ac
1088 1064 1327 1130 Patrem,
1352 1060 1494 1132 quod
1519 1058 1770 1114 Christus
1794 1058 1848 1113 in
1875 1071 1936 1112 se
1965 1056 2067 1113 sibi

471 1168 525 1213 et
549 1169 700 1227 pater
730 1165 785 1213 et
812 1157 953 1213 lilius
984 1157 1055 1212 sit
1082 1154 1472 1210 conﬁtebitur?
1498 1152 1602 1208 Par
1627 1152 1809 1222 itaque
1853 1150 1905 1205 in
1936 1164 2067 1205 con-

475 1248 799 1306 dcmnandis
831 1246 1196 1318 impietatibus
1222 1245 1601 1301 haereticorum
1635 1253 1821 1298 nostra
1849 1251 2069 1299 senten-

478 1342 547 1396 tia
579 1350 663 1396 est
697 1360 711 1397 :
743 1351 794 1396 et
838 1339 975 1395 hanc
1005 1338 1274 1393 bomousii
1312 1336 1720 1405 intelligentiam
1756 1351 1861 1390 non
1905 1334 2066 1389 modo

469 1434 700 1505 reSpuit,
732 1434 824 1490 sed
866 1441 921 1488 et
945 1432 1076 1488 odit.
1106 1430 1270 1503 510
1297 1432 1472 1499 Atque
1507 1429 1576 1484 ita
1609 1444 1716 1483 non
1747 1427 2072 1499 relinquitur

470 1529 678 1583 vitiosa:
709 1526 1081 1597 intelligentia:
1111 1525 1360 1596 quaestio,
1386 1522 1479 1580 ubi
1504 1523 1557 1578 in
1587 1521 1701 1579 vitii
1726 1520 2072 1578 damnatione

470 1621 774 1676 communis
796 1633 1051 1675 assensus
1078 1626 1182 1672 est.

542 1710 630 1767 85.
666 1710 817 1778 Quod
845 1711 925 1779 pie
951 1728 981 1764 a
1015 1708 1235 1764 Nicwna
1264 1707 1461 1779 synodo
1506 1716 1817 1775 susceptura,
1849 1723 1952 1761 non
1983 1706 2072 1761 de-

2246 515 2265 549 ι
2302 496 2588 552 Credimus
2617 497 2670 551 in
2703 512 2867 551 unum
2890 496 3057 552 Deum
3087 507 3291 567 patrem
3314 497 3751 567 omnipotentem,

2167 591 2409 646 ninnium
2461 589 2748 646 visibilium
2793 597 2850 645 et
2895 589 3239 644 invisibilinm
3284 588 3566 645 faetorem.
3607 587 3676 643 Et
3707 589 3756 645 iu

2169 702 2333 742 unum
2366 685 2657 741 Dominum
2688 694 2929 740 nostrum
2958 684 3142 741 Jesum
3164 685 3437 742 Christum
3461 686 3626 741 ﬁlium
3648 685 3757 754 Dei,

2169 786 2354 834 natum
2384 793 2448 832 ex
2479 776 2641 833 Patre
2682 776 3037 847 unigenitum,
3069 776 3173 833 hoc
3215 786 3316 843 est,
3358 776 3427 832 de
3471 777 3763 833 substantia

2169 867 2366 935 Patris,
2391 868 2560 924 Deum
2584 883 2650 923 ex
2672 868 2804 933 Deo,
2841 869 3018 923 lumen
3047 884 3112 923 ex
3143 868 3369 933 lumine,
3395 868 3565 923 Deum
3586 884 3761 925 verum

2169 959 2238 1016 de
2280 960 2391 1015 Deo
2422 974 2566 1026 vero,
2619 972 2803 1016 natum
2848 975 2954 1016 non
2988 959 3208 1027 factum,
3256 963 3417 1016 unius
3458 961 3765 1018 substantia:

2171 1067 2293 1108 cum
2333 1053 2513 1119 Patre,
2550 1052 2629 1124 (d)
2660 1052 2802 1124 quod
2848 1068 3029 1125 grtcce
3066 1054 3253 1111 dicunt
3295 1054 3635 1121 homousiou,
3677 1070 3769 1126 per

2172 1160 2331 1217 quem
2371 1146 2552 1202 omnia
2581 1146 2719 1204 facta
2758 1156 2884 1203 sunt
2910 1164 3029 1219 qua:
3068 1148 3122 1203 in
3156 1147 3296 1205 creto
3323 1149 3463 1205 etin
3493 1158 3656 1217 terra,
3682 1150 3767 1222 qui

2162 1249 2394 1329 prepter
2415 1250 2653 1297 nostram
2668 1241 2896 1297 salutem
2919 1242 3198 1300 descendit
3217 1243 3309 1316 (ε),
3335 1245 3645 1300 incarnatus
3662 1254 3763 1311 est,

2173 1341 2229 1390 et
2258 1333 2420 1389 homo
2449 1332 2804 1407 511t‘aetus
2830 1344 2933 1401 est,
2963 1346 3017 1391 ct
3047 1350 3235 1405 passus
3260 1345 3365 1401 est,
3392 1344 3451 1393 et
3480 1337 3771 1395 resurrexit

2173 1428 2332 1482 tertia
2378 1426 2488 1492 die,
2528 1436 2583 1481 et
2619 1426 2902 1484 adscendit
2942 1429 2995 1484 in
3025 1430 3216 1497 caelos,
3246 1438 3510 1485 venturus
3535 1430 3775 1500 judicare

2173 1520 2326 1577 vivos
2363 1532 2418 1576 et
2447 1530 2707 1577 mortuos.
2744 1522 2812 1578 Et
2844 1522 2898 1577 in
2928 1522 3187 1590 Spiritum
3238 1531 3511 1579 sanctum.
3543 1524 3651 1580 Eos
3690 1539 3779 1579 au-

2173 1621 2306 1679 tem,
2328 1613 2419 1685 qui
2444 1612 2652 1680 dicunt,
2684 1613 2814 1668 Erat
2843 1614 3059 1686 quando
3087 1630 3191 1669 non
3221 1624 3358 1683 erat,
3390 1623 3446 1670 et
3469 1623 3598 1672 ante
3619 1630 3777 1687 quam

2176 1717 2492 1769 nasceretur
2517 1721 2623 1762 non
2656 1714 2794 1773 erat,
2826 1718 2881 1763 et
2909 1707 3051 1777 quod
3077 1707 3145 1763 de
3172 1722 3279 1763 non
3311 1707 3652 1763 exstantibus
3673 1706 3781 1763 lac-

470 1804 582 1859 beat
609 1802 911 1873 improbari.
942 1833 1013 1843 ——-
1042 1803 1261 1857 lticturo
1290 1811 1469 1857 autem
1510 1815 1597 1856 me
1630 1798 1845 1853 tandem
1873 1796 1940 1851 de
1967 1804 2075 1852 tcr-
2103 1799 2152 1860 B
2181 1805 2267 1854 tus
2296 1806 2399 1863 est,
2442 1799 2523 1854 vel
2551 1813 2617 1854 ex
2649 1798 2750 1854 alia
2776 1800 3075 1855 substantia
3120 1807 3213 1854 aut
3247 1799 3507 1867 essentia,
3539 1798 3781 1856 dicentes

469 1898 542 1951 tia
570 1897 895 1968 quaestione,
925 1910 1023 1951 oro
1057 1908 1171 1959 vos,
1207 1908 1276 1949 ne
1306 1893 1396 1948 ubi
1424 1906 1531 1965 pax
1570 1889 1921 1947 conscientia:
1965 1897 2071 1954 est,

467 1988 542 2043 ibi
569 1990 640 2043 sit
671 2004 843 2059 pugna
872 1987 1244 2055 Suspiciouum
1276 2003 1288 2039 :
1318 2000 1492 2056 neque
1526 1982 1818 2055 quidquam
1852 1995 1939 2037 me
1967 1978 2072 2035 nisi

470 2081 540 2135 ad
589 2081 816 2136 unitatis
872 2078 1171 2149 profectum
1220 2076 1466 2149 proferre
1514 2073 1858 2131 existimetis.
1911 2072 2076 2128 Iuane

471 2175 618 2230 enim
663 2183 768 2238 est,
809 2172 1135 2228 calumniam
1183 2169 1336 2227 verbi
1383 2169 1789 2241 pertimescere,
1847 2165 1936 2221 ubi
1985 2180 2075 2222 res

473 2270 610 2337 ipsa,
659 2267 811 2338 cujus
856 2266 1081 2322 verbum
1126 2273 1230 2332 est,
1277 2279 1383 2320 non
1419 2262 1615 2318 habeat
1668 2259 2070 2316 difﬁcultatem.

470 2361 730 2431 Displicet
753 2361 1002 2432 cuiquam
1032 2359 1084 2414 in
1110 2356 1319 2430 synodo
1344 2355 1563 2412 Nicaana
1592 2354 1911 2411 ltomousion
1942 2368 2067 2409 esse

471 2454 828 2525 susceptum?
855 2453 971 2509 Hoc
996 2454 1039 2507 si
1082 2452 1169 2508 cui
1200 2451 1472 2521 displicet,
1502 2448 1714 2520 placeat
1742 2462 1969 2505 necesse
1992 2456 2079 2503 est

472 2547 618 2621 quod
648 2548 715 2602 ab
744 2546 821 2619 (a)
847 2545 992 2602 Ariis
1018 2545 1090 2599 sit
1109 2551 1383 2616 negatum.
1414 2541 1676 2613 Negatnm
1704 2541 1846 2596 enim
1875 2540 2077 2595 idcirco

473 2650 558 2697 est
585 2640 926 2703 homousiou,
958 2653 1025 2695 ue
1050 2653 1117 2694 ex
1153 2636 1454 2693 substantia
1504 2635 1601 2691 Dei
1630 2636 1796 2706 patris
1843 2633 1987 2689 Deus
2018 2632 2078 2688 ﬁ-

480 2734 587 2790 lius
619 2743 799 2802 natus,
831 2731 925 2789 sed
969 2730 1263 2788 secundum
1300 2739 1580 2786 creaturas
1606 2743 1670 2784 ex
1704 2725 1875 2785 nihilo
1901 2724 2081 2781 condi-

478 2836 569 2882 tus
620 2825 1028 2897 prmdicaretur.
1070 2823 1214 2880 Nihil
1265 2838 1467 2879 novum
1508 2821 1801 2893 loquimur,
1835 2819 2077 2891 pluribus

389 2976 395 2983 ,
472 2918 617 2976 edita
645 2919 839 2975 litteris
869 2917 989 2989 ipsa
1015 2917 1271 2973 Ariorum
1297 2914 1525 2985 perﬁdia
1554 2913 1657 2971 sibi
1689 2912 1847 2969 testis
1872 2921 1978 2967 est.
2020 2911 2078 2966 Si

473 3020 695 3083 propter
724 3010 1037 3082 negantium
1090 3008 1424 3079 impietatem
1475 3006 1562 3077 pia
1594 3016 1706 3062 tum
1735 3003 1835 3060 fuit
1880 3002 2079 3059 intelli-

472 3104 658 3178 gentia
713 3103 1102 3168 conﬁtentum;
1153 3116 1337 3172 quaero
1378 3115 1476 3157 cur
1516 3101 1678 3157 hodie
1718 3099 2075 3167 convellatur,

2178 1889 2589 1947 convertibilem
2611 1899 2667 1947 et
2694 1890 3075 1948 demutabilem
3099 1891 3268 1948 Deum
3301 1908 3313 1947 :
3349 1890 3448 1948 hos
3468 1895 3781 1950 anathema-

2180 1984 2313 2040 tizat
2342 1983 2604 2039 catholica
2637 1984 2902 2041 Ecclesia.
2934 2004 2953 2039 ι

2251 2076 2364 2131 Νοιι
2398 2076 2484 2132 hic
2513 2077 2853 2133 sanctissima
2882 2078 3259 2148 religiosorum
3281 2078 3525 2135 virorum
3548 2079 3784 2149 synodus

2180 2171 2366 2227 nescio
2394 2186 2555 2242 quam
2589 2172 2845 2242 priorem,
2892 2187 3013 2244 qua:
3042 2172 3096 2227 in
3138 2173 3275 2228 duos
3312 2172 3485 2229 divisa
3516 2174 3610 2242 sit,
3656 2175 3782 2230 sub-

2179 2265 2432 2321 stamiam
2461 2263 2775 2330 introducit,
2806 2264 2901 2320 sed
2942 2264 3136 2321 Filium
3168 2274 3352 2322 natum
3382 2265 3451 2321 de
3478 2265 3780 2323 substantia

2181 2358 2375 2414 Patris.
2425 2357 2695 2429 Numquid
2742 2367 2798 2413 et
2850 2371 2950 2413 nos
3000 2358 3298 2428 negamus?
3331 2366 3425 2414 aut
3463 2358 3593 2429 quid
3639 2357 3785 2414 aliud

2180 2451 2539 2508 conﬁtemur?
2565 2451 2634 2506 Et
2661 2459 2783 2521 post
2809 2459 3035 2507 emteras
3077 2452 3380 2508 communis
3405 2450 3529 2507 ﬁdei
3573 2453 3787 2523 exposi-

2183 2546 2357 2600 tiones
2406 2544 2501 2609 ait,
2549 2562 2569 2597 ι
2599 2542 2791 2599 Natum
2844 2559 2951 2600 non
2992 2543 3215 2609 factum,
3274 2544 3433 2601 unius
3471 2543 3787 2600 substantia:

2180 2650 2302 2693 cum
2327 2634 2509 2702 Patre,
2531 2635 2675 2707 quod
2707 2650 2881 2707 grznce
2910 2636 3097 2692 dicunt
3127 2637 3470 2693 homousion.
3497 2655 3519 2689 ι
3551 2636 3687 2705 Quae
3701 2635 3789 2692 hic

2182 2729 2393 2783 vitiosa:
2424 2718 2797 2798 intelligentiae
2820 2727 3034 2784 occasio
3062 2728 3179 2785 est?
3206 2728 3374 2785 Natus
3400 2744 3522 2786 esse
3549 2730 3620 2785 de
3660 2729 3790 2785 sub-

2182 2822 2380 2877 stantia
2410 2821 2587 2876 Patris
2617 2820 2806 2889 Filius,
2840 2837 2947 2877 non
2977 2821 3149 2878 lactus
3175 2822 3501 2895 prmdicatur
3534 2842 3548 2877 :
3579 2838 3649 2879 ue
3693 2837 3792 2878 na-

2182 2917 2364 2972 tivitas
2388 2915 2706 2978 divinitatis.
2739 2916 2946 2973 factura
2989 2918 3063 2972 sit
3101 2919 3412 2974 ereationis.
3440 2917 3647 2975 Idcirco
3689 2933 3791 2975 au-

2182 3016 2291 3063 tem
2319 3010 2471 3064 unius
2499 3010 2798 3065 substantiae
2819 3026 2839 3065 :
2867 3025 2974 3065 non
3015 3018 3078 3065 ut
3103 3024 3244 3066 unus
3271 3011 3532 3068 subsistat
3574 3020 3672 3068 aut
3696 3026 3792 3068 so-

2181 3100 2290 3167 lus,
2327 3101 2422 3157 sed
2455 3110 2510 3157 ut
2541 3118 2612 3158 ex
2646 3102 2944 3158 substantia
2980 3102 3071 3158 Dei
3103 3112 3260 3159 natus
3290 3118 3398 3159 non
3420 3101 3640 3158 aliunde
3662 3103 3793 3159 sub-

478 3197 624 3268 quod
657 3206 768 3252 tum
794 3196 880 3267 pie
912 3202 1221 3266 susceptum
1256 3203 1361 3262 est,
1390 3195 1516 3266 quia
1541 3193 1703 3265 impie
1742 3194 2074 3265 negabatur?
2104 3206 2150 3270 ρ
2182 3195 2339 3249 sistat
2370 3236 2385 3259 ,
2444 3210 2618 3267 neque
2656 3204 2713 3250 ut
2769 3195 2822 3250 in
2877 3196 3050 3271 aliqua
3108 3194 3422 3251 dissidentis
3470 3194 3790 3252 substantia:

476 3290 533 3348 Si
563 3288 652 3360 pie
697 3298 1007 3358 susceptum
1038 3298 1124 3343 eSt
1155 3301 1291 3343 :cur
1335 3287 1484 3343 venit
1511 3286 1829 3342 constitutio
1858 3286 2075 3357 pietatis

474 3383 530 3437 in
556 3381 785 3446 crimen,
838 3396 958 3452 qua:
996 3380 1326 3449 impietatem
1367 3380 1455 3449 pie
1496 3394 1593 3449 per
1632 3394 1695 3437 ea
1725 3380 1841 3449 ipsa
1882 3378 2075 3448 quibus

474 3473 550 3548 (b)
583 3473 904 3546 impiabatur
932 3472 1226 3528 exstinxit?

546 3569 637 3623 8i.
669 3566 902 3623 Nicwna:
922 3568 1107 3639 synodi
1129 3582 1333 3636 scapus.
1360 3564 1668 3637 Symbolum
1692 3564 1746 3619 Ν
1749 3566 1987 3621 ὶεαηιιιηι.
2007 3596 2077 3608 —

478 3661 772 3717 Videamus
793 3661 956 3731 igitur
994 3660 1119 3732 quid
1147 3659 1364 3716 Nicrcna
1406 3660 1648 3732 synodus
1671 3660 1742 3734 (ε)
1789 3660 2076 3728 studuerit,

483 3752 831 3819 homousiou,
867 3752 1039 3818 idest,
1064 3751 1224 3807 unius
1249 3752 1564 3808 substantia:
1593 3752 1903 3809 conﬁtendo
1933 3773 1945 3807 :
1970 3769 2077 3811 non

483 3847 671 3919 utique
712 3846 963 3902 haeresim
1003 3846 1297 3917 parturire,
1330 3860 1450 3917 quae
1480 3845 1548 3901 de
1579 3845 1845 3902 bomousii
1888 3848 2080 3903 vitiosa

478 3939 734 4010 Opinione
772 3937 1095 4008 concipitur.
1138 3936 1279 4001 Non,
1323 3938 1540 4009 opinor,
1580 3938 1711 3994 illud
1762 3939 2075 4010 loquentur,

475 4034 620 4105 quod
666 4046 828 4088 unam
864 4033 1198 4089 anteriorem
1240 4032 1600 4088 substantiam
1631 4033 1791 4089 Pater
1820 4045 1872 4088 et
1904 4034 2079 4091 Filius

476 4128 530 4182 in
567 4125 926 4183 substantiam
952 4140 1105 4182 suam
1138 4125 1426 4197 partiendo
1465 4125 1776 4181 diviserint.
1811 4125 1879 4181 Et
1904 4125 2075 4198 ipsam

467 4221 685 4294 quidem
715 4220 968 4294 religiose
996 4227 1110 4277 tum
1159 4219 1414 4291 scriptam
1460 4218 1644 4286 ﬁdem,
1678 4233 1821 4275 nunc
1865 4234 2080 4291 quoque

471 4402 531 4442 ιι.
556 4384 624 4438 Ην
651 4391 706 4438 et
735 4382 825 4450 I9,
875 4382 928 4436 in
960 4381 1108 4451 ipsos
1146 4379 1434 4435 haereticos
1476 4378 1678 4451 pariter
1698 4384 2026 4451 _retorquent
2058 4397 2073 4433 :

470 4456 673 4527 quippe
697 4455 787 4524 qui
812 4448 1026 4522 patrem
1042 4451 1249 4527 dixere
1296 4452 1600 4522 ingenitum,
1631 4448 1823 4504 Filium
1855 4464 2078 4527 vero__ea:

469 4520 582 4583 rion—
605 4520 738 4588 ante,
763 4520 948 4607 etlnon
977 4524 1138 4607 fuisse
1161 4520 1481 4607 priusquam
1517 4531 1838 4604 nasceretur,
1857 4531 1912 4575 et
1940 4520 2076 4607 alias

2180 3286 2493 3344 diversitate
2535 3287 2815 3344 subsistat.
2861 3289 2970 3344 Aul.
3016 3289 3276 3361 numquid
3332 3304 3443 3345 non
3484 3289 3599 3344 haec
3654 3288 3792 3345 ﬁdes

2182 3389 2366 3435 nostra
2399 3390 2500 3445 est,
2542 3389 2730 3436 utnon
2761 3380 2977 3436 aliunde
3016 3382 3298 3452 subsistat,
3327 3396 3503 3454 neque
3527 3380 3673 3453 quod
3698 3382 3790 3437 in-

2181 3473 2458 3529 dissimilis
2496 3472 2791 3530 subsistat?
2836 3474 2945 3529 Ant
2989 3474 3135 3529 aliud
3173 3474 3259 3530 hic
3304 3483 3535 3531 testatur
3560 3473 3793 3530 homou-

2182 3568 2324 3631 siou,
2369 3582 2529 3638 quam
2565 3577 2621 3622 ut
2660 3583 2760 3622 una
2809 3577 2969 3639 atque
3012 3568 3349 3624 indissimilis
3389 3568 3554 3625 duum
3603 3567 3678 3623 sit
3704 3582 3796 3624 se-

2181 3662 2418 3720 cundum
2466 3674 2671 3719 natura:
2713 3662 2781 3737 (f)
2818 3664 3126 3735 progeniem
3156 3665 3415 3731 essentia,
3447 3664 3571 3735 quia
3599 3678 3797 3720 essen-

2186 3757 2258 3813 tia
2287 3756 2409 3812 Filii
2443 3771 2549 3811 non
2581 3757 2652 3811 sit
2677 3756 2935 3813 aliunde?
2962 3756 3094 3825 Qua:
3123 3756 3245 3826 quia
3284 3755 3501 3812 aliunde
3531 3771 3639 3812 non
3675 3763 3792 3825 est,

2179 3853 2342 3908 unius
2364 3861 2511 3908 recte
2535 3866 2657 3907 esse
2686 3852 2848 3907 ambo
2874 3850 3165 3906 credentur
3193 3852 3478 3917 essentize;
3506 3849 3631 3922 quia
3657 3850 3793 3906 sub-

2182 3944 2435 4001 stantiam
2465 3942 2760 3999 nativitatis
2783 3943 2951 3999 Filius
2973 3957 3078 4000 non
3102 3942 3301 3999 habeat
3324 3942 3425 4000 nisi
3452 3942 3520 3998 de
3548 3951 3792 4014 paternae

2181 4039 2505 4094 auctoritate
2534 4046 2759 4093 naturas.
3748 4096 3761 4105 ,

2255 4130 2343 4186 85.
2378 4130 2699 4186 Homousion
2737 4144 2861 4184 num
2887 4130 3308 4202 improbandum,
3335 4131 3455 4203 quia
3480 4129 3662 4185 vitiose
3700 4145 3792 4183 so-

2181 4225 2283 4279 leat
2329 4226 2567 4299 intelligi.
2604 4224 2802 4284 —Sed
2845 4224 2984 4282 forte
3028 4241 3059 4281 c
3104 4226 3380 4282 contrario
3425 4224 3658 4291 dicetur,
3703 4225 3790 4281 id-

2185 4383 2409 4448 ἀσεϐεῖν,
2462 4381 2514 4436 id
2563 4390 2669 4446 est,
2725 4382 3058 4453 impietatem
3092 4398 3276 4451 agere,
3309 4383 3599 4440 eonﬁctum
3631 4383 3790 4441 vide-

2188 4465 2294 4510 tur.
2334 4454 2507 4509 Porro
2554 4453 2686 4509 illud
2730 4454 3041 4522 impinbatur
3079 4455 3145 4509 ad
3192 4453 3493 4511 Samosatei
3534 4455 3787 4511 hmresitn

2185 4526 2377 4599 referri
2407 4524 2693 4580 commode
2717 4535 2917 4596 queat:
2948 4535 3006 4599 ut
3033 4541 3134 4595 qua
3158 4526 3249 4599 ille
3277 4540 3413 4582 voce
3441 4526 3583 4582 nude
3609 4532 3787 4599 posita

472 4612 636 4655 voces
659 4592 1037 4669 excogitarnnt
1057 4592 1354 4669 Scripturis
1381 4606 1601 4669 prorsus
1628 4592 2073 4669 incogniLas_._Ye~

2187 4598 2516 4667 impietatem
2549 4612 2699 4669 suam
2732 4592 3072 4662 enuntiahat,
3100 4597 3309 4669 ea_i_psa
3332 4611 3429 4667 per
3455 4599 3590 4653 alias
3610 4592 3787 4669 'supeo

472 4685 617 4734 rum,
649 4676 707 4723 nt
734 4661 894 4723 docet
908 4661 1260 4731 Athanasius,
1281 4661 1682 4734 lib.’deSynod.
1710 4663 1907 4731 p.915,
1925 4662 2074 4716 Hila-

470 4742 556 4797 rio
586 4747 772 4795 nostro
791 4738 882 4794 hic
906 4738 1257 4807 snﬁ‘ragante,
1287 4735 1417 4789 nihil
1434 4734 1490 4788 id
1515 4736 1691 4805 refert,
1720 4734 1765 4807 si
1790 4735 1903 4807 quis
1926 4749 2074 4790 vare:

469 4813 528 4867 in
558 4811 833 4882 Scriptura
861 4826 963 4882 non
984 4804 1218 4882 reparth
1244 4814 1480 4875 usurpet,
1511 4804 1663 4882 quam
1704 4804 1793 4857 diu
1823 4805 1935 4882 pias
1957 4822 2071 4858 sen-

470 4876 694 4948 tentias,
724 4876 1099 4951 complectitur.
1150 4876 1341 4934 Contra
1380 4877 1879 4951 hieretieus‘tametsi
1927 4892 2073 4929 vocas

469 4970 594 5009 suns
639 4970 667 5008 e
708 4947 871 5007 sacris
918 4953 1103 5007 litteris
1159 4959 1393 5019 usurpet,
1432 4947 1767 5003 nihilominus
1813 4957 2077 5016 suspectus

470 5026 746 5096 animoque
772 5035 1048 5096 corruptus
1073 5021 1248 5078 audiet
1271 5038 1305 5077 α
1333 5020 1558 5092 Spiritu,
1586 5019 1760 5087 Quare
1783 5027 1837 5072 tu
1864 5033 2073 5073 enarra:

458 5094 697 5168 justitias
722 5094 903 5168 meas?

542 5166 618 5240 (a)
650 5167 848 5240 Excusi
879 5164 989 5230 hic,
1018 5164 1156 5240 quod
1181 5164 1246 5240 ab
1271 5162 1480 5240 Ariani:
1504 5170 1578 5217 est
1604 5169 1845 5240 negatum
1865 5177 1883 5225 ;
1905 5169 1961 5216 et
1989 5159 2072 5240 in-_

467 5233 575 5303 fra‘,
600 5233 937 5293 'Arianorum
966 5233 1460 5293 :dissentientibus
1505 5249 1638 5290 mss.
1687 5233 1777 5288 Sic
1810 5240 1884 5303 et
1931 5233 2075 5302 apud

470 5302 831 5367 Phdabadium
852 5307 988 5373 Arii,
1020 5323 1127 5362 non
1154 5308 1337 5361 Ariani
1360 5313 1760 5373 nuncupantur.
1790 5302 2076 5371 Quomodo

471 5382 561 5436 hic
580 5381 836 5445 Hilarius,
863 5382 937 5434 ita
950 5378 1301 5444 Athanasius,
1324 5379 1417 5434 lib.
1443 5376 1511 5431 de
1536 5374 1672 5448 Syn.
1702 5391 1755 5448 p.
1784 5375 1910 5441 9‘20,
1930 5374 2074 5448 idem

466 5452 791 5508 vocabulum
814 5451 1135 5506 homousion
1163 5461 1311 5505 recte
1328 5457 1384 5505 et
1412 5448 1480 5504 ab
1504 5445 1842 5518 An'tiochena
1865 5445 2075 5518 synodo

471 5532 666 5578 contra
710 5523 1084 5579 Samosateum
1125 5520 1412 5591 rejectum,
1458 5529 1513 5575 et
1561 5534 1590 5574 a
1631 5517 1847 5573 Nicaina
1885 5517 2076 5573 eontra

473 5592 706 5713 ᾼῖᾕειιιος
744 5603 1054 5663 susceptum
1094 5590 1287 5663 prebat
1315 5608 1383 5648 ex
1413 5605 1582 5662 scepo
1626 5590 1907 5657 utriusque
1938 5603 2070 5644 con-

473 5679 522 5713 CI
551 5680 605 5713 ΙΙ.

473 5679 605 5716 CIIII.

483 5796 491 5804 _
548 5732 626 5803 (b)
653 5732 743 5812 Sic
773 5749 905 5812 mss.
941 5733 1084 5812 Editi
1114 5749 1264 5812 vero_,
1294 5734 1634 5812 impi‘ebatur.
1659 5731 1837 5812 verbo
1864 5732 2073 5812 impiari

477 5803 609 5863 usus
663 5803 746 5861 'est
800 5805 1017 5862 Plautus
1058 5825 1071 5861 :
1113 5806 1253 5876 quod
1303 5803 1519 5875 quidem
1570 5804 1637 5861 ad
1688 5804 1858 5860 instar
1908 5803 2071 5874 ει·πεί

2179 4666 2353 4725 riores
2388 4668 2632 4740 exposita
2670 4669 2782 4723 Arii
2815 4668 3146 4740 impietatem
3177 4666 3394 4724 Nicmna
3424 4668 3663 4740 synodus
3682 4666 3788 4725 ex-

2176 4738 2595 4795 stinxerit.'Nisi
2624 4739 2762 4795 forte
2810 4740 2930 4809 quis
2960 4738 3147 4795 mallet
3203 4740 3291 4795 hic
3340 4738 3508 4797 alludi
3545 4740 3612 4795 ad
3664 4756 3788 4797 eam

2179 4813 2468 4873 rationem,
2500 4826 2605 4880 qua
2650 4825 2838 4866 vocem
2889 4810 3210 4866 homousion
3259 4810 3519 4867 adversus
3562 4812 3784 4868 Eusebii

2176 4884 2414 4953 argutias
2440 4881 2633 4937 Nicmre
2660 4892 2967 4953 susceptam
3011 4892 3194 4937 narrat
3231 4882 3572 4949 Ambrosius,
3600 4882 3695 4939 lib.
3727 4898 3789 4940 tu

2177 4951 2401 5011 de‘Fide
2425 4968 2477 5009 c.
2509 4953 2600 5020 I5,
2632 4970 2686 5007 ιι.
2722 4951 2843 5017 125,
2876 4954 3019 5023 quod
3052 4957 3229 5009 minus
3253 4954 3532 5024 probabile
3564 4964 3669 5010 est.

2256 5044 2329 5117 (ι’)
2370 5043 2429 5099 In
2469 5044 2720 5114 vulgatis,
2769 5044 3035 5117 statuerit.
3070 5042 3267 5101 Verius
3300 5060 3432 5100 mss.
3479 5046 3734 5101 studuerit
3766 5065 3786 5104 :

2180 5115 2304 5173 eum
2333 5132 2441 5173 non
2472 5126 2578 5171 tam
2609 5124 2881 5187 quaeratur
2921 5130 2990 5172 an
3023 5115 3350 5173 bomousion
3383 5125 3645 5173 statutum
3683 5120 3781 5188 sit,

2179 5203 2340 5259 quam
2364 5203 2470 5259 quo
2498 5188 2749 5244 consilio.

2253 5282 2333 5353 (ά)
2365 5282 2597 5353 Aliquot
2623 5296 2755 5337 mss.
2788 5289 2849 5336 ut
2870 5280 3197 5352 Fragmento
3236 5297 3295 5349 ιι,
3342 5296 3493 5353 num.
3518 5280 3610 5346 27,
3642 5285 3784 5353 quod

2178 5352 2348 5409 (ἕνωεὶ
2378 5352 2552 5408 dicunt
2580 5352 2902 5408 Itomousion.
2936 5353 3060 5408 llaec
3084 5362 3264 5408 autem
3286 5352 3451 5409 verba
3480 5369 3584 5409 non
3615 5352 3781 5412 habet

2177 5425 2454 5494 exemplar
2483 5422 2648 5481 Corh.
2700 5425 2902 5480 szeculo
2951 5431 3107 5480 sexto
3146 5436 3459 5490 exaratum,
3499 5425 3642 5494 quod
3678 5428 3781 5482 hoc

2178 5496 2493 5569 Symbolum
2516 5510 2637 5551 cum
2656 5496 2776 5551 aliis
2800 5495 3036 5566 antiquis
3058 5497 3422 5552 monumentis
3441 5498 3703 5552 continet.

2248 5586 2322 5659 (e)
2349 5587 2572 5642 Addunt
2596 5588 2749 5661 editi,
2777 5588 2841 5643 de
2865 5589 3007 5645 caelis
3029 5606 3047 5644 :
3069 5588 3217 5661 quod
3248 5603 3431 5661 neque
3451 5589 3536 5661 hic
3556 5588 3609 5644 iu
3639 5606 3777 5647 mss.

2177 5668 2372 5727 exstat,
2414 5674 2586 5729 neque
2628 5659 2955 5731 Fragmento
2986 5676 3048 5725 ιι,
3080 5659 3257 5731 neque
3297 5659 3439 5731 apud
3464 5660 3777 5720 Luciferum

2177 5731 2270 5786 lib.
2304 5731 2370 5784 de
2399 5745 2501 5786 non
2533 5734 2819 5801 parcendo,
2854 5743 2959 5787 etc.

2249 5802 2321 5873 (Π
2351 5802 2427 5858 Ita
2455 5817 2608 5869 niss.,
2646 5803 2735 5859 ubi
2764 5806 2816 5860 in
2841 5803 3096 5875 vulgatis,
3122 5804 3485 5876 propaginem.
