3936 6196
179 261 292 319 557

960 262 1162 319 LIBER
1202 262 1293 320 DE
1351 261 1675 336 SYNODIS,
1717 263 1849 323 SEU
1894 264 1981 321 DE
2021 265 2179 324 FIDE
2217 266 2711 325 ORIENTALIUM.

3375 273 3481 330 558

177 385 327 437 circo
352 379 640 451 improbari
663 388 939 452 oportere,
962 381 1087 452 quia
1110 381 1303 437 vitiose
1331 381 1558 453 intelligi
1585 382 1776 437 soleat.
1806 386 1859 447 Α
1886 382 2118 440 Percant
2147 399 2380 456 quoque,
2415 384 2460 440 si
2502 384 2715 441 videtur
2763 382 2929 458 (quod
2961 399 3069 442 non
3099 399 3200 457 ego
3223 385 3477 456 dixerim,

175 472 299 532 [Ioc
323 474 366 530 si
397 476 673 542 timemus,
704 474 985 531 dcleamus
1015 474 1069 530 in
1106 474 1372 547 Apostolo
1406 475 1549 547 quod
1576 475 1778 533 dictum

174 580 265 627 est
296 586 314 624 :
342 568 598 623 Mediator
645 569 744 624 Dei
779 578 825 625 et
863 570 1127 624 hominum
1168 568 1322 625 homo
1366 569 1601 627 Christus
1626 569 1780 626 Iesus

173 665 233 739 (Ι
255 664 382 721 'l'int.
412 680 471 731 ιι,
504 662 592 737 5);
622 664 747 735 quia
776 663 843 720 ad
870 666 1242 720 auctoritatem
1264 663 1487 721 literesis
1508 680 1622 721 sua:
1641 665 1782 721 Pho-

180 759 327 812 tinus
368 756 468 812 hoc
509 757 719 812 utitur:
751 766 805 813 et
853 772 959 811 non
994 758 1204 828 legatur
1242 771 1273 812 a
1307 756 1485 824 nobis,
1533 757 1657 828 quia
1710 756 1779 813 ab

170 849 274 906 illo
304 850 433 907 male
464 849 819 922 intelligatur.
845 850 1041 907 Pereat
1065 866 1279 922 quoque
1309 851 1374 905 ad
1404 850 1778 923 Philippenses

169 944 368 1015 scripta
396 944 646 1013 epistola,
681 951 775 999 aut
804 943 913 1013 igni
933 950 1029 998 aut
1064 944 1328 1015 spongia:
1360 958 1428 1000 ne
1458 943 1513 1000 in
1545 958 1608 999 ea
1636 943 1777 999 Mar-

168 1036 299 1091 cion
342 1036 576 1106 relegat:
604 1032 683 1097 Et,
701 1034 878 1090 habitu
914 1045 1153 1104 repertus
1183 1044 1240 1090 ut
1274 1034 1429 1090 homo
1456 1034 1683 1106 (Philip.
1713 1050 1771 1101 tt,

170 1128 258 1200 7),
286 1128 616 1199 phantasiam
648 1127 893 1198 corporis
930 1127 1193 1184 confitens
1222 1141 1364 1193 esse,
1396 1142 1503 1182 non
1552 1141 1770 1198 corpus.

169 1223 294 1279 Non
315 1230 489 1278 exstet
517 1222 866 1294 Evangelium
893 1221 1119 1279 Joannis
1146 1239 1161 1277 :
1189 1237 1257 1278 ne
1277 1220 1548 1278 Sabellius
1568 1220 1770 1278 discat:

173 1319 339 1392 512
368 1316 479 1389 Ego
509 1327 555 1372 et
585 1314 745 1371 Pater
768 1332 926 1371 unum
950 1332 1126 1371 sumus
1146 1312 1326 1384 (Joan.
1362 1331 1420 1379 x,
1454 1312 1567 1385 30).
1588 1312 1771 1384 Neque

170 1411 267 1465 isti
298 1421 437 1465 nunc
477 1418 742 1466 creaturae
767 1406 1149 1477 prtedicatores
1197 1408 1460 1479 scriptum
1492 1407 1728 1464 habeant
1754 1425 1767 1463 :

165 1500 330 1559 Pater
364 1503 529 1574 major
573 1517 653 1556 me
680 1511 751 1556 est
784 1500 963 1571 (Joan.
994 1517 1105 1565 xlv,
1144 1500 1260 1572 28).
1312 1501 1497 1572 Neque
1534 1501 1634 1568 illi,
1677 1500 1769 1571 qui

162 1593 484 1650 dissimilem
512 1594 661 1651 Patri
690 1593 889 1650 Filium
917 1594 1192 1651 afﬁrmare
1209 1595 1421 1659 volunt,
1446 1595 1627 1665 legant
1650 1610 1666 1648 :
1688 1591 1770 1649 De

159 1687 254 1743 die
270 1698 435 1744 autem
460 1697 510 1745 et
540 1688 670 1743 hora
711 1705 856 1744 nemo
882 1690 968 1756 sit,
1000 1705 1159 1759 neque
1187 1688 1371 1762 Angeli
1395 1689 1451 1744 in
1490 1688 1651 1755 caelis,
1678 1704 1768 1743 ne-

1884 477 1979 534 sed
2027 477 2395 549 responsionis
2444 476 2788 550 nccessitas),
2838 478 3020 535 omnia
3059 479 3240 537 divina
3288 480 3377 538 illa
3426 490 3483 540 et

1883 581 2067 628 sancta
2121 572 2412 645 Evangelia
2462 573 2650 630 salutis
2700 573 2948 631 humanae
2981 591 3090 632 :ne
3133 591 3194 633 sc
3246 575 3478 635 invicem

1881 666 2149 722 contraria
2179 665 2444 722 dictorum
2473 667 2726 737 opinione
2751 675 3116 739 compugneut
3142 685 3154 723 :
3187 684 3257 726 ne
3282 670 3489 728 tuisqu

1881 774 1974 815 rus
1995 759 2253 814 Dominus
2271 758 2533 830 Spiritum
2552 768 2798 815 sanctum
2822 760 2941 832 ipse
2957 761 3025 817 de
3051 761 3255 832 Spiritu
3286 773 3478 822 sancto

1880 861 2037 909 natus
2067 853 2275 924 legatur
2305 872 2319 909 :
2352 853 2422 926 (ε)
2457 868 2527 910 ne
2569 864 2798 910 mortem
2843 855 3024 926 gladio
3054 857 3474 916 denuntiaturus

1878 946 2080 1013 usuris,
2124 946 2233 1003 emi
2278 946 2514 1016 gladium
2553 962 2810 1018 passurus
2838 948 3040 1006 indicat
3068 949 3283 1023 (Matth.
3316 968 3474 1020 xxvr,

1879 1038 1972 1112 52)
1999 1058 2012 1094 :
2041 1056 2108 1094 ne
2134 1039 2201 1095 ad
2240 1038 2447 1095 inferos
2474 1039 2857 1107 descensurus,
2889 1041 2943 1097 in
2974 1042 3222 1112 paradiso
3251 1045 3472 1102 sitcum

1877 1133 2089 1189 latrone
2137 1131 2319 1204 (Luae
2346 1148 2479 1200 χιιι,
2502 1132 2593 1203 56)
2624 1151 2637 1187 :
2669 1148 2736 1190 ne
2762 1142 3037 1204 postremo
3062 1136 3288 1207 apostoli
3318 1151 3474 1208 repe-

1874 1227 2083 1283 riantur
2128 1226 2179 1281 in
2231 1227 2457 1282 crimine
2485 1269 2499 1294 ,
2551 1227 2640 1297 qui
2682 1227 2956 1298 baptizare
3001 1229 3053 1284 in
3114 1228 3331 1287 nomine
3368 1231 3471 1287 Pa-

1873 1320 1971 1374 tris
2014 1328 2070 1375 et
2113 1317 2233 1374 Filii
2276 1327 2333 1374 et
2378 1318 2611 1388 Spiritus
2655 1320 2825 1375 sancti
2862 1319 2997 1389 jussi
3030 1319 3247 1390 (Matth.
3280 1338 3470 1388 xxvm,

1874 1410 1987 1481 l9),
2023 1420 2227 1467 tantum
2259 1412 2310 1467 in
2340 1411 2469 1469 Jesu
2494 1413 2710 1469 nomine
2740 1410 2819 1484 (ά)
2841 1412 3469 1489 baptizaveruut(Act.x,

1870 1503 1987 1576 48).
2030 1502 2194 1560 Vobis
2233 1505 2400 1571 enim,
2448 1504 2687 1572 Fratres,
2721 1505 2873 1561 vocis
2898 1504 3040 1572 dico,
3081 1506 3174 1578 qui
3194 1507 3308 1578 jam
3353 1523 3460 1565 non

1870 1598 2010 1653 lacte
2053 1597 2280 1660 alimini,
2315 1597 2410 1652 sed
2443 1597 2599 1652 firmo
2637 1597 2758 1652 cibo
2801 1598 2991 1654 valetis
3022 1597 3207 1672 (Hebr.
3238 1615 3295 1667 v,
3321 1600 3415 1671 l2)
3449 1617 3465 1656 :

1868 1690 2160 1763 Numquid,
2189 1690 2314 1764 quia
2343 1692 2444 1747 ista
2473 1692 2746 1762 sapientes
2786 1692 2969 1748 mundi
2999 1707 3104 1749 non
3131 1694 3464 1766 intelligunt,

157 1799 261 1854 que
284 1780 480 1850 Filius,
511 1784 613 1837 nisi
644 1781 802 1837 Pater
827 1783 969 1838 solus
990 1782 1186 1855 (Marc.
1219 1794 1335 1850 xm,
1362 1779 1476 1854 52).
1511 1780 1628 1836 Non
1657 1780 1765 1836 sint
1797 1786 1842 1847 Β
1871 1796 1925 1842 et
1951 1785 2034 1841 his
2062 1786 2224 1842 stulta
2253 1793 2403 1853 sunt,
2433 1799 2532 1840 nos
2552 1800 2675 1845 cum
2711 1785 2915 1841 mundo
2940 1786 3216 1855 sapientes
3240 1788 3465 1859 erimus,

157 1889 375 1946 quoque
403 1875 525 1931 libri
554 1876 720 1948 Moysi
754 1894 766 1929 :
800 1891 868 1932 ne
909 1875 1153 1932 tenebrte
1180 1877 1311 1942 Deo,
1337 1877 1430 1947 qtti
1469 1874 1764 1931 innascibi-

154 1966 266 2022 lem
291 1967 463 2024 lucem
497 1966 726 2033 habitat,
769 1984 970 2024 coasvzic
1008 1969 1151 2036 sint;
1181 1968 1305 2040 quia
1336 1970 1389 2024 in
1416 1968 1687 2039 Genesi(t,
1707 1966 1764 2039 2)

151 2071 280 2132 post
307 2069 521 2117 noctem
550 2060 669 2116 dies
696 2074 876 2132 coepta
918 2063 990 2117 sit
1025 2081 1039 2117 :
1071 2077 1140 2118 ne
1181 2063 1307 2118 anni
1345 2060 1424 2134 (a)
1455 2060 1764 2117 Mathusalae

154 2163 375 2210 aetatem
406 2154 593 2211 diluvii
623 2154 894 2212 excedant
918 2154 1070 2230 (Gen.
1102 2173 1155 2223 ν,
1181 2154 1301 2229 26),
1329 2164 1385 2213 et
1416 2170 1521 2212 non
1555 2164 1761 2211 tantum

148 2254 279 2303 octo
325 2247 439 2302 sint
493 2246 689 2303 anima:
732 2256 1026 2304 reservata:
1067 2248 1131 2322 (Ι
1183 2247 1298 2304 Pet.
1350 2265 1426 2315 ιιι,
1466 2247 1580 2321 20)
1633 2267 1647 2304 :
1696 2262 1763 2304 ne

148 2340 451 2397 clamorem
507 2340 869 2397 Sodomorum
916 2342 1139 2413 repletis
1188 2341 1298 2413 jam
1344 2342 1581 2413 peccatis
1617 2340 1763 2395 Deus

148 2434 404 2500 audiens,
448 2442 723 2505 tamquam
755 2436 1008 2506 ignorans
1033 2439 1350 2503 clamorem,
1380 2436 1675 2492 descendat
1701 2444 1760 2493 ut

148 2529 342 2584 videat
370 2544 437 2583 an
469 2529 630 2600 plena
664 2529 774 2585 sint
813 2545 936 2587 cum
977 2531 1212 2586 clamore
1243 2539 1481 2601 peccata,
1509 2539 1562 2587 et
1604 2546 1757 2601 repe-

146 2625 328 2680 riatur
375 2624 517 2680 Deus
571 2626 782 2681 nescire
825 2627 966 2697 quod
1016 2628 1180 2682 sciret
1220 2625 1373 2702 (Cen.
1423 2643 1578 2693 xvm,
1620 2624 1756 2699 2t):

146 2732 219 2772 ne
244 2719 530 2788 quisquam
573 2733 789 2791 quoque
818 2720 1195 2790 sepelietttium
1243 2720 1436 2792 sepulti
1463 2720 1539 2795 (b)
1587 2720 1758 2793 Moysi

148 2812 287 2866 sciat
310 2811 620 2882 sepulcrum
644 2810 824 2884 (Deut.
854 2829 1043 2881 xxxiv,
1071 2812 1125 2884 6)
1149 2830 1162 2874 ;
1191 2828 1258 2868 ne
1281 2828 1377 2883 per
1394 2812 1533 2879 lucc,
1569 2820 1627 2868 ut
1648 2812 1757 2869 hat:-

150 2904 305 2960 retici
337 2912 546 2976 putant,
573 2905 785 2962 diversa
814 2906 897 2962 lex
931 2908 1042 2978 ipsa
1073 2907 1172 2964 sibi
1208 2907 1380 2963 hostis
1405 2907 1496 2963 sit.
1539 2907 1607 2963 Et
1633 2907 1757 2977 quia

147 2996 269 3054 haec
293 2999 363 3056 ab
391 2998 474 3056 bis
500 3015 605 3056 non
640 3001 1032 3073 intelliguntur,
1081 3017 1187 3057 non
1231 3002 1479 3074 legantur
1498 3018 1528 3057 a
1574 3002 1751 3059 nobis.

1867 1889 1925 1936 ut
1972 1880 2088 1937 lucc
2112 1880 2273 1936 stulta
2304 1878 2634 1936 credamus?
2676 1878 2741 1934 Et
2773 1881 2896 1949 quia
2944 1879 3061 1937 hate
3101 1881 3280 1952 impiis
3322 1896 3469 1940 cmca

1866 1983 2026 2041 sunt,
2085 1989 2184 2029 nos
2233 1989 2340 2029 non
2389 1973 2686 2037 lucehimus
2734 1973 3007 2029 intellecta
3055 1975 3281 2030 veritate
3333 1974 3467 2032 doc-

1867 2067 2058 2122 trinae?
2081 2066 2219 2123 Male
2246 2068 2449 2123 sanctis
2476 2065 2637 2122 rebus
2675 2064 3074 2135 praeiudicatur,
3114 2067 3159 2122 si
3189 2067 3319 2138 quia
3360 2081 3467 2124 nou

1867 2168 2072 2216 sanctae
2111 2174 2142 2213 a
2172 2158 2489 2231 quibusdam
2544 2158 2863 2224 habeantur,
2919 2172 3043 2214 esse
3096 2173 3204 2214 non
3244 2158 3464 2215 debent.

1866 2252 1982 2309 Non
2015 2266 2145 2323 ergo
2190 2252 2483 2323 gloriemur
2511 2265 2673 2306 cruce
2713 2249 2936 2317 Christi,
2982 2253 3106 2323 quia
3151 2250 3463 2308 scandalum

1866 2345 2067 2401 mundo
2092 2352 2212 2400 est:
2242 2359 2414 2416 neque
2461 2344 2512 2399 in
2539 2344 2756 2400 vivente
2798 2344 2908 2399 Deo
2944 2352 3174 2399 mortem
3203 2345 3465 2416 praedice—

1864 2454 2007 2506 mus,
2036 2454 2104 2493 ne
2134 2439 2202 2494 ab
2231 2438 2409 2508 impiis
2440 2446 2686 2493 mortuus
2706 2436 2850 2493 Dens
2880 2446 3156 2508 arguatur.

1935 2533 2025 2589 86.
2075 2534 2156 2587 An
2192 2532 2312 2604 quia
2336 2531 2399 2584 ab
2428 2531 2499 2587 80
2525 2531 2780 2601 episcOpis
2816 2534 3084 2605 reiectum.
3115 2560 3188 2572 —
3210 2530 3348 2588 Male
3380 2532 3464 2589 in-

1866 2629 2127 2700 telligitur
2156 2625 2474 2683 homnusion
2511 2644 2521 2678 :
2552 2623 2677 2696 quid
2720 2624 2784 2678 ad
2844 2639 2929 2679 me
2974 2625 3112 2679 bene
3157 2624 3464 2696 intelligen-

1865 2723 2018 2780 tem?
2059 2720 2196 2777 Male
2241 2716 2762 2793 homousion513
2790 2715 2861 2791 (e)
2912 2716 3294 2776 Samosatenus
3329 2733 3460 2775 οοη.

1864 2816 2042 2873 fessus
2094 2812 2338 2870 est:sed
2376 2811 2637 2882 numquid
2688 2810 2880 2866 melius
2928 2810 3040 2866 Arii
3089 2810 3463 2882 negaverunt?

1864 2907 2148 2980 Octoginta
2176 2906 2245 2980 (Γ)
2275 2904 2514 2977 episc0pi
2545 2902 2675 2959 olim
2716 2912 3070 2972 respuerant;
3100 2902 3195 2958 sed
3223 2904 3452 2959 trecenti

1862 3009 1918 3059 et
1937 3001 2124 3056 decem
2155 3007 2278 3054 octo
2306 3011 2476 3066 nuper
2502 3002 2846 3066 receperunt.
2878 2993 2955 3069 (g)
2989 2995 3063 3051 Et-
3083 2994 3213 3050 mihi
3238 2994 3456 3067 quidem

219 3155 324 3232 (ιι)⁸
336 3157 412 3214 De
440 3159 598 3215 annis
624 3138 933 3217 Mathusalae
966 3170 1101 3218 teste
1123 3162 1448 3232 Augustino,
1475 3162 1567 3218 lib.
1588 3180 1657 3218 xv
1687 3162 1755 3218 ile
1781 3161 1827 3223 C
1861 3159 2082 3232 stitutus
2103 3159 2189 3224 sit,
2215 3153 2465 3232 quamvis
2491 3153 2702 3211 dandus
2730 3155 2783 3209 iu
2814 3156 3028 3210 nomine
3050 3152 3231 3211 Patris
3261 3161 3317 3210 et
3337 3153 3460 3210 Filii

148 3228 264 3285 Civ.
296 3230 390 3285 Dei
421 3246 472 3306 _c_.
520 3232 611 3295 15,
641 3232 899 3306 olimfuit
922 3235 1138 3306 quicstio
1165 3228 1549 3306 famosissima,
1581 3235 1647 3290 iis
1676 3244 1754 3290 ta-

149 3318 295 3365 tnen,
330 3310 388 3355 ut
421 3301 564 3358 idem
594 3308 751 3359 «locet
779 3304 869 3358 lib.
907 3320 945 3359 ιι
971 3305 1040 3361 de
1071 3301 1224 3373 pecc.
1267 3306 1416 3375 Orig.
1447 3322 1498 3362 c.
1527 3305 1619 3374 23,
1653 3322 1752 3360 an-

148 3376 504 3448 numeranda,
537 3390 657 3445 qme
686 3375 923 3448 igttorari
961 3377 1107 3431 salva
1138 3376 1465 3448 ChriStianaﬂ
1490 3377 1593 3433 fide
1622 3392 1750 3448 pos-

146 3453 294 3518 sunt.
324 3444 474 3518 llaiie
495 3444 710 3516 quoque
736 3446 1094 3518 Hieronymus
1123 3452 1171 3501 in
1195 3449 1397 3515 Quaest.
1422 3447 1590 3504 Hebr.
1622 3444 1753 3505 dicit

148 3516 499 3589 disputatione
527 3520 756 3572 omnium
784 3516 1110 3573 ecclesiarum
1146 3520 1458 3574 ventilatam.
1494 3520 1746 3589 Disputa-

148 3592 224 3663 tio
260 3587 392 3663 hinc
434 3598 556 3663 nata
584 3598 694 3663 est,
724 3589 867 3663 quod
894 3590 1189 3646 secundum
1222 3589 1366 3645 LXX
1392 3587 1749 3663 interpretum

146 3657 441 3714 editionem
471 3657 769 3715 Mathusala
804 3659 870 3716 14
896 3677 1070 3718 annos
1097 3674 1217 3728 post
1260 3664 1518 3718 diluvium
1539 3657 1750 3719 'vixisse

146 3738 590 3805 computaretur:
623 3743 790 3805 atque
840 3733 975 3788 adeo
1024 3734 1220 3805 animm
1270 3734 1390 3805 plus
1420 3751 1579 3804 quam
1626 3745 1750 3790 octo

146 3801 375 3857 fuissent
407 3801 719 3859 reservatur.
750 3802 1057 3859 Secundum
1106 3801 1387 3859 Hebrasam
1429 3801 1632 3872 tamen,
1663 3807 1748 3862 cui

147 3885 330 3928 nostra
361 3873 588 3944 Vulgata
636 3888 918 3942 consonat,
952 3876 1096 3931 nulla
1143 3886 1226 3931 est
1259 3875 1552 3932 difficultas
1585 3896 1596 3932 :
1625 3893 1746 3932 cum

147 3944 263 4013 ipso
307 3945 496 4000 diluvii
547 3961 694 4000 anno
725 3947 1012 4003 defunctus
1062 3948 1384 4016 reperiatur.
1418 3946 1519 4004 Ubi
1565 3959 1746 4004 autem

145 4017 371 4092 codices
393 4018 743 4092 dissentiunt,
775 4019 836 4092 ei
851 4019 1019 4092 potius
1050 4019 1243 4092 lingua:
1288 4019 1545 4092 credatur,
1578 4020 1749 4092 inquit

146 4089 504 4159 Augustinus,
543 4089 664 4144 loco
683 4091 794 4158 jam
822 4089 1118 4144 laudatode
1132 4090 1252 4145 Civ.
1286 4091 1403 4154 Dei,
1432 4094 1567 4145 unde
1594 4089 1666 4145 est
1694 4093 1749 4146 in

147 4161 302 4233 tiliam
332 4178 424 4233 per
449 4161 762 4233 interpretes
797 4164 936 4233 facta
977 4159 1267 4233 translatio.
1297 4162 1657 4232 Quamquam,
1689 4173 1749 4218 ut

147 4231 285 4303 idem
319 4230 450 4287 ibid.
484 4231 719 4303 subjicit,
748 4232 801 4285 in
829 4232 1132 4303 quibusdam
1161 4233 1420 4287 codicibus
1446 4230 1630 4302 graecis
1651 4236 1743 4289 tri-

148 4302 252 4370 bus,
286 4319 393 4357 una
419 4302 601 4371 latino,
633 4314 681 4357 et
703 4320 806 4374 uno
835 4304 987 4357 etiam
1012 4302 1150 4374 Syro
1180 4304 1314 4358 inter
1342 4321 1396 4359 se
1423 4308 1744 4361 consentien-

148 4374 275 4430 tibus
305 4386 543 4429 diruemus
574 4384 647 4430 est
690 4373 1036 4430 Hatltusalem
1061 4373 1154 4430 sea:
1174 4376 1328 4430 annis
1357 4384 1474 4431 ante
1494 4377 1748 4433 diluvium

147 4446 299 4515 fuisse
322 4448 618 4515 defunctus.

210 4537 287 4624 (b)
341 4537 467 4624 Non.
500 4545 665 4622 negat
712 4537 974 4624 Hilarius,
1025 4538 1101 4621 uti
1167 4538 1440 4624 Settltetus
1483 4541 1745 4624 loquitur,
1773 4562 1828 4624 Ι)

147 4609 373 4684 mortem
420 4609 591 4684 Moysi
638 4619 825 4684 contra
858 4611 1145 4684 Aipsissima
1193 4611 1487 4681 Scripturzu
1533 4609 1739 4669 verba:

147 4681 231 4735 sed
275 4696 398 4736 eam
445 4680 523 4736 ita
566 4683 616 4736 in
659 4682 828 4736 sacris
857 4680 1052 4736 litteris
1098 4697 1413 4750 expressam
1455 4684 1637 4751 docet,
1688 4692 1747 4740 ut

149 4765 410 4808 summam
438 4755 540 4809 sub
566 4767 752 4808 earnm
783 4753 958 4808 verbis
987 4751 1356 4809 difficultatem
1404 4756 1576 4812 latere
1607 4757 1745 4811 indi-

148 4836 247 4880 cet.
272 4823 489 4880 Videsis
510 4824 655 4896 quod
682 4825 840 4896 eaide
861 4839 920 4880 re
944 4834 1260 4881 annotatum
1284 4832 1368 4882 est
1384 4826 1452 4882 ad
1474 4842 1624 4882 num.
1652 4827 1741 4895 10,

148 4908 260 4966 cap.
297 4895 369 4951 20
392 4895 595 4952 comm.
628 4897 680 4951 iu
711 4895 900 4951 Matth.

210 4990 282 5065 (c)
315 4990 477 5065 Editi,
500 5007 588 5065 “ne
627 5000 846 5065 mortem
887 4998 935 5065 et
962 4991 1212 5065 gladium.
1253 4970 1474 5048 Rectius
1513 5007 1645 5049 mss.
1682 5009 1746 5048 ne

149 5062 356 5119 mortem
383 5062 583 5135 gladio,
611 5063 731 5119 scil.
763 5062 957 5117 usuris.

213 5155 295 5229 (ά)
327 5156 395 5230 id
424 5164 541 5230 est,
574 5155 895 5230 baptizasse
933 5156 1182 5230 leguntur
1214 5156 1267 5213 in
1314 5156 1484 5225 Actis,
1516 5172 1744 5230 quorum

152 5226 374 5300 proinde
422 5227 624 5300 locutio
660 5226 1005 5300 concilianda
1021 5237 1114 5300 est
1155 5243 1275 5284 cum
1320 5226 1588 5300 praecepio
1639 5230 1747 5286 Do-

153 5299 300 5367 mini,
345 5313 453 5370 quo
487 5298 653 5369 jussit
691 5299 972 5370 baptizare
1015 5299 1068 5353 in
1120 5298 1339 5355 nomine
1390 5298 1584 5369 Patris,
1632 5310 1737 5358 etc.

152 5369 401 5442 Agnoscit
430 5370 666 5425 Hilarius
688 5369 788 5424 huc
808 5370 1067 5440 apostolis
1092 5384 1119 5424 a
1137 5370 1351 5427 Christo
1374 5381 1735 5442 praeceptum:

152 5443 290 5514 atqui
340 5443 526 5513 procul
577 5442 756 5514 abest,
806 5450 862 5495 ut
914 5442 1191 5511 apostolos
1230 5445 1486 5514 praecepti
1535 5442 1737 5501 Christi

153 5520 575 5587 transgressores
604 5513 874 5587 existimet
903 5530 916 5587 :
947 5522 1199 5587 superest
1225 5513 1491 5587 itaque’ut
1526 5515 1741 5573 dubita-

154 5589 279 5658 verit
302 5582 523 5658 saltem,
549 5598 615 5658 an
636 5582 870 5658 apostoli
902 5583 954 5639 in
981 5586 1098 5658 solo
1123 5582 1335 5658 Christi
1358 5588 1575 5643 nomine
1606 5588 1739 5658 bap-

156 5653 451 5726 tizaverint,
493 5653 751 5726 quidquid
775 5655 1036 5711 adversus
1067 5655 1450 5726 Bellarminum
1479 5653 1738 5716 reclamet

156 5725 450 5800 ξριιιιειιιιεἱ
480 5725 783 5800 Baptismus
811 5727 863 5782 in
893 5725 1263 5800 nominelesu
1294 5730 1399 5786 dici
1430 5732 1621 5800 pctuit,
1644 5733 1735 5800 qui

160 5790 256 5854 lion
280 5807 340 5856 ut
367 5793 519 5872 prius
545 5790 789 5868 Joannis,
814 5797 907 5856 sed
935 5795 1061 5856 lesu
1081 5796 1280 5856 Chi-isti
1308 5790 1624 5860 auctoritate
1655 5790 1736 5860 ini

1860 3243 1916 3288 et
1942 3231 2176 3299 Spiritus
2207 3228 2403 3284 sancti.

1931 3296 2002 3376 (e)
2034 3301 2384 3376 Athanasius,
2414 3298 2507 3376 lib.
2540 3297 2609 3376 d_e
2642 3296 2871 3370 Synod.,
2917 3313 2967 3366 p.
3002 3296 3129 3363 9l9,
3182 3296 3462 3376 insinuare

1856 3368 1995 3431 velle
2042 3373 2275 3439 videtur,
2310 3370 2531 3426 Paulum
2561 3368 2971 3425 Saniosatenum
3004 3384 3110 3424 non
3145 3370 3310 3423 verbo
3359 3370 3457 3424 Ito-

1852 3446 2091 3502 mousion
2119 3444 2353 3498 lueresim
2386 3458 2533 3496 suam
2564 3442 2890 3513 expressisse,
2919 3440 3013 3495 sed
3041 3455 3161 3494 cum
3187 3440 3460 3497 declinare

1856 3523 2091 3572 tentaret
2118 3512 2650 3575 condemnationem,
2679 3512 2811 3566 illud
2837 3528 2930 3579 per
2952 3513 3227 3580 sophisma
3253 3516 3331 3567 sic
3353 3513 3452 3567 ob-

1848 3588 2049 3656 jecisse
2079 3607 2093 3643 :
2137 3587 2199 3642 Si
2244 3582 2478 3639 Christus
2505 3600 2607 3637 nun
2632 3599 2709 3656 -επ
2748 3582 2952 3636 homine
2993 3582 3130 3637 Deus
3160 3583 3326 3656 [actus
3345 3593 3461 3656 est;

1852 3654 2011 3730 igitur
2039 3656 2491 3713 consubstantialis
2518 3665 2590 3708 est
2622 3654 2771 3730 Patri
2799 3669 2816 3708 :
2846 3663 2892 3706 et
2922 3654 3207 3730 necessario
3230 3654 3458 3730 sequitur

1853 3726 1955 3787 tres
1980 3747 2088 3785 esse
2102 3730 2435 3792 substantias,
2458 3743 2610 3780 unam
2626 3726 2827 3796 quidem
2845 3739 2957 3795 qua!
2983 3726 3127 3794 prior
3159 3726 3225 3779 sit
3244 3736 3298 3780 ut
3319 3726 3463 3796 prin-

1853 3820 1995 3872 ceps,
2025 3799 2250 3870 reliquas
2277 3816 2392 3854 vero
2419 3798 2550 3853 duas
2596 3814 2658 3852 ea:
2687 3814 2747 3872 ea
2789 3796 3053 3872 oriundus.
3084 3796 3341 3868 Adeoque
3370 3798 3459 3853 ille

1853 3868 2203 3929 non‘since‘ro
2242 3874 2423 3927 animo
2470 3868 2787 3923 botnousion
2831 3869 3112 3940 confessus
3132 3878 3234 3936 est,
3269 3884 3460 3940 quam-

1852 3947 1934 4000 vis
1958 3944 2101 3999 aliud
2127 3944 2212 3997 bic
2236 3950 2445 3997 asserat
2471 3950 2655 3995 noster
2678 3938 3112 4009 Hilarius.Cujus
3135 3938 3313 3994 tamen
3333 3954 3460 3995 sen-

1852 4016 2076 4071 tentiam
2117 4013 2401 4069 confirmat
2428 4012 2724 4081 legatorum
2775 4013 3180 4081 Ancyrauorum
3231 4011 3456 4079 epistola

1852 4089 2102 4155 superius
2130 4085 2437 4155 summatim
2469 4082 2661 4146 relata,
2691 4097 2793 4155 qua
2841 4096 3026 4135 vocem
3084 4081 3400 4137 bomousion
3424 4096 3454 4136 a

1852 4149 2102 4215 Pa'tiilms
2130 4157 2379 4211 Antioch.
2429 4154 2551 4207 ideo
2611 4149 2940 4221 repudiatam
2976 4165 3099 4206 esse
3148 4159 3452 4209 testantur:

1855 4230 1955 4297 Qui
1961 4251 1986 4283 ιι
2001 4230 2335 4285 Snmosateus
2356 4242 2443 4294 per
2458 4223 2592 4277 hanc
2614 4226 2765 4297 unius
2779 4225 3010 4297 essentia:
3024 4222 3453 4297 nuncupationem

1850 4291 2139 4356 solitarium
2184 4309 2334 4369 atque
2357 4291 2364 4294 ⁷
2387 4297 2593 4350 unicum
2647 4295 2759 4369 sibi
2794 4311 2902 4349 esse
2932 4293 3142 4369 Patrem
3182 4291 3228 4348 et
3258 4291 3454 4369 Filium

1852 4373 2184 4443 prmiicabat.
2215 4365 2281 4425 Et
2325 4382 2455 4423 vero
2506 4367 2830 4443 Athanasius
2873 4367 3230 4443 Antiocheam
3259 4365 3452 4443 synodi

1850 4437 2037 4499 contra
2070 4443 2290 4498 Paulum
2316 4448 2655 4511 congregata:
2698 4437 2977 4511 epistolam
3025 4437 3128 4493 sibi
3162 4437 3455 4511 luuc’scri-

1853 4514 2001 4570 benti
2030 4514 2264 4570 defuisse
2303 4508 2843 4585 praemonenSLsatis
2872 4510 3070 4585 indicat
3099 4508 3454 4585 titineytigen-

1852 4586 1974 4641 dam
1998 4600 2029 4639 a
2053 4601 2113 4641 se
2142 4600 2266 4642 esse
2291 4579 2597 4641 accuratam
2624 4581 2699 4637 rei
2731 4582 3119 4636 narrationem.
3163 4579 3341 4634 Nihilo
3372 4588 3452 4633 ta-

1854 4672 1976 4713 men
2008 4659 2187 4712 minus
2215 4673 2336 4714 cum
2388 4655 2591 4710 Hilario
2609 4652 2848 4710 defendit
2878 4652 3191 4707 vocabulum
3222 4649 3452 4704 homnu~

1851 4730 1970 4784 slon
1994 4730 2181 4785 eadem
2200 4729 2305 4785 fide
2330 4738 2383 4785 et
2408 4727 2476 4781 ab
2494 4724 2835 4780 Antioclieno
2860 4722 3088 4779 concilio
3105 4721 3444 4793 repudiatum

1852 4812 1906 4857 et
1933 4816 1964 4856 a
1995 4800 2215 4857 Nicaeno
2247 4811 2548 4869 receptum.

1925 4875 1994 4946 (ι’)
2024 4865 2391 4946 Septuaginta
2412 4876 2618 4946 tantum
2653 4876 3030 4946 memorantur
3048 4866 3124 4946 ab
3147 4865 3451 4946 htlianasiu

1849 4936 2047 5000 libl'de
2075 4936 2304 5014 Synod.,
2330 4959 2382 5014 p.
2413 4941 2518 5000 9l8
2548 4948 2604 4996 et
2650 4941 2774 4995 9l9.
2803 4938 3020 5014 Contra
3048 4938 3277 5014 Basilius
3304 4936 3446 5014 di_a__c.

1846 5015 2046 5085 aliique
2075 5008 2411 5071 m'onaclii'in
2442 5014 2622 5070 libello
2646 5026 2804 5081 quem
2831 5012 2884 5066 in
2926 5009 3197 5079 liplicsino
3219 5008 3450 5085 concilio

1847 5079 2414 5151 obtulerunt,centum
2447 5079 2716 5154 octoginta
2759 5090 3045 5137 recensent
3074 5088 3115 5134 t.
3150 5079 3446 5154 lilACOllcil.

1846 5172 1902 5241 Ρ.
1932 5156 2042 5212 425
2072 5173 2086 5223 ;
2116 5150 2309 5241 scribit
2341 5172 2469 5212 vero
2520 5150 2807 5241 Eusebius,
2834 5154 2927 5208 lib.
2957 5166 3133 5241 vu,c.
3156 5150 3249 5217 229,
3281 5165 3450 5222 prope

1844 5223 2266 5284 innumerabiles
2297 5227 2348 5281 in
2377 5243 2497 5282 eam
2525 5223 2792 5298 synodum
2817 5229 3157 5282 convenisse.

1919 5302 1994 5376 (g)
2014 5304 2087 5359 Ita
2116 5303 2386 5370 Liberius,
2417 5302 2909 5376 apud__Socratem,
2942 5302 3032 5358 lib.
3078 5315 3222 5376 tv,c.
3254 5299 3343 5376 12,
3375 5300 3445 5376 ad

1846 5372 2147 5431 Orientales
2174 5372 2479 5432 rescribeus
2504 5393 2518 5432 :
2559 5373 2681 5429 Non
2710 5376 2925 5445 fortuito
2955 5390 3102 5438 casu,
3144 5373 3335 5445 inquit,
3355 5373 3446 5428 sed

1843 5449 2015 5502 diuino
2055 5456 2181 5502 nutu
2210 5456 2282 5502 tot
2304 5449 2661 5519 episcoporum
2692 5444 2935 5519 numerus
2957 5445 3198 5499 adversus
3225 5444 3337 5519 Arii
3363 5461 3447 5500 ve-

1841 5520 2042 5593 saniam
2064 5516 2403 5593 congregaius
2431 5516 2507 5573 est
2530 5536 2563 5593 ;_
2574 5528 2772 5593 quanto
2794 5518 3006 5593 scilicet
3033 5530 3244 5593 numero
3269 5516 3445 5593 beatus

1842 5590 2101 5662 Abraham
2125 5588 2198 5645 tot
2225 5588 2447 5644 hostium
2469 5588 2636 5644 millia
2656 5606 2746 5661 per
2774 5590 2938 5662 [idem
2960 5588 3443 5662 pro/ligavit._Qui-

1836 5661 1940 5719 bus
1967 5664 2314 5719 consentiunt
2339 5662 2595 5732 prologns
2626 5659 2893 5732 Ambrosii
2927 5659 2978 5714 in
3010 5659 3154 5716 lihft
3187 5662 3254 5716 de
3285 5659 3437 5728 Fide,

1840 5750 1897 5789 ιι.
1931 5733 1987 5799 5,
2014 5731 2353 5806 etpraafatio’
2384 5732 2486 5806 lib.
2506 5731 2649 5806 inde
2677 5731 2879 5806 Spiritu
2926 5742 3137 5806 sancto,
3168 5733 3260 5806 qui
3318 5732 3445 5806 l'as—

1840 5807 2028 5864 chasio
2050 5800 2281 5863 diacono
2312 5803 2470 5877 vulgo
2491 5800 2781 5872 tribuitur,~
2803 5800 2871 5859 de
2891 5817 3000 5875 quo
3029 5801 3073 5860 si
3105 5800 3322 5876 quidem
3353 5802 3439 5857 ius
