  <div class='ocr_page' id='page_1' title='image "/cluster/home/n/w/nwhite01/storage/ocr_20150623/10/uva.x000826522/278.png"; bbox 0 0 3936 6196; ppageno 0'>
   <div class='ocr_carea' id='block_1_1' title="bbox 125 380 215 437">
    <p class='ocr_par' dir='ltr' id='par_1_1' title="bbox 125 380 215 437">
     <span class='ocr_line' id='line_1_1' title="bbox 125 380 215 437; baseline 0 -1"><span class='ocrx_word' id='word_1_1' title='bbox 125 380 215 437; x_wconf 75' lang='lat' dir='ltr'><strong>Sil</strong></span> 
     </span>
    </p>
   </div>
   <div class='ocr_carea' id='block_1_2' title="bbox 890 364 2637 443">
    <p class='ocr_par' dir='ltr' id='par_1_2' title="bbox 890 364 2637 443">
     <span class='ocr_line' id='line_1_2' title="bbox 890 364 2637 443; baseline 0.001 -10"><span class='ocrx_word' id='word_1_2' title='bbox 890 377 1093 433; x_wconf 81' lang='lat' dir='ltr'><strong>LIBER</strong></span> <span class='ocrx_word' id='word_1_3' title='bbox 1131 376 1222 432; x_wconf 91' lang='lat' dir='ltr'><strong>DE</strong></span> <span class='ocrx_word' id='word_1_4' title='bbox 1262 374 1578 443; x_wconf 81' lang='lat' dir='ltr'><strong>SYNODIS,</strong></span> <span class='ocrx_word' id='word_1_5' title='bbox 1618 364 1751 435; x_wconf 68' lang='lat' dir='ltr'><strong>sub</strong></span> <span class='ocrx_word' id='word_1_6' title='bbox 1792 376 1882 433; x_wconf 87' lang='lat' dir='ltr'><strong>DE</strong></span> <span class='ocrx_word' id='word_1_7' title='bbox 1924 376 2081 435; x_wconf 83' lang='lat' dir='ltr'><strong>FIDE</strong></span> <span class='ocrx_word' id='word_1_8' title='bbox 2140 379 2637 439; x_wconf 80' lang='lat' dir='ltr'><strong>ORIENTALIL‘M.</strong></span> 
     </span>
    </p>
   </div>
   <div class='ocr_carea' id='block_1_3' title="bbox 3313 385 3418 440">
    <p class='ocr_par' dir='ltr' id='par_1_3' title="bbox 3313 385 3418 440">
     <span class='ocr_line' id='line_1_3' title="bbox 3313 385 3418 440; baseline 0.01 -1"><span class='ocrx_word' id='word_1_9' title='bbox 3313 385 3418 440; x_wconf 64' lang='grc' dir='ltr'>ΜΞ</span> 
     </span>
    </p>
   </div>
   <div class='ocr_carea' id='block_1_4' title="bbox 124 488 3418 568">
    <p class='ocr_par' dir='ltr' id='par_1_4' title="bbox 124 488 3418 568">
     <span class='ocr_line' id='line_1_4' title="bbox 124 488 3418 568; baseline 0.001 -18"><span class='ocrx_word' id='word_1_10' title='bbox 124 494 424 566; x_wconf 77' lang='lat' dir='ltr'><strong>signiﬁcare</strong></span> <span class='ocrx_word' id='word_1_11' title='bbox 446 492 692 549; x_wconf 76' lang='lat' dir='ltr'><strong>videatur</strong></span> <span class='ocrx_word' id='word_1_12' title='bbox 712 490 1074 549; x_wconf 81' lang='lat' dir='ltr'><strong>homousion?</strong></span> <span class='ocrx_word' id='word_1_13' title='bbox 1100 492 1433 546; x_wconf 82' lang='lat' dir='ltr'><strong>Decernatur</strong></span> <span class='ocrx_word' id='word_1_14' title='bbox 1452 490 1585 546; x_wconf 99' lang='lat' dir='ltr'><strong>nihil</strong></span> <span class='ocrx_word' id='word_1_15' title='bbox 1606 488 1710 548; x_wconf 85' lang='lat' dir='ltr'><strong>dif-</strong></span> <span class='ocrx_word' id='word_1_16' title='bbox 1738 488 1789 555; x_wconf 80' lang='grc' dir='ltr'>Α</span> <span class='ocrx_word' id='word_1_17' title='bbox 1814 492 2085 549; x_wconf 88' lang='lat' dir='ltr'><strong>diversum</strong></span> <span class='ocrx_word' id='word_1_18' title='bbox 2116 495 2189 549; x_wconf 91' lang='lat' dir='ltr'><strong>sit</strong></span> <span class='ocrx_word' id='word_1_19' title='bbox 2230 495 2284 550; x_wconf 90' lang='lat' dir='ltr'><strong>in</strong></span> <span class='ocrx_word' id='word_1_20' title='bbox 2314 502 2527 566; x_wconf 81' lang='lat' dir='ltr'><strong>sapore.</strong></span> <span class='ocrx_word' id='word_1_21' title='bbox 2575 494 2765 550; x_wconf 82' lang='lat' dir='ltr'><strong>Simile</strong></span> <span class='ocrx_word' id='word_1_22' title='bbox 2808 502 2941 550; x_wconf 83' lang='lat' dir='ltr'><strong>auro</strong></span> <span class='ocrx_word' id='word_1_23' title='bbox 2970 496 3262 568; x_wconf 84' lang='lat' dir='ltr'><strong>quidquam</strong></span> <span class='ocrx_word' id='word_1_24' title='bbox 3310 501 3418 554; x_wconf 74' lang='lat' dir='ltr'><strong>lititl</strong></span> 
     </span>
    </p>
   </div>
   <div class='ocr_carea' id='block_1_5' title="bbox 124 582 1722 658">
    <p class='ocr_par' dir='ltr' id='par_1_5' title="bbox 124 582 1722 658">
     <span class='ocr_line' id='line_1_5' title="bbox 124 582 1722 658; baseline -0.003 -14"><span class='ocrx_word' id='word_1_25' title='bbox 124 589 277 652; x_wconf 84' lang='lat' dir='ltr'><strong>ferre,</strong></span> <span class='ocrx_word' id='word_1_26' title='bbox 312 586 473 641; x_wconf 90' lang='lat' dir='ltr'><strong>unius</strong></span> <span class='ocrx_word' id='word_1_27' title='bbox 525 593 582 641; x_wconf 89' lang='lat' dir='ltr'><strong>et</strong></span> <span class='ocrx_word' id='word_1_28' title='bbox 632 585 824 641; x_wconf 80' lang='lat' dir='ltr'><strong>similis</strong></span> <span class='ocrx_word' id='word_1_29' title='bbox 855 582 933 658; x_wconf 91' lang='lat' dir='ltr'><strong>(a)</strong></span> <span class='ocrx_word' id='word_1_30' title='bbox 961 597 1085 640; x_wconf 87' lang='lat' dir='ltr'><strong>esse</strong></span> <span class='ocrx_word' id='word_1_31' title='bbox 1111 582 1455 638; x_wconf 62' lang='lat' dir='ltr'><strong>substantias.</strong></span> <span class='ocrx_word' id='word_1_32' title='bbox 1486 582 1594 640; x_wconf 78' lang='lat' dir='ltr'><strong>Sed</strong></span> <span class='ocrx_word' id='word_1_33' title='bbox 1621 583 1722 640; x_wconf 90' lang='lat' dir='ltr'><strong>ho-</strong></span> 
     </span>
    </p>
   </div>
   <div class='ocr_carea' id='block_1_6' title="bbox 122 675 1720 749">
    <p class='ocr_par' dir='ltr' id='par_1_6' title="bbox 122 675 1720 749">
     <span class='ocr_line' id='line_1_6' title="bbox 122 675 1720 749; baseline -0.004 -11"><span class='ocrx_word' id='word_1_34' title='bbox 122 679 362 738; x_wconf 85' lang='lat' dir='ltr'><strong>mousion</strong></span> <span class='ocrx_word' id='word_1_35' title='bbox 392 686 575 749; x_wconf 85' lang='lat' dir='ltr'><strong>potest</strong></span> <span class='ocrx_word' id='word_1_36' title='bbox 604 678 744 735; x_wconf 85' lang='lat' dir='ltr'><strong>male</strong></span> <span class='ocrx_word' id='word_1_37' title='bbox 770 677 1045 748; x_wconf 82' lang='lat' dir='ltr'><strong>intelligi?</strong></span> <span class='ocrx_word' id='word_1_38' title='bbox 1072 675 1447 732; x_wconf 86' lang='lat' dir='ltr'><strong>Constituatur</strong></span> <span class='ocrx_word' id='word_1_39' title='bbox 1485 677 1720 748; x_wconf 76' lang='lat' dir='ltr'><strong>qualiter</strong></span> 
     </span>
    </p>
   </div>
   <div class='ocr_carea' id='block_1_7' title="bbox 124 767 1721 843">
    <p class='ocr_par' dir='ltr' id='par_1_7' title="bbox 124 767 1721 843">
     <span class='ocr_line' id='line_1_7' title="bbox 124 767 1721 843; baseline -0.004 -12"><span class='ocrx_word' id='word_1_40' title='bbox 124 775 253 831; x_wconf 84' lang='lat' dir='ltr'><strong>bene</strong></span> <span class='ocrx_word' id='word_1_41' title='bbox 277 770 453 843; x_wconf 80' lang='lat' dir='ltr'><strong>possit</strong></span> <span class='ocrx_word' id='word_1_42' title='bbox 490 771 739 842; x_wconf 72' lang='lat' dir='ltr'><strong>intelligi.</strong></span> <span class='ocrx_word' id='word_1_43' title='bbox 774 769 852 842; x_wconf 85' lang='lat' dir='ltr'><strong>(b)</strong></span> <span class='ocrx_word' id='word_1_44' title='bbox 879 768 1057 826; x_wconf 88' lang='lat' dir='ltr'><strong>Unum</strong></span> <span class='ocrx_word' id='word_1_45' title='bbox 1091 774 1255 839; x_wconf 86' lang='lat' dir='ltr'><strong>atque</strong></span> <span class='ocrx_word' id='word_1_46' title='bbox 1286 768 1427 824; x_wconf 90' lang='lat' dir='ltr'><strong>idem</strong></span> <span class='ocrx_word' id='word_1_47' title='bbox 1460 770 1548 838; x_wconf 87' lang='lat' dir='ltr'><strong>pie</strong></span> <span class='ocrx_word' id='word_1_48' title='bbox 1577 767 1721 839; x_wconf 49' lang='lat' dir='ltr'><strong>sapis</strong></span> 
     </span>
    </p>
   </div>
   <div class='ocr_carea' id='block_1_8' title="bbox 125 850 1717 936">
    <p class='ocr_par' dir='ltr' id='par_1_8' title="bbox 125 850 1717 936">
     <span class='ocr_line' id='line_1_8' title="bbox 125 850 1717 936; baseline -0.005 -12"><span class='ocrx_word' id='word_1_49' title='bbox 125 850 258 930; x_wconf 68' lang='lat' dir='ltr'><strong>mus,</strong></span> <span class='ocrx_word' id='word_1_50' title='bbox 298 876 432 936; x_wconf 88' lang='lat' dir='ltr'><strong>rogo</strong></span> <span class='ocrx_word' id='word_1_51' title='bbox 458 873 516 918; x_wconf 93' lang='lat' dir='ltr'><strong>ut</strong></span> <span class='ocrx_word' id='word_1_52' title='bbox 545 878 712 918; x_wconf 92' lang='lat' dir='ltr'><strong>unum</strong></span> <span class='ocrx_word' id='word_1_53' title='bbox 744 871 906 933; x_wconf 84' lang='lat' dir='ltr'><strong>atque</strong></span> <span class='ocrx_word' id='word_1_54' title='bbox 933 861 1076 916; x_wconf 89' lang='lat' dir='ltr'><strong>idem</strong></span> <span class='ocrx_word' id='word_1_55' title='bbox 1104 860 1249 933; x_wconf 92' lang='lat' dir='ltr'><strong>quod</strong></span> <span class='ocrx_word' id='word_1_56' title='bbox 1278 861 1543 932; x_wconf 86' lang='lat' dir='ltr'><strong>sapimus,</strong></span> <span class='ocrx_word' id='word_1_57' title='bbox 1572 860 1717 932; x_wconf 89' lang='lat' dir='ltr'><strong>pium</strong></span> 
     </span>
    </p>
   </div>
   <div class='ocr_carea' id='block_1_9' title="bbox 125 952 1715 1026">
    <p class='ocr_par' dir='ltr' id='par_1_9' title="bbox 125 952 1715 1026">
     <span class='ocr_line' id='line_1_9' title="bbox 125 952 1715 1026; baseline -0.006 -9"><span class='ocrx_word' id='word_1_58' title='bbox 125 964 255 1018; x_wconf 87' lang='lat' dir='ltr'><strong>inter</strong></span> <span class='ocrx_word' id='word_1_59' title='bbox 285 972 387 1014; x_wconf 89' lang='lat' dir='ltr'><strong>nos</strong></span> <span class='ocrx_word' id='word_1_60' title='bbox 412 972 536 1013; x_wconf 86' lang='lat' dir='ltr'><strong>esse</strong></span> <span class='ocrx_word' id='word_1_61' title='bbox 562 956 815 1013; x_wconf 77' lang='lat' dir='ltr'><strong>velimus.</strong></span> <span class='ocrx_word' id='word_1_62' title='bbox 854 955 990 1011; x_wconf 82' lang='lat' dir='ltr'><strong>Date</strong></span> <span class='ocrx_word' id='word_1_63' title='bbox 1022 954 1253 1021; x_wconf 81' lang='lat' dir='ltr'><strong>veniam,</strong></span> <span class='ocrx_word' id='word_1_64' title='bbox 1287 952 1531 1023; x_wconf 84' lang='lat' dir='ltr'><strong>Fratres,</strong></span> <span class='ocrx_word' id='word_1_65' title='bbox 1556 969 1715 1026; x_wconf 90' lang='lat' dir='ltr'><strong>quam</strong></span> 
     </span>
    </p>
   </div>
   <div class='ocr_carea' id='block_1_10' title="bbox 126 1046 1719 1125">
    <p class='ocr_par' dir='ltr' id='par_1_10' title="bbox 126 1046 1719 1125">
     <span class='ocr_line' id='line_1_10' title="bbox 126 1046 1719 1125; baseline -0.004 -14"><span class='ocrx_word' id='word_1_66' title='bbox 126 1056 428 1125; x_wconf 80' lang='lat' dir='ltr'><strong>frequenter</strong></span> <span class='ocrx_word' id='word_1_67' title='bbox 453 1051 677 1122; x_wconf 85' lang='lat' dir='ltr'><strong>poposci</strong></span> <span class='ocrx_word' id='word_1_68' title='bbox 704 1068 718 1104; x_wconf 88' lang='lat'><strong>:</strong></span> <span class='ocrx_word' id='word_1_69' title='bbox 747 1047 933 1105; x_wconf 80' lang='lat' dir='ltr'><strong>Ariani</strong></span> <span class='ocrx_word' id='word_1_70' title='bbox 990 1063 1096 1105; x_wconf 93' lang='lat' dir='ltr'><strong>nou</strong></span> <span class='ocrx_word' id='word_1_71' title='bbox 1127 1046 1258 1104; x_wconf 80' lang='lat' dir='ltr'><strong>eStis</strong></span> <span class='ocrx_word' id='word_1_72' title='bbox 1289 1067 1303 1105; x_wconf 90' lang='lat'><strong>:</strong></span> <span class='ocrx_word' id='word_1_73' title='bbox 1335 1064 1431 1104; x_wconf 90' lang='lat' dir='ltr'><strong>cur</strong></span> <span class='ocrx_word' id='word_1_74' title='bbox 1474 1048 1719 1121; x_wconf 88' lang='lat' dir='ltr'><strong>negando</strong></span> 
     </span>
    </p>
   </div>
   <div class='ocr_carea' id='block_1_11' title="bbox 126 1141 1021 1205">
    <p class='ocr_par' dir='ltr' id='par_1_11' title="bbox 126 1141 1021 1205">
     <span class='ocr_line' id='line_1_11' title="bbox 126 1141 1021 1205; baseline -0.008 -1"><span class='ocrx_word' id='word_1_75' title='bbox 126 1146 439 1205; x_wconf 88' lang='lat' dir='ltr'><strong>homousion</strong></span> <span class='ocrx_word' id='word_1_76' title='bbox 462 1143 761 1200; x_wconf 86' lang='lat' dir='ltr'><strong>censcmini</strong></span> <span class='ocrx_word' id='word_1_77' title='bbox 790 1141 1021 1199; x_wconf 77' lang='lat' dir='ltr'><strong>Ariani?</strong></span> 
     </span>
    </p>
   </div>
   <div class='ocr_carea' id='block_1_12' title="bbox 189 1231 1719 1302">
    <p class='ocr_par' dir='ltr' id='par_1_12' title="bbox 189 1231 1719 1302">
     <span class='ocr_line' id='line_1_12' title="bbox 189 1231 1719 1302; baseline -0.003 -8"><span class='ocrx_word' id='word_1_78' title='bbox 189 1236 271 1295; x_wconf 87' lang='lat'><strong>89.</strong></span> <span class='ocrx_word' id='word_1_79' title='bbox 301 1234 647 1291; x_wconf 78' lang='lat' dir='ltr'><strong>Homceusion</strong></span> <span class='ocrx_word' id='word_1_80' title='bbox 700 1248 804 1290; x_wconf 83' lang='lat' dir='ltr'><strong>non</strong></span> <span class='ocrx_word' id='word_1_81' title='bbox 858 1242 998 1288; x_wconf 83' lang='lat' dir='ltr'><strong><em>caret</em></strong></span> <span class='ocrx_word' id='word_1_82' title='bbox 1049 1231 1381 1302; x_wconf 74' lang='lat' dir='ltr'><strong>offendicula.</strong></span> <span class='ocrx_word' id='word_1_83' title='bbox 1418 1232 1719 1289; x_wconf 83' lang='lat' dir='ltr'><strong>Similitudo</strong></span> 
     </span>
    </p>
   </div>
   <div class='ocr_carea' id='block_1_13' title="bbox 125 1325 1721 1390">
    <p class='ocr_par' dir='ltr' id='par_1_13' title="bbox 125 1325 1721 1390">
     <span class='ocr_line' id='line_1_13' title="bbox 125 1325 1721 1390; baseline -0.003 -1"><span class='ocrx_word' id='word_1_84' title='bbox 125 1348 322 1390; x_wconf 66' lang='lat' dir='ltr'><strong>aera—</strong></span> <span class='ocrx_word' id='word_1_85' title='bbox 347 1328 459 1387; x_wconf 88' lang='lat' dir='ltr'><strong>Sed</strong></span> <span class='ocrx_word' id='word_1_86' title='bbox 487 1328 626 1385; x_wconf 90' lang='lat' dir='ltr'><strong>dicis</strong></span> <span class='ocrx_word' id='word_1_87' title='bbox 654 1345 672 1383; x_wconf 85' lang='lat'><strong>:</strong></span> <span class='ocrx_word' id='word_1_88' title='bbox 699 1328 877 1384; x_wconf 75' lang='lat' dir='ltr'><strong>Movet</strong></span> <span class='ocrx_word' id='word_1_89' title='bbox 904 1342 991 1383; x_wconf 87' lang='lat' dir='ltr'><strong>me</strong></span> <span class='ocrx_word' id='word_1_90' title='bbox 1018 1341 1143 1382; x_wconf 91' lang='lat' dir='ltr'><strong>cum</strong></span> <span class='ocrx_word' id='word_1_91' title='bbox 1172 1326 1430 1382; x_wconf 83' lang='lat' dir='ltr'><strong>seandalo</strong></span> <span class='ocrx_word' id='word_1_92' title='bbox 1472 1325 1721 1384; x_wconf 77' lang='lat' dir='ltr'><strong>homteu-</strong></span> 
     </span>
    </p>
   </div>
   <div class='ocr_carea' id='block_1_14' title="bbox 127 1419 1719 1495">
    <p class='ocr_par' dir='ltr' id='par_1_14' title="bbox 127 1419 1719 1495">
     <span class='ocr_line' id='line_1_14' title="bbox 127 1419 1719 1495; baseline -0.004 -12"><span class='ocrx_word' id='word_1_93' title='bbox 127 1426 188 1483; x_wconf 84' lang='lat' dir='ltr'><strong>sii</strong></span> <span class='ocrx_word' id='word_1_94' title='bbox 209 1422 551 1495; x_wconf 80' lang='lat' dir='ltr'><strong>ambiguitas.</strong></span> <span class='ocrx_word' id='word_1_95' title='bbox 601 1421 799 1477; x_wconf 88' lang='lat' dir='ltr'><strong>lterum</strong></span> <span class='ocrx_word' id='word_1_96' title='bbox 827 1419 975 1487; x_wconf 87' lang='lat' dir='ltr'><strong>audi,</strong></span> <span class='ocrx_word' id='word_1_97' title='bbox 1018 1434 1138 1488; x_wconf 91' lang='lat' dir='ltr'><strong>oro,</strong></span> <span class='ocrx_word' id='word_1_98' title='bbox 1171 1420 1290 1476; x_wconf 84' lang='lat' dir='ltr'><strong>sine</strong></span> <span class='ocrx_word' id='word_1_99' title='bbox 1337 1420 1631 1476; x_wconf 83' lang='lat' dir='ltr'><strong>seandalo:</strong></span> <span class='ocrx_word' id='word_1_100' title='bbox 1664 1426 1719 1477; x_wconf 90' lang='lat' dir='ltr'><strong>et</strong></span> 
     </span>
    </p>
   </div>
   <div class='ocr_carea' id='block_1_15' title="bbox 128 1512 1715 1586">
    <p class='ocr_par' dir='ltr' id='par_1_15' title="bbox 128 1512 1715 1586">
     <span class='ocr_line' id='line_1_15' title="bbox 128 1512 1715 1586; baseline -0.005 -11"><span class='ocrx_word' id='word_1_101' title='bbox 128 1535 207 1576; x_wconf 89' lang='lat' dir='ltr'><strong>me</strong></span> <span class='ocrx_word' id='word_1_102' title='bbox 234 1524 413 1573; x_wconf 83' lang='lat' dir='ltr'><strong>movet</strong></span> <span class='ocrx_word' id='word_1_103' title='bbox 442 1515 733 1572; x_wconf 71' lang='lat' dir='ltr'><strong>hommusii</strong></span> <span class='ocrx_word' id='word_1_104' title='bbox 765 1513 997 1569; x_wconf 81' lang='lat' dir='ltr'><strong>nuditas.</strong></span> <span class='ocrx_word' id='word_1_105' title='bbox 1038 1512 1111 1586; x_wconf 87' lang='lat' dir='ltr'><strong>(c)</strong></span> <span class='ocrx_word' id='word_1_106' title='bbox 1134 1513 1298 1568; x_wconf 88' lang='lat' dir='ltr'><strong>Multa</strong></span> <span class='ocrx_word' id='word_1_107' title='bbox 1327 1529 1473 1584; x_wconf 79' lang='lat' dir='ltr'><strong>saepe</strong></span> <span class='ocrx_word' id='word_1_108' title='bbox 1501 1513 1715 1582; x_wconf 81' lang='lat' dir='ltr'><strong>fallunt,</strong></span> 
     </span>
    </p>
   </div>
   <div class='ocr_carea' id='block_1_16' title="bbox 126 1609 1716 1686">
    <p class='ocr_par' dir='ltr' id='par_1_16' title="bbox 126 1609 1716 1686">
     <span class='ocr_line' id='line_1_16' title="bbox 126 1609 1716 1686; baseline -0.001 -18"><span class='ocrx_word' id='word_1_109' title='bbox 126 1630 232 1686; x_wconf 69' lang='lat' dir='ltr'><strong>qua:</strong></span> <span class='ocrx_word' id='word_1_110' title='bbox 259 1610 458 1667; x_wconf 78' lang='lat' dir='ltr'><strong>similia</strong></span> <span class='ocrx_word' id='word_1_111' title='bbox 513 1616 663 1667; x_wconf 85' lang='lat' dir='ltr'><strong>sunt.</strong></span> <span class='ocrx_word' id='word_1_112' title='bbox 692 1609 882 1666; x_wconf 85' lang='lat' dir='ltr'><strong>Timeo</strong></span> <span class='ocrx_word' id='word_1_113' title='bbox 913 1624 1103 1665; x_wconf 87' lang='lat' dir='ltr'><strong>aurum</strong></span> <span class='ocrx_word' id='word_1_114' title='bbox 1156 1614 1411 1676; x_wconf 69' lang='lat' dir='ltr'><strong>bractem,</strong></span> <span class='ocrx_word' id='word_1_115' title='bbox 1460 1611 1583 1680; x_wconf 86' lang='lat' dir='ltr'><strong>quia</strong></span> <span class='ocrx_word' id='word_1_116' title='bbox 1627 1625 1716 1667; x_wconf 82' lang='lat' dir='ltr'><strong>me</strong></span> 
     </span>
    </p>
   </div>
   <div class='ocr_carea' id='block_1_17' title="bbox 126 1701 1718 1775">
    <p class='ocr_par' dir='ltr' id='par_1_17' title="bbox 126 1701 1718 1775">
     <span class='ocr_line' id='line_1_17' title="bbox 126 1701 1718 1775; baseline -0.004 -14"><span class='ocrx_word' id='word_1_117' title='bbox 126 1704 301 1761; x_wconf 68' lang='lat' dir='ltr'><strong>fallare</strong></span> <span class='ocrx_word' id='word_1_118' title='bbox 345 1703 522 1775; x_wconf 81' lang='lat' dir='ltr'><strong>possit</strong></span> <span class='ocrx_word' id='word_1_119' title='bbox 571 1701 844 1758; x_wconf 86' lang='lat' dir='ltr'><strong>interius:</strong></span> <span class='ocrx_word' id='word_1_120' title='bbox 900 1709 958 1756; x_wconf 86' lang='lat' dir='ltr'><strong>et</strong></span> <span class='ocrx_word' id='word_1_121' title='bbox 994 1711 1171 1756; x_wconf 90' lang='lat' dir='ltr'><strong>tamen</strong></span> <span class='ocrx_word' id='word_1_122' title='bbox 1223 1717 1355 1757; x_wconf 90' lang='lat' dir='ltr'><strong>auro</strong></span> <span class='ocrx_word' id='word_1_123' title='bbox 1412 1701 1589 1757; x_wconf 85' lang='lat' dir='ltr'><strong>simile</strong></span> <span class='ocrx_word' id='word_1_124' title='bbox 1632 1708 1718 1757; x_wconf 86' lang='lat' dir='ltr'><strong>est</strong></span> 
     </span>
    </p>
   </div>
   <div class='ocr_carea' id='block_1_18' title="bbox 126 1792 1711 1872">
    <p class='ocr_par' dir='ltr' id='par_1_18' title="bbox 126 1792 1711 1872">
     <span class='ocr_line' id='line_1_18' title="bbox 126 1792 1711 1872; baseline -0.001 -19"><span class='ocrx_word' id='word_1_125' title='bbox 126 1799 253 1872; x_wconf 88' lang='lat' dir='ltr'><strong>quod</strong></span> <span class='ocrx_word' id='word_1_126' title='bbox 273 1795 710 1858; x_wconf 85' lang='lat' dir='ltr'><strong>videtur.Timeo</strong></span> <span class='ocrx_word' id='word_1_127' title='bbox 730 1796 888 1852; x_wconf 74' lang='lat' dir='ltr'><strong>lactis</strong></span> <span class='ocrx_word' id='word_1_128' title='bbox 916 1792 1345 1863; x_wconf 85' lang='lat' dir='ltr'><strong>similitudinem,</strong></span> <span class='ocrx_word' id='word_1_129' title='bbox 1375 1813 1444 1853; x_wconf 89' lang='lat' dir='ltr'><strong>ne</strong></span> <span class='ocrx_word' id='word_1_130' title='bbox 1473 1796 1711 1853; x_wconf 81' lang='lat' dir='ltr'><strong>oblatum</strong></span> 
     </span>
    </p>
   </div>
   <div class='ocr_carea' id='block_1_19' title="bbox 1822 586 3419 662">
    <p class='ocr_par' dir='ltr' id='par_1_19' title="bbox 1822 586 3419 662">
     <span class='ocr_line' id='line_1_19' title="bbox 1822 586 3419 662; baseline 0.002 -19"><span class='ocrx_word' id='word_1_131' title='bbox 1822 596 2002 660; x_wconf 89' lang='lat' dir='ltr'><strong>potest</strong></span> <span class='ocrx_word' id='word_1_132' title='bbox 2022 602 2164 657; x_wconf 87' lang='lat' dir='ltr'><strong>esse,</strong></span> <span class='ocrx_word' id='word_1_133' title='bbox 2195 588 2297 643; x_wconf 88' lang='lat' dir='ltr'><strong>nisi</strong></span> <span class='ocrx_word' id='word_1_134' title='bbox 2324 600 2513 643; x_wconf 88' lang='lat' dir='ltr'><strong>aurum</strong></span> <span class='ocrx_word' id='word_1_135' title='bbox 2550 605 2561 641; x_wconf 93' lang='lat'>:</span> <span class='ocrx_word' id='word_1_136' title='bbox 2593 587 2774 644; x_wconf 89' lang='lat' dir='ltr'><strong>simile</strong></span> <span class='ocrx_word' id='word_1_137' title='bbox 2824 588 2971 655; x_wconf 89' lang='lat' dir='ltr'><strong>lacti,</strong></span> <span class='ocrx_word' id='word_1_138' title='bbox 3005 586 3108 646; x_wconf 83' lang='lat' dir='ltr'><strong>nisi</strong></span> <span class='ocrx_word' id='word_1_139' title='bbox 3142 591 3224 646; x_wconf 87' lang='lat' dir='ltr'><strong>sui</strong></span> <span class='ocrx_word' id='word_1_140' title='bbox 3257 602 3419 662; x_wconf 72' lang='lat' dir='ltr'><strong>gcnc~</strong></span> 
     </span>
    </p>
   </div>
   <div class='ocr_carea' id='block_1_20' title="bbox 1822 676 3422 754">
    <p class='ocr_par' dir='ltr' id='par_1_20' title="bbox 1822 676 3422 754">
     <span class='ocr_line' id='line_1_20' title="bbox 1822 676 3422 754; baseline 0.004 -20"><span class='ocrx_word' id='word_1_141' title='bbox 1822 680 1898 737; x_wconf 90' lang='lat' dir='ltr'><strong>ris</strong></span> <span class='ocrx_word' id='word_1_142' title='bbox 1927 681 2019 749; x_wconf 88' lang='lat' dir='ltr'><strong>sit,</strong></span> <span class='ocrx_word' id='word_1_143' title='bbox 2045 694 2166 737; x_wconf 75' lang='lat' dir='ltr'><strong>esse</strong></span> <span class='ocrx_word' id='word_1_144' title='bbox 2191 694 2296 736; x_wconf 89' lang='lat' dir='ltr'><strong>non</strong></span> <span class='ocrx_word' id='word_1_145' title='bbox 2327 676 2547 752; x_wconf 85' lang='lat' dir='ltr'><strong>poterit.</strong></span> <span class='ocrx_word' id='word_1_146' title='bbox 2582 679 2797 737; x_wconf 82' lang='lat' dir='ltr'><strong>Fefellit</strong></span> <span class='ocrx_word' id='word_1_147' title='bbox 2823 696 2910 737; x_wconf 90' lang='lat' dir='ltr'><strong>me</strong></span> <span class='ocrx_word' id='word_1_148' title='bbox 2942 682 3249 754; x_wconf 81' lang='lat' dir='ltr'><strong>l‘requ&#39;enter</strong></span> <span class='ocrx_word' id='word_1_149' title='bbox 3271 684 3422 741; x_wconf 89' lang='lat' dir='ltr'><strong>color</strong></span> 
     </span>
    </p>
   </div>
   <div class='ocr_carea' id='block_1_21' title="bbox 1822 771 3422 846">
    <p class='ocr_par' dir='ltr' id='par_1_21' title="bbox 1822 771 3422 846">
     <span class='ocr_line' id='line_1_21' title="bbox 1822 771 3422 846; baseline 0.002 -19"><span class='ocrx_word' id='word_1_150' title='bbox 1822 771 1973 827; x_wconf 87' lang='lat' dir='ltr'><strong>vini:</strong></span> <span class='ocrx_word' id='word_1_151' title='bbox 2002 782 2058 829; x_wconf 88' lang='lat' dir='ltr'><strong>et</strong></span> <span class='ocrx_word' id='word_1_152' title='bbox 2087 783 2269 829; x_wconf 90' lang='lat' dir='ltr'><strong>tamen</strong></span> <span class='ocrx_word' id='word_1_153' title='bbox 2313 771 2383 845; x_wconf 80' lang='grc' dir='ltr'><strong>(ε)</strong></span> <span class='ocrx_word' id='word_1_154' title='bbox 2427 781 2673 843; x_wconf 88' lang='lat' dir='ltr'><strong>gustatu,</strong></span> <span class='ocrx_word' id='word_1_155' title='bbox 2723 773 2943 829; x_wconf 84' lang='lat' dir='ltr'><strong>alterius</strong></span> <span class='ocrx_word' id='word_1_156' title='bbox 2974 776 3191 845; x_wconf 80' lang='lat' dir='ltr'><strong>generis</strong></span> <span class='ocrx_word' id='word_1_157' title='bbox 3249 776 3422 846; x_wconf 58' lang='lat' dir='ltr'><strong>liquo.</strong></span> 
     </span>
    </p>
   </div>
   <div class='ocr_carea' id='block_1_22' title="bbox 1820 864 3418 936">
    <p class='ocr_par' dir='ltr' id='par_1_22' title="bbox 1820 864 3418 936">
     <span class='ocr_line' id='line_1_22' title="bbox 1820 864 3418 936; baseline 0.001 -16"><span class='ocrx_word' id='word_1_158' title='bbox 1820 879 1936 921; x_wconf 91' lang='lat' dir='ltr'><strong>rem</strong></span> <span class='ocrx_word' id='word_1_159' title='bbox 1986 866 2297 936; x_wconf 78' lang='lat' dir='ltr'><strong>recognovi.</strong></span> <span class='ocrx_word' id='word_1_160' title='bbox 2330 864 2453 920; x_wconf 78' lang='lat' dir='ltr'><strong>Vidi</strong></span> <span class='ocrx_word' id='word_1_161' title='bbox 2491 872 2685 920; x_wconf 83' lang='lat' dir='ltr'><strong>carnes</strong></span> <span class='ocrx_word' id='word_1_162' title='bbox 2727 865 2984 922; x_wconf 84' lang='lat' dir='ltr'><strong>carnibus</strong></span> <span class='ocrx_word' id='word_1_163' title='bbox 3035 867 3243 923; x_wconf 72' lang='lat' dir='ltr'><strong>similes</strong></span> <span class='ocrx_word' id='word_1_164' title='bbox 3276 885 3289 922; x_wconf 91' lang='lat'><strong>:</strong></span> <span class='ocrx_word' id='word_1_165' title='bbox 3320 867 3418 922; x_wconf 84' lang='lat' dir='ltr'><strong>sed</strong></span> 
     </span>
    </p>
   </div>
   <div class='ocr_carea' id='block_1_23' title="bbox 1821 958 3423 1032">
    <p class='ocr_par' dir='ltr' id='par_1_23' title="bbox 1821 958 3423 1032">
     <span class='ocr_line' id='line_1_23' title="bbox 1821 958 3423 1032; baseline 0.002 -20"><span class='ocrx_word' id='word_1_166' title='bbox 1821 967 2006 1029; x_wconf 87' lang='lat' dir='ltr'><strong>postea</strong></span> <span class='ocrx_word' id='word_1_167' title='bbox 2032 958 2163 1014; x_wconf 88' lang='lat' dir='ltr'><strong>mihi</strong></span> <span class='ocrx_word' id='word_1_168' title='bbox 2192 965 2398 1013; x_wconf 68' lang='lat' dir='ltr'><strong>natura:</strong></span> <span class='ocrx_word' id='word_1_169' title='bbox 2435 958 2501 1029; x_wconf 79' lang='grc' dir='ltr'><strong>(Ῑ)</strong></span> <span class='ocrx_word' id='word_1_170' title='bbox 2531 958 3026 1015; x_wconf 85' lang='lat' dir='ltr'><strong>dissimilitudinem</strong></span> <span class='ocrx_word' id='word_1_171' title='bbox 3082 970 3243 1030; x_wconf 80' lang='lat' dir='ltr'><strong>sapor</strong></span> <span class='ocrx_word' id='word_1_172' title='bbox 3294 972 3423 1032; x_wconf 89' lang='lat' dir='ltr'><strong>pro-</strong></span> 
     </span>
    </p>
   </div>
   <div class='ocr_carea' id='block_1_24' title="bbox 1822 1051 3419 1123">
    <p class='ocr_par' dir='ltr' id='par_1_24' title="bbox 1822 1051 3419 1123">
     <span class='ocr_line' id='line_1_24' title="bbox 1822 1051 3419 1123; baseline 0 -15"><span class='ocrx_word' id='word_1_173' title='bbox 1822 1052 1978 1108; x_wconf 88' lang='lat' dir='ltr'><strong>didit.</strong></span> <span class='ocrx_word' id='word_1_174' title='bbox 2009 1052 2115 1108; x_wconf 82' lang='lat' dir='ltr'><strong>Has</strong></span> <span class='ocrx_word' id='word_1_175' title='bbox 2167 1054 2311 1109; x_wconf 88' lang='lat' dir='ltr'><strong>enim</strong></span> <span class='ocrx_word' id='word_1_176' title='bbox 2352 1051 2761 1119; x_wconf 86' lang='lat' dir='ltr'><strong>similitudines,</strong></span> <span class='ocrx_word' id='word_1_177' title='bbox 2806 1060 2928 1123; x_wconf 74' lang='lat' dir='ltr'><strong>qua:</strong></span> <span class='ocrx_word' id='word_1_178' title='bbox 2955 1066 3063 1108; x_wconf 84' lang='lat' dir='ltr'><strong>non</strong></span> <span class='ocrx_word' id='word_1_179' title='bbox 3104 1064 3172 1110; x_wconf 82' lang='lat' dir='ltr'><strong>ex</strong></span> <span class='ocrx_word' id='word_1_180' title='bbox 3213 1054 3419 1109; x_wconf 87' lang='lat' dir='ltr'><strong>unitate</strong></span> 
     </span>
    </p>
   </div>
   <div class='ocr_carea' id='block_1_25' title="bbox 1821 1146 2525 1220">
    <p class='ocr_par' dir='ltr' id='par_1_25' title="bbox 1821 1146 2525 1220">
     <span class='ocr_line' id='line_1_25' title="bbox 1821 1146 2525 1220; baseline -0.001 -18"><span class='ocrx_word' id='word_1_181' title='bbox 1821 1155 2030 1203; x_wconf 77' lang='lat' dir='ltr'><strong>natura:</strong></span> <span class='ocrx_word' id='word_1_182' title='bbox 2058 1146 2184 1212; x_wconf 87' lang='lat' dir='ltr'><strong>sint,</strong></span> <span class='ocrx_word' id='word_1_183' title='bbox 2219 1146 2297 1220; x_wconf 71' lang='grc' dir='ltr'><strong>(ῃ)</strong></span> <span class='ocrx_word' id='word_1_184' title='bbox 2320 1154 2525 1201; x_wconf 88' lang='lat' dir='ltr'><strong>metuo.</strong></span> 
     </span>
    </p>
   </div>
   <div class='ocr_carea' id='block_1_26' title="bbox 1894 1237 3415 1313">
    <p class='ocr_par' dir='ltr' id='par_1_26' title="bbox 1894 1237 3415 1313">
     <span class='ocr_line' id='line_1_26' title="bbox 1894 1237 3415 1313; baseline -0.003 -16"><span class='ocrx_word' id='word_1_185' title='bbox 1894 1241 1985 1297; x_wconf 87' lang='lat'><strong>90.</strong></span> <span class='ocrx_word' id='word_1_186' title='bbox 2015 1242 2235 1313; x_wconf 69' lang='lat' dir='ltr'><strong>Ancyra!</strong></span> <span class='ocrx_word' id='word_1_187' title='bbox 2258 1242 2386 1311; x_wconf 74' lang='lat' dir='ltr'><strong>ﬁdes</strong></span> <span class='ocrx_word' id='word_1_188' title='bbox 2415 1238 2722 1311; x_wconf 77' lang='lat' dir='ltr'><strong>quibusdam</strong></span> <span class='ocrx_word' id='word_1_189' title='bbox 2757 1238 2928 1293; x_wconf 78' lang='lat' dir='ltr'><strong>tacitis</strong></span> <span class='ocrx_word' id='word_1_190' title='bbox 2956 1237 3205 1294; x_wconf 80' lang='lat' dir='ltr'><strong>Sirmium</strong></span> <span class='ocrx_word' id='word_1_191' title='bbox 3229 1239 3415 1293; x_wconf 82' lang='lat' dir='ltr'><strong>delata.</strong></span> 
     </span>
    </p>
   </div>
   <div class='ocr_carea' id='block_1_27' title="bbox 1820 1329 3420 1398">
    <p class='ocr_par' dir='ltr' id='par_1_27' title="bbox 1820 1329 3420 1398">
     <span class='ocr_line' id='line_1_27' title="bbox 1820 1329 3420 1398; baseline -0.003 -8"><span class='ocrx_word' id='word_1_192' title='bbox 1820 1334 2102 1391; x_wconf 47' lang='lat' dir='ltr'><strong>s—Vereor</strong></span> <span class='ocrx_word' id='word_1_193' title='bbox 2153 1334 2316 1398; x_wconf 85' lang='lat' dir='ltr'><strong>enim,</strong></span> <span class='ocrx_word' id='word_1_194' title='bbox 2351 1332 2591 1398; x_wconf 80' lang='lat' dir='ltr'><strong>Fratres,</strong></span> <span class='ocrx_word' id='word_1_195' title='bbox 2624 1329 2863 1387; x_wconf 76' lang='lat' dir='ltr'><strong>Orientis</strong></span> <span class='ocrx_word' id='word_1_196' title='bbox 2909 1330 3148 1387; x_wconf 71' lang='lat' dir='ltr'><strong>haereses</strong></span> <span class='ocrx_word' id='word_1_197' title='bbox 3197 1332 3251 1386; x_wconf 92' lang='lat' dir='ltr'><strong>in</strong></span> <span class='ocrx_word' id='word_1_198' title='bbox 3284 1340 3420 1387; x_wconf 58' lang='lat' dir='ltr'><strong>tem:</strong></span> 
     </span>
    </p>
   </div>
   <div class='ocr_carea' id='block_1_28' title="bbox 1823 1423 3421 1499">
    <p class='ocr_par' dir='ltr' id='par_1_28' title="bbox 1823 1423 3421 1499">
     <span class='ocr_line' id='line_1_28' title="bbox 1823 1423 3421 1499; baseline -0.001 -19"><span class='ocrx_word' id='word_1_199' title='bbox 1823 1442 1954 1498; x_wconf 86' lang='lat' dir='ltr'><strong>pora</strong></span> <span class='ocrx_word' id='word_1_200' title='bbox 1997 1426 2207 1497; x_wconf 86' lang='lat' dir='ltr'><strong>singula</strong></span> <span class='ocrx_word' id='word_1_201' title='bbox 2252 1424 2577 1495; x_wconf 86' lang='lat' dir='ltr'><strong>pullulantes</strong></span> <span class='ocrx_word' id='word_1_202' title='bbox 2608 1440 2623 1475; x_wconf 85' lang='lat'><strong>:</strong></span> <span class='ocrx_word' id='word_1_203' title='bbox 2655 1431 2709 1479; x_wconf 87' lang='lat' dir='ltr'><strong>et</strong></span> <span class='ocrx_word' id='word_1_204' title='bbox 2738 1425 2816 1499; x_wconf 79' lang='lat' dir='ltr'><strong>(Ii)</strong></span> <span class='ocrx_word' id='word_1_205' title='bbox 2859 1424 2985 1495; x_wconf 83' lang='lat' dir='ltr'><strong>quid</strong></span> <span class='ocrx_word' id='word_1_206' title='bbox 3017 1424 3192 1479; x_wconf 85' lang='lat' dir='ltr'><strong>vereri</strong></span> <span class='ocrx_word' id='word_1_207' title='bbox 3224 1436 3311 1478; x_wconf 85' lang='lat' dir='ltr'><strong>me</strong></span> <span class='ocrx_word' id='word_1_208' title='bbox 3339 1423 3421 1479; x_wconf 66' lang='lat' dir='ltr'><strong>di-I</strong></span> 
     </span>
    </p>
   </div>
   <div class='ocr_carea' id='block_1_29' title="bbox 1822 1516 3415 1591">
    <p class='ocr_par' dir='ltr' id='par_1_29' title="bbox 1822 1516 3415 1591">
     <span class='ocr_line' id='line_1_29' title="bbox 1822 1516 3415 1591; baseline -0.003 -14"><span class='ocrx_word' id='word_1_209' title='bbox 1822 1537 1940 1577; x_wconf 87' lang='lat' dir='ltr'><strong>cam</strong></span> <span class='ocrx_word' id='word_1_210' title='bbox 1966 1564 1979 1586; x_wconf 85' lang='lat'><strong>,</strong></span> <span class='ocrx_word' id='word_1_211' title='bbox 2006 1522 2116 1591; x_wconf 80' lang='lat' dir='ltr'><strong>jam</strong></span> <span class='ocrx_word' id='word_1_212' title='bbox 2145 1527 2201 1575; x_wconf 90' lang='lat' dir='ltr'><strong>et</strong></span> <span class='ocrx_word' id='word_1_213' title='bbox 2244 1519 2368 1591; x_wconf 87' lang='lat' dir='ltr'><strong>legi.</strong></span> <span class='ocrx_word' id='word_1_214' title='bbox 2416 1518 2559 1573; x_wconf 80' lang='lat' dir='ltr'><strong>Nihil</strong></span> <span class='ocrx_word' id='word_1_215' title='bbox 2589 1517 2805 1589; x_wconf 81' lang='lat' dir='ltr'><strong>quidem</strong></span> <span class='ocrx_word' id='word_1_216' title='bbox 2836 1516 2896 1591; x_wconf 89' lang='lat' dir='ltr'><strong>(i)</strong></span> <span class='ocrx_word' id='word_1_217' title='bbox 2923 1519 2976 1573; x_wconf 90' lang='lat' dir='ltr'><strong>in</strong></span> <span class='ocrx_word' id='word_1_218' title='bbox 3022 1516 3124 1581; x_wconf 86' lang='lat' dir='ltr'><strong>his.</strong></span> <span class='ocrx_word' id='word_1_219' title='bbox 3149 1534 3270 1590; x_wconf 76' lang='lat' dir='ltr'><strong>qua:</strong></span> <span class='ocrx_word' id='word_1_220' title='bbox 3295 1534 3415 1584; x_wconf 90' lang='lat' dir='ltr'><strong>vos,</strong></span> 
     </span>
    </p>
   </div>
   <div class='ocr_carea' id='block_1_30' title="bbox 1820 1611 3419 1683">
    <p class='ocr_par' dir='ltr' id='par_1_30' title="bbox 1820 1611 3419 1683">
     <span class='ocr_line' id='line_1_30' title="bbox 1820 1611 3419 1683; baseline -0.004 -12"><span class='ocrx_word' id='word_1_221' title='bbox 1820 1616 1891 1671; x_wconf 88' lang='lat' dir='ltr'><strong>de</strong></span> <span class='ocrx_word' id='word_1_222' title='bbox 1917 1613 2270 1669; x_wconf 83' lang='lat' dir='ltr'><strong>Orientalium</strong></span> <span class='ocrx_word' id='word_1_223' title='bbox 2293 1611 2648 1683; x_wconf 87' lang='lat' dir='ltr'><strong>quorumdam</strong></span> <span class='ocrx_word' id='word_1_224' title='bbox 2688 1625 2935 1679; x_wconf 80' lang='lat' dir='ltr'><strong>assensu,</strong></span> <span class='ocrx_word' id='word_1_225' title='bbox 2959 1620 3225 1681; x_wconf 69' lang='lat' dir='ltr'><strong>suscepta:</strong></span> <span class='ocrx_word' id='word_1_226' title='bbox 3277 1612 3419 1679; x_wconf 55' lang='lat' dir='ltr'><strong>legas</strong></span> 
     </span>
    </p>
   </div>
   <div class='ocr_carea' id='block_1_31' title="bbox 1822 1700 3419 1767">
    <p class='ocr_par' dir='ltr' id='par_1_31' title="bbox 1822 1700 3419 1767">
     <span class='ocr_line' id='line_1_31' title="bbox 1822 1700 3419 1767; baseline -0.003 -5"><span class='ocrx_word' id='word_1_227' title='bbox 1822 1707 1984 1762; x_wconf 87' lang='lat' dir='ltr'><strong>tionis</strong></span> <span class='ocrx_word' id='word_1_228' title='bbox 2013 1707 2244 1760; x_wconf 88' lang='lat' dir='ltr'><strong>ministri</strong></span> <span class='ocrx_word' id='word_1_229' title='bbox 2266 1702 2655 1760; x_wconf 70' lang='lat' dir='ltr'><strong>sutiscribenda</strong></span> <span class='ocrx_word' id='word_1_230' title='bbox 2676 1703 2932 1759; x_wconf 83' lang='lat' dir='ltr'><strong>Sirmium</strong></span> <span class='ocrx_word' id='word_1_231' title='bbox 2965 1704 3253 1767; x_wconf 82' lang='lat' dir='ltr'><strong>detulistis,</strong></span> <span class='ocrx_word' id='word_1_232' title='bbox 3285 1700 3419 1758; x_wconf 84' lang='lat' dir='ltr'><strong>nihil</strong></span> 
     </span>
    </p>
   </div>
   <div class='ocr_carea' id='block_1_32' title="bbox 1820 1790 3419 1870">
    <p class='ocr_par' dir='ltr' id='par_1_32' title="bbox 1820 1790 3419 1870">
     <span class='ocr_line' id='line_1_32' title="bbox 1820 1790 3419 1870; baseline -0.003 -15"><span class='ocrx_word' id='word_1_233' title='bbox 1820 1798 2147 1870; x_wconf 75' lang='lat' dir='ltr'><strong>snspicionis</strong></span> <span class='ocrx_word' id='word_1_234' title='bbox 2177 1799 2424 1853; x_wconf 87' lang='lat' dir='ltr'><strong>relictum</strong></span> <span class='ocrx_word' id='word_1_235' title='bbox 2458 1809 2540 1853; x_wconf 82' lang='lat' dir='ltr'><strong>est</strong></span> <span class='ocrx_word' id='word_1_236' title='bbox 2574 1816 2586 1851; x_wconf 91' lang='lat'>:</span> <span class='ocrx_word' id='word_1_237' title='bbox 2622 1795 2716 1853; x_wconf 89' lang='lat' dir='ltr'><strong>sed</strong></span> <span class='ocrx_word' id='word_1_238' title='bbox 2770 1796 3073 1852; x_wconf 73' lang='lat' dir='ltr'><strong>habiterunt</strong></span> <span class='ocrx_word' id='word_1_239' title='bbox 3104 1795 3171 1852; x_wconf 89' lang='lat' dir='ltr'><strong>ab</strong></span> <span class='ocrx_word' id='word_1_240' title='bbox 3196 1790 3419 1854; x_wconf 85' lang='lat' dir='ltr'><strong>exordio</strong></span> 
     </span>
    </p>
   </div>
   <div class='ocr_carea' id='block_1_33' title="bbox 124 1886 3421 1977">
    <p class='ocr_par' dir='ltr' id='par_1_33' title="bbox 124 1886 3421 1977">
     <span class='ocr_line' id='line_1_33' title="bbox 124 1886 3421 1977; baseline -0.002 -25"><span class='ocrx_word' id='word_1_241' title='bbox 124 1894 246 1952; x_wconf 87' lang='lat' dir='ltr'><strong>mihi</strong></span> <span class='ocrx_word' id='word_1_242' title='bbox 272 1894 376 1957; x_wconf 86' lang='lat' dir='ltr'><strong>lac,</strong></span> <span class='ocrx_word' id='word_1_243' title='bbox 406 1906 519 1949; x_wconf 85' lang='lat' dir='ltr'><strong>nOn</strong></span> <span class='ocrx_word' id='word_1_244' title='bbox 562 1891 648 1948; x_wconf 85' lang='lat' dir='ltr'><strong>lac</strong></span> <span class='ocrx_word' id='word_1_245' title='bbox 676 1890 855 1947; x_wconf 90' lang='lat' dir='ltr'><strong>ovium</strong></span> <span class='ocrx_word' id='word_1_246' title='bbox 902 1890 974 1947; x_wconf 89' lang='lat' dir='ltr'><strong>sit</strong></span> <span class='ocrx_word' id='word_1_247' title='bbox 1002 1909 1014 1945; x_wconf 87' lang='lat'>:</span> <span class='ocrx_word' id='word_1_248' title='bbox 1038 1891 1161 1961; x_wconf 83' lang='lat' dir='ltr'><strong>quia</strong></span> <span class='ocrx_word' id='word_1_249' title='bbox 1186 1893 1235 1947; x_wconf 91' lang='lat' dir='ltr'><strong>ei</strong></span> <span class='ocrx_word' id='word_1_250' title='bbox 1265 1891 1445 1947; x_wconf 88' lang='lat' dir='ltr'><strong>simile</strong></span> <span class='ocrx_word' id='word_1_251' title='bbox 1467 1891 1715 1948; x_wconf 89' lang='lat' dir='ltr'><strong>videatur</strong></span> <span class='ocrx_word' id='word_1_252' title='bbox 1746 1916 1792 1977; x_wconf 82' lang='grc' dir='ltr'><strong>Β</strong></span> <span class='ocrx_word' id='word_1_253' title='bbox 1822 1908 1929 1949; x_wconf 91' lang='lat' dir='ltr'><strong>non</strong></span> <span class='ocrx_word' id='word_1_254' title='bbox 1959 1891 2185 1947; x_wconf 85' lang='lat' dir='ltr'><strong>nihilum</strong></span> <span class='ocrx_word' id='word_1_255' title='bbox 2217 1889 2555 1957; x_wconf 82' lang='lat' dir='ltr'><strong>oil‘ensiouis,</strong></span> <span class='ocrx_word' id='word_1_256' title='bbox 2583 1906 2706 1963; x_wconf 80' lang='lat' dir='ltr'><strong>quae</strong></span> <span class='ocrx_word' id='word_1_257' title='bbox 2731 1888 2896 1945; x_wconf 90' lang='lat' dir='ltr'><strong>credo</strong></span> <span class='ocrx_word' id='word_1_258' title='bbox 2927 1904 3043 1956; x_wconf 90' lang='lat' dir='ltr'><strong>vos,</strong></span> <span class='ocrx_word' id='word_1_259' title='bbox 3094 1886 3421 1945; x_wconf 81' lang='lat' dir='ltr'><strong>sanctissimi</strong></span> 
     </span>
    </p>
   </div>
   <div class='ocr_carea' id='block_1_34' title="bbox 125 1983 3421 2060">
    <p class='ocr_par' dir='ltr' id='par_1_34' title="bbox 125 1983 3421 2060">
     <span class='ocr_line' id='line_1_34' title="bbox 125 1983 3421 2060; baseline -0.001 -17"><span class='ocrx_word' id='word_1_260' title='bbox 125 1997 173 2043; x_wconf 90' lang='lat' dir='ltr'><strong>et</strong></span> <span class='ocrx_word' id='word_1_261' title='bbox 198 1986 475 2043; x_wconf 89' lang='lat' dir='ltr'><strong>bubulum.</strong></span> <span class='ocrx_word' id='word_1_262' title='bbox 508 1983 581 2041; x_wconf 85' lang='lat' dir='ltr'><strong>Ut</strong></span> <span class='ocrx_word' id='word_1_263' title='bbox 609 1984 692 2041; x_wconf 90' lang='lat' dir='ltr'><strong>lac</strong></span> <span class='ocrx_word' id='word_1_264' title='bbox 712 1985 894 2042; x_wconf 78' lang='lat' dir='ltr'><strong>ovium</strong></span> <span class='ocrx_word' id='word_1_265' title='bbox 922 1984 1048 2040; x_wconf 88' lang='lat' dir='ltr'><strong>lacti</strong></span> <span class='ocrx_word' id='word_1_266' title='bbox 1076 1984 1256 2042; x_wconf 87' lang='lat' dir='ltr'><strong>ovium</strong></span> <span class='ocrx_word' id='word_1_267' title='bbox 1286 1985 1464 2042; x_wconf 88' lang='lat' dir='ltr'><strong>simile</strong></span> <span class='ocrx_word' id='word_1_268' title='bbox 1485 1989 1575 2053; x_wconf 88' lang='lat' dir='ltr'><strong>sit,</strong></span> <span class='ocrx_word' id='word_1_269' title='bbox 1606 2000 1715 2041; x_wconf 90' lang='lat' dir='ltr'><strong>non</strong></span> <span class='ocrx_word' id='word_1_270' title='bbox 1819 1988 1918 2044; x_wconf 82' lang='lat' dir='ltr'><strong>viri</strong></span> <span class='ocrx_word' id='word_1_271' title='bbox 1954 1985 2116 2041; x_wconf 85' lang='lat' dir='ltr'><strong>Basili</strong></span> <span class='ocrx_word' id='word_1_272' title='bbox 2164 1994 2221 2041; x_wconf 86' lang='lat' dir='ltr'><strong>et</strong></span> <span class='ocrx_word' id='word_1_273' title='bbox 2262 1987 2333 2060; x_wconf 81' lang='lat' dir='ltr'><strong>(j)</strong></span> <span class='ocrx_word' id='word_1_274' title='bbox 2364 1984 2619 2041; x_wconf 86' lang='lat' dir='ltr'><strong>Eustathi</strong></span> <span class='ocrx_word' id='word_1_275' title='bbox 2666 1996 2720 2040; x_wconf 92' lang='lat' dir='ltr'><strong>et</strong></span> <span class='ocrx_word' id='word_1_276' title='bbox 2747 1985 2949 2050; x_wconf 86' lang='lat' dir='ltr'><strong>Eieusi,</strong></span> <span class='ocrx_word' id='word_1_277' title='bbox 2996 1998 3063 2039; x_wconf 86' lang='lat' dir='ltr'><strong>ne</strong></span> <span class='ocrx_word' id='word_1_278' title='bbox 3107 1984 3234 2055; x_wconf 90' lang='lat' dir='ltr'><strong>quid</strong></span> <span class='ocrx_word' id='word_1_279' title='bbox 3264 2000 3421 2040; x_wconf 80' lang='lat' dir='ltr'><strong>scon—</strong></span> 
     </span>
    </p>
   </div>
   <div class='ocr_carea' id='block_1_35' title="bbox 124 2070 3419 2151">
    <p class='ocr_par' dir='ltr' id='par_1_35' title="bbox 124 2070 3419 2151">
     <span class='ocr_line' id='line_1_35' title="bbox 124 2070 3419 2151; baseline -0 -18"><span class='ocrx_word' id='word_1_280' title='bbox 124 2086 283 2150; x_wconf 87' lang='lat' dir='ltr'><strong>potest</strong></span> <span class='ocrx_word' id='word_1_281' title='bbox 304 2077 485 2132; x_wconf 90' lang='lat' dir='ltr'><strong>simile</strong></span> <span class='ocrx_word' id='word_1_282' title='bbox 528 2086 672 2144; x_wconf 81' lang='lat' dir='ltr'><strong>eSSe,</strong></span> <span class='ocrx_word' id='word_1_283' title='bbox 720 2076 821 2132; x_wconf 90' lang='lat' dir='ltr'><strong>nisi</strong></span> <span class='ocrx_word' id='word_1_284' title='bbox 845 2076 959 2133; x_wconf 86' lang='lat' dir='ltr'><strong>ovis</strong></span> <span class='ocrx_word' id='word_1_285' title='bbox 1014 2076 1104 2133; x_wconf 91' lang='lat' dir='ltr'><strong>sit.</strong></span> <span class='ocrx_word' id='word_1_286' title='bbox 1134 2077 1442 2133; x_wconf 89' lang='lat' dir='ltr'><strong>Similitudo</strong></span> <span class='ocrx_word' id='word_1_287' title='bbox 1485 2094 1613 2134; x_wconf 84' lang='lat' dir='ltr'><strong>vera</strong></span> <span class='ocrx_word' id='word_1_288' title='bbox 1659 2078 1714 2134; x_wconf 91' lang='lat' dir='ltr'><strong>in</strong></span> <span class='ocrx_word' id='word_1_289' title='bbox 1817 2078 1925 2136; x_wconf 90' lang='lat' dir='ltr'><strong>dali</strong></span> <span class='ocrx_word' id='word_1_290' title='bbox 1959 2076 2033 2151; x_wconf 75' lang='grc' dir='ltr'><strong>(Ιι)</strong></span> <span class='ocrx_word' id='word_1_291' title='bbox 2080 2070 2387 2145; x_wconf 72' lang='lat' dir='ltr'><strong>alierrctur,</strong></span> <span class='ocrx_word' id='word_1_292' title='bbox 2424 2074 2686 2134; x_wconf 88' lang='lat' dir='ltr'><strong>abolenda</strong></span> <span class='ocrx_word' id='word_1_293' title='bbox 2731 2076 2982 2132; x_wconf 79' lang='lat' dir='ltr'><strong>tacuisSe.</strong></span> <span class='ocrx_word' id='word_1_294' title='bbox 3030 2074 3163 2146; x_wconf 70' lang='lat' dir='ltr'><strong>Qua:</strong></span> <span class='ocrx_word' id='word_1_295' title='bbox 3193 2078 3239 2130; x_wconf 91' lang='lat' dir='ltr'><strong>si</strong></span> <span class='ocrx_word' id='word_1_296' title='bbox 3272 2078 3419 2132; x_wconf 72' lang='lat' dir='ltr'><strong>recte”</strong></span> 
     </span>
    </p>
   </div>
   <div class='ocr_carea' id='block_1_36' title="bbox 125 2170 1714 2242">
    <p class='ocr_par' dir='ltr' id='par_1_36' title="bbox 125 2170 1714 2242">
     <span class='ocr_line' id='line_1_36' title="bbox 125 2170 1714 2242; baseline 0.001 -15"><span class='ocrx_word' id='word_1_297' title='bbox 125 2171 334 2228; x_wconf 79' lang='lat' dir='ltr'><strong>veritate</strong></span> <span class='ocrx_word' id='word_1_298' title='bbox 356 2180 567 2227; x_wconf 76' lang='lat' dir='ltr'><strong>natura:</strong></span> <span class='ocrx_word' id='word_1_299' title='bbox 583 2181 686 2226; x_wconf 85' lang='lat' dir='ltr'><strong>est.</strong></span> <span class='ocrx_word' id='word_1_300' title='bbox 707 2170 921 2227; x_wconf 81' lang='lat' dir='ltr'><strong>Veritas</strong></span> <span class='ocrx_word' id='word_1_301' title='bbox 946 2184 1126 2227; x_wconf 87' lang='lat' dir='ltr'><strong>autem</strong></span> <span class='ocrx_word' id='word_1_302' title='bbox 1179 2172 1229 2226; x_wconf 90' lang='lat' dir='ltr'><strong>in</strong></span> <span class='ocrx_word' id='word_1_303' title='bbox 1255 2182 1482 2242; x_wconf 84' lang='lat' dir='ltr'><strong>utroque</strong></span> <span class='ocrx_word' id='word_1_304' title='bbox 1509 2184 1714 2228; x_wconf 65' lang='lat' dir='ltr'><strong>natura:</strong></span> 
     </span>
    </p>
   </div>
   <div class='ocr_carea' id='block_1_37' title="bbox 127 2264 1710 2340">
    <p class='ocr_par' dir='ltr' id='par_1_37' title="bbox 127 2264 1710 2340">
     <span class='ocr_line' id='line_1_37' title="bbox 127 2264 1710 2340; baseline 0.001 -21"><span class='ocrx_word' id='word_1_305' title='bbox 127 2266 195 2340; x_wconf 76' lang='grc' dir='ltr'><strong>(ά)</strong></span> <span class='ocrx_word' id='word_1_306' title='bbox 218 2281 322 2321; x_wconf 90' lang='lat' dir='ltr'><strong>non</strong></span> <span class='ocrx_word' id='word_1_307' title='bbox 350 2273 583 2336; x_wconf 83' lang='lat' dir='ltr'><strong>negatur</strong></span> <span class='ocrx_word' id='word_1_308' title='bbox 610 2264 956 2321; x_wconf 89' lang='lat' dir='ltr'><strong>homousion.</strong></span> <span class='ocrx_word' id='word_1_309' title='bbox 989 2265 1115 2320; x_wconf 70' lang='lat' dir='ltr'><strong>Haec</strong></span> <span class='ocrx_word' id='word_1_310' title='bbox 1143 2276 1227 2320; x_wconf 90' lang='lat' dir='ltr'><strong>est</strong></span> <span class='ocrx_word' id='word_1_311' title='bbox 1243 2265 1387 2321; x_wconf 89' lang='lat' dir='ltr'><strong>enim</strong></span> <span class='ocrx_word' id='word_1_312' title='bbox 1416 2265 1710 2321; x_wconf 86' lang='lat' dir='ltr'><strong>secundum</strong></span> 
     </span>
    </p>
   </div>
   <div class='ocr_carea' id='block_1_38' title="bbox 126 2356 1711 2432">
    <p class='ocr_par' dir='ltr' id='par_1_38' title="bbox 126 2356 1711 2432">
     <span class='ocr_line' id='line_1_38' title="bbox 126 2356 1711 2432; baseline -0.002 -17"><span class='ocrx_word' id='word_1_313' title='bbox 126 2358 396 2415; x_wconf 82' lang='lat' dir='ltr'><strong>essentiam</strong></span> <span class='ocrx_word' id='word_1_314' title='bbox 419 2356 744 2426; x_wconf 86' lang='lat' dir='ltr'><strong>similitudo,</strong></span> <span class='ocrx_word' id='word_1_315' title='bbox 769 2358 814 2414; x_wconf 90' lang='lat' dir='ltr'><strong>si</strong></span> <span class='ocrx_word' id='word_1_316' title='bbox 845 2372 1020 2414; x_wconf 84' lang='lat' dir='ltr'><strong>massa</strong></span> <span class='ocrx_word' id='word_1_317' title='bbox 1045 2372 1239 2414; x_wconf 75' lang='lat' dir='ltr'><strong>massae</strong></span> <span class='ocrx_word' id='word_1_318' title='bbox 1270 2357 1435 2432; x_wconf 74' lang='lat'><strong>516</strong></span> <span class='ocrx_word' id='word_1_319' title='bbox 1459 2358 1711 2414; x_wconf 84' lang='lat' dir='ltr'><strong>consimi-</strong></span> 
     </span>
    </p>
   </div>
   <div class='ocr_carea' id='block_1_39' title="bbox 126 2439 1712 2523">
    <p class='ocr_par' dir='ltr' id='par_1_39' title="bbox 126 2439 1712 2523">
     <span class='ocr_line' id='line_1_39' title="bbox 126 2439 1712 2523; baseline 0.002 -17"><span class='ocrx_word' id='word_1_320' title='bbox 126 2450 183 2507; x_wconf 89' lang='lat' dir='ltr'><strong>lis</strong></span> <span class='ocrx_word' id='word_1_321' title='bbox 208 2468 309 2507; x_wconf 91' lang='lat' dir='ltr'><strong>non</strong></span> <span class='ocrx_word' id='word_1_322' title='bbox 332 2449 484 2507; x_wconf 79' lang='lat' dir='ltr'><strong>fallat</strong></span> <span class='ocrx_word' id='word_1_323' title='bbox 510 2450 563 2506; x_wconf 91' lang='lat' dir='ltr'><strong>in</strong></span> <span class='ocrx_word' id='word_1_324' title='bbox 584 2439 822 2518; x_wconf 74' lang='lat' dir='ltr'><strong>bractea,</strong></span> <span class='ocrx_word' id='word_1_325' title='bbox 847 2451 893 2507; x_wconf 91' lang='lat' dir='ltr'><strong>si</strong></span> <span class='ocrx_word' id='word_1_326' title='bbox 912 2451 995 2507; x_wconf 84' lang='lat' dir='ltr'><strong>lac</strong></span> <span class='ocrx_word' id='word_1_327' title='bbox 1015 2450 1157 2523; x_wconf 89' lang='lat' dir='ltr'><strong>quod</strong></span> <span class='ocrx_word' id='word_1_328' title='bbox 1188 2451 1445 2507; x_wconf 89' lang='lat' dir='ltr'><strong>concolor</strong></span> <span class='ocrx_word' id='word_1_329' title='bbox 1472 2460 1574 2520; x_wconf 88' lang='lat' dir='ltr'><strong>est,</strong></span> <span class='ocrx_word' id='word_1_330' title='bbox 1606 2468 1712 2509; x_wconf 89' lang='lat' dir='ltr'><strong>non</strong></span> 
     </span>
    </p>
   </div>
   <div class='ocr_carea' id='block_1_40' title="bbox 193 2623 1720 2705">
    <p class='ocr_par' dir='ltr' id='par_1_40' title="bbox 193 2623 1720 2705">
     <span class='ocr_line' id='line_1_40' title="bbox 193 2623 1720 2705; baseline 0.003 -21"><span class='ocrx_word' id='word_1_331' title='bbox 193 2630 264 2705; x_wconf 90' lang='lat' dir='ltr'><strong>(a)</strong></span> <span class='ocrx_word' id='word_1_332' title='bbox 292 2630 423 2705; x_wconf 81' lang='lat' dir='ltr'><strong>Bad.</strong></span> <span class='ocrx_word' id='word_1_333' title='bbox 458 2623 787 2705; x_wconf 25' lang='lat' dir='ltr'><strong>assentimus:</strong></span> <span class='ocrx_word' id='word_1_334' title='bbox 829 2630 1159 2705; x_wconf 66' lang='lat' dir='ltr'><strong>substantia.</strong></span> <span class='ocrx_word' id='word_1_335' title='bbox 1181 2630 1411 2705; x_wconf 86' lang='lat' dir='ltr'><strong>Quidam</strong></span> <span class='ocrx_word' id='word_1_336' title='bbox 1450 2645 1614 2705; x_wconf 82' lang='lat' dir='ltr'><strong>mss.,</strong></span> <span class='ocrx_word' id='word_1_337' title='bbox 1640 2647 1720 2688; x_wconf 86' lang='lat' dir='ltr'><strong>es-</strong></span> 
     </span>
    </p>
   </div>
   <div class='ocr_carea' id='block_1_41' title="bbox 128 2701 1719 2769">
    <p class='ocr_par' dir='ltr' id='par_1_41' title="bbox 128 2701 1719 2769">
     <span class='ocr_line' id='line_1_41' title="bbox 128 2701 1719 2769; baseline -0.002 -8"><span class='ocrx_word' id='word_1_338' title='bbox 128 2701 288 2761; x_wconf 65' lang='lat' dir='ltr'><strong>sentia:</strong></span> <span class='ocrx_word' id='word_1_339' title='bbox 306 2701 629 2765; x_wconf 67' lang='lat' dir='ltr'><strong>substantiis,</strong></span> <span class='ocrx_word' id='word_1_340' title='bbox 645 2702 761 2767; x_wconf 84' lang='lat' dir='ltr'><strong>alii,</strong></span> <span class='ocrx_word' id='word_1_341' title='bbox 795 2703 1063 2757; x_wconf 73' lang='lat' dir='ltr'><strong>essentiam</strong></span> <span class='ocrx_word' id='word_1_342' title='bbox 1080 2704 1393 2769; x_wconf 74' lang='lat' dir='ltr'><strong>substantiae,</strong></span> <span class='ocrx_word' id='word_1_343' title='bbox 1413 2703 1522 2766; x_wconf 84' lang='lat' dir='ltr'><strong>alii,</strong></span> <span class='ocrx_word' id='word_1_344' title='bbox 1545 2710 1719 2758; x_wconf 79' lang='lat' dir='ltr'><strong>esseu-</strong></span> 
     </span>
    </p>
   </div>
   <div class='ocr_carea' id='block_1_42' title="bbox 130 2768 1719 2839">
    <p class='ocr_par' dir='ltr' id='par_1_42' title="bbox 130 2768 1719 2839">
     <span class='ocr_line' id='line_1_42' title="bbox 130 2768 1719 2839; baseline 0 -9"><span class='ocrx_word' id='word_1_345' title='bbox 130 2777 206 2831; x_wconf 75' lang='lat' dir='ltr'><strong>tite</strong></span> <span class='ocrx_word' id='word_1_346' title='bbox 219 2776 576 2830; x_wconf 69' lang='lat' dir='ltr'><strong>substantiam.</strong></span> <span class='ocrx_word' id='word_1_347' title='bbox 601 2768 965 2829; x_wconf 83' lang='lat' dir='ltr'><strong>Retinendum</strong></span> <span class='ocrx_word' id='word_1_348' title='bbox 996 2788 1118 2828; x_wconf 91' lang='lat' dir='ltr'><strong>cum</strong></span> <span class='ocrx_word' id='word_1_349' title='bbox 1138 2775 1325 2839; x_wconf 69' lang='lat' dir='ltr'><strong>Carm,</strong></span> <span class='ocrx_word' id='word_1_350' title='bbox 1357 2768 1464 2829; x_wconf 90' lang='lat' dir='ltr'><strong>uno</strong></span> <span class='ocrx_word' id='word_1_351' title='bbox 1483 2775 1640 2832; x_wconf 82' lang='lat' dir='ltr'><strong>Coll).</strong></span> <span class='ocrx_word' id='word_1_352' title='bbox 1663 2786 1719 2831; x_wconf 89' lang='lat' dir='ltr'><strong>et</strong></span> 
     </span>
    </p>
   </div>
   <div class='ocr_carea' id='block_1_43' title="bbox 130 2845 1058 2909">
    <p class='ocr_par' dir='ltr' id='par_1_43' title="bbox 130 2845 1058 2909">
     <span class='ocr_line' id='line_1_43' title="bbox 130 2845 1058 2909; baseline -0.003 -7"><span class='ocrx_word' id='word_1_353' title='bbox 130 2847 287 2902; x_wconf 88' lang='lat' dir='ltr'><strong>altero</strong></span> <span class='ocrx_word' id='word_1_354' title='bbox 315 2846 586 2909; x_wconf 83' lang='lat' dir='ltr'><strong>Sorbon.,</strong></span> <span class='ocrx_word' id='word_1_355' title='bbox 607 2854 715 2899; x_wconf 79' lang='lat' dir='ltr'><strong>esse</strong></span> <span class='ocrx_word' id='word_1_356' title='bbox 742 2845 1058 2899; x_wconf 72' lang='lat' dir='ltr'><strong>substantias.</strong></span> 
     </span>
    </p>
   </div>
   <div class='ocr_carea' id='block_1_44' title="bbox 198 2916 1719 2991">
    <p class='ocr_par' dir='ltr' id='par_1_44' title="bbox 198 2916 1719 2991">
     <span class='ocr_line' id='line_1_44' title="bbox 198 2916 1719 2991; baseline 0.001 -19"><span class='ocrx_word' id='word_1_357' title='bbox 198 2918 268 2991; x_wconf 90' lang='lat' dir='ltr'><strong>(b)</strong></span> <span class='ocrx_word' id='word_1_358' title='bbox 296 2917 354 2973; x_wconf 86' lang='lat' dir='ltr'><strong>lh</strong></span> <span class='ocrx_word' id='word_1_359' title='bbox 377 2918 615 2991; x_wconf 73' lang='lat' dir='ltr'><strong>vulgatis</strong></span> <span class='ocrx_word' id='word_1_360' title='bbox 637 2958 651 2983; x_wconf 92' lang='lat'><strong>,</strong></span> <span class='ocrx_word' id='word_1_361' title='bbox 693 2930 854 2991; x_wconf 79' lang='lat' dir='ltr'><strong>unum</strong></span> <span class='ocrx_word' id='word_1_362' title='bbox 886 2925 1054 2991; x_wconf 78' lang='lat' dir='ltr'><strong>atque</strong></span> <span class='ocrx_word' id='word_1_363' title='bbox 1097 2917 1238 2991; x_wconf 78' lang='lat' dir='ltr'><strong>idem</strong></span> <span class='ocrx_word' id='word_1_364' title='bbox 1294 2916 1543 2991; x_wconf 83' lang='lat' dir='ltr'><strong>sapimus,</strong></span> <span class='ocrx_word' id='word_1_365' title='bbox 1577 2919 1719 2991; x_wconf 77' lang='lat' dir='ltr'><strong>pium</strong></span> 
     </span>
    </p>
   </div>
   <div class='ocr_carea' id='block_1_45' title="bbox 134 2987 1717 3059">
    <p class='ocr_par' dir='ltr' id='par_1_45' title="bbox 134 2987 1717 3059">
     <span class='ocr_line' id='line_1_45' title="bbox 134 2987 1717 3059; baseline 0.001 -16"><span class='ocrx_word' id='word_1_366' title='bbox 134 2987 386 3056; x_wconf 72' lang='lat' dir='ltr'><strong>internas,</strong></span> <span class='ocrx_word' id='word_1_367' title='bbox 418 2999 528 3044; x_wconf 83' lang='lat' dir='ltr'><strong>etc.</strong></span> <span class='ocrx_word' id='word_1_368' title='bbox 565 2987 830 3057; x_wconf 83' lang='lat' dir='ltr'><strong>lntegrinr</strong></span> <span class='ocrx_word' id='word_1_369' title='bbox 847 2988 958 3041; x_wconf 87' lang='lat' dir='ltr'><strong>visa</strong></span> <span class='ocrx_word' id='word_1_370' title='bbox 985 2996 1072 3042; x_wconf 87' lang='lat' dir='ltr'><strong>est</strong></span> <span class='ocrx_word' id='word_1_371' title='bbox 1097 2987 1257 3043; x_wconf 89' lang='lat' dir='ltr'><strong>lectio</strong></span> <span class='ocrx_word' id='word_1_372' title='bbox 1281 2988 1485 3059; x_wconf 87' lang='lat' dir='ltr'><strong>antiqui</strong></span> <span class='ocrx_word' id='word_1_373' title='bbox 1518 2987 1717 3045; x_wconf 88' lang='lat' dir='ltr'><strong>codicis</strong></span> 
     </span>
    </p>
   </div>
   <div class='ocr_carea' id='block_1_46' title="bbox 136 3058 1710 3130">
    <p class='ocr_par' dir='ltr' id='par_1_46' title="bbox 136 3058 1710 3130">
     <span class='ocr_line' id='line_1_46' title="bbox 136 3058 1710 3130; baseline 0 -15"><span class='ocrx_word' id='word_1_374' title='bbox 136 3060 363 3127; x_wconf 80' lang='lat' dir='ltr'><strong>Carnut.,</strong></span> <span class='ocrx_word' id='word_1_375' title='bbox 378 3061 466 3115; x_wconf 87' lang='lat' dir='ltr'><strong>cui</strong></span> <span class='ocrx_word' id='word_1_376' title='bbox 493 3060 751 3130; x_wconf 14' lang='lat' dir='ltr'><strong>favetttgrt</strong></span> <span class='ocrx_word' id='word_1_377' title='bbox 773 3058 977 3121; x_wconf 47' lang='lat' dir='ltr'><strong>ceteri.</strong></span> <span class='ocrx_word' id='word_1_378' title='bbox 1004 3061 1242 3114; x_wconf 81' lang='lat' dir='ltr'><strong>maxime</strong></span> <span class='ocrx_word' id='word_1_379' title='bbox 1253 3059 1410 3114; x_wconf 87' lang='lat' dir='ltr'><strong>Colb.</strong></span> <span class='ocrx_word' id='word_1_380' title='bbox 1426 3069 1479 3115; x_wconf 90' lang='lat' dir='ltr'><strong>et</strong></span> <span class='ocrx_word' id='word_1_381' title='bbox 1501 3060 1710 3130; x_wconf 69' lang='lat' dir='ltr'><strong>Germ,</strong></span> 
     </span>
    </p>
   </div>
   <div class='ocr_carea' id='block_1_47' title="bbox 135 3128 1716 3207">
    <p class='ocr_par' dir='ltr' id='par_1_47' title="bbox 135 3128 1716 3207">
     <span class='ocr_line' id='line_1_47' title="bbox 135 3128 1716 3207; baseline 0 -19"><span class='ocrx_word' id='word_1_382' title='bbox 135 3132 182 3188; x_wconf 88' lang='lat' dir='ltr'><strong>in</strong></span> <span class='ocrx_word' id='word_1_383' title='bbox 208 3134 394 3203; x_wconf 86' lang='lat' dir='ltr'><strong>quibus</strong></span> <span class='ocrx_word' id='word_1_384' title='bbox 417 3136 649 3207; x_wconf 74' lang='lat' dir='ltr'><strong>exstat;</strong></span> <span class='ocrx_word' id='word_1_385' title='bbox 677 3128 849 3187; x_wconf 79' lang='lat' dir='ltr'><strong>Unum</strong></span> <span class='ocrx_word' id='word_1_386' title='bbox 879 3142 1029 3207; x_wconf 80' lang='lat' dir='ltr'><strong>atque</strong></span> <span class='ocrx_word' id='word_1_387' title='bbox 1049 3132 1186 3207; x_wconf 80' lang='lat' dir='ltr'><strong>idem</strong></span> <span class='ocrx_word' id='word_1_388' title='bbox 1206 3133 1288 3207; x_wconf 83' lang='lat' dir='ltr'><strong>pie</strong></span> <span class='ocrx_word' id='word_1_389' title='bbox 1310 3135 1570 3204; x_wconf 89' lang='lat' dir='ltr'><strong>sapimus;</strong></span> <span class='ocrx_word' id='word_1_390' title='bbox 1592 3128 1716 3207; x_wconf 78' lang='lat' dir='ltr'><strong>rogo</strong></span> 
     </span>
    </p>
   </div>
   <div class='ocr_carea' id='block_1_48' title="bbox 1815 2170 3416 2244">
    <p class='ocr_par' dir='ltr' id='par_1_48' title="bbox 1815 2170 3416 2244">
     <span class='ocr_line' id='line_1_48' title="bbox 1815 2170 3416 2244; baseline -0.002 -15"><span class='ocrx_word' id='word_1_391' title='bbox 1815 2173 2013 2244; x_wconf 82' lang='lat' dir='ltr'><strong>scripta</strong></span> <span class='ocrx_word' id='word_1_392' title='bbox 2042 2185 2190 2241; x_wconf 90' lang='lat' dir='ltr'><strong>sunt,</strong></span> <span class='ocrx_word' id='word_1_393' title='bbox 2217 2176 2382 2230; x_wconf 91' lang='lat' dir='ltr'><strong>taceri</strong></span> <span class='ocrx_word' id='word_1_394' title='bbox 2405 2188 2512 2229; x_wconf 89' lang='lat' dir='ltr'><strong>non</strong></span> <span class='ocrx_word' id='word_1_395' title='bbox 2533 2170 2859 2228; x_wconf 86' lang='lat' dir='ltr'><strong>debuerunt.</strong></span> <span class='ocrx_word' id='word_1_396' title='bbox 2883 2170 2937 2228; x_wconf 88' lang='lat' dir='ltr'><strong>Si</strong></span> <span class='ocrx_word' id='word_1_397' title='bbox 2958 2180 3137 2226; x_wconf 87' lang='lat' dir='ltr'><strong>autem</strong></span> <span class='ocrx_word' id='word_1_398' title='bbox 3160 2172 3283 2241; x_wconf 87' lang='lat' dir='ltr'><strong>quia</strong></span> <span class='ocrx_word' id='word_1_399' title='bbox 3311 2186 3416 2226; x_wconf 91' lang='lat' dir='ltr'><strong>non</strong></span> 
     </span>
    </p>
   </div>
   <div class='ocr_carea' id='block_1_49' title="bbox 1816 2265 3419 2340">
    <p class='ocr_par' dir='ltr' id='par_1_49' title="bbox 1816 2265 3419 2340">
     <span class='ocr_line' id='line_1_49' title="bbox 1816 2265 3419 2340; baseline -0.002 -17"><span class='ocrx_word' id='word_1_400' title='bbox 1816 2275 1964 2323; x_wconf 89' lang='lat' dir='ltr'><strong>recte</strong></span> <span class='ocrx_word' id='word_1_401' title='bbox 1989 2267 2191 2337; x_wconf 86' lang='lat' dir='ltr'><strong>scripta</strong></span> <span class='ocrx_word' id='word_1_402' title='bbox 2214 2278 2337 2321; x_wconf 84' lang='lat' dir='ltr'><strong>sunt</strong></span> <span class='ocrx_word' id='word_1_403' title='bbox 2363 2267 2427 2340; x_wconf 78' lang='grc' dir='ltr'><strong>(ι)</strong></span> <span class='ocrx_word' id='word_1_404' title='bbox 2455 2280 2597 2322; x_wconf 88' lang='lat' dir='ltr'><strong>nunc</strong></span> <span class='ocrx_word' id='word_1_405' title='bbox 2631 2275 2897 2333; x_wconf 84' lang='lat' dir='ltr'><strong>tacentur,-</strong></span> <span class='ocrx_word' id='word_1_406' title='bbox 2926 2265 3225 2320; x_wconf 82' lang='lat' dir='ltr'><strong>cavendum</strong></span> <span class='ocrx_word' id='word_1_407' title='bbox 3247 2273 3328 2321; x_wconf 88' lang='lat' dir='ltr'><strong>est</strong></span> <span class='ocrx_word' id='word_1_408' title='bbox 3352 2278 3419 2320; x_wconf 84' lang='lat' dir='ltr'><strong>ne</strong></span> 
     </span>
    </p>
   </div>
   <div class='ocr_carea' id='block_1_50' title="bbox 1814 2343 3419 2439">
    <p class='ocr_par' dir='ltr' id='par_1_50' title="bbox 1814 2343 3419 2439">
     <span class='ocr_line' id='line_1_50' title="bbox 1814 2343 3419 2439; baseline -0.002 -24"><span class='ocrx_word' id='word_1_409' title='bbox 1814 2359 2105 2433; x_wconf 85' lang='lat' dir='ltr'><strong>aliquando</strong></span> <span class='ocrx_word' id='word_1_410' title='bbox 2142 2343 2408 2415; x_wconf 72' lang='lat' dir='ltr'><strong>dicantur.</strong></span> <span class='ocrx_word' id='word_1_411' title='bbox 2440 2357 2535 2430; x_wconf 70' lang='grc' dir='ltr'><strong>(ιη)</strong></span> <span class='ocrx_word' id='word_1_412' title='bbox 2565 2357 2799 2414; x_wconf 86' lang='lat' dir='ltr'><strong>Parcens</strong></span> <span class='ocrx_word' id='word_1_413' title='bbox 2838 2357 2978 2411; x_wconf 80' lang='lat' dir='ltr'><strong>enim</strong></span> <span class='ocrx_word' id='word_1_414' title='bbox 3018 2354 3193 2439; x_wconf 80' lang='lat' dir='ltr'><strong>adhuc</strong></span> <span class='ocrx_word' id='word_1_415' title='bbox 3234 2357 3302 2412; x_wconf 91' lang='lat' dir='ltr'><strong>de</strong></span> <span class='ocrx_word' id='word_1_416' title='bbox 3334 2354 3419 2411; x_wconf 83' lang='lat' dir='ltr'><strong>his</strong></span> 
     </span>
    </p>
   </div>
   <div class='ocr_carea' id='block_1_51' title="bbox 1815 2438 3416 2522">
    <p class='ocr_par' dir='ltr' id='par_1_51' title="bbox 1815 2438 3416 2522">
     <span class='ocr_line' id='line_1_51' title="bbox 1815 2438 3416 2522; baseline -0.004 -13"><span class='ocrx_word' id='word_1_417' title='bbox 1815 2452 1946 2509; x_wconf 84' lang='lat' dir='ltr'><strong>nihil</strong></span> <span class='ocrx_word' id='word_1_418' title='bbox 1974 2450 2098 2510; x_wconf 87' lang='lat' dir='ltr'><strong>dico</strong></span> <span class='ocrx_word' id='word_1_419' title='bbox 2127 2467 2141 2507; x_wconf 89' lang='lat'><strong>:</strong></span> <span class='ocrx_word' id='word_1_420' title='bbox 2174 2440 2354 2509; x_wconf 65' lang='lat' dir='ltr'><strong>tamen</strong></span> <span class='ocrx_word' id='word_1_421' title='bbox 2387 2464 2597 2507; x_wconf 88' lang='lat' dir='ltr'><strong>mecum</strong></span> <span class='ocrx_word' id='word_1_422' title='bbox 2642 2450 3053 2522; x_wconf 81' lang='lat' dir='ltr'><strong>recognoscitis,</strong></span> <span class='ocrx_word' id='word_1_423' title='bbox 3081 2438 3240 2521; x_wconf 76' lang='lat'><strong>517</strong></span> <span class='ocrx_word' id='word_1_424' title='bbox 3274 2447 3416 2519; x_wconf 89' lang='lat' dir='ltr'><strong>quod</strong></span> 
     </span>
    </p>
   </div>
   <div class='ocr_carea' id='block_1_52' title="bbox 1824 2635 3415 2706">
    <p class='ocr_par' dir='ltr' id='par_1_52' title="bbox 1824 2635 3415 2706">
     <span class='ocr_line' id='line_1_52' title="bbox 1824 2635 3415 2706; baseline 0.001 -16"><span class='ocrx_word' id='word_1_425' title='bbox 1824 2648 1949 2706; x_wconf 84' lang='lat' dir='ltr'><strong>esse</strong></span> <span class='ocrx_word' id='word_1_426' title='bbox 1970 2635 2081 2706; x_wconf 87' lang='lat' dir='ltr'><strong>jam</strong></span> <span class='ocrx_word' id='word_1_427' title='bbox 2125 2652 2231 2692; x_wconf 92' lang='lat' dir='ltr'><strong>non</strong></span> <span class='ocrx_word' id='word_1_428' title='bbox 2281 2635 2448 2692; x_wconf 86' lang='lat' dir='ltr'><strong>semel</strong></span> <span class='ocrx_word' id='word_1_429' title='bbox 2475 2636 2768 2693; x_wconf 71' lang='lat' dir='ltr'><strong>enarravit.</strong></span> <span class='ocrx_word' id='word_1_430' title='bbox 2806 2636 3009 2693; x_wconf 88' lang='lat' dir='ltr'><strong>Deinde</strong></span> <span class='ocrx_word' id='word_1_431' title='bbox 3040 2636 3184 2706; x_wconf 85' lang='lat' dir='ltr'><strong>quod</strong></span> <span class='ocrx_word' id='word_1_432' title='bbox 3219 2636 3415 2691; x_wconf 86' lang='lat' dir='ltr'><strong>asserit</strong></span> 
     </span>
    </p>
   </div>
   <div class='ocr_carea' id='block_1_53' title="bbox 1825 2704 3412 2781">
    <p class='ocr_par' dir='ltr' id='par_1_53' title="bbox 1825 2704 3412 2781">
     <span class='ocr_line' id='line_1_53' title="bbox 1825 2704 3412 2781; baseline 0.001 -22"><span class='ocrx_word' id='word_1_433' title='bbox 1825 2704 2021 2781; x_wconf 76' lang='lat' dir='ltr'><strong>factum</strong></span> <span class='ocrx_word' id='word_1_434' title='bbox 2048 2708 2113 2781; x_wconf 78' lang='lat' dir='ltr'><strong>de</strong></span> <span class='ocrx_word' id='word_1_435' title='bbox 2144 2708 2488 2781; x_wconf 70' lang='lat' dir='ltr'><strong>Orientalium</strong></span> <span class='ocrx_word' id='word_1_436' title='bbox 2513 2708 2853 2781; x_wconf 75' lang='lat' dir='ltr'><strong>quorumdam</strong></span> <span class='ocrx_word' id='word_1_437' title='bbox 2900 2704 3111 2781; x_wconf 72' lang='lat' dir='ltr'><strong>assensu</strong></span> <span class='ocrx_word' id='word_1_438' title='bbox 3136 2750 3149 2772; x_wconf 89' lang='lat'><strong>,</strong></span> <span class='ocrx_word' id='word_1_439' title='bbox 3186 2722 3291 2762; x_wconf 91' lang='lat' dir='ltr'><strong>non</strong></span> <span class='ocrx_word' id='word_1_440' title='bbox 3342 2708 3412 2761; x_wconf 86' lang='lat' dir='ltr'><strong>ita</strong></span> 
     </span>
    </p>
   </div>
   <div class='ocr_carea' id='block_1_54' title="bbox 1822 2776 3414 2851">
    <p class='ocr_par' dir='ltr' id='par_1_54' title="bbox 1822 2776 3414 2851">
     <span class='ocr_line' id='line_1_54' title="bbox 1822 2776 3414 2851; baseline 0.001 -20"><span class='ocrx_word' id='word_1_441' title='bbox 1822 2778 2035 2851; x_wconf 87' lang='lat' dir='ltr'><strong>videtur</strong></span> <span class='ocrx_word' id='word_1_442' title='bbox 2058 2776 2466 2851; x_wconf 81' lang='lat' dir='ltr'><strong>intelligendum</strong></span> <span class='ocrx_word' id='word_1_443' title='bbox 2486 2823 2498 2842; x_wconf 84' lang='lat'><strong>,</strong></span> <span class='ocrx_word' id='word_1_444' title='bbox 2525 2776 2590 2834; x_wconf 76' lang='grc' dir='ltr'><strong>ἰιι</strong></span> <span class='ocrx_word' id='word_1_445' title='bbox 2611 2780 2913 2835; x_wconf 72' lang='lat' dir='ltr'><strong>Orientales</strong></span> <span class='ocrx_word' id='word_1_446' title='bbox 2939 2780 3154 2850; x_wconf 85' lang='lat' dir='ltr'><strong>quidam</strong></span> <span class='ocrx_word' id='word_1_447' title='bbox 3187 2790 3414 2833; x_wconf 86' lang='lat' dir='ltr'><strong>censue-</strong></span> 
     </span>
    </p>
   </div>
   <div class='ocr_carea' id='block_1_55' title="bbox 1824 2850 3413 2923">
    <p class='ocr_par' dir='ltr' id='par_1_55' title="bbox 1824 2850 3413 2923">
     <span class='ocr_line' id='line_1_55' title="bbox 1824 2850 3413 2923; baseline 0.001 -21"><span class='ocrx_word' id='word_1_448' title='bbox 1824 2850 1932 2904; x_wconf 90' lang='lat' dir='ltr'><strong>rint</strong></span> <span class='ocrx_word' id='word_1_449' title='bbox 1958 2850 2255 2906; x_wconf 75' lang='lat' dir='ltr'><strong>duodecim</strong></span> <span class='ocrx_word' id='word_1_450' title='bbox 2290 2860 2494 2907; x_wconf 87' lang='lat' dir='ltr'><strong>tantum</strong></span> <span class='ocrx_word' id='word_1_451' title='bbox 2542 2852 2731 2923; x_wconf 87' lang='lat' dir='ltr'><strong>synodi</strong></span> <span class='ocrx_word' id='word_1_452' title='bbox 2779 2851 3155 2923; x_wconf 65' lang='lat' dir='ltr'><strong>definitiones,</strong></span> <span class='ocrx_word' id='word_1_453' title='bbox 3202 2852 3413 2923; x_wconf 67' lang='lat' dir='ltr'><strong>caeteris</strong></span> 
     </span>
    </p>
   </div>
   <div class='ocr_carea' id='block_1_56' title="bbox 1822 2921 3411 2990">
    <p class='ocr_par' dir='ltr' id='par_1_56' title="bbox 1822 2921 3411 2990">
     <span class='ocr_line' id='line_1_56' title="bbox 1822 2921 3411 2990; baseline -0.001 -14"><span class='ocrx_word' id='word_1_454' title='bbox 1822 2925 2130 2990; x_wconf 84' lang='lat' dir='ltr'><strong>suppressis</strong></span> <span class='ocrx_word' id='word_1_455' title='bbox 2156 2964 2170 2989; x_wconf 93' lang='lat'><strong>,</strong></span> <span class='ocrx_word' id='word_1_456' title='bbox 2228 2923 2481 2978; x_wconf 89' lang='lat' dir='ltr'><strong>Sirmium</strong></span> <span class='ocrx_word' id='word_1_457' title='bbox 2527 2921 2649 2979; x_wconf 80' lang='lat' dir='ltr'><strong>esse</strong></span> <span class='ocrx_word' id='word_1_458' title='bbox 2688 2923 3049 2986; x_wconf 74' lang='lat' dir='ltr'><strong>deferendas;</strong></span> <span class='ocrx_word' id='word_1_459' title='bbox 3100 2921 3238 2976; x_wconf 90' lang='lat' dir='ltr'><strong>hanc</strong></span> <span class='ocrx_word' id='word_1_460' title='bbox 3268 2921 3411 2976; x_wconf 86' lang='lat' dir='ltr'><strong>enim</strong></span> 
     </span>
    </p>
   </div>
   <div class='ocr_carea' id='block_1_57' title="bbox 1822 2990 3409 3063">
    <p class='ocr_par' dir='ltr' id='par_1_57' title="bbox 1822 2990 3409 3063">
     <span class='ocr_line' id='line_1_57' title="bbox 1822 2990 3409 3063; baseline -0.001 -15"><span class='ocrx_word' id='word_1_461' title='bbox 1822 2995 2262 3063; x_wconf 77' lang='lat' dir='ltr'><strong>suppressionem</strong></span> <span class='ocrx_word' id='word_1_462' title='bbox 2305 2994 2437 3049; x_wconf 82' lang='lat' dir='ltr'><strong>solis</strong></span> <span class='ocrx_word' id='word_1_463' title='bbox 2484 2995 2703 3059; x_wconf 84' lang='lat' dir='ltr'><strong>Basilio,</strong></span> <span class='ocrx_word' id='word_1_464' title='bbox 2739 2990 3020 3049; x_wconf 84' lang='lat' dir='ltr'><strong>Enstathio</strong></span> <span class='ocrx_word' id='word_1_465' title='bbox 3065 3002 3119 3048; x_wconf 88' lang='lat' dir='ltr'><strong>et</strong></span> <span class='ocrx_word' id='word_1_466' title='bbox 3154 2994 3369 3048; x_wconf 78' lang='lat' dir='ltr'><strong>Eleusin</strong></span> <span class='ocrx_word' id='word_1_467' title='bbox 3395 3035 3409 3055; x_wconf 90' lang='lat'><strong>.</strong></span> 
     </span>
    </p>
   </div>
   <div class='ocr_carea' id='block_1_58' title="bbox 1823 3064 3412 3137">
    <p class='ocr_par' dir='ltr' id='par_1_58' title="bbox 1823 3064 3412 3137">
     <span class='ocr_line' id='line_1_58' title="bbox 1823 3064 3412 3137; baseline -0.001 -17"><span class='ocrx_word' id='word_1_468' title='bbox 1823 3077 1876 3120; x_wconf 90' lang='lat' dir='ltr'><strong>et</strong></span> <span class='ocrx_word' id='word_1_469' title='bbox 1908 3068 1957 3120; x_wconf 89' lang='lat' dir='ltr'><strong>id</strong></span> <span class='ocrx_word' id='word_1_470' title='bbox 1991 3066 2207 3137; x_wconf 85' lang='lat' dir='ltr'><strong>quidem</strong></span> <span class='ocrx_word' id='word_1_471' title='bbox 2236 3083 2299 3121; x_wconf 90' lang='lat' dir='ltr'><strong>ex</strong></span> <span class='ocrx_word' id='word_1_472' title='bbox 2328 3068 2638 3137; x_wconf 84' lang='lat' dir='ltr'><strong>conjectura</strong></span> <span class='ocrx_word' id='word_1_473' title='bbox 2658 3109 2671 3129; x_wconf 85' lang='lat'><em>.</em></span> <span class='ocrx_word' id='word_1_474' title='bbox 2718 3066 2853 3121; x_wconf 82' lang='lat' dir='ltr'><strong>inira</strong></span> <span class='ocrx_word' id='word_1_475' title='bbox 2902 3065 3203 3137; x_wconf 45' lang='lat' dir='ltr'><strong>adscribit}</strong></span> <span class='ocrx_word' id='word_1_476' title='bbox 3232 3064 3325 3137; x_wconf 88' lang='lat' dir='ltr'><strong>sed</strong></span> <span class='ocrx_word' id='word_1_477' title='bbox 3355 3074 3412 3119; x_wconf 91' lang='lat' dir='ltr'><strong>ut</strong></span> 
     </span>
    </p>
   </div>
   <div class='ocr_carea' id='block_1_59' title="bbox 1825 3135 3410 3210">
    <p class='ocr_par' dir='ltr' id='par_1_59' title="bbox 1825 3135 3410 3210">
     <span class='ocr_line' id='line_1_59' title="bbox 1825 3135 3410 3210; baseline -0.001 -20"><span class='ocrx_word' id='word_1_478' title='bbox 1825 3147 1933 3210; x_wconf 77' lang='lat' dir='ltr'><strong>tota</strong></span> <span class='ocrx_word' id='word_1_479' title='bbox 1957 3135 2196 3210; x_wconf 82' lang='lat' dir='ltr'><strong>synodus</strong></span> <span class='ocrx_word' id='word_1_480' title='bbox 2227 3135 2508 3210; x_wconf 76' lang='lat' dir='ltr'><strong>Ancyrana</strong></span> <span class='ocrx_word' id='word_1_481' title='bbox 2533 3139 2780 3193; x_wconf 83' lang='lat' dir='ltr'><strong>statuerit</strong></span> <span class='ocrx_word' id='word_1_482' title='bbox 2815 3138 3008 3207; x_wconf 82' lang='lat' dir='ltr'><strong>placita</strong></span> <span class='ocrx_word' id='word_1_483' title='bbox 3035 3150 3130 3191; x_wconf 87' lang='lat' dir='ltr'><strong>sua</strong></span> <span class='ocrx_word' id='word_1_484' title='bbox 3152 3135 3410 3210; x_wconf 82' lang='lat' dir='ltr'><strong>Sirmium</strong></span> 
     </span>
    </p>
   </div>
   <div class='ocr_carea' id='block_1_60' title="bbox 136 3202 3411 3279">
    <p class='ocr_par' dir='ltr' id='par_1_60' title="bbox 136 3202 3411 3279">
     <span class='ocr_line' id='line_1_60' title="bbox 136 3202 3411 3279; baseline 0 -19"><span class='ocrx_word' id='word_1_485' title='bbox 136 3202 353 3279; x_wconf 75' lang='lat' dir='ltr'><strong>utunum</strong></span> <span class='ocrx_word' id='word_1_486' title='bbox 396 3213 554 3276; x_wconf 84' lang='lat' dir='ltr'><strong>atque</strong></span> <span class='ocrx_word' id='word_1_487' title='bbox 596 3204 731 3257; x_wconf 88' lang='lat' dir='ltr'><strong>idem</strong></span> <span class='ocrx_word' id='word_1_488' title='bbox 773 3203 911 3275; x_wconf 83' lang='lat' dir='ltr'><strong>quod</strong></span> <span class='ocrx_word' id='word_1_489' title='bbox 954 3204 1184 3273; x_wconf 84' lang='lat' dir='ltr'><strong>sapimus</strong></span> <span class='ocrx_word' id='word_1_490' title='bbox 1208 3202 1341 3257; x_wconf 85' lang='lat' dir='ltr'><strong>inter</strong></span> <span class='ocrx_word' id='word_1_491' title='bbox 1369 3202 1464 3258; x_wconf 83' lang='lat' dir='ltr'><strong>uos</strong></span> <span class='ocrx_word' id='word_1_492' title='bbox 1492 3219 1599 3259; x_wconf 85' lang='lat' dir='ltr'><strong>esse</strong></span> <span class='ocrx_word' id='word_1_493' title='bbox 1633 3202 1713 3259; x_wconf 67' lang='lat' dir='ltr'><strong>v&#39;e-</strong></span> <span class='ocrx_word' id='word_1_494' title='bbox 1752 3262 1786 3279; x_wconf 45' lang='grc' dir='ltr'>ε</span> <span class='ocrx_word' id='word_1_495' title='bbox 1825 3202 2139 3276; x_wconf 80' lang='lat' dir='ltr'><strong>deieréuda,</strong></span> <span class='ocrx_word' id='word_1_496' title='bbox 2173 3218 2225 3264; x_wconf 83' lang='lat' dir='ltr'><strong>et</strong></span> <span class='ocrx_word' id='word_1_497' title='bbox 2253 3210 2317 3266; x_wconf 84' lang='lat' dir='ltr'><strong>ab</strong></span> <span class='ocrx_word' id='word_1_498' title='bbox 2343 3202 2414 3265; x_wconf 79' lang='lat' dir='ltr'><strong>iis</strong></span> <span class='ocrx_word' id='word_1_499' title='bbox 2440 3202 2829 3265; x_wconf 62' lang='lat' dir='ltr'><strong>sulncrlbemla&#39;</strong></span> <span class='ocrx_word' id='word_1_500' title='bbox 2854 3220 2999 3273; x_wconf 74' lang='lat' dir='ltr'><strong>esse,</strong></span> <span class='ocrx_word' id='word_1_501' title='bbox 3025 3210 3113 3279; x_wconf 88' lang='lat' dir='ltr'><strong>qui</strong></span> <span class='ocrx_word' id='word_1_502' title='bbox 3145 3207 3411 3262; x_wconf 82' lang='lat' dir='ltr'><strong>contraria</strong></span> 
     </span>
    </p>
   </div>
   <div class='ocr_carea' id='block_1_61' title="bbox 1744 3264 3415 3352">
    <p class='ocr_par' dir='ltr' id='par_1_61' title="bbox 1744 3264 3415 3352">
     <span class='ocr_line' id='line_1_61' title="bbox 1744 3264 3415 3352; baseline 0 -19"><span class='ocrx_word' id='word_1_503' title='bbox 1744 3264 1789 3333; x_wconf 76' lang='lat' dir='ltr'>C</span> <span class='ocrx_word' id='word_1_504' title='bbox 1826 3264 2138 3336; x_wconf 51' lang='lat' dir='ltr'><strong>tuebantur:</strong></span> <span class='ocrx_word' id='word_1_505' title='bbox 2164 3264 2495 3336; x_wconf 8' lang='lat' dir='ltr'><strong>ldcttlanlem</strong></span> <span class='ocrx_word' id='word_1_506' title='bbox 2540 3283 2655 3335; x_wconf 74' lang='lat' dir='ltr'><strong>limo</strong></span> <span class='ocrx_word' id='word_1_507' title='bbox 2696 3281 2935 3352; x_wconf 82' lang='lat' dir='ltr'><strong>synodus</strong></span> <span class='ocrx_word' id='word_1_508' title='bbox 2964 3264 3415 3352; x_wconf 9' lang='lat' dir='ltr'><strong>qubrumddmrdi-</strong></span> 
     </span>
    </p>
   </div>
   <div class='ocr_carea' id='block_1_62' title="bbox 138 3277 292 3332">
    <p class='ocr_par' dir='ltr' id='par_1_62' title="bbox 138 3277 292 3332">
     <span class='ocr_line' id='line_1_62' title="bbox 138 3277 292 3332; baseline 0.006 -1"><span class='ocrx_word' id='word_1_509' title='bbox 138 3277 292 3332; x_wconf 86' lang='lat' dir='ltr'><strong>limus.</strong></span> 
     </span>
    </p>
   </div>
   <div class='ocr_carea' id='block_1_63' title="bbox 200 3346 1713 3421">
    <p class='ocr_par' dir='ltr' id='par_1_63' title="bbox 200 3346 1713 3421">
     <span class='ocr_line' id='line_1_63' title="bbox 200 3346 1713 3421; baseline -0.002 -17"><span class='ocrx_word' id='word_1_510' title='bbox 200 3351 267 3421; x_wconf 86' lang='lat' dir='ltr'><strong>(c)</strong></span> <span class='ocrx_word' id='word_1_511' title='bbox 298 3348 364 3404; x_wconf 85' lang='lat' dir='ltr'><strong>Et</strong></span> <span class='ocrx_word' id='word_1_512' title='bbox 400 3347 497 3402; x_wconf 86' lang='lat' dir='ltr'><strong>hic</strong></span> <span class='ocrx_word' id='word_1_513' title='bbox 544 3346 882 3421; x_wconf 84' lang='lat' dir='ltr'><strong>subnectitur</strong></span> <span class='ocrx_word' id='word_1_514' title='bbox 926 3346 979 3401; x_wconf 92' lang='lat' dir='ltr'><strong>in</strong></span> <span class='ocrx_word' id='word_1_515' title='bbox 1029 3358 1185 3421; x_wconf 13' lang='lat' dir='ltr'><strong>mss.‘</strong></span> <span class='ocrx_word' id='word_1_516' title='bbox 1212 3359 1358 3421; x_wconf 59' lang='lat' dir='ltr'><strong>saepe</strong></span> <span class='ocrx_word' id='word_1_517' title='bbox 1386 3347 1713 3421; x_wconf 77' lang='lat' dir='ltr'><strong>nominatis:</strong></span> 
     </span>
    </p>
   </div>
   <div class='ocr_carea' id='block_1_64' title="bbox 138 3418 1721 3490">
    <p class='ocr_par' dir='ltr' id='par_1_64' title="bbox 138 3418 1721 3490">
     <span class='ocr_line' id='line_1_64' title="bbox 138 3418 1721 3490; baseline -0.001 -16"><span class='ocrx_word' id='word_1_518' title='bbox 138 3418 266 3475; x_wconf 76' lang='lat' dir='ltr'><strong>Anne</strong></span> <span class='ocrx_word' id='word_1_519' title='bbox 283 3422 549 3490; x_wconf 76' lang='lat' dir='ltr'><strong>quisquam</strong></span> <span class='ocrx_word' id='word_1_520' title='bbox 576 3432 655 3472; x_wconf 87' lang='lat' dir='ltr'><strong>me</strong></span> <span class='ocrx_word' id='word_1_521' title='bbox 694 3419 984 3472; x_wconf 69' lang='lat' dir='ltr'><strong>existimare</strong></span> <span class='ocrx_word' id='word_1_522' title='bbox 1023 3418 1208 3490; x_wconf 85' lang='lat' dir='ltr'><strong>poterit</strong></span> <span class='ocrx_word' id='word_1_523' title='bbox 1249 3419 1561 3472; x_wconf 76' lang='lat' dir='ltr'><strong>Itommitsiau</strong></span> <span class='ocrx_word' id='word_1_524' title='bbox 1591 3419 1721 3472; x_wconf 75' lang='lat' dir='ltr'><strong>uelle</strong></span> 
     </span>
    </p>
   </div>
   <div class='ocr_carea' id='block_1_65' title="bbox 138 3488 1716 3563">
    <p class='ocr_par' dir='ltr' id='par_1_65' title="bbox 138 3488 1716 3563">
     <span class='ocr_line' id='line_1_65' title="bbox 138 3488 1716 3563; baseline -0.002 -16"><span class='ocrx_word' id='word_1_525' title='bbox 138 3494 387 3563; x_wconf 77' lang='lat' dir='ltr'><strong>suscipere,</strong></span> <span class='ocrx_word' id='word_1_526' title='bbox 406 3488 489 3544; x_wconf 80' lang='lat' dir='ltr'><strong>de</strong></span> <span class='ocrx_word' id='word_1_527' title='bbox 511 3505 612 3559; x_wconf 85' lang='lat' dir='ltr'><strong>quo</strong></span> <span class='ocrx_word' id='word_1_528' title='bbox 639 3490 737 3543; x_wconf 86' lang='lat' dir='ltr'><strong>ista</strong></span> <span class='ocrx_word' id='word_1_529' title='bbox 767 3491 981 3545; x_wconf 83' lang='lat' dir='ltr'><strong>tractaui</strong></span> <span class='ocrx_word' id='word_1_530' title='bbox 1002 3491 1027 3543; x_wconf 75' lang='lat' dir='ltr'><strong>t</strong></span> <span class='ocrx_word' id='word_1_531' title='bbox 1045 3489 1189 3560; x_wconf 87' lang='lat' dir='ltr'><strong>quod</strong></span> <span class='ocrx_word' id='word_1_532' title='bbox 1217 3505 1339 3544; x_wconf 91' lang='lat' dir='ltr'><strong>cum</strong></span> <span class='ocrx_word' id='word_1_533' title='bbox 1366 3490 1716 3560; x_wconf 69' lang='lat' dir='ltr'><strong>apolOgctiCis</strong></span> 
     </span>
    </p>
   </div>
   <div class='ocr_carea' id='block_1_66' title="bbox 139 3564 534 3619">
    <p class='ocr_par' dir='ltr' id='par_1_66' title="bbox 139 3564 534 3619">
     <span class='ocr_line' id='line_1_66' title="bbox 139 3564 534 3619; baseline -0.005 -2"><span class='ocrx_word' id='word_1_534' title='bbox 139 3564 534 3619; x_wconf 54' lang='lat' dir='ltr'><strong>accensendum.</strong></span> 
     </span>
    </p>
   </div>
   <div class='ocr_carea' id='block_1_67' title="bbox 203 3628 1715 3708">
    <p class='ocr_par' dir='ltr' id='par_1_67' title="bbox 203 3628 1715 3708">
     <span class='ocr_line' id='line_1_67' title="bbox 203 3628 1715 3708; baseline -0.001 -21"><span class='ocrx_word' id='word_1_535' title='bbox 203 3636 273 3708; x_wconf 77' lang='lat' dir='ltr'><strong>(it)</strong></span> <span class='ocrx_word' id='word_1_536' title='bbox 303 3636 392 3692; x_wconf 86' lang='lat' dir='ltr'><strong>Sic</strong></span> <span class='ocrx_word' id='word_1_537' title='bbox 420 3647 624 3701; x_wconf 75' lang='lat' dir='ltr'><strong>magno</strong></span> <span class='ocrx_word' id='word_1_538' title='bbox 654 3645 924 3688; x_wconf 88' lang='lat' dir='ltr'><strong>consensu</strong></span> <span class='ocrx_word' id='word_1_539' title='bbox 958 3646 1118 3698; x_wconf 88' lang='lat' dir='ltr'><strong>mss.,</strong></span> <span class='ocrx_word' id='word_1_540' title='bbox 1147 3632 1335 3708; x_wconf 72' lang='lat' dir='ltr'><strong>idest:</strong></span> <span class='ocrx_word' id='word_1_541' title='bbox 1364 3646 1485 3687; x_wconf 91' lang='lat' dir='ltr'><strong>cum</strong></span> <span class='ocrx_word' id='word_1_542' title='bbox 1520 3628 1715 3687; x_wconf 76' lang='lat' dir='ltr'><strong>veritas</strong></span> 
     </span>
    </p>
   </div>
   <div class='ocr_carea' id='block_1_68' title="bbox 142 3704 1718 3775">
    <p class='ocr_par' dir='ltr' id='par_1_68' title="bbox 142 3704 1718 3775">
     <span class='ocr_line' id='line_1_68' title="bbox 142 3704 1718 3775; baseline -0.001 -15"><span class='ocrx_word' id='word_1_543' title='bbox 142 3704 324 3761; x_wconf 58' lang='lat' dir='ltr'><strong>natura;</strong></span> <span class='ocrx_word' id='word_1_544' title='bbox 347 3709 399 3760; x_wconf 92' lang='lat' dir='ltr'><strong>in</strong></span> <span class='ocrx_word' id='word_1_545' title='bbox 441 3714 670 3775; x_wconf 81' lang='lat' dir='ltr'><strong>utroque</strong></span> <span class='ocrx_word' id='word_1_546' title='bbox 694 3712 798 3770; x_wconf 85' lang='lat' dir='ltr'><strong>est,</strong></span> <span class='ocrx_word' id='word_1_547' title='bbox 834 3710 1120 3771; x_wconf 86' lang='lat' dir='ltr'><strong>utrumque</strong></span> <span class='ocrx_word' id='word_1_548' title='bbox 1161 3704 1291 3758; x_wconf 89' lang='lat' dir='ltr'><strong>illud</strong></span> <span class='ocrx_word' id='word_1_549' title='bbox 1333 3718 1438 3757; x_wconf 85' lang='lat' dir='ltr'><strong>non</strong></span> <span class='ocrx_word' id='word_1_550' title='bbox 1492 3711 1718 3775; x_wconf 85' lang='lat' dir='ltr'><strong>negatur</strong></span> 
     </span>
    </p>
   </div>
   <div class='ocr_carea' id='block_1_69' title="bbox 142 3770 1716 3848">
    <p class='ocr_par' dir='ltr' id='par_1_69' title="bbox 142 3770 1716 3848">
     <span class='ocr_line' id='line_1_69' title="bbox 142 3770 1716 3848; baseline -0.001 -18"><span class='ocrx_word' id='word_1_551' title='bbox 142 3774 474 3848; x_wconf 74' lang='lat' dir='ltr'><strong>homousion.</strong></span> <span class='ocrx_word' id='word_1_552' title='bbox 513 3770 761 3848; x_wconf 33' lang='lat' dir='ltr'><strong>Atiediti,</strong></span> <span class='ocrx_word' id='word_1_553' title='bbox 802 3786 905 3830; x_wconf 82' lang='lat' dir='ltr'><strong>non</strong></span> <span class='ocrx_word' id='word_1_554' title='bbox 948 3770 1160 3848; x_wconf 74' lang='lat' dir='ltr'><strong>negatur</strong></span> <span class='ocrx_word' id='word_1_555' title='bbox 1187 3776 1511 3848; x_wconf 73' lang='lat' dir='ltr'><strong>homwusios.</strong></span> <span class='ocrx_word' id='word_1_556' title='bbox 1548 3770 1716 3831; x_wconf 63' lang='lat' dir='ltr'><strong>Porro</strong></span> 
     </span>
    </p>
   </div>
   <div class='ocr_carea' id='block_1_70' title="bbox 142 3846 1718 3917">
    <p class='ocr_par' dir='ltr' id='par_1_70' title="bbox 142 3846 1718 3917">
     <span class='ocr_line' id='line_1_70' title="bbox 142 3846 1718 3917; baseline 0 -15"><span class='ocrx_word' id='word_1_557' title='bbox 142 3848 187 3903; x_wconf 90' lang='lat' dir='ltr'><strong>in</strong></span> <span class='ocrx_word' id='word_1_558' title='bbox 223 3864 305 3917; x_wconf 82' lang='lat' dir='ltr'><strong>eo,</strong></span> <span class='ocrx_word' id='word_1_559' title='bbox 334 3847 481 3916; x_wconf 86' lang='lat' dir='ltr'><strong>quod</strong></span> <span class='ocrx_word' id='word_1_560' title='bbox 520 3846 890 3912; x_wconf 83' lang='lat' dir='ltr'><strong>subsequitur,</strong></span> <span class='ocrx_word' id='word_1_561' title='bbox 937 3846 1186 3916; x_wconf 80' lang='lat' dir='ltr'><strong>pruhatio</strong></span> <span class='ocrx_word' id='word_1_562' title='bbox 1217 3846 1443 3901; x_wconf 81' lang='lat' dir='ltr'><strong>habetur</strong></span> <span class='ocrx_word' id='word_1_563' title='bbox 1473 3850 1718 3917; x_wconf 86' lang='lat' dir='ltr'><strong>superio-</strong></span> 
     </span>
    </p>
   </div>
   <div class='ocr_carea' id='block_1_71' title="bbox 140 3916 1711 3990">
    <p class='ocr_par' dir='ltr' id='par_1_71' title="bbox 140 3916 1711 3990">
     <span class='ocr_line' id='line_1_71' title="bbox 140 3916 1711 3990; baseline 0 -17"><span class='ocrx_word' id='word_1_564' title='bbox 140 3921 204 3973; x_wconf 89' lang='lat' dir='ltr'><strong>ris</strong></span> <span class='ocrx_word' id='word_1_565' title='bbox 229 3916 635 3990; x_wconf 78' lang='lat' dir='ltr'><strong>prnpusitionis,</strong></span> <span class='ocrx_word' id='word_1_566' title='bbox 681 3916 984 3974; x_wconf 85' lang='lat' dir='ltr'><strong>Similitudo</strong></span> <span class='ocrx_word' id='word_1_567' title='bbox 1017 3932 1172 3986; x_wconf 84' lang='lat' dir='ltr'><strong>vera;</strong></span> <span class='ocrx_word' id='word_1_568' title='bbox 1197 3934 1299 3973; x_wconf 92' lang='lat' dir='ltr'><strong>non</strong></span> <span class='ocrx_word' id='word_1_569' title='bbox 1329 3916 1587 3989; x_wconf 70' lang='lat' dir='ltr'><strong>proxima:</strong></span> <span class='ocrx_word' id='word_1_570' title='bbox 1615 3918 1711 3973; x_wconf 85' lang='lat' dir='ltr'><strong>hu-</strong></span> 
     </span>
    </p>
   </div>
   <div class='ocr_carea' id='block_1_72' title="bbox 136 3990 636 4059">
    <p class='ocr_par' dir='ltr' id='par_1_72' title="bbox 136 3990 636 4059">
     <span class='ocr_line' id='line_1_72' title="bbox 136 3990 636 4059; baseline -0.004 -16"><span class='ocrx_word' id='word_1_571' title='bbox 136 3990 229 4059; x_wconf 86' lang='lat' dir='ltr'><strong>jus,</strong></span> <span class='ocrx_word' id='word_1_572' title='bbox 252 3995 428 4045; x_wconf 81' lang='lat' dir='ltr'><strong>veritas</strong></span> <span class='ocrx_word' id='word_1_573' title='bbox 448 3997 636 4043; x_wconf 85' lang='lat' dir='ltr'><strong>autem.</strong></span> 
     </span>
    </p>
   </div>
   <div class='ocr_carea' id='block_1_73' title="bbox 203 4060 1716 4134">
    <p class='ocr_par' dir='ltr' id='par_1_73' title="bbox 203 4060 1716 4134">
     <span class='ocr_line' id='line_1_73' title="bbox 203 4060 1716 4134; baseline 0.001 -19"><span class='ocrx_word' id='word_1_574' title='bbox 203 4062 267 4134; x_wconf 83' lang='lat' dir='ltr'><strong>(e)</strong></span> <span class='ocrx_word' id='word_1_575' title='bbox 288 4063 434 4131; x_wconf 83' lang='lat' dir='ltr'><strong>Lips.</strong></span> <span class='ocrx_word' id='word_1_576' title='bbox 464 4070 521 4134; x_wconf 76' lang='lat' dir='ltr'><strong>et</strong></span> <span class='ocrx_word' id='word_1_577' title='bbox 549 4060 696 4129; x_wconf 70' lang='lat' dir='ltr'><strong>Pan,</strong></span> <span class='ocrx_word' id='word_1_578' title='bbox 749 4071 920 4134; x_wconf 64' lang='lat' dir='ltr'><strong>gustu.</strong></span> <span class='ocrx_word' id='word_1_579' title='bbox 947 4060 1172 4134; x_wconf 86' lang='lat' dir='ltr'><strong>Carnut.</strong></span> <span class='ocrx_word' id='word_1_580' title='bbox 1203 4075 1328 4128; x_wconf 86' lang='lat' dir='ltr'><strong>ms.,</strong></span> <span class='ocrx_word' id='word_1_581' title='bbox 1358 4069 1558 4131; x_wconf 83' lang='lat' dir='ltr'><strong>gustato</strong></span> <span class='ocrx_word' id='word_1_582' title='bbox 1590 4063 1716 4116; x_wconf 85' lang='lat' dir='ltr'><strong>alte-</strong></span> 
     </span>
    </p>
   </div>
   <div class='ocr_carea' id='block_1_74' title="bbox 140 4131 1713 4203">
    <p class='ocr_par' dir='ltr' id='par_1_74' title="bbox 140 4131 1713 4203">
     <span class='ocr_line' id='line_1_74' title="bbox 140 4131 1713 4203; baseline 0.002 -17"><span class='ocrx_word' id='word_1_583' title='bbox 140 4131 231 4187; x_wconf 77' lang='lat' dir='ltr'><strong>rius</strong></span> <span class='ocrx_word' id='word_1_584' title='bbox 244 4131 437 4203; x_wconf 65' lang='lat' dir='ltr'><strong>generis</strong></span> <span class='ocrx_word' id='word_1_585' title='bbox 455 4131 656 4198; x_wconf 87' lang='lat' dir='ltr'><strong>liquore</strong></span> <span class='ocrx_word' id='word_1_586' title='bbox 670 4148 688 4187; x_wconf 92' lang='lat'><strong><em>:</em></strong></span> <span class='ocrx_word' id='word_1_587' title='bbox 702 4132 859 4186; x_wconf 85' lang='lat' dir='ltr'><strong>male.</strong></span> <span class='ocrx_word' id='word_1_588' title='bbox 876 4132 1010 4187; x_wconf 84' lang='lat' dir='ltr'><strong>Nam</strong></span> <span class='ocrx_word' id='word_1_589' title='bbox 1031 4133 1135 4203; x_wconf 14' lang='lat' dir='ltr'><strong>hoc,</strong></span> <span class='ocrx_word' id='word_1_590' title='bbox 1155 4133 1349 4202; x_wconf 87' lang='lat' dir='ltr'><strong>ipsum.</strong></span> <span class='ocrx_word' id='word_1_591' title='bbox 1366 4135 1507 4202; x_wconf 78' lang='lat' dir='ltr'><strong>quod</strong></span> <span class='ocrx_word' id='word_1_592' title='bbox 1529 4134 1713 4189; x_wconf 90' lang='lat' dir='ltr'><strong>vinum</strong></span> 
     </span>
    </p>
   </div>
   <div class='ocr_carea' id='block_1_75' title="bbox 140 4203 1711 4274">
    <p class='ocr_par' dir='ltr' id='par_1_75' title="bbox 140 4203 1711 4274">
     <span class='ocr_line' id='line_1_75' title="bbox 140 4203 1711 4274; baseline 0.002 -16"><span class='ocrx_word' id='word_1_593' title='bbox 140 4203 612 4265; x_wconf 84' lang='lat' dir='ltr'><strong>videbatur,vinum</strong></span> <span class='ocrx_word' id='word_1_594' title='bbox 625 4216 730 4258; x_wconf 89' lang='lat' dir='ltr'><strong>non</strong></span> <span class='ocrx_word' id='word_1_595' title='bbox 744 4217 865 4258; x_wconf 85' lang='lat' dir='ltr'><strong>esse</strong></span> <span class='ocrx_word' id='word_1_596' title='bbox 877 4214 1089 4274; x_wconf 87' lang='lat' dir='ltr'><strong>gustatu</strong></span> <span class='ocrx_word' id='word_1_597' title='bbox 1104 4203 1229 4258; x_wconf 88' lang='lat' dir='ltr'><strong>dicit</strong></span> <span class='ocrx_word' id='word_1_598' title='bbox 1243 4219 1301 4257; x_wconf 89' lang='lat' dir='ltr'><strong>se</strong></span> <span class='ocrx_word' id='word_1_599' title='bbox 1315 4206 1711 4273; x_wconf 86' lang='lat' dir='ltr'><strong>recognovisse.</strong></span> 
     </span>
    </p>
   </div>
   <div class='ocr_carea' id='block_1_76' title="bbox 198 4274 1716 4349">
    <p class='ocr_par' dir='ltr' id='par_1_76' title="bbox 198 4274 1716 4349">
     <span class='ocr_line' id='line_1_76' title="bbox 198 4274 1716 4349; baseline 0 -17"><span class='ocrx_word' id='word_1_600' title='bbox 198 4274 262 4349; x_wconf 73' lang='lat' dir='ltr'><strong>(f)</strong></span> <span class='ocrx_word' id='word_1_601' title='bbox 287 4274 618 4349; x_wconf 14' lang='lat' dir='ltr'><strong>Mss.g&#39;_l‘ell.,</strong></span> <span class='ocrx_word' id='word_1_602' title='bbox 668 4274 829 4349; x_wconf 74' lang='lat' dir='ltr'><strong>Mich.</strong></span> <span class='ocrx_word' id='word_1_603' title='bbox 858 4284 914 4349; x_wconf 71' lang='lat' dir='ltr'><strong>et</strong></span> <span class='ocrx_word' id='word_1_604' title='bbox 942 4278 1102 4349; x_wconf 69' lang='lat' dir='ltr'><strong>(iam.</strong></span> <span class='ocrx_word' id='word_1_605' title='bbox 1147 4274 1716 4349; x_wconf 62' lang='lat' dir='ltr'><strong>similitudinemsapor</strong></span> 
     </span>
    </p>
   </div>
   <div class='ocr_carea' id='block_1_77' title="bbox 144 4345 1713 4415">
    <p class='ocr_par' dir='ltr' id='par_1_77' title="bbox 144 4345 1713 4415">
     <span class='ocr_line' id='line_1_77' title="bbox 144 4345 1713 4415; baseline 0.003 -15"><span class='ocrx_word' id='word_1_606' title='bbox 144 4345 367 4414; x_wconf 81' lang='lat' dir='ltr'><strong>prodidit.</strong></span> <span class='ocrx_word' id='word_1_607' title='bbox 414 4347 585 4415; x_wconf 75' lang='lat' dir='ltr'><strong>Magis</strong></span> <span class='ocrx_word' id='word_1_608' title='bbox 631 4347 804 4415; x_wconf 74' lang='lat' dir='ltr'><strong>placet</strong></span> <span class='ocrx_word' id='word_1_609' title='bbox 832 4346 1316 4401; x_wconf 76' lang='lat' dir='ltr'><strong>dissimilitudinem.</strong></span> <span class='ocrx_word' id='word_1_610' title='bbox 1366 4345 1503 4402; x_wconf 86' lang='lat' dir='ltr'><strong>Tum</strong></span> <span class='ocrx_word' id='word_1_611' title='bbox 1550 4345 1713 4404; x_wconf 81' lang='lat' dir='ltr'><strong>iidem</strong></span> 
     </span>
    </p>
   </div>
   <div class='ocr_carea' id='block_1_78' title="bbox 143 4414 1715 4489">
    <p class='ocr_par' dir='ltr' id='par_1_78' title="bbox 143 4414 1715 4489">
     <span class='ocr_line' id='line_1_78' title="bbox 143 4414 1715 4489; baseline 0.001 -18"><span class='ocrx_word' id='word_1_612' title='bbox 143 4431 256 4473; x_wconf 78' lang='lat' dir='ltr'><strong>mss.</strong></span> <span class='ocrx_word' id='word_1_613' title='bbox 281 4434 401 4473; x_wconf 86' lang='lat' dir='ltr'><strong>cum</strong></span> <span class='ocrx_word' id='word_1_614' title='bbox 432 4414 604 4471; x_wconf 83' lang='lat' dir='ltr'><strong>altero</strong></span> <span class='ocrx_word' id='word_1_615' title='bbox 625 4414 783 4489; x_wconf 81' lang='lat' dir='ltr'><strong>Caro.</strong></span> <span class='ocrx_word' id='word_1_616' title='bbox 821 4426 874 4471; x_wconf 83' lang='lat' dir='ltr'><strong>et</strong></span> <span class='ocrx_word' id='word_1_617' title='bbox 903 4417 1112 4488; x_wconf 80' lang='lat' dir='ltr'><strong>Retnig.</strong></span> <span class='ocrx_word' id='word_1_618' title='bbox 1142 4418 1475 4489; x_wconf 76' lang='lat' dir='ltr'><strong>subiungunt</strong></span> <span class='ocrx_word' id='word_1_619' title='bbox 1506 4435 1519 4472; x_wconf 91' lang='lat'><strong>:</strong></span> <span class='ocrx_word' id='word_1_620' title='bbox 1547 4418 1599 4472; x_wconf 84' lang='grc' dir='ltr'><strong><em>Ν</em></strong></span> <span class='ocrx_word' id='word_1_621' title='bbox 1605 4432 1715 4473; x_wconf 83' lang='lat' dir='ltr'><strong>uin-</strong></span> 
     </span>
    </p>
   </div>
   <div class='ocr_carea' id='block_1_79' title="bbox 142 4488 1715 4562">
    <p class='ocr_par' dir='ltr' id='par_1_79' title="bbox 142 4488 1715 4562">
     <span class='ocr_line' id='line_1_79' title="bbox 142 4488 1715 4562; baseline 0.003 -21"><span class='ocrx_word' id='word_1_622' title='bbox 142 4491 315 4562; x_wconf 56' lang='lat' dir='ltr'><strong>guidet</strong></span> <span class='ocrx_word' id='word_1_623' title='bbox 345 4491 428 4544; x_wconf 77' lang='lat' dir='ltr'><strong>hic</strong></span> <span class='ocrx_word' id='word_1_624' title='bbox 450 4488 805 4562; x_wconf 84' lang='lat' dir='ltr'><strong>similitudinis</strong></span> <span class='ocrx_word' id='word_1_625' title='bbox 843 4489 1104 4559; x_wconf 77' lang='lat' dir='ltr'><strong>negligens</strong></span> <span class='ocrx_word' id='word_1_626' title='bbox 1131 4491 1207 4559; x_wconf 80' lang='lat' dir='ltr'><strong>fui</strong></span> <span class='ocrx_word' id='word_1_627' title='bbox 1228 4491 1252 4544; x_wconf 85' lang='lat'><strong><em>?</em></strong></span> <span class='ocrx_word' id='word_1_628' title='bbox 1275 4488 1440 4544; x_wconf 86' lang='lat' dir='ltr'><strong>verba</strong></span> <span class='ocrx_word' id='word_1_629' title='bbox 1471 4489 1538 4544; x_wconf 89' lang='lat' dir='ltr'><strong>ad</strong></span> <span class='ocrx_word' id='word_1_630' title='bbox 1570 4492 1715 4562; x_wconf 83' lang='lat' dir='ltr'><strong>Apo-</strong></span> 
     </span>
    </p>
   </div>
   <div class='ocr_carea' id='block_1_80' title="bbox 144 4559 1710 4632">
    <p class='ocr_par' dir='ltr' id='par_1_80' title="bbox 144 4559 1710 4632">
     <span class='ocr_line' id='line_1_80' title="bbox 144 4559 1710 4632; baseline 0.002 -19"><span class='ocrx_word' id='word_1_631' title='bbox 144 4559 316 4630; x_wconf 79' lang='lat' dir='ltr'><strong>logiam</strong></span> <span class='ocrx_word' id='word_1_632' title='bbox 369 4560 715 4631; x_wconf 83' lang='lat' dir='ltr'><strong>pertinentia,</strong></span> <span class='ocrx_word' id='word_1_633' title='bbox 744 4570 863 4631; x_wconf 81' lang='lat' dir='ltr'><strong>quae</strong></span> <span class='ocrx_word' id='word_1_634' title='bbox 918 4563 971 4615; x_wconf 89' lang='lat' dir='ltr'><strong>in</strong></span> <span class='ocrx_word' id='word_1_635' title='bbox 1020 4569 1336 4632; x_wconf 89' lang='lat' dir='ltr'><strong>sequentem</strong></span> <span class='ocrx_word' id='word_1_636' title='bbox 1384 4559 1710 4617; x_wconf 81' lang='lat' dir='ltr'><strong>sententiam</strong></span> 
     </span>
    </p>
   </div>
   <div class='ocr_carea' id='block_1_81' title="bbox 143 4635 543 4701">
    <p class='ocr_par' dir='ltr' id='par_1_81' title="bbox 143 4635 543 4701">
     <span class='ocr_line' id='line_1_81' title="bbox 143 4635 543 4701; baseline -0.003 -16"><span class='ocrx_word' id='word_1_637' title='bbox 143 4635 300 4701; x_wconf 83' lang='lat' dir='ltr'><strong>aptius</strong></span> <span class='ocrx_word' id='word_1_638' title='bbox 322 4635 543 4688; x_wconf 88' lang='lat' dir='ltr'><strong>cadunt.</strong></span> 
     </span>
    </p>
   </div>
   <div class='ocr_carea' id='block_1_82' title="bbox 204 4698 1715 4776">
    <p class='ocr_par' dir='ltr' id='par_1_82' title="bbox 204 4698 1715 4776">
     <span class='ocr_line' id='line_1_82' title="bbox 204 4698 1715 4776; baseline 0 -16"><span class='ocrx_word' id='word_1_639' title='bbox 204 4703 273 4776; x_wconf 84' lang='lat' dir='ltr'><strong>(g)</strong></span> <span class='ocrx_word' id='word_1_640' title='bbox 302 4704 534 4772; x_wconf 83' lang='lat' dir='ltr'><strong>Lipsius,</strong></span> <span class='ocrx_word' id='word_1_641' title='bbox 569 4719 675 4757; x_wconf 88' lang='lat' dir='ltr'><strong>non</strong></span> <span class='ocrx_word' id='word_1_642' title='bbox 720 4711 912 4770; x_wconf 80' lang='lat' dir='ltr'><strong>metuo,</strong></span> <span class='ocrx_word' id='word_1_643' title='bbox 940 4698 1204 4774; x_wconf 83' lang='lat' dir='ltr'><strong>particula</strong></span> <span class='ocrx_word' id='word_1_644' title='bbox 1241 4700 1470 4776; x_wconf 87' lang='lat' dir='ltr'><strong>negante</strong></span> <span class='ocrx_word' id='word_1_645' title='bbox 1513 4704 1581 4776; x_wconf 81' lang='lat' dir='ltr'><strong>de</strong></span> <span class='ocrx_word' id='word_1_646' title='bbox 1616 4718 1715 4760; x_wconf 93' lang='lat' dir='ltr'><strong>suo</strong></span> 
     </span>
    </p>
   </div>
   <div class='ocr_carea' id='block_1_83' title="bbox 144 4775 1713 4846">
    <p class='ocr_par' dir='ltr' id='par_1_83' title="bbox 144 4775 1713 4846">
     <span class='ocr_line' id='line_1_83' title="bbox 144 4775 1713 4846; baseline 0.003 -19"><span class='ocrx_word' id='word_1_647' title='bbox 144 4787 289 4844; x_wconf 81' lang='lat' dir='ltr'><strong>prave</strong></span> <span class='ocrx_word' id='word_1_648' title='bbox 308 4776 508 4834; x_wconf 77' lang='lat' dir='ltr'><strong>addita.</strong></span> <span class='ocrx_word' id='word_1_649' title='bbox 544 4776 663 4829; x_wconf 90' lang='lat' dir='ltr'><strong>sine</strong></span> <span class='ocrx_word' id='word_1_650' title='bbox 705 4789 812 4844; x_wconf 90' lang='lat' dir='ltr'><strong>qua</strong></span> <span class='ocrx_word' id='word_1_651' title='bbox 854 4778 1103 4846; x_wconf 85' lang='lat' dir='ltr'><strong>superius</strong></span> <span class='ocrx_word' id='word_1_652' title='bbox 1130 4777 1235 4845; x_wconf 77' lang='lat' dir='ltr'><strong>iam</strong></span> <span class='ocrx_word' id='word_1_653' title='bbox 1264 4775 1506 4846; x_wconf 86' lang='lat' dir='ltr'><strong>legerat:</strong></span> <span class='ocrx_word' id='word_1_654' title='bbox 1540 4775 1713 4846; x_wconf 81' lang='lat' dir='ltr'><strong>Timeo</strong></span> 
     </span>
    </p>
   </div>
   <div class='ocr_carea' id='block_1_84' title="bbox 143 4840 1711 4917">
    <p class='ocr_par' dir='ltr' id='par_1_84' title="bbox 143 4840 1711 4917">
     <span class='ocr_line' id='line_1_84' title="bbox 143 4840 1711 4917; baseline 0.003 -19"><span class='ocrx_word' id='word_1_655' title='bbox 143 4840 306 4901; x_wconf 76' lang='lat' dir='ltr'><strong>aurum</strong></span> <span class='ocrx_word' id='word_1_656' title='bbox 353 4850 567 4902; x_wconf 66' lang='lat' dir='ltr'><strong>bracteis</strong></span> <span class='ocrx_word' id='word_1_657' title='bbox 594 4861 612 4911; x_wconf 86' lang='lat'><strong><em>;</em></strong></span> <span class='ocrx_word' id='word_1_658' title='bbox 643 4840 819 4917; x_wconf 80' lang='lat' dir='ltr'><strong>neque</strong></span> <span class='ocrx_word' id='word_1_659' title='bbox 853 4840 1031 4902; x_wconf 84' lang='lat' dir='ltr'><strong>tamen</strong></span> <span class='ocrx_word' id='word_1_660' title='bbox 1064 4840 1538 4917; x_wconf 60' lang='lat' dir='ltr'><strong>in&#39;posterioribus</strong></span> <span class='ocrx_word' id='word_1_661' title='bbox 1579 4840 1711 4904; x_wconf 87' lang='lat' dir='ltr'><strong>edit.</strong></span> 
     </span>
    </p>
   </div>
   <div class='ocr_carea' id='block_1_85' title="bbox 143 4918 1670 4988">
    <p class='ocr_par' dir='ltr' id='par_1_85' title="bbox 143 4918 1670 4988">
     <span class='ocr_line' id='line_1_85' title="bbox 143 4918 1670 4988; baseline -0.001 -18"><span class='ocrx_word' id='word_1_662' title='bbox 143 4919 413 4988; x_wconf 80' lang='lat' dir='ltr'><strong>castigatus</strong></span> <span class='ocrx_word' id='word_1_663' title='bbox 442 4918 559 4972; x_wconf 77' lang='lat' dir='ltr'><strong>fuit.</strong></span> <span class='ocrx_word' id='word_1_664' title='bbox 1657 4943 1670 4952; x_wconf 68' lang='grc' dir='ltr'><strong>ι</strong></span> 
     </span>
    </p>
   </div>
   <div class='ocr_carea' id='block_1_86' title="bbox 206 4984 1714 5061">
    <p class='ocr_par' dir='ltr' id='par_1_86' title="bbox 206 4984 1714 5061">
     <span class='ocr_line' id='line_1_86' title="bbox 206 4984 1714 5061; baseline 0.003 -19"><span class='ocrx_word' id='word_1_665' title='bbox 206 4984 286 5058; x_wconf 70' lang='grc' dir='ltr'><strong>(Ιιί</strong></span> <span class='ocrx_word' id='word_1_666' title='bbox 304 4984 403 5061; x_wconf 15' lang='grc' dir='ltr'><strong>δῖοί</strong></span> <span class='ocrx_word' id='word_1_667' title='bbox 421 5004 550 5061; x_wconf 86' lang='lat' dir='ltr'><strong>mss.</strong></span> <span class='ocrx_word' id='word_1_668' title='bbox 581 4988 719 5044; x_wconf 86' lang='lat' dir='ltr'><strong>Editi</strong></span> <span class='ocrx_word' id='word_1_669' title='bbox 751 5004 900 5058; x_wconf 86' lang='lat' dir='ltr'><strong>vero,</strong></span> <span class='ocrx_word' id='word_1_670' title='bbox 932 5000 978 5043; x_wconf 88' lang='lat' dir='ltr'><strong>et</strong></span> <span class='ocrx_word' id='word_1_671' title='bbox 1007 4991 1133 5061; x_wconf 83' lang='lat' dir='ltr'><strong>quid</strong></span> <span class='ocrx_word' id='word_1_672' title='bbox 1153 5005 1325 5044; x_wconf 79' lang='lat' dir='ltr'><strong>uerear</strong></span> <span class='ocrx_word' id='word_1_673' title='bbox 1346 4991 1565 5046; x_wconf 86' lang='lat' dir='ltr'><strong>edicam.</strong></span> <span class='ocrx_word' id='word_1_674' title='bbox 1591 4990 1714 5046; x_wconf 75' lang='lat' dir='ltr'><strong>1am</strong></span> 
     </span>
    </p>
   </div>
   <div class='ocr_carea' id='block_1_87' title="bbox 146 5059 1718 5134">
    <p class='ocr_par' dir='ltr' id='par_1_87' title="bbox 146 5059 1718 5134">
     <span class='ocr_line' id='line_1_87' title="bbox 146 5059 1718 5134; baseline 0.005 -24"><span class='ocrx_word' id='word_1_675' title='bbox 146 5067 186 5134; x_wconf 78' lang='lat' dir='ltr'><strong>et</strong></span> <span class='ocrx_word' id='word_1_676' title='bbox 210 5060 322 5130; x_wconf 82' lang='lat' dir='ltr'><strong>tegi.</strong></span> <span class='ocrx_word' id='word_1_677' title='bbox 353 5059 481 5134; x_wconf 77' lang='lat' dir='ltr'><strong>Mihi</strong></span> <span class='ocrx_word' id='word_1_678' title='bbox 509 5061 731 5134; x_wconf 61' lang='lat' dir='ltr'><strong>quidem.</strong></span> <span class='ocrx_word' id='word_1_679' title='bbox 758 5061 875 5117; x_wconf 87' lang='lat' dir='ltr'><strong>Jam</strong></span> <span class='ocrx_word' id='word_1_680' title='bbox 903 5059 1030 5131; x_wconf 80' lang='lat' dir='ltr'><strong>legit</strong></span> <span class='ocrx_word' id='word_1_681' title='bbox 1059 5061 1325 5134; x_wconf 72' lang='lat' dir='ltr'><strong>Superius.</strong></span> <span class='ocrx_word' id='word_1_682' title='bbox 1354 5064 1495 5134; x_wconf 82' lang='lat' dir='ltr'><strong>quod</strong></span> <span class='ocrx_word' id='word_1_683' title='bbox 1530 5063 1615 5117; x_wconf 85' lang='lat' dir='ltr'><strong>hic</strong></span> <span class='ocrx_word' id='word_1_684' title='bbox 1635 5064 1718 5118; x_wconf 85' lang='lat' dir='ltr'><strong>dl-</strong></span> 
     </span>
    </p>
   </div>
   <div class='ocr_carea' id='block_1_88' title="bbox 147 5129 1717 5202">
    <p class='ocr_par' dir='ltr' id='par_1_88' title="bbox 147 5129 1717 5202">
     <span class='ocr_line' id='line_1_88' title="bbox 147 5129 1717 5202; baseline 0.003 -19"><span class='ocrx_word' id='word_1_685' title='bbox 147 5129 209 5202; x_wconf 85' lang='lat' dir='ltr'><strong>cit</strong></span> <span class='ocrx_word' id='word_1_686' title='bbox 227 5129 283 5186; x_wconf 83' lang='lat' dir='ltr'><strong>se</strong></span> <span class='ocrx_word' id='word_1_687' title='bbox 310 5133 503 5187; x_wconf 84' lang='lat' dir='ltr'><strong>vereri.</strong></span> <span class='ocrx_word' id='word_1_688' title='bbox 523 5129 715 5187; x_wconf 79' lang='lat' dir='ltr'><strong>Timet</strong></span> <span class='ocrx_word' id='word_1_689' title='bbox 742 5136 941 5202; x_wconf 78' lang='lat' dir='ltr'><strong>quippe</strong></span> <span class='ocrx_word' id='word_1_690' title='bbox 960 5129 1034 5187; x_wconf 78' lang='lat' dir='ltr'><strong>ne</strong></span> <span class='ocrx_word' id='word_1_691' title='bbox 1070 5129 1175 5188; x_wconf 79' lang='lat' dir='ltr'><strong>non</strong></span> <span class='ocrx_word' id='word_1_692' title='bbox 1205 5129 1414 5189; x_wconf 73' lang='lat' dir='ltr'><strong>sincera</strong></span> <span class='ocrx_word' id='word_1_693' title='bbox 1438 5133 1507 5187; x_wconf 83' lang='lat' dir='ltr'><strong>sit</strong></span> <span class='ocrx_word' id='word_1_694' title='bbox 1528 5135 1717 5189; x_wconf 82' lang='lat' dir='ltr'><strong>Orien-</strong></span> 
     </span>
    </p>
   </div>
   <div class='ocr_carea' id='block_1_89' title="bbox 148 5201 1708 5276">
    <p class='ocr_par' dir='ltr' id='par_1_89' title="bbox 148 5201 1708 5276">
     <span class='ocr_line' id='line_1_89' title="bbox 148 5201 1708 5276; baseline 0.003 -21"><span class='ocrx_word' id='word_1_695' title='bbox 148 5201 315 5276; x_wconf 65' lang='lat' dir='ltr'><strong>talium</strong></span> <span class='ocrx_word' id='word_1_696' title='bbox 367 5204 534 5269; x_wconf 83' lang='lat' dir='ltr'><strong>ﬁdes;</strong></span> <span class='ocrx_word' id='word_1_697' title='bbox 567 5202 691 5276; x_wconf 87' lang='lat' dir='ltr'><strong>quia</strong></span> <span class='ocrx_word' id='word_1_698' title='bbox 720 5201 950 5276; x_wconf 62' lang='lat' dir='ltr'><strong>Ancyra!</strong></span> <span class='ocrx_word' id='word_1_699' title='bbox 994 5205 1319 5259; x_wconf 83' lang='lat' dir='ltr'><strong>damnarunt</strong></span> <span class='ocrx_word' id='word_1_700' title='bbox 1375 5206 1708 5261; x_wconf 90' lang='lat' dir='ltr'><strong>homousion.</strong></span> 
     </span>
    </p>
   </div>
   <div class='ocr_carea' id='block_1_90' title="bbox 149 5267 1714 5344">
    <p class='ocr_par' dir='ltr' id='par_1_90' title="bbox 149 5267 1714 5344">
     <span class='ocr_line' id='line_1_90' title="bbox 149 5267 1714 5344; baseline 0.005 -20"><span class='ocrx_word' id='word_1_701' title='bbox 149 5267 444 5344; x_wconf 72' lang='lat' dir='ltr'><strong>[iocantem</strong></span> <span class='ocrx_word' id='word_1_702' title='bbox 475 5267 719 5343; x_wconf 57' lang='lat' dir='ltr'><strong>illis&#39;jam</strong></span> <span class='ocrx_word' id='word_1_703' title='bbox 775 5267 922 5330; x_wconf 59' lang='lat' dir='ltr'><strong>nu&#39;m.</strong></span> <span class='ocrx_word' id='word_1_704' title='bbox 955 5276 1019 5329; x_wconf 80' lang='grc'><strong>81</strong></span> <span class='ocrx_word' id='word_1_705' title='bbox 1064 5276 1417 5344; x_wconf 84' lang='lat' dir='ltr'><strong>exprobravit</strong></span> <span class='ocrx_word' id='word_1_706' title='bbox 1464 5279 1517 5331; x_wconf 92' lang='lat' dir='ltr'><strong>in</strong></span> <span class='ocrx_word' id='word_1_707' title='bbox 1571 5280 1714 5331; x_wconf 86' lang='lat' dir='ltr'><strong>hunc</strong></span> 
     </span>
    </p>
   </div>
   <div class='ocr_carea' id='block_1_91' title="bbox 148 5340 1715 5416">
    <p class='ocr_par' dir='ltr' id='par_1_91' title="bbox 148 5340 1715 5416">
     <span class='ocr_line' id='line_1_91' title="bbox 148 5340 1715 5416; baseline 0.005 -21"><span class='ocrx_word' id='word_1_708' title='bbox 148 5340 346 5399; x_wconf 87' lang='lat' dir='ltr'><strong>modum</strong></span> <span class='ocrx_word' id='word_1_709' title='bbox 399 5363 412 5401; x_wconf 87' lang='lat'><strong>:</strong></span> <span class='ocrx_word' id='word_1_710' title='bbox 458 5344 598 5412; x_wconf 84' lang='lat' dir='ltr'><strong>Quid</strong></span> <span class='ocrx_word' id='word_1_711' title='bbox 610 5340 621 5343; x_wconf 59' lang='grc'>⁷</span> <span class='ocrx_word' id='word_1_712' title='bbox 661 5348 815 5416; x_wconf 77' lang='lat' dir='ltr'><strong>ﬁdem</strong></span> <span class='ocrx_word' id='word_1_713' title='bbox 870 5363 1035 5402; x_wconf 73' lang='lat' dir='ltr'><strong>meum</strong></span> <span class='ocrx_word' id='word_1_714' title='bbox 1092 5340 1147 5401; x_wconf 75' lang='lat' dir='ltr'><strong>in</strong></span> <span class='ocrx_word' id='word_1_715' title='bbox 1205 5348 1507 5403; x_wconf 80' lang='lat' dir='ltr'><strong>liamousion</strong></span> <span class='ocrx_word' id='word_1_716' title='bbox 1570 5347 1715 5403; x_wconf 84' lang='lat' dir='ltr'><strong>dant-</strong></span> 
     </span>
    </p>
   </div>
   <div class='ocr_carea' id='block_1_92' title="bbox 150 5425 372 5476">
    <p class='ocr_par' dir='ltr' id='par_1_92' title="bbox 150 5425 372 5476">
     <span class='ocr_line' id='line_1_92' title="bbox 150 5425 372 5476; baseline 0.009 -8"><span class='ocrx_word' id='word_1_717' title='bbox 150 5427 247 5476; x_wconf 62' lang='grc' dir='ltr'><strong>καί,</strong></span> <span class='ocrx_word' id='word_1_718' title='bbox 270 5425 372 5471; x_wconf 89' lang='lat' dir='ltr'><strong>etc.</strong></span> 
     </span>
    </p>
   </div>
   <div class='ocr_carea' id='block_1_93' title="bbox 212 5486 1715 5557">
    <p class='ocr_par' dir='ltr' id='par_1_93' title="bbox 212 5486 1715 5557">
     <span class='ocr_line' id='line_1_93' title="bbox 212 5486 1715 5557; baseline 0.004 -18"><span class='ocrx_word' id='word_1_719' title='bbox 212 5486 270 5557; x_wconf 88' lang='lat' dir='ltr'><strong>(i)</strong></span> <span class='ocrx_word' id='word_1_720' title='bbox 313 5487 438 5557; x_wconf 76' lang='lat' dir='ltr'><strong>Puta</strong></span> <span class='ocrx_word' id='word_1_721' title='bbox 469 5488 522 5543; x_wconf 92' lang='lat' dir='ltr'><strong>in</strong></span> <span class='ocrx_word' id='word_1_722' title='bbox 550 5489 834 5546; x_wconf 88' lang='lat' dir='ltr'><strong>duodecim</strong></span> <span class='ocrx_word' id='word_1_723' title='bbox 877 5488 1281 5545; x_wconf 89' lang='lat' dir='ltr'><strong>delinitionibus</strong></span> <span class='ocrx_word' id='word_1_724' title='bbox 1310 5497 1570 5545; x_wconf 88' lang='lat' dir='ltr'><strong>tractatus</strong></span> <span class='ocrx_word' id='word_1_725' title='bbox 1614 5487 1715 5546; x_wconf 87' lang='lat' dir='ltr'><strong>bu-</strong></span> 
     </span>
    </p>
   </div>
   <div class='ocr_carea' id='block_1_94' title="bbox 148 5551 1710 5631">
    <p class='ocr_par' dir='ltr' id='par_1_94' title="bbox 148 5551 1710 5631">
     <span class='ocr_line' id='line_1_94' title="bbox 148 5551 1710 5631; baseline 0.008 -26"><span class='ocrx_word' id='word_1_726' title='bbox 148 5551 284 5631; x_wconf 54' lang='lat' dir='ltr'><strong>lus&#39;ce</strong></span> <span class='ocrx_word' id='word_1_727' title='bbox 311 5554 457 5631; x_wconf 83' lang='lat' dir='ltr'><strong>initio</strong></span> <span class='ocrx_word' id='word_1_728' title='bbox 485 5561 670 5616; x_wconf 74' lang='lat' dir='ltr'><strong>relatis</strong></span> <span class='ocrx_word' id='word_1_729' title='bbox 691 5573 744 5617; x_wconf 82' lang='lat' dir='ltr'><strong>et</strong></span> <span class='ocrx_word' id='word_1_730' title='bbox 765 5561 1029 5631; x_wconf 75' lang='lat' dir='ltr'><strong>ettpositis</strong></span> <span class='ocrx_word' id='word_1_731' title='bbox 1064 5577 1077 5613; x_wconf 89' lang='lat'><strong>:</strong></span> <span class='ocrx_word' id='word_1_732' title='bbox 1111 5576 1244 5631; x_wconf 84' lang='lat' dir='ltr'><strong>quas</strong></span> <span class='ocrx_word' id='word_1_733' title='bbox 1274 5563 1417 5615; x_wconf 87' lang='lat' dir='ltr'><strong>solas</strong></span> <span class='ocrx_word' id='word_1_734' title='bbox 1454 5561 1710 5617; x_wconf 88' lang='lat' dir='ltr'><strong>Sirmium</strong></span> 
     </span>
    </p>
   </div>
   <div class='ocr_carea' id='block_1_95' title="bbox 153 5625 1711 5704">
    <p class='ocr_par' dir='ltr' id='par_1_95' title="bbox 153 5625 1711 5704">
     <span class='ocr_line' id='line_1_95' title="bbox 153 5625 1711 5704; baseline 0.008 -27"><span class='ocrx_word' id='word_1_735' title='bbox 153 5625 299 5682; x_wconf 75' lang='lat' dir='ltr'><strong>fuisse</strong></span> <span class='ocrx_word' id='word_1_736' title='bbox 324 5629 524 5704; x_wconf 81' lang='lat' dir='ltr'><strong>delatas</strong></span> <span class='ocrx_word' id='word_1_737' title='bbox 548 5632 803 5689; x_wconf 79' lang='lat' dir='ltr'><strong>declarat</strong></span> <span class='ocrx_word' id='word_1_738' title='bbox 837 5625 1141 5687; x_wconf 51' lang='lat' dir='ltr'><strong>&quot;secundum</strong></span> <span class='ocrx_word' id='word_1_739' title='bbox 1177 5632 1452 5702; x_wconf 65' lang='lat' dir='ltr'><strong>Apologia:</strong></span> <span class='ocrx_word' id='word_1_740' title='bbox 1482 5647 1711 5704; x_wconf 87' lang='lat' dir='ltr'><strong>respon-</strong></span> 
     </span>
    </p>
   </div>
   <div class='ocr_carea' id='block_1_96' title="bbox 152 5700 1714 5777">
    <p class='ocr_par' dir='ltr' id='par_1_96' title="bbox 152 5700 1714 5777">
     <span class='ocr_line' id='line_1_96' title="bbox 152 5700 1714 5777; baseline 0.006 -27"><span class='ocrx_word' id='word_1_741' title='bbox 152 5710 276 5765; x_wconf 80' lang='lat' dir='ltr'><strong>sum,</strong></span> <span class='ocrx_word' id='word_1_742' title='bbox 300 5700 531 5777; x_wconf 10' lang='lat' dir='ltr'><strong>relatum,</strong></span> <span class='ocrx_word' id='word_1_743' title='bbox 549 5718 709 5774; x_wconf 85' lang='lat' dir='ltr'><strong>supra</strong></span> <span class='ocrx_word' id='word_1_744' title='bbox 752 5720 805 5759; x_wconf 90' lang='lat' dir='ltr'><strong>n.</strong></span> <span class='ocrx_word' id='word_1_745' title='bbox 849 5704 956 5769; x_wconf 73' lang='grc'><strong>15,</strong></span> <span class='ocrx_word' id='word_1_746' title='bbox 991 5713 1113 5773; x_wconf 89' lang='lat' dir='ltr'><strong>post</strong></span> <span class='ocrx_word' id='word_1_747' title='bbox 1135 5700 1377 5777; x_wconf 26' lang='lat' dir='ltr'><strong>primam‘</strong></span> <span class='ocrx_word' id='word_1_748' title='bbox 1410 5700 1714 5777; x_wconf 76' lang='lat' dir='ltr'><strong>ADCyranae</strong></span> 
     </span>
    </p>
   </div>
   <div class='ocr_carea' id='block_1_97' title="bbox 159 5772 1717 5840">
    <p class='ocr_par' dir='ltr' id='par_1_97' title="bbox 159 5772 1717 5840">
     <span class='ocr_line' id='line_1_97' title="bbox 159 5772 1717 5840; baseline 0.005 -17"><span class='ocrx_word' id='word_1_749' title='bbox 159 5772 334 5840; x_wconf 73' lang='lat' dir='ltr'><strong>synodi</strong></span> <span class='ocrx_word' id='word_1_750' title='bbox 379 5772 763 5833; x_wconf 75' lang='lat' dir='ltr'><strong>deﬁnitionem.</strong></span> <span class='ocrx_word' id='word_1_751' title='bbox 800 5772 1014 5832; x_wconf 77' lang='lat' dir='ltr'><strong>Delatus</strong></span> <span class='ocrx_word' id='word_1_752' title='bbox 1044 5772 1333 5832; x_wconf 28' lang='lat' dir='ltr'><strong>eas’fttisse</strong></span> <span class='ocrx_word' id='word_1_753' title='bbox 1379 5788 1435 5831; x_wconf 87' lang='lat' dir='ltr'><strong>ut</strong></span> <span class='ocrx_word' id='word_1_754' title='bbox 1482 5772 1717 5833; x_wconf 75' lang='lat' dir='ltr'><strong>subscri-</strong></span> 
     </span>
    </p>
   </div>
   <div class='ocr_carea' id='block_1_98' title="bbox 161 5838 1713 5921">
    <p class='ocr_par' dir='ltr' id='par_1_98' title="bbox 161 5838 1713 5921">
     <span class='ocr_line' id='line_1_98' title="bbox 161 5838 1713 5921; baseline 0.005 -24"><span class='ocrx_word' id='word_1_755' title='bbox 161 5838 415 5921; x_wconf 63' lang='lat' dir='ltr'><strong>ljerenttir,</strong></span> <span class='ocrx_word' id='word_1_756' title='bbox 438 5850 588 5921; x_wconf 72' lang='lat' dir='ltr'><strong>nunc</strong></span> <span class='ocrx_word' id='word_1_757' title='bbox 619 5850 849 5917; x_wconf 84' lang='lat' dir='ltr'><strong>primum</strong></span> <span class='ocrx_word' id='word_1_758' title='bbox 873 5848 1092 5921; x_wconf 76' lang='lat' dir='ltr'><strong>disertis</strong></span> <span class='ocrx_word' id='word_1_759' title='bbox 1116 5849 1293 5904; x_wconf 76' lang='lat' dir='ltr'><strong>vei-liis</strong></span> <span class='ocrx_word' id='word_1_760' title='bbox 1323 5846 1587 5921; x_wconf 68' lang='lat' dir='ltr'><strong>signiﬁcat</strong></span> <span class='ocrx_word' id='word_1_761' title='bbox 1621 5850 1713 5905; x_wconf 86' lang='lat' dir='ltr'><strong>lii-</strong></span> 
     </span>
    </p>
   </div>
   <div class='ocr_carea' id='block_1_99' title="bbox 1741 4661 1795 4722">
    <p class='ocr_par' dir='ltr' id='par_1_99' title="bbox 1741 4661 1795 4722">
     <span class='ocr_line' id='line_1_99' title="bbox 1741 4661 1795 4722; baseline 0 0"><span class='ocrx_word' id='word_1_762' title='bbox 1741 4661 1795 4722; x_wconf 94' lang='lat' dir='ltr'><strong>D</strong></span> 
     </span>
    </p>
   </div>
   <div class='ocr_carea' id='block_1_100' title="bbox 1820 3351 3413 3424">
    <p class='ocr_par' dir='ltr' id='par_1_100' title="bbox 1820 3351 3413 3424">
     <span class='ocr_line' id='line_1_100' title="bbox 1820 3351 3413 3424; baseline 0 -19"><span class='ocrx_word' id='word_1_763' title='bbox 1820 3353 1979 3424; x_wconf 80' lang='lat' dir='ltr'><strong>citur,</strong></span> <span class='ocrx_word' id='word_1_764' title='bbox 2009 3354 2131 3422; x_wconf 82' lang='lat' dir='ltr'><strong>quia</strong></span> <span class='ocrx_word' id='word_1_765' title='bbox 2165 3360 2336 3424; x_wconf 85' lang='lat' dir='ltr'><strong>neque</strong></span> <span class='ocrx_word' id='word_1_766' title='bbox 2360 3352 2662 3408; x_wconf 83' lang='lat' dir='ltr'><strong>Orientales</strong></span> <span class='ocrx_word' id='word_1_767' title='bbox 2684 3351 2896 3419; x_wconf 84' lang='lat' dir='ltr'><strong>omues,</strong></span> <span class='ocrx_word' id='word_1_768' title='bbox 2927 3360 3100 3423; x_wconf 82' lang='lat' dir='ltr'><strong>neque</strong></span> <span class='ocrx_word' id='word_1_769' title='bbox 3124 3351 3413 3406; x_wconf 86' lang='lat' dir='ltr'><strong>admodum</strong></span> 
     </span>
    </p>
   </div>
   <div class='ocr_carea' id='block_1_101' title="bbox 1821 3421 2767 3495">
    <p class='ocr_par' dir='ltr' id='par_1_101' title="bbox 1821 3421 2767 3495">
     <span class='ocr_line' id='line_1_101' title="bbox 1821 3421 2767 3495; baseline 0.001 -18"><span class='ocrx_word' id='word_1_770' title='bbox 1821 3421 2133 3495; x_wconf 75' lang='lat' dir='ltr'><strong>frequentes</strong></span> <span class='ocrx_word' id='word_1_771' title='bbox 2164 3425 2215 3479; x_wconf 92' lang='lat' dir='ltr'><strong>in</strong></span> <span class='ocrx_word' id='word_1_772' title='bbox 2242 3421 2361 3481; x_wconf 81' lang='lat' dir='ltr'><strong>eam</strong></span> <span class='ocrx_word' id='word_1_773' title='bbox 2383 3432 2767 3479; x_wconf 83' lang='lat' dir='ltr'><strong>convenerant.</strong></span> 
     </span>
    </p>
   </div>
   <div class='ocr_carea' id='block_1_102' title="bbox 1891 3508 3409 3590">
    <p class='ocr_par' dir='ltr' id='par_1_102' title="bbox 1891 3508 3409 3590">
     <span class='ocr_line' id='line_1_102' title="bbox 1891 3508 3409 3590; baseline -0.003 -18"><span class='ocrx_word' id='word_1_774' title='bbox 1891 3516 1963 3590; x_wconf 90' lang='lat' dir='ltr'><strong>(j)</strong></span> <span class='ocrx_word' id='word_1_775' title='bbox 1999 3515 2059 3572; x_wconf 84' lang='lat' dir='ltr'><strong>in</strong></span> <span class='ocrx_word' id='word_1_776' title='bbox 2089 3529 2221 3590; x_wconf 60' lang='lat' dir='ltr'><strong>mss.</strong></span> <span class='ocrx_word' id='word_1_777' title='bbox 2276 3516 2428 3590; x_wconf 78' lang='lat' dir='ltr'><strong>Colb.</strong></span> <span class='ocrx_word' id='word_1_778' title='bbox 2459 3517 2766 3590; x_wconf 24' lang='lat' dir='ltr'><strong>et‘Gcrui‘”</strong></span> <span class='ocrx_word' id='word_1_779' title='bbox 2800 3508 3064 3590; x_wconf 64' lang='lat' dir='ltr'><strong>Eustaelii.</strong></span> <span class='ocrx_word' id='word_1_780' title='bbox 3093 3512 3166 3590; x_wconf 86' lang='lat' dir='ltr'><strong>_ln</strong></span> <span class='ocrx_word' id='word_1_781' title='bbox 3208 3511 3369 3568; x_wconf 82' lang='lat' dir='ltr'><strong>Caru.</strong></span> <span class='ocrx_word' id='word_1_782' title='bbox 3396 3557 3409 3578; x_wconf 86' lang='lat'><strong>,</strong></span> 
     </span>
    </p>
   </div>
   <div class='ocr_carea' id='block_1_103' title="bbox 1820 3580 3410 3658">
    <p class='ocr_par' dir='ltr' id='par_1_103' title="bbox 1820 3580 3410 3658">
     <span class='ocr_line' id='line_1_103' title="bbox 1820 3580 3410 3658; baseline -0.002 -15"><span class='ocrx_word' id='word_1_783' title='bbox 1820 3580 1982 3658; x_wconf 62' lang='lat' dir='ltr'><strong>Cori}.</strong></span> <span class='ocrx_word' id='word_1_784' title='bbox 2037 3597 2091 3645; x_wconf 90' lang='lat' dir='ltr'><strong>et</strong></span> <span class='ocrx_word' id='word_1_785' title='bbox 2140 3582 2260 3658; x_wconf 85' lang='lat' dir='ltr'><strong>aliis</strong></span> <span class='ocrx_word' id='word_1_786' title='bbox 2302 3580 2652 3658; x_wconf 66' lang='lat' dir='ltr'><strong>quihusdam,</strong></span> <span class='ocrx_word' id='word_1_787' title='bbox 2692 3580 2920 3643; x_wconf 69' lang='lat' dir='ltr'><strong>Eustasi.</strong></span> <span class='ocrx_word' id='word_1_788' title='bbox 2960 3584 3196 3658; x_wconf 82' lang='lat' dir='ltr'><strong>l’essime</strong></span> <span class='ocrx_word' id='word_1_789' title='bbox 3223 3594 3410 3658; x_wconf 69' lang='lat' dir='ltr'><strong>autem</strong></span> 
     </span>
    </p>
   </div>
   <div class='ocr_carea' id='block_1_104' title="bbox 1820 3650 3413 3730">
    <p class='ocr_par' dir='ltr' id='par_1_104' title="bbox 1820 3650 3413 3730">
     <span class='ocr_line' id='line_1_104' title="bbox 1820 3650 3413 3730; baseline 0 -18"><span class='ocrx_word' id='word_1_790' title='bbox 1820 3656 1960 3729; x_wconf 85' lang='lat' dir='ltr'><strong>apud</strong></span> <span class='ocrx_word' id='word_1_791' title='bbox 1992 3660 2110 3728; x_wconf 60' lang='lat' dir='ltr'><strong>Eia,</strong></span> <span class='ocrx_word' id='word_1_792' title='bbox 2144 3656 2291 3730; x_wconf 83' lang='lat' dir='ltr'><strong>Lips.</strong></span> <span class='ocrx_word' id='word_1_793' title='bbox 2322 3650 2379 3714; x_wconf 72' lang='grc' dir='ltr'><strong>ὶ›ι</strong></span> <span class='ocrx_word' id='word_1_794' title='bbox 2403 3650 2552 3727; x_wconf 65' lang='lat' dir='ltr'><strong>Pan,</strong></span> <span class='ocrx_word' id='word_1_795' title='bbox 2583 3650 2768 3713; x_wconf 81' lang='lat' dir='ltr'><strong>Basilii</strong></span> <span class='ocrx_word' id='word_1_796' title='bbox 2800 3669 2845 3713; x_wconf 73' lang='lat' dir='ltr'><strong>et</strong></span> <span class='ocrx_word' id='word_1_797' title='bbox 2879 3656 3195 3712; x_wconf 69' lang='lat' dir='ltr'><strong>Euslatltiiet</strong></span> <span class='ocrx_word' id='word_1_798' title='bbox 3215 3654 3413 3730; x_wconf 66' lang='lat' dir='ltr'><strong>Eleusii</strong></span> 
     </span>
    </p>
   </div>
   <div class='ocr_carea' id='block_1_105' title="bbox 1821 3727 3410 3799">
    <p class='ocr_par' dir='ltr' id='par_1_105' title="bbox 1821 3727 3410 3799">
     <span class='ocr_line' id='line_1_105' title="bbox 1821 3727 3410 3799; baseline -0.001 -14"><span class='ocrx_word' id='word_1_799' title='bbox 1821 3727 1874 3785; x_wconf 82' lang='lat' dir='ltr'><strong>in</strong></span> <span class='ocrx_word' id='word_1_800' title='bbox 1910 3727 2147 3786; x_wconf 73' lang='lat' dir='ltr'><strong>secundo</strong></span> <span class='ocrx_word' id='word_1_801' title='bbox 2177 3727 2339 3799; x_wconf 81' lang='lat' dir='ltr'><strong>casu,</strong></span> <span class='ocrx_word' id='word_1_802' title='bbox 2376 3740 2497 3786; x_wconf 78' lang='lat' dir='ltr'><strong>cum</strong></span> <span class='ocrx_word' id='word_1_803' title='bbox 2544 3732 2717 3786; x_wconf 68' lang='lat' dir='ltr'><strong>&#39;orstio</strong></span> <span class='ocrx_word' id='word_1_804' title='bbox 2774 3734 2955 3799; x_wconf 75' lang='lat' dir='ltr'><strong>exigat</strong></span> <span class='ocrx_word' id='word_1_805' title='bbox 2996 3730 3265 3799; x_wconf 68' lang='lat' dir='ltr'><strong>quintum.</strong></span> <span class='ocrx_word' id='word_1_806' title='bbox 3317 3727 3410 3785; x_wconf 84' lang='lat' dir='ltr'><strong>ilic</strong></span> 
     </span>
    </p>
   </div>
   <div class='ocr_carea' id='block_1_106' title="bbox 1820 3798 3412 3874">
    <p class='ocr_par' dir='ltr' id='par_1_106' title="bbox 1820 3798 3412 3874">
     <span class='ocr_line' id='line_1_106' title="bbox 1820 3798 3412 3874; baseline -0.001 -19"><span class='ocrx_word' id='word_1_807' title='bbox 1820 3804 2017 3874; x_wconf 83' lang='lat' dir='ltr'><strong>quippe</strong></span> <span class='ocrx_word' id='word_1_808' title='bbox 2051 3802 2283 3857; x_wconf 78' lang='lat' dir='ltr'><strong>Hilarius</strong></span> <span class='ocrx_word' id='word_1_809' title='bbox 2314 3798 2621 3859; x_wconf 80' lang='lat' dir='ltr'><strong>ScrinOuem</strong></span> <span class='ocrx_word' id='word_1_810' title='bbox 2646 3802 2801 3858; x_wconf 85' lang='lat' dir='ltr'><strong>habet</strong></span> <span class='ocrx_word' id='word_1_811' title='bbox 2833 3798 2896 3874; x_wconf 84' lang='lat' dir='ltr'><strong>ad</strong></span> <span class='ocrx_word' id='word_1_812' title='bbox 2920 3798 3412 3874; x_wconf 47' lang='lat' dir='ltr'><strong>iiaSilllllll.‘EUsia~</strong></span> 
     </span>
    </p>
   </div>
   <div class='ocr_carea' id='block_1_107' title="bbox 1819 3864 3411 3946">
    <p class='ocr_par' dir='ltr' id='par_1_107' title="bbox 1819 3864 3411 3946">
     <span class='ocr_line' id='line_1_107' title="bbox 1819 3864 3411 3946; baseline -0.001 -18"><span class='ocrx_word' id='word_1_813' title='bbox 1819 3864 1988 3928; x_wconf 54' lang='lat' dir='ltr'><strong>inniti)</strong></span> <span class='ocrx_word' id='word_1_814' title='bbox 2032 3884 2085 3929; x_wconf 88' lang='lat' dir='ltr'><strong>et</strong></span> <span class='ocrx_word' id='word_1_815' title='bbox 2119 3874 2424 3943; x_wconf 54' lang='lat' dir='ltr'><strong>Eleusium,</strong></span> <span class='ocrx_word' id='word_1_816' title='bbox 2461 3885 2519 3929; x_wconf 91' lang='lat' dir='ltr'><strong>ut</strong></span> <span class='ocrx_word' id='word_1_817' title='bbox 2543 3876 2630 3946; x_wconf 92' lang='lat' dir='ltr'><strong>qui</strong></span> <span class='ocrx_word' id='word_1_818' title='bbox 2668 3876 2808 3929; x_wconf 87' lang='lat' dir='ltr'><strong>inter</strong></span> <span class='ocrx_word' id='word_1_819' title='bbox 2843 3870 3145 3946; x_wconf 71' lang='lat' dir='ltr'><strong>Orientales</strong></span> <span class='ocrx_word' id='word_1_820' title='bbox 3186 3864 3411 3944; x_wconf 72' lang='lat' dir='ltr'><strong>Ancyra:</strong></span> 
     </span>
    </p>
   </div>
   <div class='ocr_carea' id='block_1_108' title="bbox 1818 3942 3410 4016">
    <p class='ocr_par' dir='ltr' id='par_1_108' title="bbox 1818 3942 3410 4016">
     <span class='ocr_line' id='line_1_108' title="bbox 1818 3942 3410 4016; baseline 0.001 -19"><span class='ocrx_word' id='word_1_821' title='bbox 1818 3954 2237 4016; x_wconf 79' lang='lat' dir='ltr'><strong>congregatorcs</strong></span> <span class='ocrx_word' id='word_1_822' title='bbox 2276 3942 2621 4015; x_wconf 75' lang='lat' dir='ltr'><strong>eminebant,</strong></span> <span class='ocrx_word' id='word_1_823' title='bbox 2652 3956 2707 4003; x_wconf 91' lang='lat' dir='ltr'><strong>et</strong></span> <span class='ocrx_word' id='word_1_824' title='bbox 2738 3946 2863 4001; x_wconf 86' lang='lat' dir='ltr'><strong>inde</strong></span> <span class='ocrx_word' id='word_1_825' title='bbox 2908 3942 2974 3999; x_wconf 90' lang='lat' dir='ltr'><strong>ad</strong></span> <span class='ocrx_word' id='word_1_826' title='bbox 3022 3942 3410 4014; x_wconf 66' lang='lat' dir='ltr'><strong>Imperatorem</strong></span> 
     </span>
    </p>
   </div>
   <div class='ocr_carea' id='block_1_109' title="bbox 1817 4015 2244 4088">
    <p class='ocr_par' dir='ltr' id='par_1_109' title="bbox 1817 4015 2244 4088">
     <span class='ocr_line' id='line_1_109' title="bbox 1817 4015 2244 4088; baseline 0.005 -16"><span class='ocrx_word' id='word_1_827' title='bbox 1817 4015 1977 4088; x_wconf 86' lang='lat' dir='ltr'><strong>legati</strong></span> <span class='ocrx_word' id='word_1_828' title='bbox 2010 4020 2244 4074; x_wconf 79' lang='lat' dir='ltr'><strong>fuerant.</strong></span> 
     </span>
    </p>
   </div>
   <div class='ocr_carea' id='block_1_110' title="bbox 1893 4109 3406 4179">
    <p class='ocr_par' dir='ltr' id='par_1_110' title="bbox 1893 4109 3406 4179">
     <span class='ocr_line' id='line_1_110' title="bbox 1893 4109 3406 4179; baseline 0.001 -16"><span class='ocrx_word' id='word_1_829' title='bbox 1893 4109 1971 4179; x_wconf 76' lang='lat' dir='ltr'><strong>(It)</strong></span> <span class='ocrx_word' id='word_1_830' title='bbox 2011 4110 2296 4179; x_wconf 79' lang='lat' dir='ltr'><strong>Antiquior</strong></span> <span class='ocrx_word' id='word_1_831' title='bbox 2346 4127 2449 4167; x_wconf 84' lang='lat' dir='ltr'><strong>ms.</strong></span> <span class='ocrx_word' id='word_1_832' title='bbox 2502 4110 2655 4167; x_wconf 82' lang='lat' dir='ltr'><strong>Golh.</strong></span> <span class='ocrx_word' id='word_1_833' title='bbox 2711 4126 2832 4165; x_wconf 91' lang='lat' dir='ltr'><strong>cum</strong></span> <span class='ocrx_word' id='word_1_834' title='bbox 2862 4110 3048 4167; x_wconf 89' lang='lat' dir='ltr'><strong>Germ.</strong></span> <span class='ocrx_word' id='word_1_835' title='bbox 3100 4110 3406 4167; x_wconf 83' lang='lat' dir='ltr'><strong>faventibus</strong></span> 
     </span>
    </p>
   </div>
   <div class='ocr_carea' id='block_1_111' title="bbox 1817 4180 2288 4252">
    <p class='ocr_par' dir='ltr' id='par_1_111' title="bbox 1817 4180 2288 4252">
     <span class='ocr_line' id='line_1_111' title="bbox 1817 4180 2288 4252; baseline 0.002 -17"><span class='ocrx_word' id='word_1_836' title='bbox 1817 4180 1959 4245; x_wconf 86' lang='lat' dir='ltr'><strong>aliis,</strong></span> <span class='ocrx_word' id='word_1_837' title='bbox 1991 4186 2288 4252; x_wconf 71' lang='lat' dir='ltr'><strong>offerretur.</strong></span> 
     </span>
    </p>
   </div>
   <div class='ocr_carea' id='block_1_112' title="bbox 1889 4253 3333 4324">
    <p class='ocr_par' dir='ltr' id='par_1_112' title="bbox 1889 4253 3333 4324">
     <span class='ocr_line' id='line_1_112' title="bbox 1889 4253 3333 4324; baseline -0.001 -17"><span class='ocrx_word' id='word_1_838' title='bbox 1889 4253 1956 4324; x_wconf 88' lang='grc' dir='ltr'><strong>(ι)</strong></span> <span class='ocrx_word' id='word_1_839' title='bbox 1997 4253 2140 4308; x_wconf 85' lang='lat' dir='ltr'><strong>Editi</strong></span> <span class='ocrx_word' id='word_1_840' title='bbox 2160 4294 2174 4319; x_wconf 88' lang='lat'><strong>,</strong></span> <span class='ocrx_word' id='word_1_841' title='bbox 2205 4253 2375 4308; x_wconf 83' lang='lat' dir='ltr'><strong>adhuc</strong></span> <span class='ocrx_word' id='word_1_842' title='bbox 2404 4262 2636 4308; x_wconf 79' lang='lat' dir='ltr'><strong>tacentur</strong></span> <span class='ocrx_word' id='word_1_843' title='bbox 2672 4269 2691 4309; x_wconf 93' lang='lat'><strong><em>:</em></strong></span> <span class='ocrx_word' id='word_1_844' title='bbox 2720 4253 3076 4309; x_wconf 87' lang='lat' dir='ltr'><strong>emcndantur</strong></span> <span class='ocrx_word' id='word_1_845' title='bbox 3109 4264 3173 4308; x_wconf 77' lang='lat' dir='ltr'><strong>es</strong></span> <span class='ocrx_word' id='word_1_846' title='bbox 3202 4269 3333 4309; x_wconf 89' lang='lat' dir='ltr'><strong>mss.</strong></span> 
     </span>
    </p>
   </div>
   <div class='ocr_carea' id='block_1_113' title="bbox 1889 4344 3412 4421">
    <p class='ocr_par' dir='ltr' id='par_1_113' title="bbox 1889 4344 3412 4421">
     <span class='ocr_line' id='line_1_113' title="bbox 1889 4344 3412 4421; baseline -0.002 -18"><span class='ocrx_word' id='word_1_847' title='bbox 1889 4349 1985 4421; x_wconf 89' lang='lat' dir='ltr'><strong>(m)</strong></span> <span class='ocrx_word' id='word_1_848' title='bbox 2035 4344 2268 4402; x_wconf 80' lang='lat' dir='ltr'><strong>Verbum</strong></span> <span class='ocrx_word' id='word_1_849' title='bbox 2298 4348 2538 4421; x_wconf 77' lang='lat' dir='ltr'><strong>dicantur</strong></span> <span class='ocrx_word' id='word_1_850' title='bbox 2562 4348 2615 4402; x_wconf 89' lang='lat' dir='ltr'><strong>in</strong></span> <span class='ocrx_word' id='word_1_851' title='bbox 2661 4356 2761 4421; x_wconf 82' lang='lat' dir='ltr'><strong>ms.</strong></span> <span class='ocrx_word' id='word_1_852' title='bbox 2789 4346 3001 4421; x_wconf 76' lang='lat' dir='ltr'><strong>Remig.</strong></span> <span class='ocrx_word' id='word_1_853' title='bbox 3032 4348 3229 4415; x_wconf 69' lang='lat' dir='ltr'><strong>escipit</strong></span> <span class='ocrx_word' id='word_1_854' title='bbox 3260 4346 3412 4402; x_wconf 88' lang='lat' dir='ltr'><strong>addi-</strong></span> 
     </span>
    </p>
   </div>
   <div class='ocr_carea' id='block_1_114' title="bbox 1818 4419 3403 4489">
    <p class='ocr_par' dir='ltr' id='par_1_114' title="bbox 1818 4419 3403 4489">
     <span class='ocr_line' id='line_1_114' title="bbox 1818 4419 3403 4489; baseline -0.001 -15"><span class='ocrx_word' id='word_1_855' title='bbox 1818 4419 2134 4483; x_wconf 77' lang='lat' dir='ltr'><strong>taritentdtn,</strong></span> <span class='ocrx_word' id='word_1_856' title='bbox 2166 4420 2308 4488; x_wconf 80' lang='lat' dir='ltr'><strong>quod</strong></span> <span class='ocrx_word' id='word_1_857' title='bbox 2337 4422 2386 4472; x_wconf 91' lang='lat' dir='ltr'><strong>tn</strong></span> <span class='ocrx_word' id='word_1_858' title='bbox 2414 4421 2573 4474; x_wconf 85' lang='lat' dir='ltr'><strong>Garh.</strong></span> <span class='ocrx_word' id='word_1_859' title='bbox 2610 4426 2665 4473; x_wconf 89' lang='lat' dir='ltr'><strong>et</strong></span> <span class='ocrx_word' id='word_1_860' title='bbox 2693 4419 2851 4475; x_wconf 83' lang='lat' dir='ltr'><strong>Mich.</strong></span> <span class='ocrx_word' id='word_1_861' title='bbox 2879 4422 3142 4489; x_wconf 84' lang='lat' dir='ltr'><strong>superiori</strong></span> <span class='ocrx_word' id='word_1_862' title='bbox 3175 4430 3403 4473; x_wconf 85' lang='lat' dir='ltr'><strong>senten-</strong></span> 
     </span>
    </p>
   </div>
   <div class='ocr_carea' id='block_1_115' title="bbox 1818 4490 3410 4562">
    <p class='ocr_par' dir='ltr' id='par_1_115' title="bbox 1818 4490 3410 4562">
     <span class='ocr_line' id='line_1_115' title="bbox 1818 4490 3410 4562; baseline -0.003 -16"><span class='ocrx_word' id='word_1_863' title='bbox 1818 4493 1924 4555; x_wconf 76' lang='lat' dir='ltr'><strong>tizn,</strong></span> <span class='ocrx_word' id='word_1_864' title='bbox 1953 4492 2012 4546; x_wconf 78' lang='lat' dir='ltr'><strong>Si</strong></span> <span class='ocrx_word' id='word_1_865' title='bbox 2041 4498 2211 4545; x_wconf 72' lang='lat' dir='ltr'><strong>autem</strong></span> <span class='ocrx_word' id='word_1_866' title='bbox 2240 4490 2359 4557; x_wconf 77' lang='lat' dir='ltr'><strong>tyula</strong></span> <span class='ocrx_word' id='word_1_867' title='bbox 2390 4502 2491 4544; x_wconf 77' lang='lat' dir='ltr'><strong>non</strong></span> <span class='ocrx_word' id='word_1_868' title='bbox 2523 4498 2657 4545; x_wconf 71' lang='lat' dir='ltr'><strong>recte</strong></span> <span class='ocrx_word' id='word_1_869' title='bbox 2686 4492 2875 4562; x_wconf 82' lang='lat' dir='ltr'><strong>scripta</strong></span> <span class='ocrx_word' id='word_1_870' title='bbox 2904 4502 3022 4545; x_wconf 82' lang='lat' dir='ltr'><strong>sunt</strong></span> <span class='ocrx_word' id='word_1_871' title='bbox 3043 4536 3056 4557; x_wconf 84' lang='lat'><strong>,</strong></span> <span class='ocrx_word' id='word_1_872' title='bbox 3114 4492 3219 4547; x_wconf 83' lang='lat' dir='ltr'><strong>clc.</strong></span> <span class='ocrx_word' id='word_1_873' title='bbox 3246 4535 3260 4556; x_wconf 90' lang='lat'><strong>,</strong></span> <span class='ocrx_word' id='word_1_874' title='bbox 3311 4492 3410 4542; x_wconf 80' lang='lat' dir='ltr'><strong>mi-</strong></span> 
     </span>
    </p>
   </div>
   <div class='ocr_carea' id='block_1_116' title="bbox 1817 4562 3411 4635">
    <p class='ocr_par' dir='ltr' id='par_1_116' title="bbox 1817 4562 3411 4635">
     <span class='ocr_line' id='line_1_116' title="bbox 1817 4562 3411 4635; baseline -0.002 -18"><span class='ocrx_word' id='word_1_875' title='bbox 1817 4578 1914 4635; x_wconf 83' lang='lat' dir='ltr'><strong>nus</strong></span> <span class='ocrx_word' id='word_1_876' title='bbox 1942 4570 2064 4635; x_wconf 83' lang='lat' dir='ltr'><strong>apte</strong></span> <span class='ocrx_word' id='word_1_877' title='bbox 2092 4563 2403 4635; x_wconf 15' lang='lat' dir='ltr'><strong>gprrellgitur</strong></span> <span class='ocrx_word' id='word_1_878' title='bbox 2429 4580 2442 4627; x_wconf 86' lang='lat'><strong>;</strong></span> <span class='ocrx_word' id='word_1_879' title='bbox 2485 4562 2714 4618; x_wconf 81' lang='lat' dir='ltr'><strong>habetur</strong></span> <span class='ocrx_word' id='word_1_880' title='bbox 2746 4574 2875 4617; x_wconf 88' lang='lat' dir='ltr'><strong>vero</strong></span> <span class='ocrx_word' id='word_1_881' title='bbox 2901 4562 2965 4616; x_wconf 79' lang='lat' dir='ltr'><strong>ad</strong></span> <span class='ocrx_word' id='word_1_882' title='bbox 3008 4563 3411 4635; x_wconf 11' lang='lat' dir='ltr'><strong>oratn‘alterius</strong></span> 
     </span>
    </p>
   </div>
   <div class='ocr_carea' id='block_1_117' title="bbox 1817 4632 3412 4689">
    <p class='ocr_par' dir='ltr' id='par_1_117' title="bbox 1817 4632 3412 4689">
     <span class='ocr_line' id='line_1_117' title="bbox 1817 4632 3412 4689; baseline -0.003 0"><span class='ocrx_word' id='word_1_883' title='bbox 1817 4632 1991 4689; x_wconf 58' lang='lat' dir='ltr'><strong>Carnf</strong></span> <span class='ocrx_word' id='word_1_884' title='bbox 2013 4644 2067 4689; x_wconf 87' lang='lat' dir='ltr'><strong>et</strong></span> <span class='ocrx_word' id='word_1_885' title='bbox 2090 4633 2229 4689; x_wconf 88' lang='lat' dir='ltr'><strong>Tell.</strong></span> <span class='ocrx_word' id='word_1_886' title='bbox 2261 4651 2275 4688; x_wconf 90' lang='lat'><strong>:</strong></span> <span class='ocrx_word' id='word_1_887' title='bbox 2304 4633 2437 4688; x_wconf 78' lang='lat' dir='ltr'><strong>Ante</strong></span> <span class='ocrx_word' id='word_1_888' title='bbox 2465 4634 2727 4688; x_wconf 72' lang='lat' dir='ltr'><strong>existimor</strong></span> <span class='ocrx_word' id='word_1_889' title='bbox 2750 4634 3092 4689; x_wconf 69' lang='lat' dir='ltr'><strong>suspicionem</strong></span> <span class='ocrx_word' id='word_1_890' title='bbox 3123 4633 3184 4685; x_wconf 82' lang='lat' dir='ltr'><strong>ab</strong></span> <span class='ocrx_word' id='word_1_891' title='bbox 3207 4632 3284 4686; x_wconf 83' lang='lat' dir='ltr'><strong>Itis</strong></span> <span class='ocrx_word' id='word_1_892' title='bbox 3297 4633 3412 4686; x_wconf 77' lang='lat' dir='ltr'><strong>tuli-</strong></span> 
     </span>
    </p>
   </div>
   <div class='ocr_carea' id='block_1_118' title="bbox 1819 4704 3408 4776">
    <p class='ocr_par' dir='ltr' id='par_1_118' title="bbox 1819 4704 3408 4776">
     <span class='ocr_line' id='line_1_118' title="bbox 1819 4704 3408 4776; baseline -0.003 -17"><span class='ocrx_word' id='word_1_893' title='bbox 1819 4722 1971 4775; x_wconf 85' lang='lat' dir='ltr'><strong>mere,</strong></span> <span class='ocrx_word' id='word_1_894' title='bbox 2004 4709 2081 4762; x_wconf 83' lang='lat' dir='ltr'><strong>vel</strong></span> <span class='ocrx_word' id='word_1_895' title='bbox 2120 4712 2179 4759; x_wconf 86' lang='lat' dir='ltr'><strong>ed</strong></span> <span class='ocrx_word' id='word_1_896' title='bbox 2210 4707 2422 4761; x_wconf 78' lang='lat' dir='ltr'><strong>laudare</strong></span> <span class='ocrx_word' id='word_1_897' title='bbox 2445 4707 2628 4776; x_wconf 80' lang='lat' dir='ltr'><strong>quibus</strong></span> <span class='ocrx_word' id='word_1_898' title='bbox 2655 4704 2856 4775; x_wconf 86' lang='lat' dir='ltr'><strong>parco?</strong></span> <span class='ocrx_word' id='word_1_899' title='bbox 2896 4704 3113 4758; x_wconf 82' lang='lat' dir='ltr'><strong>Parcere</strong></span> <span class='ocrx_word' id='word_1_900' title='bbox 3144 4704 3279 4756; x_wconf 81' lang='lat' dir='ltr'><strong>enim</strong></span> <span class='ocrx_word' id='word_1_901' title='bbox 3304 4745 3317 4762; x_wconf 82' lang='lat'><strong>.</strong></span> <span class='ocrx_word' id='word_1_902' title='bbox 3362 4712 3408 4776; x_wconf 82' lang='lat' dir='ltr'><strong>et</strong></span> 
     </span>
    </p>
   </div>
   <div class='ocr_carea' id='block_1_119' title="bbox 1818 4774 3411 4849">
    <p class='ocr_par' dir='ltr' id='par_1_119' title="bbox 1818 4774 3411 4849">
     <span class='ocr_line' id='line_1_119' title="bbox 1818 4774 3411 4849; baseline -0.003 -17"><span class='ocrx_word' id='word_1_903' title='bbox 1818 4792 1930 4832; x_wconf 86' lang='lat' dir='ltr'><strong>cum</strong></span> <span class='ocrx_word' id='word_1_904' title='bbox 1961 4780 2202 4834; x_wconf 83' lang='lat' dir='ltr'><strong>dilatione</strong></span> <span class='ocrx_word' id='word_1_905' title='bbox 2224 4778 2290 4832; x_wconf 87' lang='lat' dir='ltr'><strong>atl</strong></span> <span class='ocrx_word' id='word_1_906' title='bbox 2314 4779 2407 4832; x_wconf 84' lang='lat' dir='ltr'><strong>hoc</strong></span> <span class='ocrx_word' id='word_1_907' title='bbox 2432 4774 2568 4849; x_wconf 76' lang='lat' dir='ltr'><strong>(ins.</strong></span> <span class='ocrx_word' id='word_1_908' title='bbox 2600 4774 2757 4831; x_wconf 83' lang='lat' dir='ltr'><strong>Mich.</strong></span> <span class='ocrx_word' id='word_1_909' title='bbox 2785 4778 2847 4831; x_wconf 84' lang='lat' dir='ltr'><strong>ab</strong></span> <span class='ocrx_word' id='word_1_910' title='bbox 2868 4776 2995 4848; x_wconf 87' lang='lat' dir='ltr'><strong>hoc)</strong></span> <span class='ocrx_word' id='word_1_911' title='bbox 3025 4788 3252 4847; x_wconf 78' lang='lat' dir='ltr'><strong>parcere,</strong></span> <span class='ocrx_word' id='word_1_912' title='bbox 3276 4774 3411 4829; x_wconf 79' lang='lat' dir='ltr'><strong>nihil</strong></span> 
     </span>
    </p>
   </div>
   <div class='ocr_carea' id='block_1_120' title="bbox 1817 4849 2442 4920">
    <p class='ocr_par' dir='ltr' id='par_1_120' title="bbox 1817 4849 2442 4920">
     <span class='ocr_line' id='line_1_120' title="bbox 1817 4849 2442 4920; baseline -0.003 -18"><span class='ocrx_word' id='word_1_913' title='bbox 1817 4849 2033 4920; x_wconf 81' lang='lat' dir='ltr'><strong>improbi</strong></span> <span class='ocrx_word' id='word_1_914' title='bbox 2059 4859 2133 4905; x_wconf 82' lang='lat' dir='ltr'><strong>est</strong></span> <span class='ocrx_word' id='word_1_915' title='bbox 2159 4856 2205 4905; x_wconf 71' lang='lat' dir='ltr'><strong>et</strong></span> <span class='ocrx_word' id='word_1_916' title='bbox 2230 4853 2442 4903; x_wconf 79' lang='lat' dir='ltr'><strong>remissi.</strong></span> 
     </span>
    </p>
   </div>
   <div class='ocr_carea' id='block_1_121' title="bbox 1891 4917 3412 4987">
    <p class='ocr_par' dir='ltr' id='par_1_121' title="bbox 1891 4917 3412 4987">
     <span class='ocr_line' id='line_1_121' title="bbox 1891 4917 3412 4987; baseline -0.003 -14"><span class='ocrx_word' id='word_1_917' title='bbox 1891 4917 1968 4974; x_wconf 65' lang='lat' dir='ltr'><strong>An</strong></span> <span class='ocrx_word' id='word_1_918' title='bbox 2011 4923 2089 4975; x_wconf 82' lang='lat' dir='ltr'><strong>hic</strong></span> <span class='ocrx_word' id='word_1_919' title='bbox 2129 4921 2347 4975; x_wconf 81' lang='lat' dir='ltr'><strong>similem</strong></span> <span class='ocrx_word' id='word_1_920' title='bbox 2394 4920 2729 4974; x_wconf 80' lang='lat' dir='ltr'><strong>substantiam</strong></span> <span class='ocrx_word' id='word_1_921' title='bbox 2759 4919 2905 4972; x_wconf 83' lang='lat' dir='ltr'><strong>aliud</strong></span> <span class='ocrx_word' id='word_1_922' title='bbox 2953 4918 3119 4987; x_wconf 87' lang='lat' dir='ltr'><strong>patior</strong></span> <span class='ocrx_word' id='word_1_923' title='bbox 3166 4928 3273 4971; x_wconf 79' lang='lat' dir='ltr'><strong>esse</strong></span> <span class='ocrx_word' id='word_1_924' title='bbox 3310 4917 3412 4970; x_wconf 84' lang='lat' dir='ltr'><strong>nisi</strong></span> 
     </span>
    </p>
   </div>
   <div class='ocr_carea' id='block_1_122' title="bbox 1816 4990 3407 5063">
    <p class='ocr_par' dir='ltr' id='par_1_122' title="bbox 1816 4990 3407 5063">
     <span class='ocr_line' id='line_1_122' title="bbox 1816 4990 3407 5063; baseline -0.003 -17"><span class='ocrx_word' id='word_1_925' title='bbox 1816 4995 2011 5048; x_wconf 83' lang='lat' dir='ltr'><strong>unum?</strong></span> <span class='ocrx_word' id='word_1_926' title='bbox 2038 5008 2151 5063; x_wconf 74' lang='lat' dir='ltr'><strong>qua:</strong></span> <span class='ocrx_word' id='word_1_927' title='bbox 2171 4996 2216 5047; x_wconf 84' lang='lat' dir='ltr'><strong>si</strong></span> <span class='ocrx_word' id='word_1_928' title='bbox 2245 5006 2347 5046; x_wconf 81' lang='lat' dir='ltr'><strong>non</strong></span> <span class='ocrx_word' id='word_1_929' title='bbox 2372 5002 2474 5045; x_wconf 83' lang='lat' dir='ltr'><strong>una</strong></span> <span class='ocrx_word' id='word_1_930' title='bbox 2496 4992 2559 5045; x_wconf 84' lang='lat' dir='ltr'><strong>sit</strong></span> <span class='ocrx_word' id='word_1_931' title='bbox 2591 4990 3071 5063; x_wconf 84' lang='lat' dir='ltr'><strong>anteacon/itenda,</strong></span> <span class='ocrx_word' id='word_1_932' title='bbox 3089 4992 3205 5062; x_wconf 86' lang='lat' dir='ltr'><strong>jam</strong></span> <span class='ocrx_word' id='word_1_933' title='bbox 3235 4998 3407 5057; x_wconf 83' lang='lat' dir='ltr'><strong>postea</strong></span> 
     </span>
    </p>
   </div>
   <div class='ocr_carea' id='block_1_123' title="bbox 1818 5062 3407 5134">
    <p class='ocr_par' dir='ltr' id='par_1_123' title="bbox 1818 5062 3407 5134">
     <span class='ocr_line' id='line_1_123' title="bbox 1818 5062 3407 5134; baseline -0.003 -17"><span class='ocrx_word' id='word_1_934' title='bbox 1818 5065 1973 5134; x_wconf 88' lang='lat' dir='ltr'><strong>impie</strong></span> <span class='ocrx_word' id='word_1_935' title='bbox 2011 5062 2073 5118; x_wconf 85' lang='lat' dir='ltr'><strong>sit</strong></span> <span class='ocrx_word' id='word_1_936' title='bbox 2100 5063 2283 5119; x_wconf 84' lang='lat' dir='ltr'><strong>similis</strong></span> <span class='ocrx_word' id='word_1_937' title='bbox 2328 5063 2676 5134; x_wconf 77' lang='lat' dir='ltr'><strong>prtedicanda.</strong></span> <span class='ocrx_word' id='word_1_938' title='bbox 2721 5062 2837 5134; x_wconf 82' lang='lat' dir='ltr'><strong>Quo</strong></span> <span class='ocrx_word' id='word_1_939' title='bbox 2868 5074 3132 5129; x_wconf 86' lang='lat' dir='ltr'><strong>responso</strong></span> <span class='ocrx_word' id='word_1_940' title='bbox 3163 5063 3407 5130; x_wconf 82' lang='lat' dir='ltr'><strong>apposite</strong></span> 
     </span>
    </p>
   </div>
   <div class='ocr_carea' id='block_1_124' title="bbox 1823 5132 3406 5202">
    <p class='ocr_par' dir='ltr' id='par_1_124' title="bbox 1823 5132 3406 5202">
     <span class='ocr_line' id='line_1_124' title="bbox 1823 5132 3406 5202; baseline -0.003 -13"><span class='ocrx_word' id='word_1_941' title='bbox 1823 5132 2059 5189; x_wconf 87' lang='lat' dir='ltr'><strong>ostendit</strong></span> <span class='ocrx_word' id='word_1_942' title='bbox 2082 5136 2332 5198; x_wconf 87' lang='lat' dir='ltr'><strong>llilarlns,</strong></span> <span class='ocrx_word' id='word_1_943' title='bbox 2362 5150 2421 5186; x_wconf 90' lang='lat' dir='ltr'><strong>se</strong></span> <span class='ocrx_word' id='word_1_944' title='bbox 2448 5135 2514 5187; x_wconf 83' lang='lat' dir='ltr'><strong>ab</strong></span> <span class='ocrx_word' id='word_1_945' title='bbox 2535 5132 2896 5187; x_wconf 87' lang='lat' dir='ltr'><strong>Orientalibus</strong></span> <span class='ocrx_word' id='word_1_946' title='bbox 2918 5133 3275 5202; x_wconf 84' lang='lat' dir='ltr'><strong>suspicionem</strong></span> <span class='ocrx_word' id='word_1_947' title='bbox 3301 5146 3406 5184; x_wconf 80' lang='lat' dir='ltr'><strong>non</strong></span> 
     </span>
    </p>
   </div>
   <div class='ocr_carea' id='block_1_125' title="bbox 1823 5202 3405 5274">
    <p class='ocr_par' dir='ltr' id='par_1_125' title="bbox 1823 5202 3405 5274">
     <span class='ocr_line' id='line_1_125' title="bbox 1823 5202 3405 5274; baseline -0.002 -16"><span class='ocrx_word' id='word_1_948' title='bbox 1823 5206 2081 5260; x_wconf 88' lang='lat' dir='ltr'><strong>adimere.</strong></span> <span class='ocrx_word' id='word_1_949' title='bbox 2120 5205 2253 5260; x_wconf 84' lang='lat' dir='ltr'><strong>Nam</strong></span> <span class='ocrx_word' id='word_1_950' title='bbox 2283 5205 2375 5274; x_wconf 89' lang='lat' dir='ltr'><strong>qui</strong></span> <span class='ocrx_word' id='word_1_951' title='bbox 2403 5205 2555 5259; x_wconf 85' lang='lat' dir='ltr'><strong>timet</strong></span> <span class='ocrx_word' id='word_1_952' title='bbox 2595 5218 2658 5258; x_wconf 89' lang='lat' dir='ltr'><strong>ac</strong></span> <span class='ocrx_word' id='word_1_953' title='bbox 2697 5212 2854 5259; x_wconf 77' lang='lat' dir='ltr'><strong>cavet</strong></span> <span class='ocrx_word' id='word_1_954' title='bbox 2875 5245 2889 5266; x_wconf 87' lang='lat'><strong>,</strong></span> <span class='ocrx_word' id='word_1_955' title='bbox 2922 5221 2988 5259; x_wconf 87' lang='lat' dir='ltr'><strong>ne</strong></span> <span class='ocrx_word' id='word_1_956' title='bbox 3018 5203 3159 5274; x_wconf 88' lang='lat' dir='ltr'><strong>quod</strong></span> <span class='ocrx_word' id='word_1_957' title='bbox 3189 5202 3405 5257; x_wconf 79' lang='lat' dir='ltr'><strong>taritnut</strong></span> 
     </span>
    </p>
   </div>
   <div class='ocr_carea' id='block_1_126' title="bbox 1824 5275 3404 5345">
    <p class='ocr_par' dir='ltr' id='par_1_126' title="bbox 1824 5275 3404 5345">
     <span class='ocr_line' id='line_1_126' title="bbox 1824 5275 3404 5345; baseline -0.003 -15"><span class='ocrx_word' id='word_1_958' title='bbox 1824 5286 1935 5341; x_wconf 82' lang='lat' dir='ltr'><strong>est,</strong></span> <span class='ocrx_word' id='word_1_959' title='bbox 1982 5276 2271 5345; x_wconf 76' lang='lat' dir='ltr'><strong>aliquando</strong></span> <span class='ocrx_word' id='word_1_960' title='bbox 2317 5278 2563 5340; x_wconf 81' lang='lat' dir='ltr'><strong>dicatur,</strong></span> <span class='ocrx_word' id='word_1_961' title='bbox 2626 5291 2732 5330; x_wconf 90' lang='lat' dir='ltr'><strong>non</strong></span> <span class='ocrx_word' id='word_1_962' title='bbox 2785 5286 2867 5329; x_wconf 89' lang='lat' dir='ltr'><strong>est</strong></span> <span class='ocrx_word' id='word_1_963' title='bbox 2920 5277 3038 5330; x_wconf 90' lang='lat' dir='ltr'><strong>sine</strong></span> <span class='ocrx_word' id='word_1_964' title='bbox 3078 5275 3404 5344; x_wconf 87' lang='lat' dir='ltr'><strong>suspicione.</strong></span> 
     </span>
    </p>
   </div>
   <div class='ocr_carea' id='block_1_127' title="bbox 1821 5345 3404 5419">
    <p class='ocr_par' dir='ltr' id='par_1_127' title="bbox 1821 5345 3404 5419">
     <span class='ocr_line' id='line_1_127' title="bbox 1821 5345 3404 5419; baseline -0.005 -15"><span class='ocrx_word' id='word_1_965' title='bbox 1821 5347 2003 5419; x_wconf 88' lang='lat' dir='ltr'><strong>Longe</strong></span> <span class='ocrx_word' id='word_1_966' title='bbox 2027 5349 2201 5401; x_wconf 88' lang='lat' dir='ltr'><strong>minus</strong></span> <span class='ocrx_word' id='word_1_967' title='bbox 2227 5347 2451 5419; x_wconf 66' lang='lat' dir='ltr'><strong>laudat,</strong></span> <span class='ocrx_word' id='word_1_968' title='bbox 2472 5349 2562 5416; x_wconf 89' lang='lat' dir='ltr'><strong>qui</strong></span> <span class='ocrx_word' id='word_1_969' title='bbox 2588 5345 2910 5415; x_wconf 85' lang='lat' dir='ltr'><strong>parcendum</strong></span> <span class='ocrx_word' id='word_1_970' title='bbox 2938 5354 3105 5415; x_wconf 87' lang='lat' dir='ltr'><strong>putat.</strong></span> <span class='ocrx_word' id='word_1_971' title='bbox 3138 5345 3251 5419; x_wconf 75' lang='lat' dir='ltr'><strong>Non</strong></span> <span class='ocrx_word' id='word_1_972' title='bbox 3287 5361 3404 5419; x_wconf 76' lang='lat' dir='ltr'><strong>par-</strong></span> 
     </span>
    </p>
   </div>
   <div class='ocr_carea' id='block_1_128' title="bbox 1822 5417 3408 5489">
    <p class='ocr_par' dir='ltr' id='par_1_128' title="bbox 1822 5417 3408 5489">
     <span class='ocr_line' id='line_1_128' title="bbox 1822 5417 3408 5489; baseline -0.004 -13"><span class='ocrx_word' id='word_1_973' title='bbox 1822 5419 1896 5476; x_wconf 88' lang='lat' dir='ltr'><strong>cit</strong></span> <span class='ocrx_word' id='word_1_974' title='bbox 1924 5417 2098 5473; x_wconf 29' lang='lat' dir='ltr'><strong>a‘ntcm</strong></span> <span class='ocrx_word' id='word_1_975' title='bbox 2128 5420 2229 5474; x_wconf 88' lang='lat' dir='ltr'><strong>nisi</strong></span> <span class='ocrx_word' id='word_1_976' title='bbox 2256 5426 2376 5475; x_wconf 86' lang='lat' dir='ltr'><strong>cum</strong></span> <span class='ocrx_word' id='word_1_977' title='bbox 2403 5417 2660 5473; x_wconf 88' lang='lat' dir='ltr'><strong>dilatione</strong></span> <span class='ocrx_word' id='word_1_978' title='bbox 2680 5460 2695 5484; x_wconf 94' lang='lat'><strong>,</strong></span> <span class='ocrx_word' id='word_1_979' title='bbox 2730 5420 2819 5489; x_wconf 88' lang='lat' dir='ltr'><strong>qui</strong></span> <span class='ocrx_word' id='word_1_980' title='bbox 2871 5434 2992 5489; x_wconf 72' lang='lat' dir='ltr'><strong>mox</strong></span> <span class='ocrx_word' id='word_1_981' title='bbox 3022 5418 3238 5472; x_wconf 87' lang='lat' dir='ltr'><strong>tandem</strong></span> <span class='ocrx_word' id='word_1_982' title='bbox 3290 5417 3408 5471; x_wconf 84' lang='lat' dir='ltr'><strong>ani—</strong></span> 
     </span>
    </p>
   </div>
   <div class='ocr_carea' id='block_1_129' title="bbox 1823 5488 3398 5561">
    <p class='ocr_par' dir='ltr' id='par_1_129' title="bbox 1823 5488 3398 5561">
     <span class='ocr_line' id='line_1_129' title="bbox 1823 5488 3398 5561; baseline -0.003 -14"><span class='ocrx_word' id='word_1_983' title='bbox 1823 5507 1967 5547; x_wconf 88' lang='lat' dir='ltr'><strong>mum</strong></span> <span class='ocrx_word' id='word_1_984' title='bbox 1991 5505 2144 5545; x_wconf 90' lang='lat' dir='ltr'><strong>suum</strong></span> <span class='ocrx_word' id='word_1_985' title='bbox 2168 5490 2339 5561; x_wconf 91' lang='lat' dir='ltr'><strong>aperit</strong></span> <span class='ocrx_word' id='word_1_986' title='bbox 2364 5491 2417 5544; x_wconf 91' lang='lat' dir='ltr'><strong>in</strong></span> <span class='ocrx_word' id='word_1_987' title='bbox 2441 5489 2585 5545; x_wconf 89' lang='lat' dir='ltr'><strong>hunc</strong></span> <span class='ocrx_word' id='word_1_988' title='bbox 2608 5489 2823 5544; x_wconf 89' lang='lat' dir='ltr'><strong>modum</strong></span> <span class='ocrx_word' id='word_1_989' title='bbox 2855 5506 2869 5542; x_wconf 88' lang='lat'><strong>:</strong></span> <span class='ocrx_word' id='word_1_990' title='bbox 2899 5488 3032 5543; x_wconf 89' lang='lat' dir='ltr'><strong>Date</strong></span> <span class='ocrx_word' id='word_1_991' title='bbox 3056 5490 3270 5561; x_wconf 83' lang='lat' dir='ltr'><strong>veniam,</strong></span> <span class='ocrx_word' id='word_1_992' title='bbox 3306 5491 3398 5556; x_wconf 73' lang='lat' dir='ltr'><strong>{ra</strong></span> 
     </span>
    </p>
   </div>
   <div class='ocr_carea' id='block_1_130' title="bbox 1818 5560 3405 5631">
    <p class='ocr_par' dir='ltr' id='par_1_130' title="bbox 1818 5560 3405 5631">
     <span class='ocr_line' id='line_1_130' title="bbox 1818 5560 3405 5631; baseline -0.003 -13"><span class='ocrx_word' id='word_1_993' title='bbox 1818 5573 1938 5625; x_wconf 81' lang='lat' dir='ltr'><strong>tres.</strong></span> <span class='ocrx_word' id='word_1_994' title='bbox 1965 5562 2133 5617; x_wconf 87' lang='lat' dir='ltr'><strong>dolori</strong></span> <span class='ocrx_word' id='word_1_995' title='bbox 2171 5560 2279 5618; x_wconf 81' lang='lat' dir='ltr'><strong>meo</strong></span> <span class='ocrx_word' id='word_1_996' title='bbox 2307 5564 2561 5631; x_wconf 79' lang='lat' dir='ltr'><strong>:impium</strong></span> <span class='ocrx_word' id='word_1_997' title='bbox 2599 5570 2673 5616; x_wconf 84' lang='lat' dir='ltr'><strong>est</strong></span> <span class='ocrx_word' id='word_1_998' title='bbox 2717 5561 2853 5631; x_wconf 85' lang='lat' dir='ltr'><strong>quod</strong></span> <span class='ocrx_word' id='word_1_999' title='bbox 2882 5561 3098 5615; x_wconf 81' lang='lat' dir='ltr'><strong>audetis.</strong></span> <span class='ocrx_word' id='word_1_1000' title='bbox 3133 5560 3301 5629; x_wconf 81' lang='lat' dir='ltr'><strong>Quem</strong></span> <span class='ocrx_word' id='word_1_1001' title='bbox 3355 5562 3405 5614; x_wconf 90' lang='lat' dir='ltr'><strong>in</strong></span> 
     </span>
    </p>
   </div>
   <div class='ocr_carea' id='block_1_131' title="bbox 1820 5633 3409 5705">
    <p class='ocr_par' dir='ltr' id='par_1_131' title="bbox 1820 5633 3409 5705">
     <span class='ocr_line' id='line_1_131' title="bbox 1820 5633 3409 5705; baseline -0.004 -14"><span class='ocrx_word' id='word_1_1002' title='bbox 1820 5638 1994 5691; x_wconf 87' lang='lat' dir='ltr'><strong>locum</strong></span> <span class='ocrx_word' id='word_1_1003' title='bbox 2041 5636 2237 5689; x_wconf 88' lang='lat' dir='ltr'><strong>melius</strong></span> <span class='ocrx_word' id='word_1_1004' title='bbox 2285 5636 2602 5705; x_wconf 76' lang='lat' dir='ltr'><strong>rejiceretttr</strong></span> <span class='ocrx_word' id='word_1_1005' title='bbox 2646 5634 2880 5705; x_wconf 83' lang='lat' dir='ltr'><strong>secunda</strong></span> <span class='ocrx_word' id='word_1_1006' title='bbox 2933 5636 3058 5705; x_wconf 80' lang='lat' dir='ltr'><strong>pars</strong></span> <span class='ocrx_word' id='word_1_1007' title='bbox 3111 5633 3409 5705; x_wconf 75' lang='lat' dir='ltr'><strong>superioris</strong></span> 
     </span>
    </p>
   </div>
   <div class='ocr_carea' id='block_1_132' title="bbox 1819 5703 3402 5776">
    <p class='ocr_par' dir='ltr' id='par_1_132' title="bbox 1819 5703 3402 5776">
     <span class='ocr_line' id='line_1_132' title="bbox 1819 5703 3402 5776; baseline -0.004 -13"><span class='ocrx_word' id='word_1_1008' title='bbox 1819 5706 2064 5776; x_wconf 87' lang='lat' dir='ltr'><strong>responsi</strong></span> <span class='ocrx_word' id='word_1_1009' title='bbox 2093 5747 2107 5771; x_wconf 91' lang='lat'><strong>,</strong></span> <span class='ocrx_word' id='word_1_1010' title='bbox 2139 5706 2206 5760; x_wconf 88' lang='lat' dir='ltr'><strong>ab</strong></span> <span class='ocrx_word' id='word_1_1011' title='bbox 2252 5703 2479 5761; x_wconf 39' lang='lat' dir='ltr'><strong>h‘is&#39;scil.</strong></span> <span class='ocrx_word' id='word_1_1012' title='bbox 2521 5704 2697 5760; x_wconf 80' lang='lat' dir='ltr'><strong>verbis</strong></span> <span class='ocrx_word' id='word_1_1013' title='bbox 2720 5747 2735 5768; x_wconf 86' lang='lat'><strong>,</strong></span> <span class='ocrx_word' id='word_1_1014' title='bbox 2769 5704 2846 5757; x_wconf 78' lang='lat' dir='ltr'><strong>An</strong></span> <span class='ocrx_word' id='word_1_1015' title='bbox 2891 5703 2971 5758; x_wconf 79' lang='lat' dir='ltr'><strong>hic</strong></span> <span class='ocrx_word' id='word_1_1016' title='bbox 3013 5704 3232 5758; x_wconf 79' lang='lat' dir='ltr'><strong>similem</strong></span> <span class='ocrx_word' id='word_1_1017' title='bbox 3254 5743 3269 5770; x_wconf 95' lang='lat'><strong>,</strong></span> <span class='ocrx_word' id='word_1_1018' title='bbox 3296 5715 3402 5758; x_wconf 85' lang='lat' dir='ltr'><strong>etc.</strong></span> 
     </span>
    </p>
   </div>
   <div class='ocr_carea' id='block_1_133' title="bbox 1823 5777 3404 5849">
    <p class='ocr_par' dir='ltr' id='par_1_133' title="bbox 1823 5777 3404 5849">
     <span class='ocr_line' id='line_1_133' title="bbox 1823 5777 3404 5849; baseline -0.008 -12"><span class='ocrx_word' id='word_1_1019' title='bbox 1823 5780 1920 5837; x_wconf 86' lang='lat' dir='ltr'><strong>Ubi</strong></span> <span class='ocrx_word' id='word_1_1020' title='bbox 1943 5780 2010 5835; x_wconf 88' lang='lat' dir='ltr'><strong>de</strong></span> <span class='ocrx_word' id='word_1_1021' title='bbox 2031 5778 2383 5836; x_wconf 79' lang='lat' dir='ltr'><strong>Orientalium</strong></span> <span class='ocrx_word' id='word_1_1022' title='bbox 2408 5782 2692 5849; x_wconf 75' lang='lat' dir='ltr'><strong>progressu</strong></span> <span class='ocrx_word' id='word_1_1023' title='bbox 2715 5790 2820 5831; x_wconf 89' lang='lat' dir='ltr'><strong>non</strong></span> <span class='ocrx_word' id='word_1_1024' title='bbox 2849 5777 2916 5831; x_wconf 92' lang='lat' dir='ltr'><strong>ita</strong></span> <span class='ocrx_word' id='word_1_1025' title='bbox 2939 5777 3237 5849; x_wconf 58' lang='lat' dir='ltr'><strong>grrtulatnr</strong></span> <span class='ocrx_word' id='word_1_1026' title='bbox 3278 5778 3404 5849; x_wconf 78' lang='lat' dir='ltr'><strong>quin</strong></span> 
     </span>
    </p>
   </div>
   <div class='ocr_carea' id='block_1_134' title="bbox 1820 5845 3406 5925">
    <p class='ocr_par' dir='ltr' id='par_1_134' title="bbox 1820 5845 3406 5925">
     <span class='ocr_line' id='line_1_134' title="bbox 1820 5845 3406 5925; baseline -0.003 -19"><span class='ocrx_word' id='word_1_1027' title='bbox 1820 5852 2087 5925; x_wconf 79' lang='lat' dir='ltr'><strong>quasdam</strong></span> <span class='ocrx_word' id='word_1_1028' title='bbox 2129 5854 2186 5925; x_wconf 90' lang='lat' dir='ltr'><strong>iu_</strong></span> <span class='ocrx_word' id='word_1_1029' title='bbox 2221 5852 2298 5925; x_wconf 85' lang='lat' dir='ltr'><strong>eis</strong></span> <span class='ocrx_word' id='word_1_1030' title='bbox 2340 5845 2631 5925; x_wconf 69' lang='lat' dir='ltr'><strong>impieiatis</strong></span> <span class='ocrx_word' id='word_1_1031' title='bbox 2661 5845 2979 5925; x_wconf 48' lang='lat' dir='ltr'><strong>quisquilias</strong></span> <span class='ocrx_word' id='word_1_1032' title='bbox 3030 5849 3306 5923; x_wconf 73' lang='lat' dir='ltr'><strong>advertat,</strong></span> <span class='ocrx_word' id='word_1_1033' title='bbox 3338 5845 3406 5923; x_wconf 73' lang='lat' dir='ltr'><strong>(id</strong></span> 
     </span>
    </p>
   </div>
   <div class='ocr_carea' id='block_1_135' title="bbox 172 5910 2564 6001">
    <p class='ocr_par' dir='ltr' id='par_1_135' title="bbox 172 5910 2564 6001">
     <span class='ocr_line' id='line_1_135' title="bbox 172 5910 2564 6001; baseline 0.005 -32"><span class='ocrx_word' id='word_1_1034' title='bbox 172 5910 343 5991; x_wconf 78' lang='lat' dir='ltr'><strong>larius,</strong></span> <span class='ocrx_word' id='word_1_1035' title='bbox 362 5910 454 5977; x_wconf 72' lang='lat' dir='ltr'><strong>sed</strong></span> <span class='ocrx_word' id='word_1_1036' title='bbox 472 5910 685 5995; x_wconf 73' lang='lat' dir='ltr'><strong>aliquos</strong></span> <span class='ocrx_word' id='word_1_1037' title='bbox 702 5930 759 5981; x_wconf 90' lang='lat' dir='ltr'><strong>ut</strong></span> <span class='ocrx_word' id='word_1_1038' title='bbox 778 5922 844 5983; x_wconf 81' lang='lat' dir='ltr'><strong>iis</strong></span> <span class='ocrx_word' id='word_1_1039' title='bbox 867 5920 1045 5981; x_wconf 82' lang='lat' dir='ltr'><strong>subsci</strong></span> <span class='ocrx_word' id='word_1_1040' title='bbox 1058 5920 1266 5982; x_wconf 84' lang='lat' dir='ltr'><strong>ibereut</strong></span> <span class='ocrx_word' id='word_1_1041' title='bbox 1296 5910 1479 5983; x_wconf 58' lang='lat' dir='ltr'><strong>Siiinii</strong></span> <span class='ocrx_word' id='word_1_1042' title='bbox 1500 5933 1718 5984; x_wconf 78' lang='lat' dir='ltr'><strong>coactos</strong></span> <span class='ocrx_word' id='word_1_1043' title='bbox 1814 5910 2011 6001; x_wconf 74' lang='lat' dir='ltr'><strong>quibus</strong></span> <span class='ocrx_word' id='word_1_1044' title='bbox 2030 5923 2133 5987; x_wconf 82' lang='lat' dir='ltr'><strong>sibi</strong></span> <span class='ocrx_word' id='word_1_1045' title='bbox 2156 5910 2451 5986; x_wconf 72' lang='lat' dir='ltr'><strong>dolendum</strong></span> <span class='ocrx_word' id='word_1_1046' title='bbox 2474 5923 2564 5984; x_wconf 82' lang='lat' dir='ltr'><strong>sit.</strong></span> 
     </span>
    </p>
   </div>
  </div>
