3936 6196
531 341 638 399 545

1730 335 1980 394 ΞΛΝΟΤΙ
2013 337 2266 394 llllAltll
2305 337 2608 396 EPlSCOPl

3708 348 3768 403 54
3781 350 3799 406 l

529 473 639 516 non
680 458 752 516 ita
779 459 954 515 omnis
977 455 1053 532 (ιι)
1077 454 1382 527 conscripta
1413 453 1554 527 apud
1584 454 1855 528 Ancyram
1903 455 2036 510 ﬁdes
2064 469 2123 511 se
2151 457 2204 518 Λ
2228 455 2318 526 qui
2344 471 2455 512 rem
2484 472 2550 514 eo
2572 457 2917 523 deducimus,
2943 468 2999 513 ut
3026 457 3148 530 quia
3171 457 3405 530 episcopi
3431 472 3539 515 non
3570 458 3800 530 luerunt,

531 552 785 610 habebat.
829 551 942 607 Non
984 549 1140 604 fama:
1182 548 1414 605 fabulam
1463 549 1688 619 loquor:
1718 547 2017 603 litterarum
2069 548 2130 602 ﬁ-

530 647 654 703 dem
695 653 890 712 teneo,
918 657 1023 700 non
1051 658 1080 699 a
1102 641 1257 699 laicis
1282 649 1575 714 sumptam,
1606 639 1701 697 sed
1744 640 1812 696 ab
1856 641 2127 712 episcopis

529 739 728 796 datam.

601 831 690 887 91.
734 829 815 886 Ad
839 831 1143 886 homousion
1183 829 1568 904 suscipiendum
1604 827 1918 883 adhortatio.
1952 827 2126 882 Niem-

524 940 646 978 nam
679 923 832 992 ﬁdem
880 939 982 978 non
1029 923 1128 979 nisi
1175 924 1474 978 exulaturus
1525 923 1830 977 audivit.-—
1857 920 1966 977 Oro
1996 935 2123 988 vos,

524 1015 777 1084 Fratres,
828 1017 1050 1074 aditnite
1104 1017 1498 1088 suspicionem,
1552 1014 1823 1072 excludite
1876 1016 2120 1071 occasio-

526 1124 647 1165 nem
671 1109 770 1181 (b).
805 1108 873 1166 Ut
903 1109 1118 1180 probari
1159 1111 1328 1180 possit
1369 1109 1740 1178 homoeusion,
1777 1124 1882 1165 non
1923 1109 2124 1179 impro-

523 1202 714 1258 bemus
743 1203 1084 1259 homousion.
1117 1203 1429 1275 Cogitemus
1461 1212 1538 1259 tot
1567 1203 1874 1261 sacerdotes
1905 1212 2121 1260 sanctos

523 1304 580 1352 et
617 1297 991 1367 quiescentes:
1025 1296 1152 1368 quid
1183 1297 1250 1352 de
1278 1296 1433 1351 nobis
1465 1296 1722 1352 Dominus
1745 1295 2039 1366 iudicabit,
2074 1295 2122 1352 si

523 1403 666 1446 nunc
695 1391 1219 1446 anathematizantur
1245 1405 1274 1446 a
1313 1389 1504 1445 nobis?
1533 1389 1671 1458 Quid
1697 1389 1765 1446 de
1793 1388 1948 1447 nobis
1976 1391 2080 1447 erit
2103 1433 2118 1458 ,

599 1527 673 1600 (a)
713 1527 771 1582 ln
804 1527 1062 1598 vulgatis,
1093 1530 1352 1598 scripta...
1383 1546 1436 1584 se
1464 1528 1643 1584 habeat
1673 1546 1692 1584 :
1735 1540 1790 1585 et
1829 1545 1954 1586 mox
1982 1530 2120 1601 apud

525 1601 657 1656 Bad.
685 1608 740 1655 et
788 1601 935 1664 Mir.,
968 1617 1070 1654 non
1098 1617 1128 1654 a
1157 1601 1430 1656 lectoribus
1478 1611 1734 1671 sumptam
1755 1643 1767 1664 ,
1796 1617 1896 1671 pro
1946 1619 2047 1656 nan
2091 1619 2123 1656 a

523 1672 667 1728 laicis
697 1682 971 1741 sumptam.
1007 1671 1102 1726 llic
1146 1672 1413 1743 signiﬁcat
1451 1672 1684 1728 Hilarius
1707 1715 1721 1738 ,
1754 1689 1861 1728 non
1908 1673 1981 1728 ita
2010 1672 2122 1727 Au-

526 1758 670 1815 cyrte
716 1745 1081 1815 conscriptam
1115 1758 1236 1798 esse
1289 1743 1482 1809 ﬁdem,
1525 1745 1698 1814 qualis
1747 1744 1930 1798 Sirmii
1979 1747 2119 1798 edita

525 1814 641 1880 est;
673 1830 838 1902 seque
889 1814 1148 1902 Ιιοουιιρη⁸
1189 1831 1406 1871 rumore
1437 1816 1581 1902 vulgi
1602 1857 1616 1880 ,
1646 1816 1739 1870 sed
1770 1831 1835 1870 ex
1879 1816 2121 1902 ipsisrnet
2154 1843 2199 1902 Β

521 1888 711 1958 synodi
759 1886 950 1958 litteris
991 1885 1277 1952 didicisse;
1311 1901 1511 1958 easque
1551 1889 1756 1941 litteras
1803 1901 1910 1958 non
1955 1888 2122 1942 laico-

522 1956 640 2013 ritm
665 1997 682 2025 ,
725 1957 820 2012 sed
849 1957 1222 2027 episcoporum
1257 1956 1474 2012 nomine
1500 1958 1670 2013 editas
1697 1973 1760 2012 ac
1787 1957 2120 2028 subscriptas

522 2045 662 2085 esse.
691 2029 841 2096 Quod
874 2029 1090 2084 videtur
1119 2028 1321 2084 dixisse
1344 2070 1358 2094 ,
1392 2031 1513 2099 quia
1553 2029 1604 2084 in
1637 2029 1868 2085 concilio
1912 2029 2118 2085 Medio-

522 2101 627 2171 lan.
675 2115 766 2155 an.
809 2099 951 2165 555,
991 2101 1276 2171 quamdam
1331 2101 1450 2156 lidei
1498 2102 1780 2156 formulam
1826 2105 2122 2156 emiserant

520 2170 820 2226 Constantii
853 2170 1071 2227 nomine
1093 2213 1106 2236 ,
1139 2180 1199 2226 ut
1224 2173 1270 2226 si
1297 2187 1416 2227 eam
1444 2174 1801 2228 cxhorrerent
1827 2174 2116 2239 catholici,

523 2242 788 2300 haberent
816 2243 958 2300 unde
1001 2259 1060 2299 se
1089 2252 1452 2309 excusarent,
1499 2247 1573 2301 uti
1615 2244 1725 2313 jam
1771 2246 2116 2301 observatum

521 2325 605 2371 est
655 2332 709 2371 ιι.
744 2316 832 2370 78.
864 2316 990 2370 Illas
1037 2325 1214 2371 autem
1264 2317 1469 2374 litteras
1515 2319 1736 2374 exhibet
1785 2318 2116 2388 Epiphanius

524 2389 636 2462 liter
665 2403 835 2462 uxnt
861 2431 873 2448 .
909 2407 962 2442 n.
995 2390 1030 2444 2
1050 2433 1064 2455 ,
1095 2392 1183 2462 qui
1232 2399 1410 2446 tamen
1441 2391 1726 2461 epistolam
1755 2391 1817 2443 de
1862 2389 2117 2445 homousii

521 2468 570 2533 et
593 2459 858 2514 hanimusii
882 2459 1197 2533 expositione
1223 2459 1550 2531 Sttperiusn.
1573 2463 1672 2526 8|,
1702 2464 2011 2518 summatim
2038 2477 2116 2518 re-

519 2529 680 2602 latam
713 2547 809 2586 nec
839 2529 956 2602 ipse
989 2534 1144 2588 nobis
1175 2529 1474 2590 transmisit
1496 2576 1510 2596 .
1544 2550 1642 2591 nec
1672 2535 1814 2589 ullus
1845 2533 2002 2588 alius.

593 2601 670 2742 (by
711 2601 911 2674 Supple
930 2647 942 2664 .
976 2606 1110 2660 male
1141 2605 1204 2658 de
1227 2604 1366 2659 vobis
1396 2607 1664 2661 sentiendi.

593 2677 641 2742 (c
703 2674 819 2728 Mir.
842 2714 858 2739 ,
889 2675 1036 2742 Lips.
1069 2686 1123 2731 et
1153 2677 1273 2732 Par.
1298 2717 1314 2742 ,
1346 2694 1436 2732 nec
1475 2680 1664 2742 ceperit;

591 2674 662 2750 (c)
703 2674 819 2728 Mir.
842 2714 858 2739 ,
889 2675 1036 2750 Lips.
1069 2686 1123 2731 et
1153 2677 1273 2732 Par.
1298 2694 1436 2750 ,rnec
1475 2680 1777 2750 ceperimus.
1807 2678 1992 2732 Melius
2022 2677 2114 2732 alii

520 2744 674 2812 libri,
709 2761 800 2800 nec
828 2744 1122 2819 coeperimus
1139 2790 1154 2813 ,
1183 2749 1374 2818 supple
1397 2744 1745 2804 essefPostea
1769 2765 1958 2804 omnes
1981 2765 2110 2803 mss.

517 2832 625 2872 uno
654 2828 880 2889 excepto
901 2861 914 2883 ,
945 2835 1124 2873 sumus
1168 2821 1456 2883 successio,
1491 2836 1597 2875 non
1638 2837 1973 2874 successores.
2007 2819 2111 2874 Ar-

514 2899 767 2958 gumenta
811 2891 1000 2945 eodem
1052 2891 1281 2944 Arianos
1333 2900 1488 2960 urget
1535 2892 1880 2956 Athanasius,
1909 2892 1999 2945 lib.
2046 2893 2113 2946 de

517 2961 722 3032 Synod.
758 2977 876 3032 pag.
909 2962 1034 3017 889..
1069 2961 1182 3028 Qua
1204 3003 1218 3024 ,
1253 2962 1462 3028 inquit,
1483 2963 1604 3032 jure
1633 2964 1730 3030 ipsi
1754 2963 1979 3031 episcopi
2006 2978 2114 3016 esse

517 3042 784 3100 poterunt,
815 3035 857 3087 si
887 3034 949 3086 ab
975 3032 1257 3102 episcopis,
1289 3047 1416 3101 quas
1441 3034 1543 3101 ipsi
1581 3035 1919 3088 criminantur
1938 3075 1953 3099 ,
1991 3049 2112 3086 can-

515 3105 678 3158 stituti
706 3113 846 3158 sunt.
875 3101 1186 3172 Sententia:
1217 3101 1373 3172 hujus
1402 3109 1665 3160 rationem
1695 3106 1773 3159 sic
1803 3105 1980 3160 reddit
2011 3105 2113 3162 So-

515 3186 691 3229 crates
722 3175 817 3248 li_b.
845 3189 908 3234 tt.
938 3188 1056 3248 cap.
1087 3171 1158 3248 40
1185 3192 1196 3226 :
1228 3171 1466 3248 Quanam
1501 3177 1652 3232 modo
1692 3193 1865 3248 eorum
1911 3177 2105 3248 (Nicae-

2229 563 2330 604 nos
2358 564 2570 620 quoque
2600 548 2672 622 (c)
2703 565 2798 605 nec
2825 551 3187 622 coeperimus?
3217 549 3456 606 Ordinati
3485 551 3627 607 enim
3650 553 3712 608 ab
3734 554 3802 614 his

2228 655 2448 710 sumus,
2483 653 2538 698 et
2576 657 2762 698 eorum
2807 657 2996 697 sumus
3041 657 3400 698 successores.
3437 641 3806 702 Renuntiemus

2228 737 2592 807 episcopatui,
2637 736 2718 809 (rt)
2766 738 2889 808 quia
2935 735 3168 791 olﬁcium
3213 736 3330 806 ejus
3371 736 3438 791 ab
3483 735 3806 798 anathemate

2228 829 2639 900 sumpserimus.
2693 831 2822 885 Date
2856 829 3070 886 veniam
3093 872 3106 896 ,
3139 829 3356 884 Fratres
3377 871 3390 896 ,
3438 829 3612 884 dolori
3659 846 3804 886 meo:

2228 922 2451 994 impium
2491 933 2572 979 est
2610 923 2681 996 (ρ)
2732 923 2872 994 quod
2917 923 3150 978 audetis.
3187 921 3302 977 Non
3338 923 3513 992 patior
3558 921 3690 978 hanc
3725 940 3808 980 vo-

2228 1030 2384 1084 cem,
2420 1025 2474 1070 ut
2502 1016 2554 1072 in
2587 1015 2932 1072 anathemate
2962 1015 3031 1070 sit
3071 1015 3386 1070 homousion
3415 1015 3702 1072 secundum
3730 1033 3805 1073 re-

2227 1109 2468 1180 ligiosam
2503 1109 2908 1180 intelligentiam
2941 1107 3230 1164 conﬁtens.
3258 1106 3464 1161 Nomen
3499 1107 3632 1162 nihil
3663 1107 3804 1166 habet

2227 1204 2503 1271 criminis,
2560 1204 2703 1275 quod
2760 1218 2976 1258 sensum
3027 1218 3132 1256 non
3196 1202 3475 1271 perturbat
3526 1202 3803 1273 religionis.

2230 1299 2480 1372 518m
2514 1298 2859 1354 llomoeusion
2887 1297 3104 1362 nescio,
3139 1311 3237 1352 nec
3261 1295 3502 1365 intelligo
3523 1337 3538 1362 ,
3572 1296 3672 1350 nisi
3697 1305 3803 1352 tan-

2227 1401 2340 1447 tum
2365 1393 2442 1465 (g)
2465 1393 2531 1448 ab
2560 1390 2751 1450 similis
2771 1391 3020 1446 essentne
3049 1388 3412 1446 confessione.
3441 1388 3634 1445 Testor
3653 1391 3800 1447 Deum

2229 1530 2362 1584 alias
2393 1547 2423 1584 1.
2445 1573 2458 1596 ,
2489 1545 2630 1585 nunc
2658 1545 2901 1592 cnxxxv,
2944 1545 2998 1583 n.
3035 1527 3137 1583 47:
3175 1526 3315 1590 Hac,
3345 1528 3557 1598 inquit,
3587 1528 3648 1582 ab
3675 1528 3804 1585 initia

2228 1603 2441 1656 servavit
2472 1603 2720 1672 Africana
2765 1601 3015 1654 catholica
3033 1642 3045 1663 ,
3091 1617 3154 1655 ea:
3182 1601 3551 1672 episcoporum
3579 1605 3802 1656 sententia

2228 1675 2316 1744 qui
2352 1674 2407 1726 in
2453 1670 2679 1727 Ecclesia
2720 1672 2954 1726 Romana
2993 1674 3124 1726 inter
3165 1670 3498 1725 Caecilianum
3541 1681 3589 1727 et
3630 1683 3803 1743 partem

2231 1744 2422 1799 Donati
2459 1744 2858 1818 judicaverunt,
2909 1745 3249 1818 damnataque
3296 1759 3398 1796 una
3425 1744 3670 1818 _quadqm
3712 1746 3805 1800 Da-

2231 1827 2418 1870 nata...
2449 1814 2655 1870 caeteras
2687 1825 2971 1880 correctas,
3000 1816 3200 1868 etiamsi
3227 1825 3370 1868 extra
3411 1814 3694 1868 Ecclesiam
3731 1833 3804 1870 ar-

2227 1888 2391 1941 dinati
2422 1896 2584 1941 essent
2605 1929 2619 1952 ,
2651 1888 2702 1940 in
2735 1888 2841 1940 suis
2874 1887 3150 1940 honoribus
3192 1886 3549 1953 suscipiendos
3573 1903 3676 1941 esse
3701 1905 3804 1942 cen-

2222 1970 2452 2012 suerunt.
2487 1957 2562 2011 lta
2591 1960 2751 2012 etiam
2782 1958 3003 2026 intelligi
3035 1970 3208 2025 pOIeSl.
3233 1973 3297 2012 ac
3323 1958 3488 2012 debet
3519 1970 3697 2014 noster
3722 1960 3802 2014 Hi-

2223 2030 2386 2084 larius
2407 2070 2422 2094 ,
2459 2041 2515 2084 ut
2553 2031 2802 2083 nimirum
2836 2030 2926 2099 qni
2957 2031 3296 2100 episcopatus
3319 2029 3561 2084 ofﬁcium
3592 2032 3656 2083 ab
3683 2046 3800 2086 ana-

2225 2104 2459 2156 themate
2482 2102 2836 2173 sumpserint,
2858 2101 3160 2170 disciplina:
3185 2100 3361 2168 rigore
3385 2115 3415 2153 a
3445 2101 3592 2156 nulla
3614 2103 3800 2173 synodo

2221 2179 2301 2228 eis
2341 2173 2614 2236 relaxato,
2645 2172 2880 2242 episcopi
2911 2187 3019 2226 non
3046 2174 3154 2225 sint
3175 2215 3188 2237 ,
3221 2186 3318 2226 seu
3351 2189 3460 2226 non
3492 2172 3798 2229 censeantur

2221 2260 2376 2310 esse;
2410 2260 2472 2298 ea
2502 2244 2753 2298 videlicet
2797 2245 3040 2310 ratione,
3084 2259 3186 2314 qua
3217 2243 3540 2313 episcopos,
3579 2247 3799 2314 quamvis

2223 2317 2458 2387 legitime
2480 2317 2758 2372 ordinatos
2774 2358 2786 2378 ,
2811 2331 2904 2370 eos
2927 2332 3032 2369 non
3057 2330 3177 2370 esse
3199 2314 3439 2369 declarat
3458 2358 3472 2379 ,
3495 2315 3588 2386 qui
3612 2317 3662 2371 in
3683 2333 3796 2372 ana-

2223 2390 2458 2444 themate
2483 2400 2607 2444 sunt
2629 2388 2926 2443 constituti.
2948 2389 3098 2443 Valet
3121 2388 3317 2458 quippe
3341 2390 3629 2458 Augustini
3652 2389 3797 2454 ratio,

2219 2461 2310 2517 lib.
2372 2477 2406 2516 tt
2444 2473 2631 2516 contra
2681 2462 2964 2531 epistolam
2997 2460 3330 2514 Parmeniani
3360 2475 3408 2514 c.
3447 2460 3557 2515 l5:
3595 2459 3658 2514 In
3697 2461 3797 2529 ipsa

2219 2536 2516 2604 prwcisione
2536 2537 2711 2590 vitium
2733 2578 2746 2601 ,
2777 2551 2878 2588 non
2901 2537 2951 2587 in
2979 2533 3349 2604 sacramentis:
3376 2547 3496 2602 qua:
3517 2531 3796 2600 ubicumque

2217 2602 2334 2662 sunt
2383 2609 2538 2675 ipsa,
2590 2623 2706 2662 vera
2757 2616 2895 2660 sunt.
2943 2606 3204 2674 Quocirca
3265 2602 3644 2675 Hieronymus,
3672 2604 3790 2657 Dial.

2217 2689 2401 2734 contra
2427 2679 2798 2736 Lucilerianos
2821 2693 3025 2732 morem
3057 2675 3354 2731 defendens
3380 2675 3668 2739 Ecclesiae,
3689 2690 3795 2745 que

2216 2750 2284 2806 ab
2313 2751 2523 2805 Arianis
2547 2753 2828 2806 venientes
2855 2751 3141 2820 episcopos
3173 2746 3474 2817 recipiebat
3494 2788 3508 2811 ,
3538 2746 3606 2801 ad
3634 2747 3796 2815 objec-

2219 2829 2329 2876 tum
2372 2823 2513 2892 quod
2547 2823 2803 2891 Spiritum
2855 2828 3098 2892 sanctum
3141 2829 3400 2887 praestare
3454 2832 3560 2872 non
3603 2820 3796 2892 valeant

2215 2892 2294 2947 sic
2326 2890 2651 2963 respondet:
2687 2894 2748 2948 Si
2774 2893 2996 2946 Ariauus
3037 2891 3422 2963 Spiritum_na_n
3459 2897 3621 2963 potest
3646 2890 3789 2955 dare,

2216 2979 2278 3036 ne
2326 2959 2585 3032 baptizare
2629 2965 2830 3036 quidem
2880 2959 3236 3036 potest;qu_ia_
3272 2959 3526 3014 Ecclesia:
3563 2961 3796 3036 baptisma

2215 3035 2326 3107 sine
2352 3031 2555 3107 Spiritu
2599 3031 2775 3090 sancta
2807 3031 3009 3089 nullum
3049 3043 3144 3090 est.
3175 3031 3329 3107 Ultro
3357 3041 3541 3107 tamen
3560 3033 3796 3107 concedit

2213 3103 2567 3178 Augustinus,
2592 3109 2751 3178 epist.
2794 3122 3045 3173 CLxxxv,
3090 3122 3146 3160 n.
3187 3103 3289 3178 477,
3339 3105 3472 3178 {oris
3514 3105 3578 3158 ab
3624 3105 3796 3158 unitate

2213 3173 2442 3247 corporis
2473 3173 2659 3236 Citriin
2690 3178 2945 3243 Spiritum
2978 3185 3221 3231 sanctum
3263 3173 3454 3229 haberi
3493 3191 3596 3229 non
3627 3190 3785 3245 posse.

517 3261 709 3319 norum
741 3243 981 3316 Patrum)
1008 3239 1384 3298 ordinationem
1422 3257 1684 3317 tamquam
1720 3239 1933 3319 probam
1954 3266 2014 3302 ac
2039 3250 2108 3303 le-
2138 3239 2183 3303 C
2215 3239 2397 3319 Neque
2425 3252 2508 3306 hic
2551 3239 2906 3319 expendimus
2946 3264 3049 3318 quo
3089 3263 3250 3319 sensu
3296 3239 3657 3318 Hieronymus
3681 3262 3787 3300 eum

515 3317 745 3388 gitimam
786 3324 1145 3388 susceperunt,
1182 3333 1403 3388 quarunt
1451 3319 1605 3388 ﬁdem
1644 3317 1777 3373 velut
1820 3319 2008 3388 falsam
2050 3337 2108 3370 ac

513 3386 781 3460 reprobam
811 3386 1135 3457 rejeCerunt?
1168 3386 1305 3440 Nam
1333 3389 1377 3460 si
1402 3386 1480 3442 illi
1522 3408 1623 3444 non
1663 3386 1947 3443 habuerunt
1987 3390 2112 3459 Spi-

512 3459 668 3513 ritum
697 3468 959 3526 sanctum,
1001 3460 1085 3528 qui
1129 3475 1218 3528 per
1257 3459 1628 3532 ordinationem
1671 3462 1990 3532 infunditur,
2021 3479 2108 3515 sa-

512 3532 794 3603 cerdotium
833 3546 935 3584 non
976 3539 1297 3603 acceperunt.
1331 3530 1599 3596 Quomodo
1636 3530 1769 3586 enim
1811 3543 2112 3603 acceperunt

515 3602 578 3655 ab
619 3604 715 3662 iis.
757 3603 845 3671 qui
890 3618 993 3655 nan
1038 3602 1289 3656 habebant
1332 3604 1470 3672 quod
1519 3604 1737 3658 darent?
1785 3602 1936 3657 l-linc'
1968 3607 2106 3666 apud

515 3672 876 3727 Thedoretutn
922 3673 1012 3726 lib.
1073 3688 1124 3727 Iv
1163 3673 1288 3728 hist.
1321 3675 1456 3729 eccl.
1485 3690 1535 3729 c.
1577 3675 1682 3737 2'5,
1715 3675 1924 3744 Moyses
1949 3691 1975 3727 a
2006 3675 2111 3730 LII--

514 3746 600 3798 cio
629 3743 829 3797 Ariano
867 3745 1172 3815 patriarcha
1207 3745 1581 3815 Alexandrino
1623 3743 1981 3815 episcopalem
2023 3764 2110 3801 or-

514 3815 846 3868 dinationem
871 3814 1112 3884 recipere
1134 3814 1482 3872 vehementer
1507 3814 1774 3872 recusavit
1799 3814 1878 3871 his
1900 3820 2106 3873 verbis:

514 3885 660 3939 Absit
687 3895 740 3938 ut
768 3900 858 3956 ego
889 3901 1040 3937 manu
1071 3894 1158 3937 tua
1189 3887 1395 3940 ordiner
1419 3906 1437 3942 :
1463 3899 1509 3943 te
1548 3891 1679 3942 enim
1719 3891 1982 3943 invocante
2008 3907 2110 3944 non

513 3957 796 4030 supervenit
838 3957 1006 4030 gratia
1053 3956 1498 4030 ‘Spiritussancti.
1554 3960 1666 4014 lluc
1718 3960 1924 4015 accedit
1967 3963 2107 4030 quod

517 4026 858 4083 Innocentius
905 4026 946 4092 Ι,
981 4027 1138 4096 epist.
1169 4029 1234 4082 ad
1286 4029 1605 4086 Macedones
1645 4047 1765 4099 cap.
1799 4032 1865 4094 '5,
1903 4026 2064 4086 habet
2093 4051 2105 4086 :

515 4100 774 4154 Asseritur
803 4115 946 4163 eum,
976 4101 1062 4168 qui
1091 4101 1334 4154 honorem
1360 4105 1558 4166 amisit,
1585 4104 1824 4157 honorem
1853 4103 1977 4156 dare
2008 4120 2109 4157 non

512 4188 689 4240 posse;
716 4187 810 4244 nec
834 4170 978 4244 illum
1006 4171 1202 4240 aliquid
1246 4176 1531 4242 accepisse,
1567 4175 1688 4244 quia
1714 4174 1845 4228 nihil
1876 4177 1927 4226 in
1957 4173 2110 4228 dante

511 4254 619 4296 erat
637 4242 810 4316 ,_qnad
835 4241 924 4316 ille
952 4251 1120 4316 posset
1145 4241 1392 4316 accipere.
1421 4241 1799 4316 Acqniescimus
1820 4287 1833 4310 ,
1862 4256 1908 4298 et
1934 4261 2108 4299 verum

511 4323 620 4389 esti
638 4313 783 4368 Certe
800 4314 918 4389 quia
944 4313 1080 4380 quod
1109 4329 1208 4366 non
1237 4315 1438 4389 habuit,
1467 4313 1591 4371 dare
1617 4334 1718 4370 non
1739 4318 1936 4389 potuit;
1965 4317 2110 4370 dam-

513 4385 773 4459 nationem
814 4387 986 4448 utique
1007 4423 1036 4459 ,_
1052 4400 1206 4459 quam
1245 4384 1452 4451 habuit,
1482 4406 1573 4459 per
1599 4384 1782 4442 manus
1826 4389 2110 4451 impasitia-

511 4471 630 4528 nent
656 4456 837 4528 dedit:
866 4455 1036 4528 etqui
1067 4455 1319 4528 particeps
1346 4455 1512 4528 factus
1553 4469 1626 4514 est
1666 4461 1940 4520 damnato,
1981 4476 2109 4528 qua-

512 4527 663 4580 mada
707 4525 885 4581 debeat
914 4525 1159 4578 honorem
1183 4525 1447 4596 accipere,
1475 4531 1701 4585 invenire
1730 4548 1832 4585 non
1873 4525 2101 4596 passum.

509 4597 590 4652 Ob
622 4598 736 4653 hrcc
763 4598 975 4666 aliaque
1020 4596 1236 4651 Patrum
1267 4601 1425 4655 verba
1450 4641 1466 4667 ,
1500 4603 1732 4658 maxime
1761 4618 1827 4657 ex
1868 4603 2104 4657 Ebbonis

511 4669 795 4726 lteiuensis
825 4668 1143 4740 occasione,
1179 4669 1506 4740 disputatum
1536 4681 1620 4726 est
1648 4688 1713 4726 an
1755 4673 1928 4727 valida
1960 4683 2106 4728 esset

508 4741 745 4810 episc0pi
786 4738 1122 4811 consecratio
1165 4741 1232 4794 ab
1266 4738 1343 4796 iis
1397 4743 1571 4803 facta.
1615 4745 1704 4811 qui
1758 4744 2102 4799 anathemate

509 4811 746 4868 damnati
789 4819 962 4867 erant.
1001 4810 1190 4866 Verum
1224 4828 1286 4865 ex
1329 4813 1508 4868 verbis
1557 4810 1853 4870 Innocentii
1899 4815 2098 4884 liquet,

510 4900 631 4938 eum
666 4900 770 4939 non
800 4893 904 4937 tam
938 4896 1160 4950 negasse
1187 4885 1437 4939 collatam
1470 4886 1896 4948 ordinationem,
1941 4902 2100 4954 quam

509 4957 716 5011 ordinis
757 4955 1048 5017 honorem,
1089 4963 1144 5027 et
1181 4954 1352 5027 ipsius
1394 4957 1684 5012 exercendi
1730 4965 2048 5027 potestatem
2085 4976 2098 5010 :

507 5029 630 5095 quia
647 5069 661 5091 ,
689 5027 892 5096 inquit,
914 5036 1100 5078 nostra?
1119 5025 1202 5079 lea:
1217 5037 1290 5080 est
1311 5026 1578 5094 Ecclesiw,
1603 5044 1692 5082 nec
1708 5025 1769 5082 ea:
1783 5027 1862 5080 his
1883 5029 2101 5096 aliquem

504 5099 559 5152 in
601 5100 868 5172 clericatus
923 5097 1166 5151 honorem
1215 5099 1291 5152 vel
1337 5100 1576 5172 exiguum
1614 5100 1906 5172 subrogare.
1951 5099 2102 5156 Unde

507 5170 650 5240 quod
676 5170 893 5226 Anisius
920 5177 1214 5235 statuerat,
1249 5179 1306 5224 ut
1341 5187 1368 5224 a
1394 5170 1607 5228 Βοιιοεο
1632 5171 1865 5226 ordinati
1897 5173 2102 5240 recipe-

509 5252 725 5306 rentur,
773 5241 1020 5312 quamvis
1062 5249 1250 5312 contra
1297 5243 1580 5312 pristinum
1628 5259 1832 5299 morem
1863 5284 1876 5306 ,
1921 5252 2101 5298 tamen

512 5331 609 5378 pro
641 5313 868 5368 utilitate
901 5309 1154 5364 Ecclesia:
1185 5309 1590 5368 ritc'sancitnm
1622 5329 1743 5370 esse
1775 5331 1880 5367 non
1920 5326 2098 5381 negat.

512 5385 734 5441 Fatetur
759 5382 924 5456 etiam
942 5421 958 5446 ,
990 5381 1299 5456 Novatianis
1321 5401 1347 5438 a
1374 5386 1589 5440 Nicaena
1607 5387 1813 5456 synodo
1835 5385 2100 5440 indultum

512 5472 662 5521 esse,
693 5467 749 5510 ut
789 5455 854 5508 ad
889 5452 1182 5527 Ecclesium
1233 5457 1522 5512 redeuntes
1547 5459 1600 5512 in
1631 5452 1787 5512 Clero
1817 5472 2103 5527 permane-

511 5541 634 5586 rent
663 5548 676 5584 :
709 5530 811 5583 hoc
849 5525 1160 5600 caeterisuita
1203 5538 1449 5596 negatum
1486 5544 1610 5584 esse
1638 5525 1979 5600 propugnans
1999 5572 2013 5593 ,
2045 5539 2103 5585 ut

511 5613 566 5658 et
609 5601 846 5671 potuisse
872 5595 1127 5671 concedi,
1157 5607 1210 5650 ct
1244 5595 1384 5667 quod
1418 5595 1668 5671 negatum
1700 5595 1887 5665 fuerit,
1921 5617 1989 5655 ex
2020 5603 2102 5656 di-

511 5667 753 5744 εείριίηω
781 5667 1194 5744 consuetudine,
1228 5685 1331 5744 non
1362 5667 1542 5744 autent
1570 5673 1710 5744 quod
1743 5675 1892 5726 irrita
1917 5673 2102 5728 existi-

510 5739 751 5800 maretur
797 5739 1171 5792 haereticorum
1214 5739 1518 5808 ordinatio,
1569 5741 1768 5798 factum
1800 5758 1920 5797 esse
1969 5745 2102 5801 satis

509 5815 730 5882 indicet.
745 5809 953 5882 JSedHet
977 5809 1238 5882 llontana:
1267 5812 1518 5882 Ecclesia:
1549 5814 1710 5880 quale
1737 5830 1798 5882 ea
1826 5817 1893 5867 de
1923 5829 1980 5866 re
2010 5818 2101 5882 jus

509 5833 730 5870 mulcet.
760 5833 953 5878 acuet.
984 5833 1238 5863 I\Ulllullil:
1267 5833 1518 5880 nectusm
1549 5833 1710 5880 quate
1737 5833 1798 5867 ea
1826 5833 1893 5867 ue
1923 5833 1980 5866 re
2041 5833 2093 5870 ιιλ

505 5879 707 5942 dicidin
739 5873 931 5942 fuerit,
977 5873 1226 5956 loetlplex~
1271 5879 1420 5937 lcstis
1455 5891 1534 5938 est
1562 5879 1912 5954 Augustinus,
1937 5833 2093 5953 epi’st.

2133 4634 2182 4694 D

2213 3321 2281 3376 ab
2309 3318 2508 3378 Ariano
2532 3318 2644 3377 dari
2675 3338 2778 3375 non
2811 3335 2967 3389 posse
2994 3318 3259 3374 inlicietur
3285 3336 3298 3371 :
3331 3319 3434 3391 hoc
3461 3319 3604 3372 enim
3628 3326 3790 3391 potest

2214 3393 2374 3447 etiam
2410 3411 2536 3450 vere
2563 3394 2665 3448 dici
2692 3435 2705 3456 ,
2737 3393 2833 3447 sed
2865 3391 3092 3445 alterius
3121 3403 3203 3444 est
3232 3389 3571 3458 quaestionis.

2285 3464 2364 3535 (d)
2407 3465 2538 3531 Quia
2567 3465 2706 3531 scil.,
2742 3472 2799 3517 ut
2839 3464 3076 3535 loquitur
3106 3462 3451 3535 innocentius
3480 3461 3523 3528 1,
3553 3461 3792 3535 epist._ad

2214 3531 2534 3590 Macedones
2560 3551 2609 3590 c.
2633 3537 2668 3592 5
2692 3577 2706 3601 ,
2743 3531 2998 3588 llotnana:
3027 3534 3110 3588 lea:
3131 3543 3207 3586 est
3234 3531 3482 3586 Ecclesia:
3504 3533 3795 3586 uenientibus

2211 3610 2276 3660 ab
2303 3607 2583 3670 hwreticis,
2614 3625 2705 3676 per
2731 3623 2911 3660 manus
2939 3605 3311 3674 impositionem
3333 3643 3348 3668 ,
3397 3604 3583 3658 laicam
3614 3613 3794 3658 tantum

2213 3679 2434 3732 tribuere
2460 3679 2866 3733 communionem
2884 3719 2900 3744 ,
2931 3688 3037 3732 etc.

2287 3750 2358 3821 (e)
2400 3751 2527 3803 Bad.
2548 3760 2603 3804 et
2625 3751 2716 3804 Er.
2735 3765 2858 3804 cum
2882 3750 3083 3820 aliquot
3105 3748 3503 3804 recentioribus
3524 3761 3650 3821 mss.
3672 3747 3795 3817 quod

2211 3819 2403 3874 auditis
2430 3837 2448 3874 :
2478 3823 2636 3876 male.
2671 3821 2872 3876 Deinde
2897 3822 2996 3875 soli
3024 3821 3179 3886 editi,
3201 3837 3301 3874 non
3330 3822 3522 3886 patiar.
3557 3819 3652 3874 Hic
3678 3830 3788 3874 tan-

2212 3892 2334 3946 dem
2361 3893 2600 3947 declarat
2634 3893 2894 3955 llilarins,
2928 3892 3069 3960 quod
3113 3893 3372 3947 hactenus
3409 3892 3791 3951 dissimulavit,

2213 3961 2460 4017 ultimum
2489 3963 2737 4018 videlicet
2761 3964 3060 4032 Ancyrana:
3091 3964 3279 4034 synodi
3310 3963 3586 4018 decretum
3615 3981 3627 4014 :
3659 3961 3788 4029 quod

2212 4048 2331 4088 Cum
2366 4035 2567 4105 reliqua
2605 4037 2828 4105 epistola
2868 4035 3006 4103 apud
3052 4034 3411 4104 Epiphanium
3461 4034 3592 4088 haer.
3635 4048 3786 4105 Lxxnt

2214 4103 2568 4167 habetur.'ct
2622 4103 2770 4161 nunt.
2829 4107 2931 4168 ll,
2985 4103 3215 4161 refertur
3262 4107 3342 4160 his
3371 4106 3551 4160 verbis
3593 4103 3695 4159 :Ei'
3716 4125 3793 4164 τις

2211 4178 2415 4254 ἐξουσίᾳ
2460 4183 2545 4254 nisi
2571 4181 2720 4254 οίᾶσίᾳ
2757 4179 2914 4249 λέγων
2957 4179 3056 4254 τιξνΔ
3077 4179 3277 4249 Πατέρα
3304 4180 3510 4254 πατέρα
3537 4184 3626 4233 τοῦ
3655 4184 3788 4254 Trois,

2211 4249 2479 4322 ὁμοούᾷιον
2507 4249 2616 4322 δεξΑῆ
2641 4249 2980 4322 τάυτορύσιον
3006 4250 3139 4321 λέγοι
3155 4251 3242 4304 τὸν
3265 4249 3376 4322 Troa
3401 4249 3475 4320 τῷ
3493 4253 3666 4322 Πατρὶ,

2211 4319 2341 4393 Qqua
2368 4320 2522 4378 ἔστω.
2557 4320 2617 4376 Si
2645 4323 2755 4390 quis
2783 4319 2987 4373 Patrem
3015 4319 3260 4393 patestate
3287 4319 3510 4393 simulet
3527 4319 3790 4393 substantia

2212 4388 2339 4446 Filii
2387 4402 2583 4456 patrem
2631 4388 2892 4454 asserens,
2940 4392 3421 4445 consubstantialem
3460 4394 3538 4446 vel
3584 4389 3789 4456 eiusdem

2209 4478 2324 4516 cum
2356 4461 2515 4517 Patre
2541 4463 2835 4517 substantiae
2865 4461 3062 4516 Filium
3084 4479 3190 4516 esse
3217 4463 3383 4529 dicat,
3415 4463 3681 4517 anathema
3707 4461 3809 4513 sit..

2285 4533 2354 4605 (Ῑ)
2393 4535 2742 4590 Carnutensis
2789 4533 2996 4596 Codex,
3029 4548 3168 4588 unus
3207 4533 3359 4588 Colb.
3394 4541 3451 4588 et.
3495 4536 3628 4589 alter
3661 4531 3778 4605 Sor-

2210 4603 2372 4671 bon.,
2403 4607 2707 4659 homousion
2743 4607 2944 4670 nescio,
2977 4618 3081 4659 etc.
3101 4645 3116 4669 ,
3147 4620 3306 4672 quam
3351 4606 3632 4660 lectionem
3660 4603 3783 4656 ultro

2212 4676 2622 4746 praeferremus,
2654 4676 2700 4731 si
2741 4677 2985 4732 sinerent
3032 4679 3203 4746 prima
3241 4677 3622 4748 subsequentis
3661 4683 3783 4730 nota:

2211 4750 2559 4818 apologetica:
2585 4749 2768 4802 verba.

2284 4815 2475 4891 (q)‘|ta
2507 4835 2628 4891 cum
2667 4821 2836 4874 tribtts
2868 4819 3136 4888 praedictis
3169 4834 3300 4873 mss.
3332 4819 3419 4873 alii
3454 4820 3579 4874 duo.
3613 4815 3780 4891 At_Er.

2211 4900 2266 4944 et
2294 4886 2455 4960 'L'ips.
2485 4899 2539 4945 et
2566 4890 2684 4945 Par.
2707 4932 2720 4956 ,
2761 4886 2940 4945 similis
2972 4891 3200 4944 essentia:
3239 4891 3624 4960 confessionem.
3665 4886 3780 4942 Bad.

2211 4975 2332 5015 cum
2386 4963 2627 5030 pluribus
2657 4977 2814 5027 mss.,
2857 4962 3102 5016 absimilis
3133 4963 3365 5016 essentia:
3415 4962 3781 5030 confessionem.

2206 5030 2656 5103 Locoabsimilis,
2687 5049 2794 5088 non
2825 5034 3131 5102 displiceret
3184 5035 3247 5086 ab
3293 5035 3509 5096 similis,
3552 5032 3630 5087 vel
3671 5042 3777 5103 cum

2206 5118 2308 5157 ms.
2343 5102 2598 5159 German.
2635 5105 2701 5156 ab
2731 5100 2948 5172 antiqua
2992 5121 3148 5158 manu
3195 5106 3428 5159 secunda
3453 5147 3468 5171 ,
3500 5106 3566 5158 ad
3600 5100 3779 5172 similis.

2206 5173 2337 5229 Post
2369 5179 2480 5232 haec
2510 5174 2673 5230 verba
2705 5171 2947 5244 sequitur
2972 5177 3025 5229 in
3071 5190 3201 5229 mss.
3237 5189 3380 5244 smpe
3419 5175 3528 5246 jam
3578 5171 3780 5246 laudatis

2207 5255 2478 5313 postrema
2511 5249 2623 5300 lucc
2647 5241 2923 5315 Apologia;
2951 5261 3074 5313 pars
3099 5264 3112 5300 :
3146 5241 3630 5315 Numquid'rideor,
3659 5241 3777 5312 quod

2206 5318 2394 5390 nescivi
2416 5360 2429 5381 ,
2457 5319 2674 5390 probare
2714 5319 2974 5390 patuisse?
3003 5317 3120 5372 Non
3153 5323 3349 5386 utique.
3382 5318 3488 5374 Sed
3513 5318 3628 5386 quia
3647 5315 3780 5390 firm

2206 5388 2468 5443 catholica
2498 5406 2599 5443 non
2630 5388 2804 5444 debeat
2851 5391 2950 5443 nisi
2994 5407 3081 5459 per
3126 5395 3371 5444 unitatem
3414 5388 3774 5459 similitudinem

2207 5460 2445 5526 credere;
2474 5471 2526 5513 ut
2549 5459 2934 5516 similitudinem
2955 5455 3151 5515 tantum
3173 5463 3242 5515 ad
3269 5461 3626 5515 excludendum
3649 5455 3779 5510 unia«

2207 5547 2322 5584 nem
2347 5542 2734 5596 commemoret,
2781 5548 2884 5586 non
2924 5534 2990 5586 ad
3021 5533 3296 5586 discidium
3333 5535 3580 5586 unitatis:
3607 5528 3777 5584 idcirco

2208 5618 2288 5656 me
2314 5604 2422 5656 dixi
2444 5643 2456 5664 ,
2487 5619 2603 5656 cum
2629 5605 2836 5658 nomina
2864 5605 3115 5658 homousii
3143 5615 3296 5672 atque
3325 5605 3582 5658 homamsii
3611 5599 3778 5653 nescis-

2209 5690 2312 5728 sem
2354 5674 2373 5743 (
2407 5674 2665 5729 mendose
2710 5679 2764 5730 in
2814 5689 2944 5730 mss.
3001 5691 3108 5730 uno
3153 5677 3450 5730 recentiore
3496 5673 3648 5728 Carn.
3689 5683 3778 5722 ex-

2209 5755 2387 5814 cepto,
2413 5745 2776 5817 nescissent,et
2798 5762 2922 5800 mox
2946 5747 3302 5817 recepissent),
3325 5757 3486 5800 tamen
3508 5760 3593 5816 per
3621 5743 3772 5795 unita-

2207 5826 2306 5870 tem
2331 5815 2722 5883 similitudinem
2747 5819 3012 5886 tgcepisse.
3044 5815 3157 5870 Hoc
3187 5815 3359 5886 ipsum
3389 5815 3555 5871 statim
3582 5820 3774 5881 aequent

2205 5881 2449 5942 sententia
2476 5888 2683 5943 absolvit
2710 5899 2724 5938 .'
2755 5881 2933 5943 Testor
2969 5882 3126 5943 Deum
3152 5881 3264 5945 Πιλίῦ
3283 5927 3296 5954 ,
3326 5895 3428 5944 elei
