3936 6196
113 249 212 307 543

562 242 1041 302 APOLOGETICA
1078 244 1171 301 ΑΙ)
1210 239 1817 300 REPREHENSORES
1844 233 2026 296 LIBRI
2068 237 2162 295 DE
2205 237 2498 299 SYNODIS
2538 238 2928 301 RESPONSA.

3300 238 3407 297 546

112 365 226 423 οωΙὶ
264 370 424 433 alque
453 370 636 426 terrm,
666 377 754 419 me
779 377 899 418 cum
928 368 1179 417 neutrum
1212 361 1483 417 audissem
1507 402 1521 425 ,
1555 374 1696 414 sem-
1723 362 1771 424 Α
1871 355 1963 412 92.
2008 356 2272 428 Egressus
2317 372 2435 413 sum
2456 400 2470 426 ,
2504 358 2722 415 Fratres
2768 354 3071 415 charissimi
3098 396 3114 424 ,
3156 354 3407 414 humanas

114 474 200 529 per
223 467 397 510 tamen
431 462 716 526 utrumque
760 456 1031 519 sensisse,
1062 453 1207 525 quod
1241 453 1316 526 (a)
1347 468 1441 525 per
1470 452 1699 509 homouo

112 549 220 604 sion
268 546 609 603 hommusion
661 556 934 617 oporteret
982 547 1206 617 intelligi
1256 545 1358 601 :id
1406 555 1523 612 est,
1569 543 1701 600 nihil

112 638 273 697 simile
299 638 401 693 sibi
431 638 728 695 secundum
769 647 1017 694 naturam
1047 653 1170 694 esse
1200 652 1356 709 posse
1379 680 1395 702 ,
1428 637 1531 693 nisi
1558 636 1702 710 quod

120 740 251 789 esset
289 746 352 787 ex
390 731 584 786 eadem
613 738 825 787 natura.
852 730 1224 802 Regeneratus
1270 730 1479 801 pridem
1501 772 1517 798 ,
1550 740 1605 786 et
1647 731 1701 787 in

112 826 408 895 episcopatu
467 824 858 895 aliquantisper
903 838 1169 892 manens,
1228 823 1387 880 fidem
1430 824 1700 880 Nicacnam

119 932 391 988 numquam
421 915 528 972 nisi
548 917 889 972 exsulalurus
909 915 1086 971 audivi
1113 933 1127 970 :
1156 915 1251 972 sed
1273 915 1407 971 mihi
1433 916 1700 972 homousii

116 1020 164 1066 et
189 1009 471 1065 hommusii
499 1008 910 1081 intelligentiam
946 1007 1236 1079 Evangelia
1264 1015 1321 1064 et
1345 1006 1590 1078 Apostoli
1622 1007 1704 1062 iu-

114 1102 439 1159 timavcrunt.
470 1101 625 1157 Pium
653 1110 736 1157 est
773 1101 920 1173 quod
949 1102 1220 1158 volumus.
1260 1099 1338 1155 Ne
1381 1098 1702 1158 damnemus

116 1212 309 1273 patres,
360 1217 429 1256 ne
459 1201 762 1256 animemus
791 1198 1119 1256 hmreticos:
1166 1214 1234 1255 ne
1276 1197 1403 1253 dum
1447 1197 1702 1255 han'esim

117 1292 417 1365 apellimus,
471 1290 720 1347 heresim
764 1276 1087 1347 nutriamus.
1129 1289 1475 1361 Iuterpretati
1521 1298 1700 1360 patres

118 1384 269 1440 nostri
295 1394 423 1439 sunt
463 1392 586 1454 post
629 1384 895 1456 synodum
942 1383 1217 1439 Nicmnam
1260 1381 1531 1439 homousii
1576 1398 1701 1455 pro-

117 1479 379 1551 prietatem
412 1477 488 1550 (b)
522 1478 808 1549 religiose,
855 1487 1069 1534 exstant
1116 1462 1274 1545 libri,
1320 1460 1508 1534 manet
1571 1492 1701 1533 con-

119 1570 363 1627 scientia:
392 1570 440 1624 si
466 1569 598 1641 quid
627 1570 693 1626 ad
720 1570 1221 1642 interpretationem
1249 1568 1554 1625 addendum
1579 1579 1658 1625 est
1678 1609 1694 1636 ,

1778 450 2155 505 ‘conscientire
2203 451 2463 521 pudorem
2510 470 2521 505 :

2572 461 2626 507 et
2674 449 2993 506 humilitatis
3039 464 3176 505 mea:
3217 449 3412 504 immo-

1803 556 1923 598 mor
1948 584 1963 610 ,
1991 541 2061 600 de
2087 544 2250 598 tantis
2275 558 2339 599 ac
2365 553 2470 599 tam
2504 543 2799 599 reconditis
2822 542 3017 607 rebus,
3041 548 3099 595 et
3128 540 3195 595 ad
3237 554 3409 610 usque

1804 634 1943 692 hanc
1968 646 2183 692 aetatem
2212 644 2456 693 nostram
2485 635 2766 693 intentatis
2792 649 2854 691 ac
2876 633 3056 691 tacitis
3077 647 3263 688 amore
3287 646 3409 688 ves-

1807 728 1875 783 tri
1907 735 2126 784 coactus
2155 727 2273 784 hmo
2311 730 2538 800 scripsi,
2588 736 2788 799 etquae
2838 727 2953 794 ipse
2996 724 3283 782 credebam
3331 724 3411 782 lo-

1804 829 1962 878 cutus
1988 837 2107 877 sum
2136 839 2151 876 :
2185 821 2441 895 conscius
2463 820 2627 889 mihi,
2657 822 2762 877 hoc
2786 833 2875 876 me
2913 818 3173 876 Ecclesiae
3201 815 3408 874 militiae

1803 930 1939 972 mete
1996 916 2325 987 stipendium
2372 916 2609 983 debere,
2662 915 2734 989 (ο)
2785 925 2844 971 ιιι
2890 930 2985 986 per
3026 913 3125 970 has
3168 913 3408 980 litteras,

1802 1009 2146 1080 episcopatus
2174 1010 2281 1065 mei
2315 1010 2368 1065 in
2416 1009 2635 1066 Christo
2662 1024 2847 1067 vocem
2871 1050 2887 1076 ,
2933 1007 3229 1065 secundum
3274 1005 3408 1062 doc-

1801 1101 1973 1157 trinas
2000 1100 2375 1173 evangelicas,
2417 1101 2770 1160 destinarem.
2816 1101 3073 1157 Vestrum
3116 1101 3279 1174 520
3324 1108 3409 1155 cst

1803 1195 1860 1250 in
1885 1210 2179 1254 commune
2219 1205 2454 1253 tractare
2478 1211 2546 1253 ac
2583 1195 2872 1269 providere
2912 1202 3072 1267 atque
3114 1210 3303 1267 agere,
3352 1200 3412 1249 ut

1801 1289 1946 1361 quod
1975 1306 2148 1363 usque
2187 1306 2329 1347 nunc
2357 1290 2654 1348 inviolabili
2701 1290 2811 1348 ﬁde
2857 1291 3125 1355 manetis,
3157 1288 3408 1361 religiosa

1801 1386 2137 1444 conscientia
2163 1389 2495 1446 conservetis
2511 1428 2525 1456 ,
2558 1398 2614 1444 et
2641 1388 2870 1444 teneatis
2895 1387 3038 1459 quod
3068 1385 3281 1447 tenetis.
3302 1383 3414 1440 Me-

1800 1489 2042 1537 mentote
2085 1480 2261 1537 exsilii
2303 1480 2411 1537 mei
2454 1481 2507 1536 in
2552 1480 2889 1537 orationibus
2935 1477 3185 1537 sanctis:
3231 1493 3262 1533 a
3300 1491 3410 1548 quo

1801 1578 1888 1630 me
1913 1613 1929 1642 ,
1964 1582 2088 1645 post
2133 1575 2525 1646 expositionem
2559 1573 2717 1646 hujus
2756 1574 2915 1641 fidei,
2961 1574 3147 1631 nescio
3187 1589 3256 1629 an
3294 1580 3404 1629 tam

117 1663 455 1718 communiter
506 1662 874 1718 consulamus.
908 1661 1093 1717 Potest
1136 1663 1274 1717 inter
1316 1677 1415 1717 nos
1461 1662 1696 1732 optimus
1793 1665 2091 1736 jucundum
2138 1675 2221 1723 est
2264 1668 2330 1722 ad
2376 1682 2472 1723 vos
2514 1666 2594 1741 (tt)
2643 1669 2696 1721 in
2745 1666 2971 1723 Domino
3006 1665 3137 1723 Jesu
3188 1664 3407 1722 Christo

116 1757 224 1812 ﬁdei
251 1767 420 1812 status
449 1755 615 1813 condi
647 1775 660 1812 :
696 1765 754 1812 ut
779 1771 880 1813 nec
919 1772 981 1812 ea
1005 1772 1125 1828 qua:
1165 1756 1304 1811 bene
1348 1764 1473 1811 sunt
1497 1755 1697 1811 consﬁ-
1728 1761 1776 1822 B
1803 1761 2036 1829 reverti,
2067 1777 2227 1832 quam
2265 1777 2515 1818 securum
2547 1768 2634 1818 est
2671 1762 2831 1817 mori.
2879 1761 3020 1817 Deus
3048 1771 3103 1818 et
3146 1760 3405 1816 Dominus

118 1857 215 1905 tuta
235 1849 394 1922 519
423 1857 690 1907 vexentur
708 1891 723 1918 ,
755 1858 810 1907 et
836 1865 956 1921 qua:
986 1849 1129 1906 male
1156 1857 1281 1905 sunt
1306 1848 1580 1905 intellecta
1610 1863 1702 1904 re-

116 1952 368 2001 secentur.

178 2077 247 2154 (α)
285 2077 657 2154 invulgatis,
708 2096 799 2154 per
846 2080 1163 2136 Itomazusion
1205 2080 1523 2154 homousion.
1559 2082 1693 2154 Cum

115 2151 271 2208 verbis
300 2151 500 2225 llilarii
522 2152 683 2207 modo
722 2152 900 2225 allatis
922 2195 937 2221 ,
967 2169 1024 2208 se
1052 2169 1144 2225 per
1173 2154 1419 2208 unitatem
1449 2153 1695 2208 similitu-

117 2225 267 2278 dinem
290 2224 574 2295 recepisse,
599 2223 772 2295 tnagis
800 2223 1064 2279 consonat
1089 2224 1250 2295 lectio
1278 2237 1412 2295 mss.

177 2295 244 2367 (ὁ)
281 2294 335 2349 lu
360 2295 604 2367 excusis,
631 2296 856 2367 religiosi
878 2305 1050 2351 ecclant
1080 2294 1219 2350 libri.
1244 2295 1315 2350 At
1338 2294 1389 2349 in
1421 2310 1550 2350 mss.
1569 2336 1584 2362 ,
1614 2313 1696 2351 re-

118 2364 273 2439 ligiose
293 2383 311 2420 :
339 2366 491 2439 quod
517 2364 750 2439 refertur
774 2366 841 2421 ad
870 2368 1090 2439 verbum
1121 2367 1438 2439 interpretati
1461 2379 1609 2431 sunt,
1637 2377 1693 2422 et

116 2436 389 2493 illustratur
437 2438 527 2493 his
569 2438 748 2493 verbis
792 2455 846 2491 ιι.
875 2439 944 2492 27
972 2436 1095 2493 libri
1138 2436 1325 2493 contra
1357 2438 1638 2495 Constant.
1674 2456 1687 2493 :

116 2506 309 2564 Exstant
334 2510 473 2564 enim
504 2508 713 2574 litterw,
747 2510 932 2579 quibus
974 2509 1063 2581 id,
1097 2510 1233 2581 quod
1260 2519 1315 2563 tu
1358 2510 1693 2565 criminosum

117 2590 247 2649 putas
264 2623 280 2648 ,
306 2583 384 2651 pie
412 2590 539 2635 tunc
564 2598 672 2651 esse
699 2592 989 2650 susceptum
1021 2580 1253 2635 docetur.
1288 2581 1458 2636 Porro
1500 2583 1693 2636 etiam-

117 2646 225 2736 num
247 2646 381 2736 apud
408 2646 820 2736 Socratemlib.
846 2646 897 2718 ι,
925 2652 1027 2736 sub
1050 2652 1208 2736 linem
1233 2668 1353 2722 cap.
1383 2653 1417 2707 8
1437 2693 1452 2718 ,
1478 2660 1692 2736 exstant

120 2723 311 2779 Eusebii
342 2724 612 2794 Pamphili
640 2724 854 2789 littersr,
878 2723 1074 2791 quibus
1101 2723 1240 2778 hanc
1266 2738 1451 2779 vocem
1482 2725 1584 2779 sibi
1608 2725 1696 2795 pie

117 2809 171 2850 ac
194 2796 432 2867 religiose
464 2796 769 2866 expositam
790 2810 856 2873 _se
881 2795 1191 2865 suscepisse
1219 2796 1427 2853 scribit.

1811 1863 1998 1909 noster
2027 1854 2478 1910 incontaminatos
2500 1869 2597 1910 vos
2626 1862 2682 1910 et
2717 1854 2916 1910 illmsos
2943 1854 2997 1910 in
3026 1853 3170 1911 diem
3197 1853 3405 1911 revela-

1803 1947 1968 2003 tionis
1994 1956 2238 2004 reservet
2262 1959 2391 2019 opto
2409 1990 2423 2017 ,
2457 1946 2675 2004 Fratres
2704 1946 3032 2003 charissimi.
3059 1946 3135 2020 (e)

1877 2081 1947 2154 (c)
1987 2082 2128 2138 Editi
2153 2125 2168 2149 ,
2200 2093 2246 2138 el
2293 2098 2391 2154 pro
2424 2092 2519 2149 ut;
2542 2091 2597 2137 et
2635 2097 2791 2149 mox,
2835 2082 3090 2138 destinare
3116 2097 3214 2153 pro
3242 2080 3401 2137 desii-

1802 2169 2019 2226 narem;
2048 2153 2393 2226 corriguntur
2436 2170 2505 2226 ex
2541 2170 2687 2226 mss.
2735 2153 3003 2211 Praeferre
3053 2165 3227 2211 tamen
3273 2154 3405 2210 licet

1802 2240 1922 2280 cum
1967 2225 2123 2282 Colb.
2154 2225 2213 2282 et
2248 2225 2433 2283 Germ.
2465 2225 2644 2282 debere
2690 2243 2782 2297 per
2827 2226 2919 2283 has
2945 2226 3211 2283 litteras...
3245 2226 3407 2281 desti-

1804 2313 1949 2351 nare.

1871 2367 2089 2451 (didit;
2115 2368 2314 2451 ,_Mir.,
2358 2368 2509 2451 Lips.
2554 2377 2609 2424 et
2652 2368 2810 2432 Par.,
2966 2371 3173 2451 deorum
3213 2367 3404 2425 Christi

1797 2440 1981 2495 reverti
2001 2482 2017 2505 ,
2050 2440 2183 2496 Bad.
2216 2452 2271 2497 et
2296 2440 2547 2496 omnibus
2574 2454 2704 2495 mss.
2738 2441 3118 2498 renitentibus.

1874 2511 1946 2582 (e)
1986 2511 2044 2566 lu
2076 2513 2468 2568 recentioribus
2496 2508 2629 2567 mss.
2659 2513 2738 2566 sic
2766 2512 3064 2567 absolvitur
3101 2512 3189 2569 hic
3217 2513 3354 2569 liber
3386 2529 3401 2567 :

1801 2580 2125 2637 Hornousion
2152 2600 2377 2653 grtecttm
2398 2596 2492 2638 est.
2515 2582 2879 2649 Inlerpretatio
2902 2585 3227 2651 homonsion,
3252 2586 3406 2653 unius

1802 2654 2099 2709 substantia:
2123 2650 2217 2710 {et
2238 2655 2546 2710 homazusion
2574 2655 2940 2724 interpretatur
2960 2656 3143 2711 similis
3168 2650 3404 2711 subsimi-

1802 2725 1923 2797 tias;
1953 2724 2045 2797 sed
2085 2742 2176 2797 per
2212 2725 2519 2781 homousion
2580 2733 2779 2794 oportet
2833 2727 3092 2796 intelligi:
3119 2742 3240 2797 qua:
3285 2736 3404 2783 stu-

1802 2795 1941 2852 diosi
1968 2795 2198 2869 alicujus
2233 2797 2411 2870 ponus
2439 2808 2564 2854 nota
2592 2797 2834 2864 videtur,
2867 2795 3025 2869 quam
3057 2795 3314 2855 auctoris.

130 2923 3408 2950 Μ

1174 3037 1698 3190 SANC‘

1818 3044 1886 3187 Ι
1980 3043 2760 3189 HILARII

132 3281 1438 3493 APOLOGETICA
1527 3284 1776 3413 AD
1868 3285 3407 3424 REPREHENSORES

701 3513 1039 3587 LIBRI
1150 3516 1304 3587 DE
1406 3514 1913 3591 SYNODIS
2004 3519 2625 3595 RESPONSA
2690 3503 2801 3600 (Γ).

1123 3675 1649 3712 -η--εεξῖῢ

1652 3670 2436 3725 Μςὲ--ῄ-

121 3774 157 3830 Ι.
187 3777 246 3834 ln
283 3778 386 3834 Iiwc
427 3794 575 3834 nam.
605 3776 667 3833 ὃς
706 3777 773 3833 Ει
820 3776 948 3833 licet
985 3790 1094 3831 non
1126 3774 1244 3830 sine
1279 3770 1460 3844 aliquo
1486 3767 1696 3826 aurium
1723 3767 1769 3833 C
2007 3769 2591 3838 INTELLIGENTIAM
2610 3822 2626 3849 ,
2672 3782 2776 3842 nisi
2818 3787 2942 3859 quia
2973 3789 3329 3866 intelligerem
3352 3805 3409 3857 et

255 3873 606 3930 seandalo....
639 3872 935 3930 restiterint
960 3868 1247 3930 Orientales
1273 3866 1552 3923 Anomceis.

180 3983 230 4041 Si
256 3985 546 4058 diligenter
587 3985 851 4042 sententia
893 3982 1009 4040 haec
1054 3996 1287 4054 expensa
1337 3991 1517 4046 esset,
1563 3977 1702 4034 forte

120 4078 260 4134 totius
289 4087 548 4135 tractatus
575 4079 679 4133 mei
708 4077 845 4133 ratio
882 4093 989 4133 non
1021 4076 1208 4131 fuisset
1235 4074 1553 4145 suspiciosa.
1581 4071 1699 4127 Non

121 4168 242 4224 enim
267 4170 343 4243 (g)
374 4172 517 4227 tacui
544 4185 667 4227 esse
691 4169 824 4238 illic,
851 4168 996 4243 quod
1027 4185 1130 4225 non
1163 4167 1266 4224 nisi
1292 4181 1412 4222 cum
1443 4163 1701 4222 seandalo

123 4274 244 4321 esset
265 4266 616 4337 audiendum.

122 4377 170 4435 ll.
207 4380 356 4439 Initio
395 4400 541 4440 num.
590 4382 660 4438 15
697 4424 713 4450 ,
773 4390 889 4455 post
917 4379 1265 4436 recitationem
1318 4376 1471 4450 primi
1512 4374 1702 4432 decreti

628 4476 920 4550 Ancyram:
942 4475 1144 4548 synodi.

181 4589 543 4662 Expositiones
585 4605 778 4647 omnes
825 4588 1144 4662 (Ancyrana:
1179 4588 1405 4660 synodi,
1452 4602 1566 4660 qua:
1605 4586 1700 4641 hoc

126 4679 234 4737 libro
269 4685 676 4757 describuntur),
718 4685 767 4740 si
801 4683 930 4755 quid
958 4683 1158 4740 habent
1182 4683 1448 4749 criminis,
1477 4681 1613 4737 intra
1637 4695 1700 4737 se

124 4772 334 4845 habent;
365 4789 622 4835 cancrum
652 4794 759 4834 non
799 4776 1002 4833 habere
1029 4776 1082 4831 in
1112 4776 1325 4847 publica
1352 4774 1489 4830 facie
1512 4772 1700 4831 existi-

123 4879 330 4926 mantur.
354 4873 461 4930 Sed
479 4873 600 4945 quia
630 4872 828 4928 scirem
858 4887 921 4928 ea
951 4871 1067 4927 sola
1099 4869 1355 4927 Sirmium
1377 4884 1499 4927 esse
1522 4868 1697 4925 delata

126 4957 201 5032 (f.
223 4978 308 5021 cas
338 4965 480 5022 solas
509 4965 763 5040 delatas).

1805 3860 2062 3960 impiam:
2100 3876 2156 3923 et
2201 3868 2403 3927 idcirco
2438 3873 2705 3945 similem,
2742 3895 2848 3937 non
2894 3883 3070 3941 solum
3104 3860 3407 3960 aqualem,

1805 3953 1903 4011 sed
1931 3957 2094 4012 etiam
2124 3961 2373 4018 eamdem
2396 3963 2627 4035 dixisse,
2658 3980 2717 4025 ut
2745 3987 2922 4043 neque
2953 3953 3404 4050 similitudinem,

1805 4064 1966 4146 quam
2000 4062 2076 4122 tu,
2112 4051 2280 4111 l'rater
2317 4056 2556 4127 Lucifer,
2578 4063 2859 4132 prtedicari
2882 4069 3156 4140 volueras,
3203 4075 3407 4146 impro-

1803 4143 2029 4215 harem;
2062 4159 2116 4206 et
2147 4159 2324 4208 tamen
2369 4155 2540 4210 solam
2581 4158 2722 4229 piam
2767 4176 2889 4219 esse
2915 4143 3297 4227 similitudinis
3317 4172 3405 4227 in.

1806 4241 2156 4315 telligentiam
2200 4246 2574 4319 admonerem,
2619 4269 2740 4325 qua:
2786 4258 3047 4318 unitatem
3087 4262 3403 4324 substantia:

1802 4337 2145 4409 praedicaret.

1801 4451 1894 4508 Ν.
1924 4451 1995 4508 1η
2017 4469 2140 4509 mss.
2164 4470 2282 4542 cum
2310 4458 2564 4528 superiori
2583 4477 2685 4518 uno
2711 4474 2888 4523 tenore
2909 4469 3261 4528 continuatum
3284 4483 3403 4548 per-

1875 4544 1997 4600 tinet
2015 4545 2085 4600 ad
2104 4546 2201 4603 hoc
2221 4564 2366 4605 num.
2397 4550 2496 4608 78:
2520 4551 2564 4609 Ο
2588 4555 2821 4613 studiosi
2845 4560 3063 4619 tandem
3093 4544 3405 4637 apostolica:

1873 4645 2037 4709 atque
2061 4641 2389 4734 evangelica:
2417 4643 2678 4704 doctrinm
2714 4650 2908 4709 viri....
2957 4666 3209 4728 quantam
3251 4677 3405 4734 spem

1873 4731 2192 4789 revocandae
2217 4749 2359 4791 vera:
2388 4735 2509 4793 fidei
2533 4740 2788 4800 attulistis
2809 4745 2834 4798 γ

1873 4822 1931 4878 lu
1961 4838 2027 4880 eo
2056 4840 2209 4895 vero,
2238 4827 2381 4898 quod
2407 4828 2634 4888 laudans
2659 4849 2755 4891 eos
2786 4836 2840 4893 in
2875 4838 3130 4898 invidiam
3162 4845 3406 4907 deducor

1802 4927 1832 4969 a
1863 4915 2220 4987 quibusdam;
2261 4935 2448 4990 parum
2476 4923 2781 4983 intellectus
2807 4943 2948 4986 sum.
2980 4932 3097 4990 Non
3127 4938 3270 4993 enim
3306 4956 3404 5000 eos

1802 5018 1990 5062 veram
2021 5007 2180 5065 ﬁdem
2206 5051 2220 5076 ,
2252 5011 2346 5066 sed
2380 5011 2558 5069 SPEM
2589 5015 3033 5082 REVOCANDIE
3065 5026 3275 5088 VEBIE
3306 5032 3404 5089 FI-

120 5073 437 5188 lll..Respicit
460 5085 560 5188 ista
589 5098 732 5137 num.
767 5081 834 5187 :77
861 5099 875 5138 :
921 5081 1181 5188 Ειρίξξίξιι
1218 5080 1701 5188 εἱωξιξειβυδειθξῖ·
1725 5187 1738 5188 7
1804 5097 1919 5155 DEI
1945 5102 2190 5157 attulisse
2207 5073 2360 5158 dixi:
2400 5113 2461 5160 ut
2480 5106 2621 5164 sicut
2645 5073 2718 5165 illi
2746 5073 3091 5188 auditi—sunt,
3301 5073 3404 5186 in;

184 5172 483 5283 lusuque
520 5175 859 5233 homteusion
913 5174 1247 5247 appellatur,
1312 5172 1456 5230 fideli
1502 5187 1568 5229 ac
1602 5172 1688 5244 pia
1716 5187 1773 5249 D
1797 5206 1869 5248 ex
1900 5192 2005 5249 hoc
2036 5203 2224 5250 comm
2254 5192 2538 5254 valentem
2578 5211 2636 5257 ει
2669 5202 2954 5265 Ursacimn
2976 5172 3271 5283 ὧδέ

180 5262 540 5339 intelligentia.

181 5374 285 5434 Non
314 5388 440 5451 puto
468 5395 791 5453 quemquam
818 5364 1243 5447 admonendum,
1274 5379 1326 5435 in
1356 5379 1459 5435 hoc
1487 5379 1609 5434 loco
1635 5386 1698 5435 ut

124 5473 402 5541 expendat,
448 5489 615 5547 quare
668 5474 901 5532 dixerim
957 5473 1203 5531 SIMILIS
1243 5471 1697 5530 SUBSTANTL’E

189 5613 517 5693 ({)__Primum
551 5617 693 5693 typis
724 5616 971 5674 mandata
1001 5616 1056 5672 in
1085 5613 1690 5686 ed.Veronensi,quam

127 5686 427 5744 recedimus.

185 5754 256 5831 (g)
281 5758 392 5818 Hoc
412 5760 478 5818 ita
507 5761 789 5820 evidenter
810 5760 1041 5832 postulat
1069 5773 1282 5828 sensus,
1310 5766 1368 5816 ut
1392 5755 1726 5843 precferenﬁ

1798 5285 1943 5355 diri,
2005 5294 2061 5342 et
2097 5286 2176 5361 (Ιι)
2220 5290 2553 5360 coaptandus
2596 5295 2664 5352 ad
2704 5312 2798 5354 eos
2844 5302 3186 5373 allocutionis
3221 5324 3406 5371 sermo

1797 5376 2029 5436 blandus
2073 5378 2209 5435 nihil
2231 5381 2419 5451 ;aliud,
2470 5401 2632 5456 quam
2678 5394 2987 5462 procacium
3029 5402 3400 5465 conviciorum

1798 5472 2058 5545 effugeret
2084 5472 2383 5533 foeditatem
2410 5495 2427 5543 ;
2472 5495 2596 5538 cum
2623 5487 2866 5547 amarius
2898 5499 3061 5564 atque
3087 5496 3247 5553 etiam
3273 5514 3405 5571 pro-

1799 5611 2560 5701 dugp‘dgserimugnqpamvig
2572 5633 2745 5682 exstet
2761 5626 2836 5701 in_
2835 5644 2967 5686 mss.
2985 5632 3257 5692 tacuissem
3272 5639 3403 5701 illic.

1794 5684 1957 5778 "Alfi
1984 5684 2394 5778 “fumus:
2421 5690 2493 5778 At
2519 5691 2683 5778 Cara.
2711 5708 2767 5755 et
2795 5684 2942 5778 Tell.
2967 5684 3400 5778 amabilia};

1796 5756 1980 5827 Forte,
2006 5773 2109 5830 quo
2137 5769 2276 5831 apta:
2291 5761 2360 5817 ad
2382 5777 2488 5834 eos,
2519 5764 2607 5823 vel
2627 5779 2820 5844 cceptus
2841 5756 2912 5829 ad
2929 5756 3037 5835 eos.
