3936 6196
537 192 643 265 5ιῖ

1738 198 1983 261 SANCTI
2020 198 2281 263 HILARII
2321 197 2632 269 EPISCOPI

3718 208 3812 279 διδ

531 321 749 379 brosius
793 319 848 377 in
880 316 1337 391 consequentibus
1375 316 1683 389 (pt‘teserlim
1712 331 1856 371 num.
1895 312 2012 386 9|),
2041 330 2135 370 oe-
2168 310 2217 391 Α
2242 314 2335 371 IX.
2387 315 2529 371 Huic
2554 315 2721 387 afﬁne,
2751 316 3026 383 adducitur
3063 325 3177 392 post
3216 317 3378 374 allata
3410 320 3635 393 mntpla
3657 338 3813 380 eorum

531 414 675 470 culta
723 413 1116 484 expositionum
1148 425 1326 467 essem
1374 408 1627 465 scandala
1655 408 1984 478 proditurus.

540 526 602 582 Y.
630 528 851 598 Aptatur
871 526 949 580 Itis
968 540 1110 579 num.
1147 524 1247 579 80:
1288 522 1398 578 Oro
1433 530 1613 579 autem
1647 536 1767 587 vos,
1806 521 2132 577 sanctissimi

607 623 705 679 viri
727 665 741 688 ,
766 632 821 677 ut
840 635 961 677 cum
991 619 1129 675 bona
1159 619 1314 697 venia
1362 616 1762 675 sollicitudines
1806 629 1957 673 meas
1983 615 2130 671 testi-

605 716 782 770 metis.

605 808 707 862 Pro
732 805 1013 877 prudentia
1041 813 1220 862 vestra
1250 805 1559 877 expendite,
1591 804 1719 877 quid
1749 806 1822 861 sit
1848 820 1877 860 a
1907 805 2134 862 sanctis-

529 902 682 955 simis
710 902 842 955 viris
872 914 1129 970 poscere,
1182 910 1238 955 ut
1277 916 1402 956 cum
1444 899 1583 955 bona
1613 898 1767 954 venia
1798 898 2021 955 audiant
2045 899 2129 954 di-

530 1003 773 1061 centem;
818 1004 875 1051 et
920 1011 986 1048 an
1027 992 1270 1065 ejusdem
1312 995 1384 1049 sit
1428 993 1671 1059 adulari,
1722 1000 1779 1049 et
1820 992 2130 1064 objurgare.

531 1088 643 1145 Hoc
673 1088 797 1144 ideo
822 1090 893 1144 ita
921 1089 1123 1144 dictum
1149 1098 1252 1156 est,
1283 1088 1359 1161 (a)
1385 1090 1510 1161 quia
1537 1104 1661 1160 qua:
1686 1089 1751 1144 ad
1781 1103 2019 1159 praesens
2050 1095 2132 1142 ta-

527 1177 634 1230 cita
676 1176 745 1232 ab
775 1177 858 1231 his
894 1175 1127 1248 (Legatis
1172 1176 1425 1230 Sirmium
1468 1176 1659 1246 missis)
1691 1174 1936 1242 fuissent,
1981 1186 2132 1229 eram

530 1268 843 1337 proditurus
869 1268 1037 1339 (num.
1067 1267 1138 1323 90
1177 1278 1223 1322 et
1253 1266 1378 1338 9t);
1413 1284 1519 1322 non
1548 1278 1727 1324 tamen
1774 1268 1829 1323 in
1860 1266 1945 1322 his
1965 1308 1979 1331 ,
2009 1280 2134 1338 quae

529 1368 749 1428 possent
773 1369 1046 1429 tamquam
1067 1359 1397 1414 exensabilia
1427 1357 1668 1427 delendi,
1695 1358 1909 1414 viderer
1927 1357 2135 1412 calum-

529 1449 688 1504 niari.

530 1560 615 1617 νι.
666 1561 857 1618 Attinet
895 1562 963 1617 ad
1001 1563 1110 1619 lucc
1154 1578 1295 1619 num.
1344 1564 1451 1621 87:
1486 1562 1550 1619 Et
1592 1577 1695 1635 ego
1732 1562 1938 1619 invitus
1972 1561 2128 1629 licet,

590 1658 964 1728 respondebo,
988 1666 1088 1713 etc.

594 1753 736 1807 Satis
764 1754 1011 1810 absolute
1038 1797 1051 1821 ,
1098 1755 1323 1812 Domine
1359 1754 1527 1810 frater
1572 1752 1820 1820 Lucifer,
1870 1749 2125 1822 cognosci

524 1852 715 1917 potuit,
742 1849 968 1903 invitttm
994 1865 1082 1905 me
1105 1849 1389 1906 liommusii
1415 1849 1744 1905 mentiOuem
1771 1847 1991 1904 habere.
2019 1844 2129 1901 Sed

521 1940 640 2008 quia
673 1949 724 1993 ιιι
754 1941 1169 1998 sitttililttdittem
1223 1941 1344 1997 Filii
1390 1943 1456 1997 ad
1507 1942 1722 1997 Patrem
1755 1939 2087 2011 praedicabas
2110 1980 2126 2007 ,

522 2032 915 2091 demonstratio
946 2034 1067 2103 ejus
1096 2050 1124 2088 a
1158 2053 1245 2093 me
1271 2035 1369 2090 fuit
1405 2034 1728 2105 exponenda
1759 2034 1876 2091 sine
1901 2034 2051 2087 vitio.

525 2123 634 2178 VII.
674 2123 772 2178 His
799 2125 1116 2181 subnectitur
1144 2144 1286 2181 num.
1322 2126 1432 2182 88:
1480 2126 1557 2200 (b)
1607 2127 1831 2199 Synotlo
1872 2127 2131 2181 Samosac

596 2225 731 2270 teme
751 2217 1197 2274 subscribendum
1214 2229 1413 2291 putas..
1434 2218 1847 2275 Subscribamus
1865 2229 1914 2275 et
1934 2217 2128 2273 Nion-ae

592 2309 826 2379 synodo.

592 2402 859 2475 Numquid
886 2415 941 2462 et
972 2406 1059 2462 hic
1085 2404 1160 2480 (c)
1193 2405 1261 2463 de
1287 2405 1662 2463 hommusione
1692 2406 1959 2478 legentem
1984 2445 2001 2473 ,
2025 2403 2128 2461 adv

522 2496 728 2564 mutui,
756 2515 860 2552 non
889 2500 1048 2554 aliter
1075 2482 1381 2555 ostendens
1402 2499 1602 2571 suscipi
1632 2505 1906 2571 oportere,
1931 2498 2034 2554 nisi
2059 2496 2128 2553 ad

519 2594 783 2646 unitatem
814 2592 1133 2651 Substantite
1153 2594 1449 2650 referretur
1469 2592 1493 2648 ‘i

519 2703 655 2760 VIII.
694 2697 1138 2776 Reprehensum»:
1166 2706 1329 2761 oculis
1368 2707 1578 2777 exponit
1612 2706 1710 2761 hoc
1734 2721 1877 2767 nunt.
1923 2705 1992 2761 89
2018 2720 2033 2762 :
2060 2704 2132 2759 Et

593 2815 679 2854 me
719 2809 900 2856 movet
931 2802 1076 2872 (cum
1108 2801 1387 2873 seandalo)
1421 2799 1707 2857 bommusii
1746 2799 1998 2867 auditas,
2027 2810 2124 2856 etc.

594 2896 749 2952 Anne
775 2898 1056 2967 quisquam
1099 2911 1185 2952 me
1212 2897 1523 2953 existimare
1561 2895 1756 2967 poterit
1790 2895 2127 2952 homteusion

518 2990 657 3046 velle
679 2991 979 3061 suscipere,
1004 2992 1071 3047 de
1099 3006 1207 3061 quo
1235 2992 1335 3047 ista
1371 2989 1645 3051 tractavi?

618 3135 671 3192 al
703 3136 969 3192 Particulo
1003 3144 1056 3188 ut
1086 3134 1295 3190 videtur
1323 3135 1409 3190 hic
1441 3134 1654 3190 deesse.

618 3155 648 3191 a
703 3136 969 3192 Particulo
1003 3144 1056 3188 ut
1086 3136 1295 3190 videtur
1323 3136 1409 3190 hic
1441 3136 1654 3190 deesse.

592 3136 894 3282 {biAptius
929 3207 1345 3282 sultj‘ungcretur
1368 3205 1741 3282 illis‘ejusdem
1764 3204 1975 3282 numeri
2000 3219 2129 3282 vcr—

517 3276 623 3343 his‘,
654 3276 977 3359 'pecernatur
1004 3278 1132 3333 nihil
1153 3276 1383 3346 di/ferre,
1408 3277 1561 3335 unius
1592 3287 1642 3332 et
1658 3277 1841 3337 similis
1870 3293 1978 3335 esse
2003 3276 2130 3335 sub-

519 3360 742 3405 stttnttte.

2308 424 2423 479 qua:
2448 418 2659 467 externa
2683 411 3019 468 similitudine
3049 412 3260 483 fallunt.

2307 502 2575 574 Numquid
2604 514 2659 561 et
2682 504 2773 561 hic
2797 505 3162 563 similitudinis
3192 506 3467 578 negligens
3488 505 3602 565 fui?

2236 614 2592 693 523.525
2613 619 2682 675 X.
2713 619 2959 677 Conuenit
2989 622 3069 676 Itis
3116 639 3259 677 num.
3292 622 3365 679 90
3393 640 3408 677 :
3436 623 3670 681 Parcens
3694 627 3819 683 cuius

2305 719 2480 775 adhuc
2509 720 2576 776 de
2608 722 2689 778 his
2714 722 2848 777 nihil
2877 723 3022 792 dico,
3063 740 3179 795 quae
3209 726 3426 797 Ancyra:
3448 743 3568 781 cum
3598 729 3819 786 scandan

2306 813 2512 867 decreta
2534 821 2675 869 sunt.

2306 905 2462 962 Anne
2492 907 2770 961 existimor
2807 908 3166 978 suspicionem
3210 909 3282 965 ab
3312 908 3398 966 his
3436 910 3712 981 adimere,
3739 913 3825 972 vel

2233 1012 2297 1055 ea
2327 998 2546 1056 laudare
2569 1001 2764 1072 quibus
2794 1002 2994 1072 parco?
3036 1002 3266 1059 Parcere
3292 1004 3440 1060 enim
3461 1047 3477 1073 ,
3509 1013 3566 1062 et
3598 1022 3714 1062 cum
3739 1008 3815 1064 di-

2236 1090 2435 1148 latione
2462 1091 2531 1149 ad
2562 1092 2664 1150 hoc
2692 1109 2933 1165 parcere,
2965 1095 3101 1152 nihil
3129 1097 3359 1168 improbi
3387 1106 3473 1156 est
3498 1106 3554 1155 ct
3596 1102 3812 1158 remissi.

2235 1205 2327 1263 XI.
2354 1206 2421 1263 In
2448 1225 2571 1265 mss.
2598 1209 2795 1265 decimo
2814 1212 3166 1266 continuatum
3187 1213 3323 1267 cadit
3350 1214 3401 1268 in
3425 1215 3519 1269 illa
3559 1233 3613 1269 n.
3636 1215 3696 1272 9i
3720 1235 3732 1271 :
3756 1216 3824 1273 Ut

2308 1301 2521 1372 probari
2563 1304 2731 1372 possit
2770 1302 3108 1359 homteusion
3132 1345 3149 1371 ,
3187 1321 3293 1359 non
3339 1304 3701 1376 improbemus
3735 1308 3829 1364 ho-

2305 1394 2587 1460 mousion;
2630 1395 2748 1451 item
2776 1413 2823 1451 et
2855 1397 2910 1450 in
2949 1398 3050 1452 ista
3090 1397 3321 1469 ejusdem
3345 1401 3544 1452 numeri
3575 1415 3592 1453 :
3618 1398 3827 1472 [inpium

2305 1496 2387 1543 est
2413 1488 2552 1558 quod
2580 1489 2811 1557 audetis,
2830 1499 2936 1545 etc.

2305 1602 2387 1655 An
2420 1599 2506 1655 hic
2539 1600 2773 1658 similem
2815 1601 3170 1659 substantiam
3198 1603 3343 1661 aliud
3389 1603 3565 1681 patior
3591 1619 3703 1662 esse
3731 1603 3832 1663 nisi

2159 1723 2206 1785 Β
2238 1691 2432 1749 uuam?
2476 1708 2597 1765 qua:
2645 1694 2687 1748 si
2729 1709 2833 1749 nou
2883 1709 2984 1749 una
3029 1696 3100 1749 sit
3151 1707 3307 1751 antea
3345 1698 3670 1773 conﬁtenda,
3718 1698 3829 1769 iam

2235 1795 2419 1857 postea
2459 1787 2622 1857 impie
2645 1788 2713 1842 sit
2740 1787 2931 1843 similis
2969 1788 3333 1857 praedicanda.

2234 1901 2346 1957 XII.
2372 1900 2662 1971 Subjicitur
2686 1911 2799 1973 post
2828 1904 2938 1958 haec
2958 1920 3103 1958 num.
3134 1905 3195 1962 9|
3228 1924 3241 1959 :
3271 1906 3625 1964 Homceusion
3648 1908 3829 1964 nescio

2304 2010 2406 2051 nec
2441 1995 2703 2067 intelligo,
2739 1996 2842 2051 nisi
2875 2004 3083 2052 turnum
3116 1997 3185 2053 ab
3213 1998 3409 2055 similis
3434 2001 3683 2056 essentia:
3708 2015 3832 2056 con-

2307 2088 2562 2154 fessione,
2588 2098 2685 2144 etc.

2307 2204 2577 2276 Numquid
2623 2204 2813 2261 videor
2862 2204 3007 2277 quod
3064 2208 3266 2263 nescivi
3324 2207 3557 2278 probare
3604 2208 3837 2279 potuisse

2238 2295 2569 2370 (accipiendo
2605 2298 2923 2355 homwusion
2955 2316 3052 2372 pro
3086 2301 3423 2357 similitudine
3465 2319 3568 2357 non
3604 2304 3835 2356 substano

2238 2389 2425 2460 tiali)?
2469 2389 2587 2445 Non
2616 2390 2819 2462 utique.
2852 2392 2963 2449 Sed
2986 2395 3108 2464 quia
3140 2393 3275 2450 Iides
3299 2394 3576 2451 catholica
3618 2411 3725 2449 non
3753 2395 3838 2450 de-

2237 2484 2363 2541 beat
2401 2486 2503 2540 nisi
2534 2501 2630 2555 per
2660 2486 2925 2542 unitatem
2956 2487 3364 2545 similitudinem
3400 2489 3661 2555 credere;
3692 2497 3745 2543 ut
3771 2489 3839 2543 si-

2238 2576 2594 2634 militudinem
2626 2586 2832 2635 tantum
2864 2579 2928 2634 ad
2962 2580 3353 2638 excludendum
3398 2582 3658 2639 unionem
3696 2597 3837 2638 com-

2235 2673 2542 2733 memoret,
2589 2683 2698 2723 non
2745 2667 2813 2723 ad
2858 2667 3141 2725 discidium
3186 2670 3454 2726 unitatis:
3505 2670 3711 2727 idcirco
3756 2686 3835 2725 me

2233 2758 2387 2826 dixi,
2413 2774 2536 2815 cum
2565 2760 2785 2817 nomine
2817 2760 3087 2818 homonsii
3116 2773 3282 2833 atque
3313 2762 3606 2819 homeausii
3638 2763 3834 2819 neseis-

2233 2867 2346 2908 sem
2375 2896 2390 2918 ,
2444 2864 2623 2911 tamen
2673 2870 2767 2925 per
2808 2855 3076 2912 unitatem
3106 2855 3521 2913 similitudinem
3552 2855 3831 2929 recepisse.

2234 2945 2348 3002 lloc
2375 2945 2549 3021 ipsum
2585 2947 2766 3003 statim
2792 2964 3025 3021 sequens
3051 2949 3319 3007 sententia
3350 2949 3609 3006 absolvit.

2155 3134 2203 3199 C
2262 3204 2273 3207 _
2305 3133 2377 3205 (c)
2410 3134 2486 3191 Ex
2520 3135 2727 3191 Erasmi
2760 3143 2814 3190 et
2835 3135 2997 3191 Mirzei
3028 3135 3299 3207 margine,
3327 3135 3418 3191 ubi
3448 3134 3568 3190 haec
3596 3134 3838 3206 apologo-

2239 3204 2337 3261 tica
2361 3214 2487 3281 nota
2510 3207 2672 3281 jacet,
2701 3209 2913 3281 restitui
2944 3204 3225 3281 potestfue
3243 3208 3563 3264 homeusion
3585 3204 3838 3281 negligén-

2238 3286 2313 3337 ter
2338 3280 2667 3352 suscipiatur,
2696 3296 2801 3335 non
2825 3278 3095 3335 admonui.

3022 3447 3802 3477 h—y—————d

2920 3456 3018 3472 ~—

1850 3567 2525 3655 ADMONITIO

1007 3738 1090 3801 1N
1137 3733 1593 3801 EPISTOLAM
1626 3731 2108 3809 SEQUENTE)!
2150 3732 2254 3796 ET
2298 3729 2810 3795 SUBJUNCTUM
2851 3729 2934 3795 ΕΙ
2973 3729 3355 3799 ΗΥΗΝΠΜ.

600 4028 751 4087 Hanc
785 4027 1055 4101 epistolam
1080 4034 1467 4098 nugamentum
1494 4025 1735 4083 hominis
1762 4025 1940 4084 otiose
1975 4026 2130 4082 indo-

519 4127 590 4181 cti
618 4132 764 4180 uocat
796 4122 1062 4190 Erasmus,
1095 4120 1342 4178 Gillotius
1363 4121 1539 4176 scribit
1559 4139 1591 4176 a
1622 4118 1907 4175 Fortunato
1937 4120 2031 4173 sibi
2053 4120 2130 4173 ui-

519 4219 631 4274 deri
658 4217 928 4285 conﬁctam
949 4233 966 4282 ;
991 4214 1145 4285 idque
1175 4231 1294 4278 enen
1322 4214 1605 4271 verissime
1634 4213 1899 4281 scripsisse
1924 4212 2129 4268 Sculte-

520 4324 624 4377 tus,
654 4329 773 4382 pag.
797 4311 894 4365 52!
912 4352 925 4376 ,
943 4318 1217 4364 asseverat.
1244 4310 1310 4362 At
1343 4308 1633 4362 Fortunato
1655 4308 1777 4378 ipsi,
1808 4306 1893 4378 qui
1911 4306 2054 4361 illius
2075 4322 2131 4362 se

519 4423 621 4459 non
644 4412 925 4467 auctorem,
954 4401 1044 4457 sed
1074 4411 1249 4456 testem
1279 4401 1423 4472 facit,
1449 4401 1603 4471 [idem
1624 4418 1725 4455 non
1747 4398 2129 4455 detrectandam

516 4500 696 4553 merito
727 4505 933 4552 censent
957 4496 1209 4569 tequiores
1247 4512 1419 4550 rerum
1447 4497 1811 4551 cestimatores.
1844 4494 1966 4550 Non
1993 4496 2128 4548 enim

515 4592 751 4655 credunt,
776 4598 1011 4644 sanctum
1037 4587 1355 4642 Pictavensis
1376 4587 1601 4643 ecclesia:
1632 4585 1917 4644 Prcesuiem
1940 4586 2127 4642 menti-

515 4694 644 4744 tum,
680 4700 796 4737 cum
828 4699 939 4736 eam
979 4681 1195 4752 propria
1238 4678 1431 4734 Hilarii
1467 4695 1624 4735 manu
1665 4678 2009 4749 subscriptam
2037 4694 2129 4735 sua

2232 4026 2370 4080 datis
2408 4042 2441 4081 a
2470 4026 2616 4081 uanis
2653 4024 2831 4083 διεσαιὶ
2863 4025 3063 4096 pompis
3088 4041 3149 4081 ac
3175 4024 3377 4080 deliciis
3412 4034 3621 4091 auocat,
3656 4033 3709 4079 ut
3734 4038 3833 4081 eam

2234 4118 2423 4174 cmlesli
2453 4134 2644 4187 sponso
2674 4117 2919 4190 bonisque
2954 4117 3254 4173 melioribus
3282 4127 3567 4190 prteparet.
3597 4115 3721 4173 Cum
3748 4131 3831 4168 au-

2233 4225 2333 4269 tem
2362 4216 2610 4269 sermonis
2653 4215 2991 4269 obscuritates
3032 4224 3077 4267 et
3120 4213 3398 4283 amigmata
3434 4212 3511 4271 ad
3547 4209 3831 4275 excitandas

2230 4310 2425 4381 ingenii
2451 4311 2580 4364 vires
2608 4308 2755 4363 valde
2774 4309 2959 4363 idonea
2983 4308 3083 4362 sint
3104 4324 3122 4361 :
3153 4325 3252 4362 non
3280 4298 3636 4377 iinpi'udentcr
3659 4306 3719 4360 iis
3741 4302 3831 4356 uti-

2232 4412 2315 4457 tur
2338 4402 2591 4457 sollicitus
2618 4410 2784 4473 pater,
2809 4401 2985 4455 multis
3003 4401 3116 4466 jam
3146 4400 3296 4453 annis
3318 4415 3348 4449 a
3379 4400 3553 4468 patria
3582 4398 3726 4451 domo
3752 4409 3827 4447 re-

2232 4507 2422 4563 motus,
2454 4505 2511 4549 ut
2535 4512 2599 4550 ea:
2621 4496 2879 4567 responsis
2907 4494 3032 4565 ﬁlia:
3064 4492 3325 4564 ingenium
3356 4508 3418 4545 ac
3446 4492 3681 4544 studium
3703 4488 3829 4543 illius

2232 4590 2546 4655 experiatur.
2581 4586 2700 4641 Iam
2731 4587 2865 4642 enim
2893 4588 3111 4641 triennio
3139 4587 3319 4640 saltent
3358 4583 3552 4639 Abram
3580 4600 3679 4639 non
3700 4580 3825 4635 cide-

2231 4691 2335 4747 rat,
2368 4697 2485 4735 cum
2513 4683 2645 4736 hanc
2674 4682 2717 4735 ei
2741 4681 3015 4751 epistolam
3036 4681 3259 4751 scripsit.
3286 4679 3353 4733 In
3376 4696 3435 4733 ea
3462 4680 3709 4750 hymnum
3728 4688 3822 4727 ma-

514 4786 663 4832 tetate
711 4776 939 4831 Pictavi:
978 4791 1072 4846 pro
1112 4789 1323 4831 munere
1363 4782 1713 4827 conservatam
1762 4786 1869 4828 esse
1913 4779 2127 4831 testatus
2156 4748 2206 4807 D
2235 4774 2456 4828 latinum
2489 4775 2778 4845 pariterque
2808 4775 3090 4829 serotinum
3120 4774 3225 4845 ipsi
3249 4790 3303 4828 se
3335 4773 3544 4828 mittere
3578 4774 3820 4826 memerat-

514 4883 606 4927 est.
640 4870 817 4942 Longe
845 4871 1012 4925 minus
1036 4868 1241 4925 ueritati
1264 4874 1665 4922 consentaneum
1687 4873 1786 4930 est,
1812 4874 1868 4917 ut
1895 4879 2017 4923 cum
2041 4878 2128 4934 ge-

515 4966 729 5021 nuinum
779 4962 971 5019 Hilarii
1007 4963 1285 5034 epistolam
1325 4973 1432 5030 pra
1478 4956 1717 5012 mnibus
1762 4954 1974 5015 haberet
2002 4995 2020 5022 ,
2067 4972 2131 5011 ea

513 5073 785 5129 suppressa
828 5055 1175 5113 adulterinum
1212 5050 1577 5123 supposuerit.‘
1607 5048 1667 5107 Si
1707 5046 1832 5120 quid
1868 5054 2039 5103 autem
2072 5045 2130 5101 in

511 5166 731 5218 summa,
774 5165 930 5217 quam
972 5165 1035 5204 ex
1083 5164 1146 5205 ea
1190 5146 1455 5221 exprimit,
1493 5144 1652 5219 paulo
1694 5143 1845 5203 aliter
1887 5141 2121 5199 enuntiat

511 5260 665 5313 quam
709 5244 763 5296 in
799 5242 894 5297 illa
920 5242 1238 5309 continetur;
1276 5257 1336 5298 eo
1370 5240 1487 5312 ipso
1518 5239 1694 5308 palam
1724 5239 1871 5309 facit,
1912 5236 2061 5295 illam
2087 5252 2121 5291 α

513 5316 566 5387 se
592 5351 766 5387 cusam
794 5350 893 5388 non
921 5334 1104 5405 fuisse.
1136 5332 1291 5387 Nili-il
1316 5347 1472 5409 porro
1490 5332 1549 5389 in
1574 5348 1634 5391 ea
1654 5330 1927 5391 advertunt
1946 5330 2033 5404 pio
2060 5346 2123 5387 ac

515 5427 765 5495 prudente
779 5425 1051 5498 indignum
1071 5434 1299 5499 parente,
1325 5425 1413 5505 qui
1433 5424 1759 5493 carissimam
1781 5424 1949 5494 filiam
1968 5421 2126 5478 simul

512 5528 558 5572 et
575 5518 800 5589 puellam
816 5518 1146 5574 tenerrimam
1162 5518 1323 5574 verbis
1335 5517 1404 5571 ad
1418 5517 1582 5589 ipsius
1598 5525 1810 5588 captum
1830 5532 2120 5572 accommo-

2237 4865 2447 4921 Excidit
2470 4868 2723 4922 serotinus
2747 4883 2764 4921 :
2791 4867 2883 4921 sed
2914 4868 3219 4921 matutinum
3244 4882 3346 4919 una
3376 4881 3495 4919 cum
3529 4861 3737 4937 epistola
3766 4853 3824 4911 ad

2233 4965 2426 5019 calcem
2475 4973 2733 5035 gestorum
2785 4961 2981 5016 Hilarii
3027 4979 3059 5015 a
3096 4959 3388 5015 Fortunato
3430 4961 3737 5032 scriptorum
3777 4950 3824 5002 ἰιι

2234 5074 2390 5129 quam
2419 5057 2663 5130 plurimis
2686 5072 2812 5112 mss.
2856 5055 3081 5128 reperire
3106 5065 3201 5111 cst.
3234 5054 3525 5119 Utrumque
3552 5050 3682 5109 illud
3708 5057 3822 5115 opu

2225 5152 2281 5204 in
2323 5149 2551 5220 antiquis
2590 5147 2787 5205 Hilarii
2839 5148 3165 5203 editionibus
3191 5146 3324 5202 libro
3355 5149 3420 5202 de
3468 5142 3696 5217 Synodis
3731 5150 3818 5192 non

2224 5243 2361 5297 male
2386 5242 2734 5311 subiungitur.
2769 5238 2822 5293 Ν
2827 5257 2911 5294 am
2934 5250 2990 5295 ut
3018 5241 3216 5295 litteras
3247 5241 3543 5294 Abi-tecum
3567 5234 3816 5292 Gallorum

2226 5334 2410 5399 litteris
2447 5333 2513 5388 ab
2552 5350 2610 5389 eo
2637 5344 2875 5405 acceptas
2912 5334 3094 5405 fuisse,
3142 5333 3218 5388 ita
3257 5342 3305 5389 et
3346 5332 3492 5391 illius
3534 5326 3813 5396 τικήριιπι

2225 5444 2340 5495 οιιοιι
2370 5426 2501 5491 libro
2530 5429 2595 5482 de
2622 5426 2861 5497 Synodis
2887 5427 3103 5489 misum
3120 5440 3231 5485 esse
3255 5425 3365 5480 turi
3385 5423 3703 5489 simillimum
3728 5416 3811 5467 ιιι·
