3936 6196
597 288 700 347 551

1805 281 2050 342 ΒΛΝΟἸΊ
2092 279 2350 337 lllLARll
2391 278 2698 339 EI’ISCOPI

3788 283 3876 337 552

595 421 792 475 capere
822 421 928 461 non
960 403 1149 473 possit.
1183 401 1287 458 Sed
1321 401 1396 456 illi
1441 377 1582 456 dabo
1608 413 1752 463 eam,
1800 414 1920 469 quae
1945 407 2196 453 contenta
2226 399 2276 457 Α
2303 393 2442 448 fert:
2469 392 2582 463 Ego
2600 400 2802 450 vestem
2826 393 3345 466 alteramexSpecto,
3374 401 3602 464 propter
3623 406 3776 464 quam
3793 409 3875 462 pa-

597 499 690 565 sit,
724 515 829 554 non
859 499 1030 552 serico
1060 495 1267 560 habitu,
1301 493 1395 548 sed
1452 492 1528 565 (a)
1571 491 1766 547 nativis
1815 491 2088 546 coloribus
2140 499 2196 545 et

597 587 970 660 insumptuoso
998 595 1146 642 textu
1171 585 1357 644 vestiri
1392 603 1405 638 :
1449 586 1522 640 ita
1565 594 1624 640 ut
1653 593 1876 655 propter
1904 592 2194 638 consuetu-

596 683 799 748 dinem,
847 696 1136 752 purpuram
1180 679 1256 752 (b)
1303 689 1681 750 perangustatn
1722 677 1890 734 vestis
1939 677 2134 732 habeat
2175 693 2188 730 :

595 790 704 831 non
729 775 893 830 etiam
944 788 1178 844 purpura
1223 772 1340 853 ipsa
1378 771 1448 845 (ο)
1491 771 1821 828 diffundatur
1862 772 1913 826 in
1962 780 2186 825 vestem.

592 866 874 938 Margarita
900 883 1048 934 vero,
1082 883 1241 940 quam
1261 883 1292 923 a
1323 883 1409 924 me
1435 866 1594 938 petis,
1626 875 1831 922 naturae
1862 865 1980 936 ejus
2002 873 2104 930 est,
2134 873 2193 919 ut

590 959 792 1016 habere
829 975 950 1016 eam
987 977 1148 1018 nemo
1175 962 1367 1033 possit,
1411 961 1504 1033 qui
1535 961 1878 1032 margaritam
1912 960 2069 1015 aliam
2102 959 2193 1013 ha-

590 1053 768 1111 buerit
801 1071 815 1108 :
845 1055 969 1126 quia
1034 1055 1157 1111 aliae
1209 1055 1510 1127 margarita:
1561 1063 1654 1109 aut
1703 1054 1770 1110 de
1808 1063 1947 1110 terra
1993 1061 2085 1108 aut
2122 1052 2192 1109 de

589 1147 727 1202 mari
751 1157 911 1214 sunt;
943 1163 1064 1204 mea
1085 1155 1289 1213 autem,
1321 1157 1380 1202 ut
1421 1148 1538 1218 ipse
1581 1155 1637 1202 tu
1663 1146 1836 1214 vides,
1865 1146 2109 1218 speciosa
2135 1154 2192 1200 et

588 1243 824 1313 pretiosa
852 1251 956 1307 est,
988 1241 1429 1312 incomparabilis
1458 1249 1513 1296 et
1550 1240 1788 1296 caelestis
1833 1249 1934 1304 est,
1977 1254 2077 1295 nec
2103 1238 2186 1294 di-

586 1343 781 1404 gnatur
809 1333 880 1389 ibi
906 1348 1029 1390 esse
1055 1333 1147 1389 ubi
1188 1333 1306 1387 alia:
1335 1341 1485 1387 sunt.
1513 1331 1632 1388 Non
1663 1333 1808 1388 enim
1849 1331 2012 1388 rebus
2052 1330 2187 1387 meis

585 1429 836 1486 convenit
861 1444 983 1484 cum
1011 1429 1175 1485 rebus
1203 1427 1439 1484 hominis
1466 1444 1478 1480 :
1503 1428 1626 1499 quia
1659 1426 1748 1497 qui
1790 1435 1940 1482 veste
1966 1441 2086 1481 mea
2131 1433 2188 1480 et

579 1522 868 1593 margarita
896 1525 1081 1589 utitur,
1116 1522 1170 1576 in
1217 1530 1478 1577 aeternum
1508 1535 1672 1575 sanus
1701 1529 1818 1584 est;
1873 1535 1980 1574 non
2031 1517 2181 1574 febre

579 1615 902 1680 exardescit,
933 1630 1039 1670 non
1073 1614 1283 1670 vulneri
1312 1623 1480 1684 patet,
1514 1628 1624 1667 non
1660 1613 1818 1667 annis
1845 1611 2179 1679 demutatur,

579 1723 686 1764 non
725 1715 899 1763 morte
919 1707 1270 1772 dissolvitur;
1303 1705 1383 1778 (il)
1437 1705 1663 1777 aequalis
1688 1706 1834 1761 enim
1885 1718 2100 1774 semper
2127 1711 2184 1759 et

576 1812 809 1858 aeternus
838 1811 940 1858 est.
971 1801 1086 1872 Ego
1117 1809 1294 1856 tamen
1319 1801 1458 1855 hanc
1491 1809 1692 1854 vestem
1714 1807 1771 1854 et
1796 1797 1934 1853 hanc
1963 1811 2179 1866 marga-
2211 1803 2258 1863 Β

574 1897 733 1952 ritam
760 1912 934 1952 meam
959 1896 1162 1967 petenti
1194 1893 1289 1949 tibi
1317 1893 1480 1960 dabo,
1515 1903 1572 1947 ut
1599 1907 1719 1946 eam
1762 1890 1888 1945 ﬁliae
1925 1901 2027 1945 tuze
2058 1904 2179 1960 per-

572 1989 734 2046 feras.
769 1989 877 2046 Sed
909 1989 1057 2060 prius
1084 1989 1224 2044 scire
1255 1987 1420 2043 debes
1449 1985 1578 2056 quid
1625 1985 1755 2040 velit
1800 1984 1910 2039 ﬁlia
1958 1993 2067 2038 tua.
2118 1983 2174 2038 Si

566 2097 628 2139 se
655 2081 814 2154 hujus
845 2085 1011 2139 vestis
1039 2090 1094 2138 et
1122 2079 1427 2152 margaritae
1456 2094 1593 2134 mere
1634 2077 1851 2148 dignam
1900 2076 2080 2142 faciat,
2121 2075 2176 2130 id

570 2183 672 2243 est,
721 2177 766 2231 si
813 2185 992 2231 vestes
1021 2175 1226 2230 sericas
1270 2182 1325 2228 et
1369 2180 1584 2227 auratas
1616 2178 1672 2225 et
1709 2169 1936 2225 infectas
1973 2169 2174 2225 habere

571 2268 820 2334 noluerit,
854 2270 900 2323 si
926 2282 1144 2323 omnem
1173 2265 1522 2337 margaritam
1549 2265 1772 2319 alteram
1796 2261 2012 2329 oderit;
2045 2271 2174 2318 tunc

567 2362 685 2419 haec
709 2378 829 2434 quae
862 2379 947 2419 tne
973 2377 1132 2434 rogas
1160 2361 1256 2417 tibi
1281 2359 1570 2432 praestabo.

641 2458 695 2514 6.
717 2455 909 2514 Filiam
923 2459 1156 2513 hortatur
1170 2466 1224 2512 ut
1244 2457 1482 2512 modestis
1504 2466 1677 2512 utatur
1691 2457 1931 2512 vestibus.
1954 2485 2024 2498 --
2042 2455 2174 2510 Post

568 2565 728 2621 quam
745 2565 954 2617 vocem,
975 2550 1105 2618 ﬁlia,
1128 2549 1282 2606 laetus
1308 2565 1559 2621 exsurgo,
1583 2559 1640 2606 et
1657 2560 1927 2606 secretum
1951 2549 2056 2604 hoc
2078 2548 2171 2604 ha-

567 2642 723 2708 bens,
756 2642 896 2700 hanc
921 2643 988 2700 ad
1012 2653 1064 2700 te
1091 2644 1375 2715 epistolam
1403 2643 1504 2700 feci
1537 2661 1550 2698 :
1578 2660 1778 2716 rogans
1824 2655 1877 2701 te
1907 2659 2004 2715 per
2035 2644 2171 2700 mul-

570 2743 652 2791 tas
687 2735 954 2808 lacrymas
997 2753 1166 2804 meas,
1226 2745 1284 2793 ut
1314 2747 1366 2794 te
1412 2736 1538 2793 huic
1585 2737 1719 2793 vesti
1768 2747 1824 2793 et
1868 2737 2169 2806 margarita:

563 2844 838 2898 reserves,
867 2846 1041 2902 neque
1065 2830 1323 2887 miserum
1342 2846 1527 2887 senem
1557 2831 1648 2884 tali
1676 2829 1874 2884 damno
1891 2838 1982 2884 tuo
2001 2827 2071 2901 (e)
2092 2828 2169 2885 fa-

564 2925 697 2991 cias,
748 2925 793 2980 si
824 2925 965 2981 hanc
993 2933 1204 2982 vestem
1232 2937 1287 2980 et
1308 2924 1448 2979 hanc
1486 2923 1832 2994 margaritam
1875 2921 2039 2995 528
2060 2936 2166 2978 non

563 3016 836 3075 habueris.
868 3019 1062 3075 Testor
1089 3018 1158 3092 (f)
1186 3029 1365 3075 autem
1396 3018 1525 3083 tibi,
1578 3017 1708 3085 ﬁlia,
1750 3019 1922 3076 Deum
1963 3018 2085 3074 creli
2112 3028 2166 3073 et

565 3118 747 3179 terrae,
779 3111 904 3183 quia
929 3112 1064 3166 nihil
1093 3112 1193 3168 hac
1217 3121 1367 3168 veste
1404 3123 1566 3183 atque
1595 3112 1694 3166 hac
1724 3113 2017 3183 margarita
2043 3126 2165 3182 pre-

2301 496 2562 542 termeus
2603 501 2632 539 a
2681 503 2767 542 me
2815 497 2920 541 tam
2969 487 3058 542 diu
3107 488 3507 558 peregrinatur,
3561 501 3721 556 quam
3765 485 3872 540 mihi

2297 579 2510 648 quaerit,
2544 594 2704 649 quam
2736 595 2840 634 non
2874 595 3090 651 possum
3134 580 3336 638 habere
3378 580 3426 636 si
3475 579 3616 634 hanc
3646 578 3873 636 habuero.

2297 673 2508 728 Sufﬁcit
2537 672 2665 728 tnihi
2689 673 2808 728 lana
2831 674 2945 730 ovis
2976 691 3130 742 mete,
3163 674 3359 730 sufﬁcit
3399 674 3531 731 inihi
3555 673 3707 730 color
3735 691 3870 744 quem

2297 778 2484 822 natura
2526 769 2724 835 attulit,
2773 768 2972 824 sufficit
3024 769 3156 824 mihi
3205 779 3383 826 textus
3434 771 3871 838 insumptuosus:

2297 869 2551 918 cmterum
2597 872 2803 918 vestem
2844 863 2992 919 illam
3044 863 3324 930 desidero,
3373 880 3498 936 qua:
3547 863 3740 919 dicitur
3783 880 3872 919 non

2295 957 2527 1023 absumi,
2563 974 2669 1012 non
2703 959 2859 1014 atteri
2889 1002 2902 1026 ,
2954 975 3059 1014 non
3089 959 3281 1014 scindi.
3310 961 3379 1014 At
3401 975 3531 1015 vero
3559 959 3607 1014 si
3637 958 3728 1014 tibi
3755 976 3874 1015 mar-

2293 1051 2464 1122 garita
2497 1049 2754 1106 oﬁeratur
2799 1063 2887 1108 aut
2940 1053 3319 1124 suspendenda
3367 1055 3536 1120 collo,
3588 1063 3679 1109 aut
3729 1055 3872 1126 digito

2294 1143 2620 1214 coaptanda,
2651 1145 2800 1200 dices
2828 1143 2923 1213 ita,
2948 1145 3066 1201 Non
3091 1145 3222 1201 mihi
3252 1146 3646 1227 impedimento
3663 1146 3872 1203 sintista:

2293 1237 2512 1294 inutiles
2552 1247 2606 1294 et
2645 1240 2882 1295 sordidae
2923 1242 3228 1312 margarita:
3263 1242 3402 1298 :sed
3440 1251 3698 1312 exspecto
3745 1243 3871 1298 illaut

2293 1332 2761 1401 pretiosissimam,
2791 1332 3209 1403 pulcherrimam
3247 1343 3300 1389 et
3327 1334 3693 1390 utilissimam.
3721 1333 3871 1390 Credo

2292 1423 2433 1493 patri
2462 1441 2608 1494 meo,
2639 1428 2761 1496 quia
2781 1435 2835 1480 et
2863 1427 2940 1497 (It)
2967 1427 3057 1482 ille
3083 1428 3157 1494 ei,
3183 1428 3272 1498 qui
3293 1427 3432 1482 hanc
3457 1427 3744 1499 spopondit
3763 1428 3865 1496 sibi,

2288 1515 2540 1582 credidit,
2562 1532 2784 1588 propter
2813 1534 2972 1588 quam
2993 1519 3120 1573 mihi
3145 1518 3469 1590 signiﬁcavit
3492 1535 3553 1575 se
3577 1519 3730 1574 etiam
3753 1519 3868 1575 mori

2289 1610 2428 1666 velle
2457 1629 2469 1664 :
2502 1611 2640 1667 hanc
2666 1623 2945 1684 exspecto,
2981 1613 3116 1669 hanc
3144 1613 3418 1683 desidero,
3437 1630 3560 1686 qua:
3584 1614 3714 1670 mihi
3755 1632 3865 1684 μω-

2285 1705 2451 1761 Stabit
2476 1707 2705 1761 salutem
2737 1717 2791 1762 et
2818 1710 3202 1764 aeternitatem.

2358 1798 2407 1852 7.
2452 1797 2607 1854 Filia:
2625 1811 2885 1869 exspectat
2916 1802 3242 1864 rescriptum.
3275 1799 3516 1872 Hymnus
3544 1803 3863 1859 utatutiuuset

2279 1893 2552 1948 serotinus.
2581 1893 2732 1949 Abra:
2757 1895 3180 1967 mater.—Ergo,
3219 1896 3343 1961 lilia,
3376 1896 3605 1952 subveni
3632 1898 3864 1953 sollicitu-

2277 1985 2568 2053 dinimetn,
2598 1997 2652 2041 et
2674 1987 2812 2041 hanc
2841 1988 3126 2058 epistolam
3171 2005 3344 2043 meam
3399 2003 3619 2059 semper
3667 1990 3793 2060 lege,
3817 2003 3859 2046 et

2278 2079 2403 2136 huic
2425 2081 2642 2137 vestiet
2668 2081 2974 2153 margaritae
3005 2091 3056 2138 te
3089 2096 3329 2138 reserva.
3378 2081 3449 2137 Et
3494 2083 3610 2152 ipsa
3643 2094 3695 2137 tu
3725 2083 3852 2151 mihi,

2276 2173 2480 2229 nullutn
2506 2175 2865 2246 interrogans,
2897 2175 3225 2246 quibuslibet
3268 2185 3419 2246 potes
3470 2175 3665 2232 litteris
3692 2179 3858 2232 reseri-

2275 2266 2364 2332 be,
2394 2278 2575 2321 utrutn
2626 2270 2762 2322 vesti
2795 2268 2920 2322 huic
2946 2277 3001 2322 et
3048 2270 3353 2338 margarita:
3409 2277 3462 2324 te
3510 2285 3772 2337 reserves,
3813 2278 3858 2323 ut

2275 2361 2443 2417 sciam
2468 2362 2596 2433 quid
2623 2362 2809 2432 juveni
2840 2361 2918 2416 illi
2943 2363 3298 2433 re5pondeam
3333 2380 3345 2415 :
3376 2372 3434 2418 et
3461 2374 3517 2418 ut
3545 2365 3588 2417 si
3615 2363 3754 2418 illam
3783 2362 3858 2418 de-

2273 2457 2508 2520 sideras,
2539 2455 2582 2510 si
2615 2465 2924 2526 exspectas,
2982 2455 3138 2510 hctus
3171 2455 3374 2524 possim
3427 2454 3494 2508 ad
3544 2464 3596 2510 te
3649 2456 3853 2511 reditum

2273 2551 2530 2621 cogitare.
2561 2549 2696 2604 Cum
2730 2559 2908 2604 autem
2950 2548 3081 2603 mihi
3115 2549 3459 2618 rescripseris
3487 2591 3500 2614 ,
3553 2558 3675 2604 tunc
3702 2549 3788 2603 tibi
3811 2559 3852 2603 et

2272 2659 2372 2716 ego
2403 2644 2524 2715 quis
2551 2643 2615 2697 sit
2651 2642 2738 2697 hic
2761 2641 3000 2712 juvenis,
3027 2649 3081 2696 et
3102 2641 3278 2712 qualis
3299 2643 3389 2707 sit,
3414 2651 3470 2696 et
3493 2642 3618 2710 quid
3649 2640 3784 2705 velit,
3809 2647 3854 2695 et

2271 2739 2399 2810 quid
2429 2739 2724 2809 promittat,
2751 2745 2806 2792 et
2835 2736 2961 2808 quid
2987 2735 3176 2806 possit,
3214 2735 3482 2791 iudicabo.
3527 2735 3738 2790 Interim
3772 2732 3850 2788 tibi

2273 2833 2528 2905 hymnum
2575 2831 2897 2884 matutinum
2942 2839 2997 2884 et
3025 2829 3322 2884 serotinum
3379 2829 3522 2895 misi,
3579 2838 3636 2884 ut
3671 2842 3850 2883 memor

2271 2927 2373 2980 mei
2405 2939 2620 2994 semper
2647 2924 2741 2978 sis.
2783 2922 2863 2977 Tu
2891 2938 3021 2978 vero
3059 2924 3103 2976 si
3164 2923 3342 2978 minus
3370 2937 3466 2992 per
3488 2931 3697 2978 aetatem
3723 2921 3851 2992 hym-
3916 2933 3917 2994 ι

2272 3035 2398 3075 ιιιιιιι
2447 3027 2502 3073 et
2545 3017 2830 3088 epistolam
2883 3017 3221 3072 intellexeris
3252 3060 3266 3082 ,
3323 3017 3594 3087 interroga
3649 3027 3849 3072 matrem

2270 3121 2440 3178 tuam,
2473 3127 2594 3183 qu;e
2633 3119 2784 3181 optat
2814 3120 2868 3164 ut
2898 3120 2949 3166 te
3001 3093 3244 3165 moribus
3288 3109 3402 3164 suis
3441 3109 3694 3180 genuerit
3738 3109 3844 3164 Deo.

562 3203 756 3259 tiosius
802 3212 914 3270 est;
964 3212 1018 3259 et
1067 3204 1145 3258 tui
1188 3204 1328 3275 juris
1356 3214 1460 3272 est,
1507 3212 1567 3259 ut
1618 3205 1758 3259 hanc
1805 3204 2026 3260 habeas.
2079 3203 2158 3260 Tu
2191 3189 2236 3254 C
2269 3205 2412 3261 Deus
2445 3204 2538 3275 qui
2597 3214 2646 3259 te
2689 3203 2897 3274 genuit,
2956 3202 3041 3258 hic
3093 3212 3147 3259 et
3202 3204 3254 3258 in
3300 3215 3566 3260 aeternum
3610 3203 3882 3259 custodiat

562 3293 748 3362 modo,
780 3296 858 3366 (g)
892 3295 937 3350 si
969 3296 1183 3367 quando
1215 3296 1312 3351 tibi
1338 3297 1501 3352 vestis
1527 3295 1631 3350 alia
1660 3295 1936 3362 efferatur,
1958 3295 2048 3351 vel
2074 3311 2160 3351 se-

560 3387 694 3455 rica,
724 3387 810 3443 vel
838 3387 1054 3456 infecta,
1091 3387 1176 3444 vel
1201 3387 1477 3456 deaurata,
1520 3387 1685 3443 dicito
1735 3389 1784 3443 ei
1821 3388 1910 3458 qui
1937 3388 2052 3457 tibi,
2081 3389 2164 3443 of-

559 3502 722 3574 epist.
755 3518 827 3557 vn
855 3503 920 3559 ad
948 3502 1174 3568 Ltetam,
1199 3501 1290 3558 ubi
1315 3501 1551 3574 narravit
1574 3515 1708 3574 quas
1737 3515 1926 3573 pinnas
1949 3501 2158 3559 dederit

561 3573 883 3630 Praetextata
907 3575 1264 3636 nobilissima,
1309 3573 1453 3644 quod
1486 3574 1602 3628 viro
1635 3573 1888 3644 llytnetio
1933 3574 2160 3643 jubente

567 3645 692 3700 ﬁliae
719 3645 832 3702 Deo
863 3659 1194 3703 consecratae
1239 3645 1478 3699 habitum
1522 3644 1836 3714 cultumque
1878 3655 2158 3711 mutasset,

559 3716 832 3771 concludit
866 3737 878 3772 :
911 3717 1002 3774 Sic
1025 3716 1288 3771 ulciscitur
1313 3715 1545 3770 Christus
1571 3715 1841 3771 violatores
1865 3718 2036 3786 templi
2058 3719 2160 3782 sui,

556 3787 632 3841 sic
655 3803 882 3858 gemmas
903 3799 950 3842 et
981 3788 1351 3859 pretiosissima
1371 3799 1670 3841 ornamenta
1699 3788 1947 3859 defendit.
2007 3789 2160 3857 Quod

559 3867 752 3929 autem
769 3859 843 3913 ibi
873 3860 940 3915 de
965 3859 1227 3929 virginum
1272 3858 1416 3913 cultu
1459 3859 1637 3922 habet,
1668 3858 1901 3914 maXitue
1945 3877 2074 3915 vero
2103 3863 2166 3914 il-

558 3927 672 3994 lud,
703 3927 902 3984 Habeat
941 3927 1072 3984 alias
1129 3931 1455 3999 margaritas,
1505 3930 1686 4001 quibus
1727 3941 1902 4000 postea
1943 3933 2159 3986 venditis

557 4011 793 4073 emptura
823 4011 896 4073 est
925 4001 1346 4073 pretiosissimum
1374 4002 1738 4073 margaritum,
1790 4003 1927 4058 haud
1959 4003 2162 4059 medio-

558 4072 724 4127 criter
747 4071 1032 4128 conﬁrmat
1059 4072 1197 4128 hanc
1221 4071 1505 4142 epistolam
1535 4073 1722 4127 Hilarii
1757 4083 1970 4130 aetatem
2001 4075 2163 4130 redo-

556 4143 693 4209 lere,
753 4159 930 4216 neque
983 4145 1155 4216 ipsius
1183 4147 1326 4216 stylo
1373 4160 1496 4201 esse
1539 4145 1834 4216 indignam.
1891 4145 1952 4200 V.
1999 4155 2153 4203 tract.

554 4230 641 4287 ps.
667 4231 851 4283 cxvtn,
877 4217 954 4271 lit.
982 4216 1071 4283 16,
1098 4233 1152 4272 ιι.
1192 4217 1281 4272 16.

623 4286 700 4359 (a)
739 4287 958 4342 Nativos
986 4287 1264 4343 habituum
1288 4288 1500 4344 colores
1529 4287 1930 4359 commendant,
1964 4299 2017 4345 et
2038 4299 2156 4346 arte

551 4358 810 4428 quaesitos
833 4359 1092 4414 damnant
1117 4359 1278 4415 etiam
1307 4361 1396 4414 alii
1419 4360 1627 4415 Patres.
1657 4358 1838 4428 Neque
1869 4361 2027 4426 enim,
2074 4361 2156 4417 in-

553 4427 668 4501 Quit
692 4427 990 4502 Cyprianus
1019 4430 1087 4486 de
1115 4432 1332 4501 Discipl.
1365 4442 1420 4486 et
1457 4433 1652 4486 Habitu
1683 4427 1820 4503 virg.
1863 4431 2002 4487 Deus
2041 4450 2155 4487 coc-

550 4503 721 4556 cineas
751 4512 837 4555 aut
867 4519 1151 4573 purpureas
1175 4519 1289 4557 oves
1315 4503 1453 4572 fecit,
1485 4512 1573 4558 aut
1611 4505 1880 4558 herbarum
1910 4505 2078 4559 succis
2107 4515 2154 4559 et

552 4573 835 4646 conchyliis
863 4575 1058 4646 tingere
1086 4583 1132 4628 et
1152 4575 1390 4646 colorare
1444 4573 1590 4646 lanas
1641 4575 1835 4630 docuit.
1885 4575 2038 4644 Quod
2086 4593 2150 4632 ex

552 4642 911 4711 Tertulliano,
941 4642 1035 4703 lib.
1066 4661 1103 4702 ιι
1129 4645 1198 4701 de
1242 4645 1400 4701 Cultu
1437 4645 1623 4700 fcn'lilt.
1660 4664 1712 4701 n.
1751 4648 1840 4716 10,
1885 4642 2156 4718 expressit

549 4713 871 4770 Cverianus.

668 4732 871 4774 rtanus.

594 4731 871 4864 ᾞςωέἓιῗ.
891 4807 1174 4864 purpuram
1215 4807 1304 4861 per
1332 4799 1603 4860 augustam
1647 4790 1820 4864 gestis.
1875 4788 2150 4847 Editiones

546 4861 688 4927 alite,
716 4861 1023 4934 purpuream
1053 4879 1142 4935 per
1163 4872 1404 4935 augustas
1443 4872 1620 4915 vestes.
1648 4861 1762 4915 Duo
1791 4875 1921 4916 mss.
1953 4878 2150 4933 purpu-

547 4947 658 4986 ram
679 4949 770 5005 per
789 4946 1028 5005 angustas
1054 4934 1232 4989 uestes.
1266 4934 1452 4988 Melius
1475 4935 1587 4999 alii,
1637 4945 2001 5005 perangustum
2042 4950 2147 4988 ves-

545 5005 611 5058 tis
636 5004 1176 5076 :7ad_distinCIionem
1198 5005 1314 5060 scil.
1342 5005 1538 5058 lation’s
1567 5020 1829 5076 purpurae,
1859 5004 2014 5074 cujus
2034 5020 2153 5061 me-

546 5075 704 5131 minit
731 5074 1113 5146 Tertullianus,
1144 5078 1211 5132 de
1241 5076 1410 5131 Pallio
1437 5091 1584 5130 num.
1618 5074 1674 5141 t,’
1703 5076 1844 5146 unde
1865 5087 1948 5131 est
1977 5076 2150 5130 clavus

547 5147 683 5202 latus
711 5149 780 5204 ab
809 5149 1000 5205 eodem
1033 5157 1386 5216 memoratus,
1419 5163 1473 5202 n.
1508 5147 1577 5203 15
1597 5147 1666 5204 de
1693 5145 1929 5204 Cordua.
1963 5148 2150 5204 lliero-

2266 3312 2414 3374 opto,
2444 3301 2548 3356 ﬁlia
2576 3299 3056 3356 desideratissima.

2263 3515 2456 3574 nymus
2491 3515 2644 3565 vero,
2674 3499 2835 3574 epist.
2857 3499 2956 3574 22,
3001 3500 3065 3555 ad
3099 3499 3450 3557 Eustochium
3503 3501 3782 3573 depingens
3804 3493 3847 3556 οι

2264 3572 2496 3643 carpens
2535 3572 2789 3642 quasdam
2817 3572 3076 3642 virgines,
3106 3589 3226 3642 qua:
3247 3575 3297 3628 in
3329 3575 3548 3642 publico
3571 3572 3846 3630 notabiliter

2266 3645 2612 3708 incedebant,
2642 3646 2781 3698 inter
2807 3645 2910 3697 alia
2942 3645 3036 3710 ait,
3064 3660 3295 3715 purpura
3326 3655 3526 3699 tantum
3555 3647 3605 3699 in
3640 3656 3762 3701 ueste
3788 3656 3844 3697 te-

2269 3718 2405 3789 nuis.
2436 3716 2695 3789 Nonnihil
2709 3715 2939 3789 confert
2968 3716 3054 3789 hic
3087 3715 3272 3770 llilarii
3315 3717 3467 3772 locus
3494 3718 3560 3772 ad
3586 3719 3843 3789 exploran-

2267 3788 2389 3842 dam
2413 3787 2625 3857 generis
2665 3787 2814 3842 illius
2855 3787 3213 3843 nobilitatem.

2346 3861 2414 3929 (ε)
2458 3859 2622 3923 Editi,
2679 3859 2995 3929 defundutur
3049 3860 3104 3913 in
3154 3869 3285 3914 reste

2268 3931 2506 3996 scriptis.

2339 4000 2419 4072 (d)
2462 4000 2538 4074 Ita
2569 4016 2762 4074 omnes
2789 4000 2902 4058 fere
2933 4017 3062 4056 mss.
3090 4002 3235 4059 Editi
3276 4020 3429 4070 vero,
3479 4004 3683 4074 wqualis
3717 4011 3842 4057 ater-

2263 4072 2360 4127 uis.
2395 4073 2577 4128 Codex
2604 4073 2784 4144 Ottob.
2825 4075 3039 4144 (aqualis
3069 4077 3204 4129 enim
3229 4087 3308 4131 est
3338 4078 3492 4132 restis
3517 4072 3626 4130 mea
3651 4088 3692 4129 et
3711 4085 3834 4128 reter-

2262 4161 2330 4198 na
2361 4160 2380 4228 ς
2405 4155 2460 4200 et
2512 4143 2674 4214 paulo
2723 4155 2849 4201 ante
2875 4143 2975 4200 non
3014 4147 3226 4201 vulnera
3255 4150 3472 4218 patitur,
3503 4163 3598 4219 pro
3623 4164 3714 4201 non
3737 4144 3830 4198 intl-

2263 4226 2374 4270 neri
2411 4226 2570 4287 patet.

2332 4295 2400 4370 (ε)
2443 4296 2727 4370 Beccensis
2775 4297 2986 4370 codex,
3048 4298 3267 4370 efﬁcias.
3319 4297 3540 4354 Cenom.
3598 4295 3825 4370 conﬁcias.

2259 4366 2595 4423 Boherianus
2649 4378 2703 4423 et
2749 4369 2953 4438 aliquot
3010 4366 3125 4430 alii.
3179 4387 3341 4439 neque
3391 4373 3572 4426 misera
3614 4369 3712 4422 seni
3745 4366 3829 4418 tale

2259 4439 2504 4513 damnant
2525 4449 2669 4513 tuum
2693 4440 2876 4508 facias.
2912 4439 3059 4496 Unus
3090 4440 3254 4497 Colb.
3309 4458 3466 4513 neque
3520 4445 3736 4513 miserum
3762 4452 3828 4490 sc-

2259 4527 2372 4583 men
2429 4511 2528 4583 tali
2563 4511 2752 4565 damno
2788 4521 2876 4565 tuo
2919 4521 2965 4565 te
3015 4513 3199 4583 facias.
3243 4513 3342 4568 Cui
3384 4510 3821 4569 consentitGerm.

2259 4582 2361 4636 nisi
2391 4582 2534 4652 quod
2567 4583 2632 4638 ab
2661 4598 2728 4637 eo
2755 4583 2910 4638 abest
2933 4593 3001 4638 te.

2329 4671 2413 4751 (f)_
2461 4674 2777 4751 llujusmodi
2838 4675 3214 4751 obtestatiOnis
3277 4679 3582 4751 exemplum
3631 4673 3816 4751 legimus
3908 4703 3909 4708 η

2257 4744 2362 4802 lib."
2383 4744 2450 4800 de
2492 4744 2742 4818 Svnodis,
2777 4763 2924 4801 num.
2964 4748 3054 4814 9i,
3095 4758 3242 4818 puta,
3298 4744 3476 4805 Testor
3529 4744 3692 4804 Dauni
3725 4744 3818 4798 cwli
3908 4769 3909 4786 ι

2255 4828 2407 4889 atque
2426 4829 2597 4886 teme,
2627 4835 2704 4872 me
2725 4835 2837 4872 cum
2863 4829 3098 4874 neutrum
3120 4821 3404 4886 audissem,
3433 4831 3537 4877 etc.

2336 4909 2412 4988 (g)
2457 4910 2533 4988 Ita
2565 4925 2667 4988 ms.
2705 4910 2889 4966 Ottob.
2927 4915 2993 4966 At
3033 4913 3184 4978 editi,
3219 4922 3272 4966 tu
3316 4915 3471 4969 modo
3517 4913 3703 4984 quando
3746 4904 3817 4961 tibi
3905 4979 3907 4988 Ι

2258 4980 2406 5036 vestis
2436 4983 2541 5036 alia
2572 4980 2808 5050 affertur.

2333 5074 2411 5148 (It)
2454 5076 2672 5141 Excusi,
2705 5077 2905 5151 illequi
2934 5080 3206 5151 spopondit
3236 5079 3281 5134 ei
3307 5097 3361 5135 se
3395 5079 3602 5137 credidit
3639 5073 3816 5133 :corri-

2257 5161 2458 5220 gumur
2481 5164 2549 5205 ex
2580 5163 2683 5205 tus.
2717 5148 2920 5206 Boher.

3336 3876 3354 3914 :
3399 3861 3746 3918 emendantur
3787 3873 3841 3914 ex

545 5255 3798 5289 W—W

1646 5356 2168 5507 SANC

2287 5361 2370 5503 ¹Ι
2490 5357 3269 5507 HlLARII

957 5577 1528 5664 HYMNUS
1621 5577 2023 5663 FILIXE
2105 5577 2389 5662 SUZE
2475 5579 2852 5665 ABR/7E
2935 5582 3444 5668 MISSUS.

837 5733 995 5793 Lucis
1019 5736 1246 5808 largitor
1271 5737 1553 5809 Splendide
1579 5737 1672 5809 (al.
1704 5738 1956 5808 optime),

835 5823 997 5900 Cujus
1028 5843 1220 5884 sereno
1250 5829 1344 5902 (al.
1378 5824 1668 5905 sermonis)
1701 5830 1925 5900 lumine,

2544 5736 2675 5792 Post
2702 5735 2849 5808 lapsa
2873 5740 3049 5795 noctis
3074 5748 3342 5810 tempora,

2541 5830 2664 5888 Dies
2693 5832 2901 5889 refusus
2927 5832 3022 5912 (al.
3059 5835 3313 5910 refulsus)
3347 5836 3608 5909 panditur.
