3936 6196
91 297 203 356 555
1125 300 1192 356 1N
1223 298 1639 368 SEQUENTEM
1673 299 1932 359 LIBRUM
1960 300 2359 360 ADMONITIO.
2615 262 2630 271 ⁸
3295 309 3402 366 est

535 413 618 468 Tu
648 427 809 469 verus
839 412 1021 469 mundi
1061 414 1273 482 lucifer,
1730 428 1781 486 Α
2243 417 2311 474 Ut
2337 419 2476 475 inter
2493 425 2645 474 actus
2671 419 2878 487 saeculi,

459 505 576 561 Non
606 505 653 560 is
679 507 769 577 qui
799 504 876 578 (τι)
914 507 1059 576 parvi
1083 507 1298 575 sideris,
2157 511 2294 568 Vita:
2322 527 2458 584 quos
2482 527 2614 569 usus
2637 513 2821 583 exigit,

455 597 711 654 Ventura:
738 599 874 654 lucis
904 600 1146 666 nuntius,
1317 617 1321 622 τ
2154 605 2310 660 Omni
2333 615 2582 662 carentes
2607 605 2855 672 crimine,

459 694 703 765 Augusto
731 693 896 764 fulget
922 693 1122 750 lumine
1156 710 1169 747 :
2153 697 2281 752 Tuis
2311 697 2389 768 (ά)
2419 698 2663 753 vivamus
2700 698 2928 768 legibus.

523 785 630 842 Sed
660 795 773 842 toto
801 785 918 842 sole
941 784 1167 850 clarior,
2224 789 2523 845 Probrosas
2552 790 2748 846 mentis
2769 791 2988 849 castitas

445 873 566 934 Lux
591 880 710 952 ipse
741 886 883 934 totus
908 887 963 934 et
987 878 1128 942 dies,
2154 879 2346 935 Carnis
2374 879 2556 936 vincat
2583 881 2856 950 libidines,

461 971 677 1028 lnterna
705 971 874 1027 nostri
906 969 1146 1041 pectoris
2151 971 2518 1044 Sanctumque
2541 973 2655 1042 puri
2683 975 2929 1045 corporis

446 1062 762 1120 llluminans
782 1061 1103 1134 prtecordia.
2151 1065 2443 1121 Dclubrum
2468 1075 2648 1124 servet
2676 1067 2930 1138 Spiritus.

520 1156 724 1214 Adesto
752 1171 935 1214 rerum
966 1153 1235 1220 conditor,
2224 1157 2352 1214 Haec
2373 1174 2496 1229 spes
2525 1161 2792 1231 precantis
2813 1163 3026 1232 animus,

449 1255 692 1311 Palermo
722 1254 857 1309 luris
884 1253 1085 1324 gloria,
1274 1246 1282 1254 ’
2151 1251 2278 1308 Haec
2298 1263 2423 1308 sunt
2450 1255 2628 1310 votiva
2659 1271 2904 1324 munera,

452 1347 619 1418 Cujus
642 1347 717 1420 (b)
742 1347 960 1402 admota
988 1347 1178 1419 gratia,
2154 1345 2225 1403 Ut
2250 1347 2512 1404 matutina
2542 1347 2697 1404 nobis
2724 1350 2795 1405 sit

444 1437 636 1496 NOSIra
663 1447 950 1512 patescunt
983 1453 1244 1510 corpora;
2151 1437 2267 1492 Lux
2298 1438 2350 1494 iu
2377 1440 2552 1496 noctis
2579 1441 2900 1497 custodiam.

519 1533 742 1607 Tuoque
771 1534 927 1605 plena
953 1535 1143 1606 spiritu
1163 1575 1179 1600 ,
2218 1529 2397 1587 Gloria
2430 1531 2525 1588 tibi
2553 1533 2807 1604 Domine,

439 1627 634 1685 Secum
668 1627 834 1683 Deum
863 1625 1090 1700 (supple,
1118 1627 1269 1699 sunt)
1298 1624 1562 1699 gestantia
1595 1642 1608 1678 :
2144 1624 2324 1680 Gloria
2353 1625 2664 1697 Unigcnito,

444 1721 515 1793 (e)
543 1720 624 1779 Ne
652 1722 915 1794 rapientis
937 1722 1129 1793 perlidi
2146 1717 2280 1774 Cum
2308 1717 2511 1789 Spiritu
2543 1721 2828 1791 paraclito,

438 1815 577 1872 Diris
607 1824 883 1886 patescant
913 1814 1187 1871 fraudibus
1217 1833 1232 1870 :
1719 1803 1768 1864 B
2149 1811 2303 1869 Nunc
2322 1822 2378 1870 et
2403 1829 2502 1885 per
2518 1799 2689 1872 omne
2713 1817 2992 1876 saeculum.
3018 1821 3210 1880 Amen.

715 1933 1029 1990 CENSL‘RA
1073 1929 1419 1987 ALTERIUS
1458 1928 1674 1985 HYMNI
1713 1926 1998 1984 HlLARlO
2036 1927 2413 1984 PERPERAM
2455 1929 2753 1988 TRIBUTI.

149 2024 213 2081 In
242 2043 338 2082 ms.
369 2027 502 2082 alias
521 2024 736 2080 Cardin.
768 2025 967 2092 Sirleti,
999 2035 1107 2079 tum
1135 2023 1475 2093 Altempensis
1499 2023 1682 2077 biblio-
1786 2022 1882 2092 pit,
1906 2023 2046 2093 quod
2071 2021 2277 2091 ﬁdelem
2307 2024 2537 2078 animum
2583 2027 2869 2097 professus,
2907 2029 3090 2084 Arium
3117 2049 3179 2086 ac
3210 2033 3395 2089 Sabel—

92 2121 254 2187 thecte,
287 2138 428 2175 nunc
457 2119 750 2176 Cardinnlis
776 2118 1017 2173 Ottoboni
1043 2159 1058 2185 ,
1082 2119 1216 2172 hunc
1245 2117 1489 2187 hynmum
1516 2117 1683 2186 sequi-
1785 2116 1912 2170 lium
1937 2117 2242 2171 nominatim
2271 2117 2578 2187 detestatur,
2620 2137 2712 2175 nec
2743 2122 2910 2177 ullum
2954 2124 3036 2179 his
3059 2126 3202 2180 addit
3232 2127 3396 2184 luere-

89 2221 162 2266 tur
188 2213 314 2268 alter
335 2213 610 2286 prolixior,
639 2213 724 2283 qui
747 2211 1000 2266 serotinus
1021 2210 1303 2265 existimari
1330 2209 1489 2278 possit
1520 2209 1571 2261 in
1590 2225 1680 2263 su-
1784 2210 1961 2277 ticum,
1996 2211 2117 2276 nisi,
2150 2211 2284 2280 forte
2299 2212 2368 2264 ad
2399 2214 2729 2278 complendas
2759 2232 2952 2282 versus,
2987 2218 3256 2275 Simonem
3284 2238 3397 2274 ma-

91 2307 273 2376 periore
304 2305 375 2359 ad
400 2305 590 2358 Abram
619 2303 835 2374 epistola
867 2311 1194 2357 memoratus.
1227 2299 1371 2355 Certe
1415 2300 1468 2352 in
1502 2298 1682 2354 seroti-
1787 2317 1929 2373 gum.
1966 2300 2160 2355 Tamen
2198 2302 2357 2357 dictio
2385 2321 2484 2358 non
2514 2305 2711 2359 videtur
2738 2307 2942 2363 Hilario
2969 2311 3146 2381 digna.
3195 2313 3394 2384 Ubique

91 2414 201 2450 num
230 2407 429 2467 tempus
451 2396 683 2468 apprime
704 2397 953 2450 convenit.
985 2394 1060 2448 Ab
1081 2393 1235 2448 astris
1257 2393 1392 2447 enim
1416 2391 1684 2447 exordium
1787 2410 2025 2450 versuum
2054 2411 2291 2450 mensura
2321 2395 2640 2466 syllabarum
2671 2401 2841 2468 potius
2879 2417 3036 2471 quam
3077 2405 3263 2472 pedum
3303 2423 3399 2459 nu-

93 2489 235 2557 ducit,
277 2498 452 2559 estque
506 2489 760 2560 generalis
807 2487 1041 2558 quaedam
1083 2485 1338 2556 confessio
1374 2484 1554 2551 animi,
1593 2485 1682 2554 qui
1789 2489 2264 2544 meroterminatur.
2282 2487 2350 2542 Et
2368 2505 2480 2543 cum
2511 2507 2675 2544 sermo
2697 2492 2895 2546 deberet
2923 2510 3028 2550 esse
3051 2497 3283 2566 feminini
3309 2515 3397 2568 ye-

94 2583 330 2652 lasciviw,
365 2585 620 2649 superbia:
643 2627 656 2648 ,
685 2583 890 2638 invidiae
911 2625 924 2647 ,
958 2581 1250 2648 discordiis,
1284 2582 1456 2635 inanis
1476 2580 1679 2652 gloriaz,
1789 2581 1946 2647 neris,
1977 2580 2074 2634 sia
2104 2581 2215 2650 [ilia
2239 2581 2498 2636 canendus
2539 2595 2668 2637 esset
2710 2581 2793 2636 hic
2834 2584 3076 2654 hymnus,
3111 2589 3294 2658 ubique
3321 2600 3396 2643 est

94 2679 213 2748 gula:
225 2696 284 2732 ac
302 2679 564 2752 gestientis
586 2679 778 2733 lcetitite
796 2677 929 2732 vitiis
948 2693 1002 2732 se
1022 2677 1309 2746 impetitum
1327 2676 1682 2746 ingemiscens,
1791 2673 2083 2727 masculini.
2111 2671 2197 2728 Ea:
2215 2674 2360 2728 initio
2385 2684 2432 2728 et
2454 2677 2556 2743 [ine
2567 2675 2767 2745 judicet
2791 2675 2968 2744 lector,
2985 2679 3111 2748 quid
3126 2681 3188 2734 de
3204 2681 3394 2752 hymno

94 2787 186 2825 una
213 2771 308 2827 Dei
337 2771 693 2826 misericordia
737 2770 1029 2840 Christique
1061 2769 1252 2824 meritis
1283 2772 1446 2840 fretus
1485 2769 1685 2823 veniam
1790 2765 1992 2836 reliquo
2014 2765 2337 2821 sentiendum
2358 2767 2444 2820 sit.

93 2875 336 2934 precatur.
369 2863 632 2920 Prteterea
661 2864 871 2919 Ariona:
900 2864 1108 2919 Itwresis
1139 2873 1372 2933 tempora
1399 2863 1453 2917 in
1479 2862 1574 2918 hoc
1602 2880 1687 2919 sa-

729 2983 1020 3041 lNITIUM.
1711 2992 1757 3056 ρ
2048 2995 2054 3001 ·
2486 2981 2684 3040 FlNlS.

258 3078 338 3135 Ad
365 3077 488 3135 cali
518 3077 664 3134 clara
697 3092 806 3134 non
835 3091 954 3133 sum
978 3076 1172 3148 dignus
1199 3074 1377 3132 sidera
1980 3074 2252 3146 ilymnum
2277 3074 2417 3130 lideli
2444 3073 2774 3131 modulando
2799 3084 3038 3146 gutture,

189 3170 392 3228 Levare
423 3186 577 3227 meos
613 3170 858 3227 infelices
881 3169 1071 3226 oculos
1897 3165 2084 3220 Arium
2109 3181 2328 3236 sperno,
2358 3164 2645 3221 latrantem
2679 3166 2974 3223 Sabellium
3003 3186 3016 3221 :

189 3263 346 3320 Gravi
375 3264 667 3336 depressos
695 3271 1038 3336 peccatorum
1069 3260 1348 3332 pondere:
1896 3260 2117 3317 Assensi
2149 3274 2438 3330 numquam
2468 3260 2777 3330 grunuienti
2819 3260 3030 3316 Simoni

398 3361 471 3432 (e)
500 3360 668 3414 Parce
695 3358 1014 3429 redemptis.
2111 3356 2254 3410 Aure
2284 3369 2528 3409 susurra.

261 3453 471 3508 Bonum
499 3451 714 3523 neglexi
744 3451 924 3506 facere
951 3449 1093 3520 quod
1134 3447 1319 3513 debui,
1967 3445 2204 3517 Zeloque
2229 3445 2429 3502 Christi
2455 3461 2574 3501 sum
2605 3445 2809 3501 zelatus
2837 3447 3054 3504 nomine
3078 3465 3090 3504 :

195 3541 457 3600 Probrosa
487 3544 628 3614 gessi
650 3524 767 3598 sine
795 3543 901 3598 line
921 3541 1173 3608 crimina,
1899 3541 2095 3594 Sancta
2125 3553 2247 3593 nam
2271 3547 2442 3592 mater
2474 3537 2612 3593 lacte
2641 3553 2726 3593 me
2747 3537 3018 3595 catholico

194 3635 378 3693 Scelus
406 3636 614 3706 patravi
648 3635 796 3691 nullo
825 3636 1063 3692 clausum
1094 3633 1327 3690 termino
1355 3652 1367 3686 :
1899 3633 2133 3704 Tempus
2164 3648 2259 3702 per
2287 3647 2450 3687 omne
2482 3632 2722 3689 Ecclesia
2751 3634 2975 3700 nutrivit

401 3727 661 3794 Subveni,
689 3727 924 3784 Christe.
2121 3723 2301 3782 Ubere
2326 3739 2503 3781 sacro.

166 3862 234 3944 (ᾳ)
263 3865 426 3944 Ijlditi,
459 3882 647 3944 parvus
669 3866 852 3944 oritur.
905 3936 937 3944 Λ
1029 3935 1040 3944 _
1152 3934 1166 3944 _
1274 3933 1308 3944 η
1350 3933 1382 3944 __
1494 3941 1503 3944 Α
1577 3933 1610 3944 υ
1783 3859 2072 3944 ac_deiude
2112 3860 2461 3944 subsequiqu
2505 3877 2516 3913 :
2568 3859 2792 3944 Tuoque.
2827 3862 2996 3943 plena,
3029 3864 3238 3944 spiritu,
3298 3883 3394 3936 pro

163 3930 229 4006 (b)
274 3938 348 3992 lta
379 3930 482 3994 nis'.
526 3937 711 3992 Germ.
763 3937 852 3992 ubi
899 3935 1107 4001 0ttob.,
1135 3934 1240 3990 duo
1270 3933 1423 3988 Colb.
1455 3941 1510 3988 et
1543 3933 1679 3988 alius
1781 3934 1982 4004 quibus
2009 3933 2064 3988 iu
2093 3932 2326 4002 vulgatis
2356 3950 2368 3986 :
2403 3930 2480 3984 Tu
2508 3930 2708 4003 quoque
2736 3932 2889 4003 pleno
2917 3930 3126 4003 spiritu.

105 4009 251 4063 sancti
289 4009 432 4064 Petri
473 4009 542 4064 de
589 4008 1053 4100 Cl'lllu.l':l,“(lt:l0m.
1088 4007 1255 4077 gratia
1299 4016 1473 4100 nostza
1499 4021 1659 4075 paves-

1852 4027 1925 4100 (e)
1953 4024 2564 4100 Germaneusiscodex,
2599 4027 2728 4081 nihil
2755 4029 3050 4098 adrepentis
3081 4033 3268 4100 perﬁdi
3306 4050 3391 4087 oc-

105 4087 216 4158 cant.
257 4096 471 4152 corpora
501 4096 519 4134 :
554 4081 694 4134 male
741 4079 795 4133 In
849 4079 1086 4149 Vulgatis
1120 4087 1336 4170 autem,
1379 4078 1472 4170 ad“
1498 4086 1677 4129 nutum
1780 4078 1932 4154 cum;
1963 4078 2453 4170 iéiéat’ﬁdwwé;

105 4149 260 4222 yratite
312 4147 486 4206 nostra
530 4160 795 4222 patescunt
841 4147 1075 4220 corpora.
1120 4147 1257 4204 Tum
1307 4150 1358 4203 in
1403 4147 1512 4202 alio
1568 4162 1668 4201 ms.

112 4588 2596 4620 ________________________________________

841 4188 1075 4220 “’”¹“”“”’
1131 4188 1257 4204 ⁵““’“
1403 4188 1512 4202 “’⁸“’
1568 4188 1668 4201 ”””’
1855 4192 1934 4264 (d)
1969 4191 2446 4256 Excusi,nitamur
2473 4188 2670 4293 legibus
2747 4190 3104 4293 renitentibus
3135 4209 3266 4249 mss.

327 4289 535 4368 Iusque
558 4301 724 4368 sancta
745 4292 985 4368 dextera,
1788 4366 1810 4368 ἑ
1849 4293 1921 4367 (e)
1948 4293 2134 4368 Melius
2159 4292 2246 4368 hic
2275 4290 2589 4348 conveniret
2619 4289 2869 4360 Subveni,
2897 4290 3134 4362 Christe;
3155 4305 3207 4351 et
3239 4307 3382 4367 post,

327 4354 493 4434 luere
511 4367 600 4429 nos
625 4369 714 4427 per
731 4354 926 4434 sq‘cula.
1778 4354 1881 4423 Pa}

712 4354 1032 4434 ζδὟῩῩῘΞζημ
1778 4354 1947 4423 Ραίἰίε
1968 4364 2266 4434 redemptis.

326 4417 445 4480 Post
470 4419 612 4480 hujus
629 4417 746 4467 vitae
773 4417 1058 4478 terminum,

327 4454 1058 4543 ἱιὶιέπῖὖ³ἕν“εἱιὶι“ἕιιῐῖἓίἰᾶἰι“ρ“,””’
1710 4454 1760 4516 Ι)

700 4727 810 4800 ΙΝ
863 4725 1524 4814 SEQUENTEM
1580 4717 1993 4794 LIBRUM
2049 4708 2698 4787 ADMONITIO.

549 4903 922 4962 NONNULLA
989 4904 1073 4960 DE
1137 4901 1360 4959 LIBRIS
1420 4898 1595 4956 ALllS
1661 4895 1754 4951 AD
1815 4885 2305 4950 CONSTANTIUM
2371 4879 2906 4940 PRIELIBANTUR.

169 5141 202 5196 l.
239 5145 507 5201 Librarum
545 5145 614 5199 ad
658 5143 1013 5200 Constantium
1052 5142 1200 5199 ordo.
1231 5172 1303 5182 —
1331 5140 1468 5195 Tres
1509 5137 1680 5194 libros
1788 5133 1894 5205 bigi
1924 5131 2200 5204 possit,an
2220 5127 2600 5198 plures,quam
2625 5123 2714 5193 qui
2739 5138 2880 5179 nunc
2909 5131 3274 5195 exstant,sub
3296 5132 3389 5188 iis-

111 5234 500 5312 subsequentes,
558 5253 664 5310 quo
711 5252 806 5293 eos
849 5237 915 5292 ad
960 5252 1178 5292 manum
1211 5234 1412 5288 habere
1453 5231 1679 5302 quisque
1787 5227 1911 5283 dem
1959 5223 2128 5278 titulis
2181 5221 2249 5276 ab
2297 5217 2502 5312 “ila—rio
2551 5214 2742 5284 scripti
2791 5217 2920 5270 sint.
2974 5217 3218 5291 Namque
3269 5236 3392 5296 post,

112 5308 281 5398 valeat,
329 5334 397 5390 ab
444 5308 673 5389 invicem
719 5347 827 5386 non
875 5343 1228 5400 separamus:
1260 5324 1506 5397 quamvis
1544 5319 1680 5375 ordo
1787 5316 2084 5388 Sulpicium
2111 5313 2374 5369 Severum
2404 5308 2732 5363 Fortunatus
2753 5316 3004 5378 testatur,
3027 5311 3225 5382 ipsum,
3261 5316 3388 5376 dum

113 5427 387 5496 temporum
424 5429 743 5500 postularet,
775 5436 833 5484 ut
859 5442 1048 5483 eorum
1081 5426 1289 5496 primus
1313 5421 1455 5475 libro
1485 5417 1554 5472 de
1582 5414 1682 5484 Sy-
1786 5403 2256 5500 Constantinopoli
2288 5400 2636 5500 opperiretur
2658 5400 2801 5500 regis
2826 5401 3183 5500 voluntatem,
3219 5411 3392 5469 tribus

115 5491 248 5573 nodis
283 5491 740 5593 prum-oneretur;
777 5523 833 5577 In
882 5521 988 5576 illis
1023 5491 1201 5574 tamen
1259 5517 1400 5571 inter
1439 5527 1498 5566 se
1537 5507 1684 5564 ordi-
1790 5501 1986 5558 libellis
2026 5497 2170 5593 regis
2199 5493 2529 5593 audientiam
2562 5491 2915 5593 pOpnscisse:
3082 5496 3192 5566 jam
3231 5505 3391 5561 nobis

116 5584 486 5669 nandis-bab-ita
514 5625 595 5671 est
615 5625 915 5686 temporum
940 5613 1093 5680 ratio,
1113 5626 1232 5682 qua:
1260 5609 1410 5679 prius
1439 5603 1682 5675 neglecta
1791 5599 2041 5665 superest
2063 5588 2164 5644 nisi
2197 5584 2886 5686 unicusﬁcouslantinopoli
2911 5585 3112 5654 editus,
3136 5607 3243 5661 quo
3289 5610 3388 5650 au-

117 5714 282 5773 tuerat.
725 5677 743 5686 ’
1082 5677 1090 5680 ﬁ
1132 5677 1148 5682 -
1262 5677 1276 5679 —
1794 5687 1997 5745 dientia
2031 5682 2355 5755 postuletur.
2378 5677 2579 5733 Deinde
2610 5678 2666 5732 in
2698 5680 3128 5739 nullolibrorum
3159 5702 3390 5760 sequen-

177 5795 232 5855 ll.
263 5801 340 5855 An
365 5803 523 5874 aliqui
549 5805 663 5859 libri
697 5805 764 5858 ad
785 5802 1142 5860 Constantium
1171 5791 1685 5854 exciderint.-—Am-
1796 5785 1926 5840 tium
1951 5776 2192 5850 reperire
2205 5783 2288 5831 est
2310 5772 2859 5928 l‘ragmentumiguod
2888 5773 3071 5832 llilarii
3093 5781 3308 5838 nomine
3336 5796 3393 5842 ut

611 5901 653 5928 11
670 5919 680 5928 ι
697 5918 772 5928 ο...-
785 5917 845 5928 ι..
953 5897 1004 5928 ν

608 5901 882 5960 Parum"
953 5897 1034 5958 Χ.
