3936 6196
556 294 667 357 555
1759 285 2006 345 sanan
2041 278 2301 345 illLARll
2339 284 2646 349 EPISCOPI
3744 281 3840 357 55s

557 414 852 474 scribentis
880 411 948 469 ad
975 408 1350 467 Constantium
1393 405 1778 476 imperatorem
1822 406 1875 460 in
1920 404 2151 460 concilio
2183 405 2228 466 Α
2258 421 2363 461 non
2416 404 2579 460 modo
2626 404 2883 461 Paulinus
2923 417 2992 460 ex
3030 400 3332 461 Arelatensi
3363 395 3578 475 synodo
3605 413 3692 454 an.
3724 399 3840 469 354,

555 509 798 566 laudavit
825 502 1150 562 leestinus
1173 515 1311 573 papa
1362 498 1405 568 l,
1456 507 1512 555 et
1552 498 1825 555 Arnobius
1852 498 1948 554 lib.
2002 515 2038 554 ιι
2088 498 2155 554 de
2257 500 2351 556 δρᾶ
2374 510 2428 556 ct
2452 517 2519 556 ex
2546 498 2929 555 Mediolanensi
2968 513 3057 554 an.
3092 499 3217 562 555,
3259 496 3530 555 Eusebius
3560 510 3624 551 ac
3653 496 3839 569 Diony-

558 602 815 661 eonllictu
841 613 961 654 cum
982 595 1283 664 Serapione
1309 592 1559 648 inseruit.
1589 591 1872 648 Postremo
1894 590 2157 662 Hierony-

559 709 682 751 mus
709 693 906 748 librum
940 687 1126 743 Hilarii
1148 686 1201 742 in
1222 684 1603 741 Constantium
1626 683 1738 756 jam
1770 685 1881 739 vita
1912 682 2154 738 functum

560 791 830 843 memorat
872 799 886 839 :
928 797 1052 838 cum
1086 782 1210 837 vivo
1247 778 1570 835 Constantio
1615 788 1726 834 tres
1764 777 1896 834 istos
1925 776 2158 848 scriptos

555 878 726 936 fuisse
753 874 1250 933 constantissimum
1277 874 1370 930 sit.

630 971 719 1027 Ill.
760 971 895 1040 Quae
925 970 1057 1025 licet
1085 968 1157 1024 ita
1182 968 1311 1034 sint,
1343 967 1477 1023 alios
1513 975 1690 1025 tamen
1731 966 1799 1022 ab
1824 963 1909 1021 bis
1935 964 2159 1020 minime

559 1062 949 1121 desiderandos
979 1062 1305 1117 arbitramur
1342 1077 1357 1115 :
1390 1068 1445 1115 et
1485 1058 1838 1115 Fortunatum
1867 1056 2087 1129 quidem
2128 1069 2158 1111 a

563 1155 805 1227 Sulpicio
835 1156 1121 1225 deceptum
1158 1169 1311 1222 esse;
1351 1152 1496 1208 hunc
1523 1168 1655 1211 vero
1685 1152 1853 1208 nimio
1879 1150 2161 1208 brevitatis

562 1246 746 1304 studio
777 1256 892 1304 tres
930 1247 1120 1313 libros,
1161 1261 1298 1315 quos
1336 1245 1625 1312 habemus,
1658 1244 1760 1301 sub
1786 1244 1941 1300 titulo
1968 1258 2159 1300 eorum

562 1340 655 1396 uni
689 1340 971 1396 dumtaxat
1013 1339 1371 1394 conveniente
1407 1336 1911 1408 comprehendisse,
1940 1344 2031 1390 aut
2061 1348 2161 1405 po-

562 1435 690 1501 tius,
723 1434 863 1488 sicut
903 1440 960 1487 et
995 1432 1165 1487 multa
1207 1432 1335 1499 alia,
1378 1431 1709 1488 confudisse.
1734 1431 1943 1503 .Ncqne
1987 1430 2160 1487 ullum

561 1524 678 1581 fere
700 1523 922 1579 dubium
950 1533 1056 1590 est,
1088 1523 1217 1595 quin
1245 1522 1609 1595 Hieronymus
1637 1523 1854 1591 librum,
1888 1524 1978 1594 qui
2003 1523 2163 1578 tertio

562 1618 686 1674 loco
734 1616 1050 1684 exhibetur,
1099 1625 1287 1672 contra
1332 1616 1710 1673 Constantium
1760 1617 1869 1671 vita
1919 1616 2161 1671 functum

559 1711 776 1768 dixerit.
808 1712 1189 1783 Fragmentum
1217 1720 1401 1767 autem
1427 1726 1456 1765 a
1483 1708 1783 1768 Calestino
1822 1717 1878 1765 et
1921 1709 2165 1765 Arnobio

2258 595 2369 649 sius
2394 594 2445 648 in
2475 593 2725 649 exsilium
2776 592 2933 663 ejecti
2980 600 3300 657 narrantur,
3344 605 3524 661 neque
3554 592 3715 647 etiam
3744 593 3840 662 pri-

2258 703 2425 752 mam,
2453 702 2554 757 qua
2583 686 2920 757 egregiorum
2948 685 3291 743 sacerdotum
3323 685 3391 746 ab
3424 685 3622 743 exsilio
3652 685 3843 743 reditus

2258 779 2577 851 suppliciter
2603 780 2919 849 postulatur.
2968 778 3085 835 Non
3125 779 3267 835 enim
3297 787 3425 836 ante
3457 778 3741 848 praedictas
3767 794 3844 851 sy-

2262 874 2434 929 nodos
2463 873 2802 929 sacerdotum
2847 887 3067 928 suorum
3116 872 3308 928 exsilia
3356 873 3508 929 novit
3556 871 3842 940 Occidens;

2261 971 2415 1041 cujus
2448 969 2745 1041 praesertim
2778 967 2932 1023 malis
2963 967 3224 1023 Hilarium
3252 966 3342 1023 hic
3366 967 3695 1025 commoveri
3733 968 3841 1037 quis

2262 1078 2368 1119 non
2413 1061 2787 1118 assentiatur?
2828 1060 3014 1129 Neque
3042 1061 3219 1117 minus
3249 1066 3490 1124 constat,
3528 1057 3669 1113 bunc
3708 1058 3848 1114 libel-

2260 1158 2372 1213 lum
2398 1157 2465 1213 ab
2493 1171 2559 1212 eo
2585 1165 2708 1212 ante
2750 1155 2999 1212 exsilium
3040 1154 3213 1224 ipsius
3241 1153 3505 1222 scriptum
3536 1167 3678 1208 esse.
3723 1151 3845 1208 Nam

2262 1259 2461 1320 praeter
2484 1262 2644 1319 quam
2675 1246 2817 1317 quod
2850 1248 2902 1301 in
2933 1247 3021 1312 iis,
3053 1260 3190 1316 quos
3227 1244 3381 1301 exsul
3410 1242 3651 1313 scripsit,
3679 1250 3847 1299 tacere

2264 1359 2372 1398 non
2418 1341 2556 1398 solet
2600 1341 2876 1408 exsilium,
2923 1349 3072 1396 certe
3117 1353 3225 1395 non
3275 1339 3413 1394 satis
3465 1337 3688 1393 idoneus
3715 1344 3847 1394 esset

2264 1434 2437 1500 exsul,
2471 1435 2562 1505 qui
2592 1434 2822 1489 aliorum
2857 1431 2926 1488 ab
2963 1431 3156 1489 exsilio
3181 1430 3416 1495 reditum
3447 1430 3843 1500 deprecaretur.

2264 1527 2397 1583 Cum
2425 1525 2603 1582 autem
2629 1527 2729 1582 sub
2760 1526 2886 1582 anni
2934 1524 3042 1581 556
3086 1525 3295 1581 initium
3326 1523 3602 1595 relegatus
3626 1524 3694 1579 sit
3726 1540 3740 1577 :
3787 1524 3847 1579 ad

2265 1618 2483 1675 Baronii
2519 1618 2846 1676 sententiam
2872 1617 3228 1677 redeundum.

2338 1712 2428 1768 Vl.
2458 1713 2576 1781 Qua
2603 1712 2887 1768 occasione.
2912 1739 2985 1754 -
3010 1711 3179 1773 Porro
3194 1711 3364 1769 libelli
3394 1710 3557 1783 huius
3584 1710 3847 1769 scribendi

562 1818 919 1864 memoratum
950 1822 1073 1863 cum
1103 1808 1246 1864 ultro
1268 1808 1711 1878 recipiamus,ut
1734 1806 1921 1863 Hilarii
1949 1806 2159 1862 calamo
2191 1804 2240 1866 B
2269 1821 2336 1863 ex
2385 1806 2685 1863 Constantii
2736 1806 2931 1863 litteris
2986 1817 3111 1863 nata
3159 1807 3374 1863 videtur
3422 1808 3659 1864 occasio.
3723 1805 3845 1862 Cum

561 1908 618 1956 et
644 1900 862 1971 ingenio
905 1914 1130 1971 prorsus
1179 1908 1627 1966 consentaneum,
1672 1914 1850 1971 neque
1895 1897 2033 1953 falso
2077 1896 2161 1955 in-

561 1991 825 2062 scriptum
866 2000 1149 2063 putemus;
1184 1990 1342 2049 facile
1368 2001 1549 2053 tamen
1580 1992 1886 2063 opinamur,
1918 1989 2051 2047 illud
2089 1988 2159 2044 ad

563 2097 682 2139 eam
732 2079 889 2152 primi
930 2080 1101 2137 libelli
1145 2091 1357 2154 partem
1388 2081 1698 2154 pertinere,
1729 2096 1852 2153 qua:
1880 2079 2168 2139 manifeste

563 2174 750 2233 mutila
780 2185 944 2245 atque
974 2182 1220 2230 truncata
1251 2182 1353 2231 est.

639 2267 730 2325 IV.
773 2265 842 2323 In
866 2267 1032 2341 primo
1057 2266 1189 2321 libro
1205 2265 1406 2339 aliquid
1418 2267 1575 2321 deest.
1596 2265 1678 2325 An
1700 2263 1895 2333 aliquid
1920 2263 2169 2321 habeatur

567 2361 780 2417 aliunde
803 2361 1066 2417 adrutum.
1090 2389 1163 2401 —
1184 2359 1454 2415 Nonnulla
1483 2358 1629 2415 enim
1671 2359 1727 2413 in
1764 2356 1868 2413 hoc
1898 2357 2072 2428 primo
2097 2355 2165 2415 li-

563 2456 663 2511 bro
689 2455 883 2511 deesse
907 2454 1019 2526 jam
1043 2454 1390 2511 adverterunt
1410 2451 1627 2517 eruditi,
1648 2458 1706 2507 et
1726 2451 2070 2522 perSpicuntn
2087 2456 2172 2507 est

568 2548 653 2604 vel
677 2562 746 2604 ex
775 2546 859 2603 bis
891 2562 1041 2603 num.
1069 2548 1101 2601 7
1129 2564 1142 2601 :
1177 2546 1404 2603 Moverat
1434 2546 1570 2601 enim
1612 2543 1985 2600 absolutionem
2017 2545 2129 2616 ejus
2149 2582 2165 2611 ,

562 2648 699 2708 etc.,
726 2653 850 2711 quae
871 2653 991 2695 cum
1017 2638 1084 2694 ad
1108 2638 1466 2694 Athanasium
1497 2636 1688 2694 referri
1719 2651 1947 2695 necesse
1975 2635 2066 2703 sit,
2114 2634 2167 2691 in

567 2730 808 2786 animum
837 2729 1099 2785 inducunt
1123 2744 1430 2786 sermonem
1448 2728 1517 2785 de
1536 2739 1726 2789 sancto
1752 2729 1848 2784 illo
1865 2728 1982 2783 viro
2011 2734 2168 2785 antea

570 2822 812 2880 habitum
843 2823 1165 2880 desiderari.
1196 2822 1430 2878 Rursum
1464 2838 1611 2878 num.
1661 2822 1715 2889 8,
1764 2821 1997 2877 Nicaante
2044 2819 2169 2875 ﬁdei

563 2918 768 2973 mentio
797 2913 907 2988 jam
952 2916 1090 2971 facta
1124 2924 1496 2980 memoratur;
1549 2913 1797 2985 quamvis
1846 2911 2059 2967 nullum
2114 2911 2167 2965 in

564 3008 937 3080 superioribus
966 3007 1034 3064 de
1067 3009 1182 3079 ipsa
1223 3006 1448 3062 verbum
1480 3014 1752 3061 occurrat.
1785 3004 1962 3074 Aliqui
2004 3002 2166 3058 etiam

562 3102 902 3167 dubitarunt,
946 3116 1014 3155 an
1062 3116 1170 3159 non
1214 3098 1339 3155 huic
1367 3083 1550 3154 libello
1578 3097 1793 3154 aliunde
1823 3096 2012 3153 adsuta
2036 3095 2165 3161 sint,

2269 1901 2413 1957 enim
2457 1914 2547 1955 an.
2588 1899 2730 1966 355,
2768 1906 2906 1954 teste
2933 1898 3237 1955 Ammiano-
3264 1898 3359 1955 lib.
3393 1914 3514 1965 xvi,
3554 1897 3849 1968 frequentes

2270 2001 2454 2052 essent
2479 1994 2531 2049 in
2555 1992 2756 2065 Gallias
2783 1992 3136 2049 barbarorum
3164 1992 3419 2049 incursus
3438 2033 3455 2059 ,
3486 2000 3706 2064 propter
3732 2004 3851 2063 quos

2270 2078 2645 2153 reprimendos
2696 2076 2946 2134 Julianus
2993 2076 3184 2133 eodem
3227 2092 3372 2132 anno
3410 2087 3645 2133 exeunte
3685 2074 3853 2131 Caesar

2269 2181 2486 2229 creatus
2524 2179 2635 2237 est;
2677 2169 2971 2226 verisimile
3007 2178 3127 2239 est,
3157 2167 3536 2227 Constantium
3593 2167 3851 2235 Gallorum

2270 2262 2490 2319 dissidia
2529 2272 2585 2317 et
2612 2261 2909 2320 seditiones
2938 2261 3174 2318 veritum
3210 2261 3276 2318 ad
3302 2260 3525 2318 eosdem
3557 2259 3851 2334 scripsisse,

2271 2370 2379 2427 quo
2414 2369 2509 2411 eos
2544 2354 2597 2409 in
2626 2352 2808 2410 ofﬁcio
2849 2353 3175 2409 contineret.
3220 2352 3334 2407 lmo
3378 2361 3665 2408 commotae
3724 2349 3855 2406 sedi-

2271 2452 2433 2513 tionis
2459 2450 2821 2523 suspicionem
2842 2449 2953 2521 jam
2976 2449 3076 2504 sibi
3101 2449 3172 2505 ab
3197 2448 3462 2520 improbis
3487 2446 3851 2503 susurronibns

2272 2546 2527 2618 iniectam
2566 2560 2689 2600 eum
2721 2542 2890 2600 Gallis
2931 2541 3267 2617 significasse
3302 2542 3534 2596 innuunt
3573 2541 3685 2595 hrec
3713 2554 3847 2594 num.

2270 2641 2306 2695 2
2331 2658 2344 2693 :
2368 2637 2491 2697 Non
2520 2640 2794 2711 quisquam
2846 2653 3116 2709 perversus
3153 2646 3243 2691 aut
3288 2636 3496 2691 invidus
3531 2636 3749 2708 maligna
3784 2635 3852 2690 lo-

2269 2742 2457 2805 quatur
2490 2747 2508 2787 :
2544 2731 2691 2787 nulla
2719 2731 2927 2805 quidem
2956 2732 3183 2801 suspicio
3208 2740 3305 2795 est,
3345 2748 3451 2785 non
3476 2730 3628 2784 modo
3656 2729 3849 2784 seditio-

2272 2826 2386 2890 nis,
2442 2826 2532 2885 sed
2578 2841 2668 2881 nec
2722 2840 2921 2896 aspera:
2968 2822 3483 2879 abmurmurationis.
3536 2822 3710 2889 Quieta
3744 2824 3852 2875 sunt

2275 2918 2446 2971 omnia
2475 2927 2521 2972 et
2550 2917 2858 2971 uerecunda.
2891 2914 3045 2970 Hanc
3070 2914 3231 2985 igitur
3252 2914 3703 2984 opportunitatem
3732 2926 3849 2968 nac-

2273 3022 2359 3068 tus
2390 3011 2645 3077 llilarius,
2685 3009 2807 3079 plus
2835 3008 2905 3065 ab
2942 3006 3158 3063 Arianis
3190 3006 3490 3062 timendum
3530 3003 3796 3071 rescribit,
3820 3016 3846 3056 a

2273 3106 2471 3176 quibus
2492 3103 2880 3175 perturbantur
2903 3099 3086 3157 omnia
3122 3115 3135 3154 :
3170 3108 3223 3156 et
3251 3100 3320 3155 ab
3349 3100 3418 3156 iis
3449 3099 3596 3155 illata
3616 3095 3847 3153 Ecclesiis

563 3208 688 3265 quae
709 3208 737 3247 a
759 3208 911 3248 num.
939 3190 974 3245 4
1000 3201 1317 3263 supersunt.
1368 3190 1501 3246 Nam
1526 3206 1707 3262 neque
1726 3205 1849 3245 cum
1876 3186 2169 3261 superiori-
2194 3202 2241 3267 ο
2274 3196 2412 3251 mala
2442 3197 2600 3252 enim
2628 3194 2976 3265 deprecatur.

566 3286 689 3350 bus,
720 3297 901 3354 neque
942 3283 1089 3338 inter
1139 3297 1200 3338 se
1250 3283 1380 3338 satis
1400 3281 1680 3337 cohmrere
1709 3279 1997 3336 videntur:
2028 3291 2161 3333 nus-

563 3393 724 3449 quam
768 3377 837 3432 ab
887 3374 1013 3430 hinc
1059 3374 1127 3430 ad
1158 3375 1541 3446 imperatorem
1570 3374 1906 3431 convertitur
1950 3370 2166 3426 oratio:

565 3467 832 3525 tractandi
863 3474 1043 3521 autem
1074 3465 1214 3521 ratio
1236 3480 1482 3536 magnam
1513 3463 1831 3519 affinitatem
1861 3462 2167 3517 habetcum

566 3562 632 3617 iis
657 3576 780 3633 quae
806 3560 860 3615 in
900 3557 1239 3630 Fragmentis
1277 3558 1520 3613 historia:
1557 3555 1917 3614 Ariminensis
1951 3552 2169 3610 concilii

566 3652 932 3708 disseruntur.
969 3650 1235 3717 Quocirca
1272 3666 1380 3706 non
1428 3649 1559 3704 Satis
1593 3654 1797 3704 certam
1841 3655 2032 3719 putant
2070 3646 2169 3701 Ba-

566 3744 707 3799 ronii
756 3743 1084 3811 opinionem,
1138 3741 1283 3797 hunc
1330 3740 1526 3797 librum
1569 3755 1715 3795 anno
1744 3740 1849 3796 555
1906 3740 2167 3810 scriptum

569 3850 675 3891 non
708 3834 925 3890 aliunde
969 3832 1269 3904 probantis,
1301 3849 1462 3905 quam
1492 3834 1636 3905 quod
1666 3834 1901 3891 Hilarius
1926 3851 2075 3890 num.
2109 3834 2165 3903 8,

568 3927 638 3984 de
665 3925 884 3982 Eusebii
914 3924 1277 3981 Vercellensis
1299 3926 1491 3981 exsilio
1512 3925 1812 3991 locuturus,
1840 3942 1956 3982 rem
1992 3941 2169 3981 recens

568 4029 775 4092 gestam
832 4018 1051 4090 aggredi
1102 4032 1163 4074 se
1207 4018 1483 4090 praedicet.
1535 4019 1643 4077 Sed
1692 4027 1749 4074 et
1792 4020 1841 4075 ei
1888 4025 2171 4090 opponunt

570 4109 879 4183 Fragmenti
909 4126 948 4177 ι⁹
984 4127 1133 4167 ntnn.
1156 4110 1210 4176 6,
1254 4110 1437 4175 verba,
1471 4112 1559 4166 ubi
1594 4111 1801 4184 Synodi
1837 4112 2168 4167 Arelatensis

566 4214 687 4260 acta
716 4218 813 4259 sex
843 4212 1118 4273 septemve
1162 4213 1284 4274 post
1324 4204 1481 4259 annis
1533 4216 1873 4272 narraturus,
1900 4221 1960 4261 ea
1988 4213 2168 4260 tamen

567 4297 715 4351 dicat
752 4296 980 4366 proxime
1021 4306 1196 4363 gesta.

640 4387 941 4454 V.Quando
963 4387 1185 4456 scriptus
1205 4387 1581 4444 stt—Recens
1599 4404 1704 4443 non
1724 4397 1808 4444 est
1824 4389 1991 4444 libelli
2011 4388 2171 4459 hujus

571 4480 747 4552 plaga,
781 4495 939 4549 quam
971 4494 1147 4547 neque
1174 4494 1241 4535 ex
1269 4482 1456 4537 codice
1486 4483 1545 4537 S.
1578 4482 1724 4538 Petri
1767 4484 1836 4539 de
1881 4483 2029 4540 Urbe
2067 4498 2169 4539 see-

2349 3289 2457 3345 Vll.
2501 3287 2608 3344 Cur
2645 3289 2843 3359 primus
2883 3287 3108 3342 dicatur.
3142 3284 3337 3340 ﬂilarii
3381 3283 3445 3338 de
3481 3282 3603 3354 ﬁdei
3644 3280 3849 3337 libertate

2273 3382 2545 3439 sententia.
2571 3411 2643 3421 —
2670 3380 3029 3452 Hieronymus
3056 3379 3223 3435 libelli
3250 3377 3407 3447 hujus
3438 3392 3545 3433 non
3575 3373 3836 3431 meminit:

2273 3474 2365 3546 qni
2394 3474 2591 3544 primus
2645 3472 2981 3538 inscribitur,
3011 3486 3122 3527 non
3158 3469 3302 3542 quod
3327 3484 3452 3525 cum
3481 3467 3717 3525 secundo
3733 3479 3845 3521 con-

2276 3584 2477 3636 nexus,
2512 3567 2607 3623 sed
2638 3567 2781 3638 quod
2803 3567 2953 3637 prior
2973 3566 3170 3622 editus.
3199 3564 3353 3619 Illum
3380 3564 3626 3635 epistola:
3652 3560 3847 3617 nomine

2276 3661 2509 3716 libenter
2527 3660 2855 3715 donaremus
2876 3701 2891 3727 ,
2918 3660 2963 3714 si
2988 3674 3111 3715 cum
3140 3657 3463 3714 auctoritate
3485 3656 3689 3711 liceret.
3712 3647 3846 3721 Quod

2274 3762 2455 3809 autem
2478 3754 2531 3809 in
2561 3768 2627 3809 eo
2653 3753 2905 3809 edisserit
2931 3750 3361 3823 sapientissimus
3385 3749 3588 3805 Pnesul
3612 3748 3674 3801 ad
3701 3746 3842 3800 liber-

2279 3856 2439 3900 tatem
2487 3844 2611 3901 fidei
2644 3843 3166 3909 commendandam,
3204 3858 3315 3898 non
3350 3841 3425 3907 ita
3456 3837 3846 3915 intelligendum

2275 3951 2380 4009 est,
2426 3952 2482 3995 ut
2523 3941 2810 3994 haereticos
2850 3937 2916 3993 ad
2959 3935 3314 4007 proﬁtendam
3356 3931 3521 3989 [idem
3556 3945 3733 3989 veram
3764 3942 3845 3983 co-

2274 4049 2403 4105 gere
2435 4046 2720 4103 numquam
2739 4030 2904 4087 licere
2931 4028 3274 4085 existimarit.
3303 4025 3438 4081 Nam
3472 4025 3569 4080 lib.
3601 4023 3667 4079 de
3692 4022 3845 4095 Syno«

2277 4127 2360 4185 dis
2381 4125 2689 4182 Orientales
2718 4124 2919 4192 laudat,
2946 4122 3128 4195 quibus
3149 4120 3376 4189 suﬂecit,
3404 4128 3522 4189 post
3543 4114 3844 4189 blasphemia

2277 4222 2612 4286 voluntatem,
2640 4228 2830 4273 coacta’
2856 4220 3036 4273 saltem
3064 4217 3188 4287 ﬁdei
3216 4214 3527 4283 subscriptio
3546 4230 3565 4269 :
3595 4227 3710 4284 qua:
3735 4209 3841 4263 licet

2278 4313 2331 4367 in
2368 4313 2551 4367 multis
2572 4321 2819 4381 suspecta
2854 4310 2955 4381 ipsi
2986 4310 3181 4364 merito
3202 4308 3469 4373 videatur,
3493 4301 3837 4378 gratulandum

2277 4414 2455 4459 tamen
2484 4413 2651 4476 putat,
2679 4404 2868 4458 saltem
2891 4404 3110 4473 aliquem
3130 4417 3195 4456 ex
3210 4399 3292 4456 bis
3312 4401 3506 4471 suscipi
3528 4398 3836 4470 pauitantem.

2277 4497 2383 4553 Sed
2415 4496 3015 4561 dissuadctlicentiam,
3041 4508 3144 4564 qua
3175 4493 3413 4548 haeretici
3445 4490 3738 4547 Catltolicos
3760 4497 3838 4539 co-

570 4575 693 4631 culo
716 4575 903 4645 quinto
933 4574 1153 4629 ineunte
1178 4585 1399 4666 exaran
1428 4580 1692 4632 resarcire
1741 4578 1909 4634 licuit.
1942 4582 2012 4633 At
2040 4595 2163 4633 cum
2193 4606 2247 4666 Β
2276 4599 2426 4660 sum.
2449 4598 2508 4644 ιη
2530 4589 2677 4643 avita
2699 4589 3060 4658 elaposumca
3078 4585 3431 4652 ﬁdedesem,
3455 4594 3735 4645 comment;
3756 4591 3836 4632 nu-

571 4666 626 4721 in
656 4675 864 4722 vetusto
883 4666 975 4719 illo
1004 4665 1300 4733 exemplari
1324 4683 1434 4721 non
1456 4668 1630 4722 solum
1660 4669 1712 4723 in
1742 4668 1919 4724 fronte
1945 4680 2160 4727 exstet:

566 4758 765 4829 Incipit
792 4757 1022 4830 ejusdem
1050 4757 1116 4811 ad
1139 4754 1530 4824 Constantium;
1554 4760 1646 4814 sed
1675 4770 1729 4815 et
1756 4760 1823 4815 ad
1845 4761 2043 4816 ealcem
2071 4763 2138 4818 ad
2162 4793 2167 4798 -

568 4850 842 4905 scribatur
874 4867 887 4902 :
922 4849 1153 4920 Explicit
1182 4849 1345 4905 liberi
1376 4851 1436 4907 S.
1466 4849 1660 4907 Hilarii
1688 4856 1756 4908 ad
1784 4852 2157 4910 Constantium.

562 4940 754 5009 Incipit
782 4941 821 4995 ι.
849 4957 882 4996 ιι
913 4942 1140 5011 ejusdem
1165 4943 1232 4995 ad
1260 4944 1524 5008 eumdem,
1552 4960 1699 5014 quem
1725 4956 1771 4999 et
1802 4946 2164 5001 Constantino-

565 5035 669 5105 poli
690 5035 801 5104 ipse
821 5034 1031 5088 tradidit
1059 5050 1078 5087 :
1103 5049 1206 5089 non
1233 5035 1444 5090 videtur
1467 5035 1621 5092 facile
1661 5036 1916 5106 dandum,
1949 5038 2169 5095 aliunde

563 5125 852 5196 quidquam
889 5125 1140 5180 adsutum
1177 5142 1319 5183 esse.
1369 5126 1533 5185 Certe
1564 5127 1917 5202 533-535
1942 5138 2168 5201 utraque

562 5231 686 5288 pars
703 5216 919 5271 easdem
934 5215 1097 5272 deflet
1107 5217 1464 5284 calamitates,
1478 5221 1669 5276 eadem
1686 5222 1892 5278 ratione
1904 5224 2165 5292 perstrin-

555 5310 636 5376 git
666 5308 987 5364 Arianorum
1018 5308 1355 5367 violentiam.
1388 5312 1460 5368 Et
1503 5321 1746 5370 neutram
1781 5314 1998 5385 quidem
2036 5323 2165 5371 ante

556 5415 758 5457 annum
785 5400 892 5457 555
918 5399 1173 5472 scriptam
1201 5419 1324 5462 esse
1349 5404 1516 5477 liquet
1536 5417 2037 5479 :nonpostremam,
2057 5422 2161 5479 qua

2276 4700 2373 4756 per
2396 4684 2610 4740 inventa
2638 4683 3051 4754 amplectantur.
3085 4681 3285 4754 Cogunt
3306 4696 3506 4748 nempe,
3523 4678 3687 4747 inquit
3702 4685 3828 4727 num.

2274 4779 2328 4847 6,
2350 4797 2447 4833 non
2462 4789 2517 4832 ut
2532 4778 2807 4833 Christiani
2820 4793 2991 4830 omnes
3008 4776 3131 4836 sint,
3150 4776 3239 4828 sed
3249 4783 3303 4827 ut
3319 4773 3517 4826 Ariani.
3537 4772 3833 4839 Quamquam

2274 4871 2633 4941 episcopalem
2648 4868 2997 4924 considerans
3009 4867 3267 4932 animum,
3282 4881 3441 4944 quem
3456 4863 3519 4919 ad
3533 4857 3833 4917 clementiam

2274 4980 2488 5035 semper
2501 4979 2727 5035 pronum
2742 4977 2882 5023 esse.
2903 4976 2965 5015 ac
2979 4977 3158 5015 veram
3173 4972 3225 5014 et
3240 4975 3344 5013 non
3363 4958 3539 5013 fictam
3556 4952 3830 5026 populorum

2280 5057 2437 5112 fidem
2466 5070 2711 5127 (παίει-σο
2744 5053 2977 5118 deceat;
3012 5053 3114 5122 ipsi
3143 5050 3707 5106 convenientissimum
3731 5050 3831 5095 esse

2279 5148 2563 5219 prmdicat,
2609 5156 2665 5201 ut
2706 5161 2772 5201 ne
2802 5145 2869 5200 ad
2898 5160 3081 5201 veram
3118 5145 3336 5215 quidem
3360 5142 3524 5198 ﬁdem
3544 5182 3559 5205 ,
3585 5141 3683 5195 vim
3709 5146 3828 5196 eam.

2274 5256 2434 5313 quam
2458 5240 2644 5295 Ariani
2666 5224 2763 5309 per
2783 5238 2929 5294 varia
2944 5245 3218 5294 tormenta
3239 5235 3525 5293 catholicis
3542 5229 3828 5291 infereban

2273 5335 2521 5391 adhiberi
2547 5333 2797 5405 patiatur.
