3936 6196
533 262 638 320 563
1739 260 1977 318 SANlL’l‘I
2022 259 2277 315 "ILMHI
2324 256 2627 313 I'ZPISCUPI
3716 252 3807 307 είηι
3906 262 3907 277 ‘

532 379 629 447 sit,
655 378 894 435 clamans
921 394 1025 434 non
1052 393 1208 448 posse
1239 376 1352 430 lieri
1379 417 1393 441 ,
1426 383 1484 429 ut
1515 374 1711 443 aliquid
1755 372 1879 426 inde
1904 386 2123 442 gerere-
2154 399 2204 470 Α
2234 371 2395 441 igitur
2434 370 2515 424 illi
2542 371 2725 440 populi
2752 370 3006 441 judicium
3036 409 3049 432 ,
3096 384 3127 423 e
3159 369 3443 423 Dominico
3481 367 3547 422 ad
3577 370 3810 436 palatium
3906 368 3907 433 ξ

538 483 647 528 tur.
696 470 806 528 Res
849 479 971 541 post
998 470 1291 524 clamorem
1337 467 1567 522 multum
1593 465 1822 521 deducta
1867 465 1921 520 in
1963 478 2130 519 cons-
2154 459 2204 470 "
2243 473 2541 518 transeunt.
2574 461 2891 532 Cujustnodi
2919 462 3241 518 sententiam
3269 461 3323 517 in
3356 459 3646 517 Eusebium
3677 461 3814 530 longe

543 563 796 621 cientium
855 560 1028 631 plebis
1077 569 1162 616 est
1213 576 1227 615 :
1266 560 1445 630 gravis
1495 558 1734 613 omnium
1783 556 1941 613 dolor
1981 567 2134 611 ortus
2239 563 2388 621 ante,
2418 569 2580 624 quum
2618 554 2907 610 ecclesiam
2939 553 3016 627 (a)
3044 553 3444 626 ingrederetur,
3470 553 3811 625 scripserim:

541 661 667 719 est,
720 652 1028 722 impugnata
1056 660 1139 706 est
1183 664 1215 704 a
1253 648 1626 706 sacerdotibus
1672 649 1826 705 ﬁdes.
1876 645 2136 704 Vercntes
2243 647 2313 704 do
2351 662 2411 704 se
2440 648 2676 719 loquitur
2704 649 2819 719 ipsa
2846 650 3137 704 sententia.

607 786 687 863 (a)
715 786 843 847 Mss.
878 802 1091 846 summo
1119 802 1385 846 consensu
1413 831 1428 856 ,
1460 788 1865 860 ingrederentur.
1898 785 2101 843 Deinde
2123 784 2178 842 in
2203 784 2319 842 solo
2347 780 2470 842 Vat.
2516 784 2633 843 b'lS.
2679 786 2742 840 de
2778 804 2831 841 se
2856 784 3092 857 loquatur
3132 786 3275 858 ipsa,
3318 785 3525 841 omisso
3566 786 3814 838 sententia.

535 937 889 1014 541-552

549 907 975 923 ———_\

1003 1048 1115 1143 ΙΝ
1173 1046 1746 1121 LIBELLUM
1786 1042 2656 1133 SUBSEQUENTEM
2686 1040 3342 1118 ADMONITIU.

611 1288 868 1354 Hilarius,
939 1288 1254 1358 Hieronymo
1300 1294 1446 1349 teste,
1516 1299 1633 1338 cum
1692 1278 2140 1352 Constantinopoli
2239 1279 2328 1335 Ita
2373 1280 2526 1336 etiam
2578 1282 2676 1336 hac
2723 1283 2883 1336 animi
2933 1284 3014 1338 sui
3061 1284 3442 1356 signiﬁcatiora:
3481 1284 3621 1355 apud
3666 1301 3820 1342 omnes

534 1393 858 1448 versaretur,
925 1380 1153 1435 libellum
1221 1376 1520 1433 Constantio
1570 1377 1679 1447 ipse
1728 1374 1963 1429 tradidit.
2016 1371 2138 1428 Huc
2241 1373 2441 1445 paravit
2485 1372 2583 1427 sibi
2632 1373 2811 1445 ﬁdem,
2862 1383 2917 1429 ut
2964 1390 3082 1429 cum
3131 1374 3289 1446 paulo
3332 1386 3449 1447 post
3494 1377 3822 1447 asperiorem

551 1474 686 1529 enim
718 1471 959 1528 Seleucia
983 1471 1166 1543 synodi
1199 1468 1394 1541 legatos
1419 1477 1645 1534 secutus,
1675 1476 1730 1521 ut
1759 1483 1874 1521 cum
1907 1464 2146 1535 Sulpicio
2243 1462 2602 1521 Constantinus
2649 1468 2954 1536 scripturus,
3005 1468 3152 1523 nulla
3196 1485 3249 1523 se
3295 1469 3642 1537 impatientia,
3687 1470 3826 1524 nullis

537 1568 729 1625 Severo
761 1565 1052 1637 loquamur,
1084 1563 1170 1617 ubi
1192 1572 1475 1617 extremum
1505 1559 1627 1630 ﬁdei
1659 1558 1944 1630 periculum
1976 1557 2140 1611 anim-
2243 1558 2482 1614 humanis
2525 1557 2798 1627 alfectibus
2843 1561 2913 1614 ad
2960 1561 3014 1615 id
3043 1560 3239 1632 impelli
3267 1562 3481 1629 diceret,
3531 1562 3819 1617 crederetur.
3906 1600 3907 1627 ξ

534 1660 771 1725 advertit,
817 1656 1135 1711 audientiam
1176 1655 1309 1725 regis
1340 1654 1590 1725 poposcit,
1638 1660 1694 1704 ut
1726 1650 1790 1704 de
1834 1648 1939 1719 ﬁda
1965 1663 2141 1702 coram
2170 1695 2219 1754 Β
2246 1648 2467 1705 Erasnto
2497 1652 2592 1707 etsi
2621 1652 2846 1707 minutus
2884 1653 3023 1708 risus
3064 1663 3140 1709 est
3168 1654 3250 1708 hic
3287 1655 3416 1709 liber
3458 1671 3479 1709 :
3526 1654 3653 1709 nihil
3696 1654 3745 1709 in
3777 1672 3827 1709 eo
3906 1692 3907 1754 ᾖ

538 1752 843 1824 disputaret.
876 1748 1026 1815 Quod
1070 1748 1121 1801 in
1173 1749 1311 1800 hunc
1337 1743 1567 1800 libellum
1596 1742 1818 1796 maxime
1848 1740 2137 1807 convenire,
2177 1740 2218 1754 “’
2248 1753 2415 1798 tamen
2444 1759 2658 1816 prorsus
2687 1744 3088 1800 desiderandum
3113 1756 3206 1800 est.
3239 1744 3377 1801 Nam
3405 1763 3675 1818 operosum
3713 1747 3825 1801 illud

540 1847 620 1901 vel
661 1861 727 1900 ex
770 1844 920 1899 titulo
964 1845 1017 1896 in
1059 1841 1293 1895 omnibus
1334 1855 1458 1893 mss.
1502 1845 1785 1910 praenotata
1818 1835 2144 1906 perspicuum
2247 1845 2296 1890 et
2341 1847 2599 1903 exactum,
2651 1838 2792 1906 quod
2845 1854 2961 1891 eum
3005 1839 3234 1910 polliceri
3277 1856 3368 1893 nec
3409 1850 3655 1910 prastare
3680 1850 3827 1903 notat,

537 1948 635 1994 est.
691 1937 910 1993 Oblatas
932 1946 1005 1990 est
1034 1944 1205 1989 autem
1231 1932 1332 1988 sub
1359 1932 1455 1986 lite.
1478 1932 1701 1998 fatuosa,
1737 1929 1861 1983 dum
1887 1928 1979 1982 alii
2024 1927 2143 1981 sub-
2251 1944 2356 1983 non
2407 1928 2475 1981 ad
2516 1929 2649 1982 [tunc
2700 1929 2927 1985 libellum
2974 1932 3212 2004 pertinet,
3261 1931 3350 1986 sed
3385 1932 3455 1987 ad
3485 1931 3740 2002 publicam
3777 1931 3829 1985 de
3906 1934 3907 2004 ξ

537 2033 742 2087 stantite
790 2044 973 2083 nomen
1001 2023 1344 2091 retinendum,
1379 2024 1471 2077 alii
1509 2020 1847 2094 rejiciendum
1872 2035 1981 2075 esse
2024 2034 2148 2071 con-
2251 2023 2355 2093 ﬁde
2400 2022 2822 2095 disputationem,
2873 2026 3025 2088 cuius
3073 2033 3297 2095 potestas
3341 2024 3436 2079 hoc
3465 2023 3640 2079 libello
3677 2034 3831 2095 postu-

544 2124 840 2187 tenderent;
863 2119 963 2176 sub
991 2119 1200 2193 synodo
1229 2115 1536 2183 dissidenti,
1570 2114 2146 2185 Constantinopolitano
2251 2113 2411 2170 latur.

541 2216 760 2281 scilicet,
813 2229 928 2285 qua:
975 2228 1077 2266 non
1104 2210 1273 2266 minus
1301 2209 1427 2279 ﬁde,
1473 2224 1629 2278 quam
1676 2205 1890 2275 privatis
1928 2204 2145 2279 jurgiis,
2321 2207 2789 2281 Synopsis.—In
2828 2212 2944 2283 ejus
2991 2209 3206 2265 exordio
3245 2208 3487 2264 Hilarius
3530 2225 3583 2266 se
3625 2208 3831 2264 exsulem

543 2307 712 2363 uarias
758 2306 811 2360 in
861 2313 1032 2375 partes
1078 2300 1403 2358 scindebatur
1432 2314 1452 2355 .'
1493 2296 1805 2370 proindeque
1849 2312 1986 2351 anno
2044 2293 2150 2354 560
2253 2306 2542 2375 confessus,
2591 2304 2714 2374 petit
2764 2312 2820 2356 ut
2863 2302 3206 2359 Saturninum
3252 2312 3553 2374 pauentem
3597 2318 3748 2372 usque
3776 2302 3830 2355 ad

544 2403 776 2468 ineunte,
808 2416 907 2469 quo
933 2398 1043 2453 hac
1072 2395 1300 2469 synodus
1340 2395 1589 2449 celebrata
1618 2401 1710 2449 est.
1761 2391 1891 2461 Quae
1934 2407 2049 2446 cum
2078 2390 2095 2444 i

2274 2397 2627 2468 :onlessionem
2656 2395 2909 2466 falsorum
2932 2410 3046 2466 quae
3074 2396 3129 2450 in
3156 2413 3218 2451 ea
3238 2412 3396 2451 causa
3425 2396 3581 2467 gessit
3607 2395 3828 2450 adducat.

544 2494 671 2559 sint,
711 2501 821 2546 tum
864 2509 895 2545 a
943 2489 1216 2545 Ferrando
1254 2487 1472 2542 diacono
1517 2486 1664 2558 epist.
1708 2485 1775 2539 ad
1804 2482 2073 2555 Pelagium

2277 2489 2393 2545 l'um
2443 2506 2560 2564 quw
2606 2505 2704 2544 sua
2730 2498 2851 2545 sunt
2876 2490 3088 2557 oblitus,
3133 2490 3433 2560 imperatori
3475 2490 3596 2559 ﬁdei
3642 2504 3831 2559 cognos-

550 2586 761 2644 Anatol.
812 2600 956 2640 num.
988 2584 1044 2652 2,
1077 2595 1182 2637 tum
1213 2583 1265 2635 in
1294 2581 1558 2636 ueterrimo
1600 2578 1840 2635 Basilica:
1890 2578 2155 2633 Vaticana:
2253 2583 2431 2638 cendo:
2456 2582 2648 2654 cupido
2679 2582 2911 2654 exponit,
2940 2582 3031 2654 qui
3075 2598 3140 2639 ea:
3165 2584 3421 2653 frequenti
3464 2582 3739 2637 mutatione
3760 2596 3833 2634 ac-

546 2677 836 2750 exemplari
857 2694 959 2732 non
985 2678 1100 2732 ideo
1141 2676 1438 2732 inscribitur
1485 2668 1621 2731 liber
1662 2675 1728 2729 ad
1778 2674 2152 2729 Constantium
2255 2676 2439 2731 ciderit
2468 2674 2775 2744 evangelicae
2798 2675 2919 2746 ﬁdei
2948 2676 3212 2744 corruptio
3235 2690 3255 2729 :
3277 2673 3515 2745 adeoque
3535 2676 3601 2729 ad
3624 2672 3834 2747 baptismi

548 2771 843 2838 secundus,
894 2769 1036 2842 quod
1085 2786 1203 2825 cum
1246 2769 1510 2839 superiore
1558 2768 1835 2835 coluereat,
1884 2770 1975 2823 sed
2018 2765 2157 2839 quod
2257 2770 2414 2842 ﬁdem
2442 2769 2759 2824 redeundum
2788 2768 2988 2824 suadet.
3021 2767 3355 2841 Imperatoris
3405 2767 3591 2822 deinde
3633 2766 3834 2821 studium

549 2873 776 2936 tempore
806 2862 1063 2933 posterior
1089 2863 1175 2917 sit.
1207 2862 1337 2918 Aliis
1365 2862 1450 2916 hic
1483 2860 1861 2931 suspiciendam
1910 2862 2160 2931 relinqui—
2258 2866 2458 2929 laudat,
2500 2865 2656 2935 ﬁdem
2698 2872 2898 2918 tantum
2927 2861 3212 2917 secundum
3257 2879 3317 2916 ea
3352 2877 3468 2934 quas
3509 2866 3704 2931 scriptis
3741 2865 3838 2911 sunt

550 2974 665 3013 mus
729 2955 1083 3012 incredibilem
1140 2956 1452 3011 sanctissimi
1520 2956 1757 3029 prtesulis
1814 2956 2154 3028 vigilantiam,
2260 2958 2626 3014 desiderantis.
2674 2956 2968 3013 Commonet
3013 2938 3204 3022 tamen,
3251 2955 3455 3011 nullum
3496 2970 3601 3008 esse
3646 2954 3833 3008 hereti-

547 3048 924 3119 fortitudinem,
971 3049 1299 3118 prudentiam
1328 3065 1389 3102 ac
1418 3049 1594 3119 ﬁdem,
1640 3066 1744 3121 qua
1770 3068 1905 3105 unus
1930 3052 2159 3121 quamvis
2187 3074 2232 3139 ο
2264 3069 2402 3119 curn,
2435 3055 2519 3123 qui
2552 3062 2840 3107 commenta
2881 3068 2975 3105 sua
3017 3066 3084 3105 ea:
3111 3049 3399 3119 Scripturis
3443 3064 3545 3102 non
3574 3046 3832 3115 continuet.

555 3139 723 3204 exsul,
779 3140 1034 3193 ltwreticis
1056 3141 1381 3210 imperatoris
1429 3150 1674 3211 potestate
1702 3144 1935 3210 armatis,
1964 3145 2016 3196 in
2046 3144 2159 3214 ipsa
2206 3137 2224 3139 ί
2266 3147 2488 3201 Domum
2511 3145 2774 3219 pollicitus
2801 3144 2931 3198 nihil
2956 3159 3011 3199 se
3036 3159 3139 3197 non
3165 3156 3228 3196 ea
3255 3141 3565 3209 Scripturis,
3606 3137 3735 3192 nihil
3754 3152 3833 3187 nou

551 3232 696 3301 regia
743 3232 944 3285 civitate
970 3249 1080 3286 sese
1124 3251 1225 3288 non
1260 3236 1429 3289 timuit
1481 3253 1755 3309 opponere,
1813 3238 1914 3291 imo
1950 3237 2030 3291 sui
2060 3248 2161 3289 tcr-
2262 3242 2331 3296 ad
2365 3240 2593 3297 Orientis
2624 3249 2673 3296 et
2706 3238 2997 3295 Occidentis
3018 3252 3218 3310 pacem,
3249 3234 3380 3288 nihil
3411 3249 3514 3288 non
3536 3248 3646 3286 cum
3669 3231 3835 3284 honore

548 3337 720 3376 rorem
768 3324 994 3377 incutere
1040 3324 1218 3378 valuit.
1279 3324 1459 3395 Neque
1505 3328 1638 3381 enim
1687 3327 1830 3381 inani
1877 3339 2064 3381 conatu
2107 3344 2160 3381 se
2263 3336 2406 3410 regni
2433 3352 2494 3390 ac
2520 3337 2676 3405 regia;
2696 3335 2817 3406 ﬁdei
2848 3334 3129 3400 dicturum,
3175 3328 3438 3402 quoddam
3480 3325 3727 3382 sermoni;
3767 3328 3833 3394 {n-

554 3413 809 3468 Itwreticis
834 3417 1095 3485 opposuit,
1136 3417 1224 3485 qui
1264 3417 1379 3471 licet
1421 3435 1523 3472 non
1562 3417 1838 3473 obtinuerit
1881 3419 2017 3490 quod
2063 3419 2158 3473 ltoc
2259 3431 2367 3484 turi
2399 3430 2582 3502 pignus
2608 3428 2891 3498 prtemittil.

555 3503 729 3560 libello
776 3506 1036 3577 poscebat,
1086 3524 1172 3561 eos
1222 3518 1355 3585 certe
1404 3509 1719 3579 inﬁrmitatis
1765 3526 1875 3565 suae
1914 3512 2150 3567 constitit.

554 3713 917 3790 “3'5"
1412 3734 2127 3887 SANCTI
2239 3741 3020 3887 HILARII

994 3997 1203 4103 AD
1331 3995 2441 4105 CONSTANTIUM
2572 3994 3413 4105 AUGUSTUM

1842 4194 2084 4258 LIBER
2149 4194 2584 4274 SECUNDUS;

1512 4330 1657 4384 ρυειι
1687 4334 1756 4376 ΕΤ
1791 4334 2285 4378 εοηςτΑΝτιΝοΡοιι
2315 4335 2478 4377 ΕΙΒΕΙ
2500 4336 2613 4378 IPSE
2640 4335 2913 4379 TRADIDIT.

1935 4433 1956 4499 (
1982 4433 2206 4499 Scriptus
2227 4447 2356 4486 anno
2377 4434 2514 4498 560.)

634 4541 687 4597 l.
741 4539 983 4597 Hilarius
1028 4542 1082 4596 in
1131 4541 1266 4613 regis
1320 4544 1608 4614 praesentia.
1636 4574 1709 4586 —
1744 4543 1859 4601 Non
1911 4559 2030 4601 sum
2078 4548 2252 4610 ne-D
2278 4544 2549 4617 religiosa,
2596 4543 2877 4617 dijudicet.
2928 4544 2994 4603 Et
3039 4547 3163 4617 quia
3190 4547 3322 4604 milii
3353 4563 3383 4604 a
3425 4548 3540 4606 Deo
3566 4544 3829 4620 praesentia:

554 4633 724 4699 scius,
758 4633 997 4704 piissime
1025 4633 1340 4704 imperator,
1365 4649 1426 4691 ea
1444 4650 1565 4706 quae
1589 4636 1665 4706 (a)
1679 4636 1746 4692 de
1772 4637 2048 4693 nonnullis
2075 4651 2171 4694 ne-
2273 4645 2378 4692 tuae
2419 4636 2792 4708 opportunitas
2823 4639 3059 4708 praestita
3083 4650 3187 4708 est,
3223 4654 3324 4696 nec
3347 4655 3475 4711 erga
3510 4642 3623 4695 lima
3646 4638 3826 4710 quidtm

559 4727 721 4799 gotiis
742 4727 807 4782 ad
827 4726 1176 4783 conscientia:
1198 4727 1426 4799 publica;
1452 4728 1778 4784 audientiam
1804 4730 2165 4801 proferantur,
2272 4731 2617 4787 conscientiae
2644 4744 2779 4787 mea:
2808 4734 3040 4787 cessavit
3067 4731 3306 4788 ol'llcium
3334 4751 3346 4787 :
3379 4747 3432 4788 ttt
3458 4735 3513 4789 in
3541 4746 3679 4799 cum,
3701 4746 3828 4803 quum

561 4833 662 4888 pro
690 4817 953 4889 dignitate
976 4830 1161 4875 eorum
1183 4819 1271 4888 qui
1293 4819 1638 4891 eloquuntur,
1656 4820 1742 4877 vel
1763 4823 1945 4893 gravia
1987 4824 2170 4879 existi-
2272 4824 2414 4895 apud
2466 4835 2515 4880 te
2558 4822 2733 4880 habeo
2779 4824 2846 4879 de
2894 4824 3158 4896 religione
3205 4843 3537 4896 sermonem,
3580 4827 3830 4896 indignitas
3906 4836 3907 4896 ξ

559 4910 700 4966 mari
749 4910 961 4978 sitlere,
1010 4911 1096 4967 vel
1125 4911 1267 4967 levia
1295 4929 1310 4966 :
1344 4911 1418 4984 (ὁ)
1445 4912 1570 4969 dum
1604 4912 1927 4969 distantibus
1955 4915 2170 4984 Opinio-
2273 4915 2412 4973 forte
2438 4915 2614 4986 aliqua
2646 4928 2818 4972 tecum
2848 4918 3119 4989 loquentis
3146 4919 3405 4976 oﬂ‘endat.

566 4999 751 5068 nibus,
776 5002 1083 5073 ambiguam
1105 5003 1428 5059 sententiam
1450 5005 1516 5059 ad
1543 5003 1777 5059 studium
1802 5005 2170 5076 intelligentiae
2340 5008 2401 5063 9.
2430 5006 2637 5069 Ballio:
2663 5006 2909 5064 Ecclesiis
2956 5014 3319 5067 communicat.
3369 5011 3595 5069 Exsulat
3619 5012 3825 5086 factione.
3906 4999 3907 5063 ἶ

553 5108 841 5165 promovet
870 5096 1105 5177 hominis
1133 5107 1499 5171 contemptus,
1543 5104 1638 5155 aut
1671 5100 1867 5171 gratia.
1896 5099 2001 5157 Sed
2033 5101 2165 5157 utilti
2269 5096 2350 5154 De
2377 5116 2471 5154 sua
2498 5101 2791 5155 innocentia
2821 5117 3049 5158 securus.
3076 5133 3145 5145 —
3179 5100 3482 5175 Episcopus
3524 5122 3622 5177 ego
3661 5119 3761 5161 sunt
3788 5101 3827 5155 in
3906 5104 3907 5117 ‘

562 5186 706 5257 apud
757 5196 808 5244 te
853 5174 922 5245 de
970 5184 1151 5247 divina
1201 5206 1259 5246 re
1311 5190 1395 5261 pia
1439 5190 1676 5258 dicturo,
1721 5192 1899 5248 nullus
1926 5191 2165 5265 vulgata:
2269 5193 2508 5249 omnium
2533 5192 2608 5267 (c)
2659 5193 2984 5252 Gallicarum
3030 5174 3395 5254 ecclesiarum
3438 5174 3598 5272 atque
3656 5199 3829 5271 episco-
3906 5228 3907 5231 η

560 5282 971 5339 causuetudinis
1015 5294 1189 5341 metus
1233 5295 1318 5340 est
1365 5302 1379 5339 :
1426 5284 1572 5357 quia,
1622 5298 1745 5342 cum
1792 5288 1868 5343 sis
1896 5287 2073 5344 bonus
2101 5300 2166 5344 ac
2275 5299 2465 5355 porum
2493 5287 2897 5352 communione,
2951 5289 3077 5345 licet
3109 5290 3163 5344 in
3194 5291 3413 5359 exsilio,
3442 5306 3766 5363 permanens,
3788 5295 3831 5343 et

566 5372 884 5442 religiosus,
939 5390 1039 5431 nec
1086 5375 1271 5432 vitium
1314 5376 1497 5447 judicil
1544 5377 1683 5448 apud
1710 5378 2005 5450 prudentes
2038 5379 2158 5434 reli-
2270 5374 2528 5433 Ecclesia:
2551 5377 2724 5435 adhuc
2751 5394 2846 5451 per
2889 5380 3232 5456 presbyteros
3256 5400 3409 5442 meos
3436 5386 3826 5442 communionem

571 5468 817 5538 gionum,
843 5469 973 5542 quid
998 5484 1030 5524 a
1072 5485 1179 5543 quo
1218 5462 1422 5539 audiat,
1451 5468 1548 5527 sed
1572 5485 1649 5542 an
1681 5487 1800 5543 quae
1829 5470 2012 5528 audiat
2057 5468 2168 5527 sint
2267 5470 2615 5528 distribuens.
2650 5472 2856 5529 Exsulo
2884 5484 3065 5531 autem
3094 5491 3201 5532 non
3231 5478 3483 5547 crimine,
3534 5477 3631 5536 sed
3673 5475 3829 5532 factio.

571 5693 612 5747 Ε
634 5624 712 5696 (a)
741 5626 923 5683 Codex
952 5629 1075 5714 Yat.
1104 5630 1361 5694 basilicae,
1389 5632 1453 5715 de
1494 5633 1749 5706 plerisque
1775 5634 1838 5691 de
1864 5634 2153 5693 nonnullis.
2263 5644 2542 5718 permovet,
2578 5651 2684 5691 non
2713 5647 2975 5709 promovet
2996 5655 3016 5696 :
3041 5654 3105 5697 ac
3135 5651 3317 5714 postea
3350 5643 3404 5703 in
3430 5642 3636 5704 duobus
3669 5639 3821 5725 gloria,

615 5704 755 5747 orte.
780 5715 813 5747 a
838 5699 1088 5747 vles-smne
1111 5702 1174 5747 de
1200 5704 1480 5747 nnnnulln-
2260 5727 2358 5747 nm
2389 5720 2553 5747 nrt-Im

615 5704 813 5784 0.99.9
837 5699 1088 5784 vim"?
1111 5702 1174 5757 ἀι
1200 5699 1506 5784 cannulis
1600 5699 1676 5784 ,ξ
1747 5778 1779 5784 .-
2258 5699 2358 5783 bro
2386 5710 2571 5784 θτςιία·

641 5764 715 5837 (b)
761 5763 823 5825 ln
864 5763 1018 5829 mss.'
1045 5771 1170 5833 dum
1208 5772 1288 5835 his
1332 5775 1488 5834 tantis
1527 5775 1977 5857 opinionibmset
2019 5796 2148 5863 tuo;
2258 5763 2549 5862 Γ’(ιεῖλιεδ.
2581 5779 2890 5854 Galliarum.
