3936 6196
127 281 223 337 565

1074 284 1167 340 AD
1206 283 1688 346 CONSTAN‘I‘IUM
1725 289 2107 352 AUGUSTUM
2147 293 2354 354 LIBER
2392 296 2456 355 ll.

3318 310 3423 364 566

131 416 218 465 ne;
246 407 300 453 et
325 398 475 455 falsis
510 399 714 456 nuntiis
766 400 957 472 synodi
978 399 1045 457 ad
1071 408 1124 458 te
1148 402 1527 473 imperatorem
1551 405 1719 476 pium,
1753 409 1804 469 Α
1831 408 2156 480 praedicant;
2190 412 2380 470 orbem
2409 424 2671 474 aiternum
2701 420 2905 476 erroris
2947 430 3003 477 et
3046 423 3325 481 redeuntis
3374 429 3424 484 in

134 510 228 551 non
292 491 361 550 ob
387 494 633 566 aliquam
683 496 968 552 criminum
1018 511 1267 554 meorum
1313 499 1723 566 conscientiam,

134 603 226 659 per
251 586 448 657 impios
499 587 752 643 homines
775 588 848 661 (α)
893 589 1129 645 delatus.
1170 589 1280 647 Nec
1328 591 1501 646 levem
1552 591 1726 648 habeo

133 681 349 753 querela!
374 695 516 738 mete
546 691 739 738 testem
767 681 1048 738 dominum
1081 698 1260 740 meum
1289 685 1595 756 religiosum
1610 683 1728 742 Ca:-

133 788 292 827 sarem
320 781 475 828 tuum
504 772 780 829 lulianum
811 793 824 828 :
857 775 946 845 qui
978 774 1098 845 plus
1130 777 1180 830 iu
1221 777 1418 832 exsilio
1447 793 1570 834 meo
1594 791 1723 833 cono

134 866 349 922 tumeliu:
405 881 436 919 a
489 867 671 934 malis,
724 883 884 937 quam
937 883 1038 938 ego
1091 869 1325 938 injuriae,
1377 870 1613 940 pertulit.
1667 870 1724 925 In

133 970 364 1032 promptu
392 959 544 1012 enim
572 971 695 1014 sunt
725 959 940 1031 pietatis
969 971 1162 1015 vestra:
1193 961 1386 1016 litterae
1415 980 1427 1016 :
1459 962 1596 1016 falsa
1631 976 1727 1018 au-

132 1065 226 1108 tem
253 1067 440 1107 eorum
477 1054 687 1115 omnia,
724 1052 796 1124 (b)
826 1068 946 1123 qua:
977 1053 1028 1106 in
1075 1053 1327 1107 exsilium
1375 1069 1552 1108 meum
1600 1070 1726 1124 pro-

132 1153 463 1211 curaverant,
518 1160 630 1200 non
676 1146 732 1200 in
776 1145 1009 1201 ObaCUI‘O
1038 1157 1182 1200 sunt.
1215 1146 1334 1216 Ipse
1355 1162 1568 1217 quoque
1599 1147 1722 1220 (Sa-

133 1241 383 1302 turninus,
419 1238 528 1292 uid.
582 1238 673 1293 lib.
707 1239 771 1292 de
811 1239 1014 1309 Synod.
1058 1256 1111 1292 η.
1139 1239 1194 1309 2)
1218 1241 1301 1295 vel
1324 1239 1585 1306 minister,
1637 1239 1724 1295 vel

133 1342 300 1388 auctor
345 1341 630 1402 gestorum
673 1332 938 1400 omnium,
998 1334 1139 1387 intra
1195 1333 1333 1387 hanc
1382 1333 1568 1389 urbem
1617 1341 1717 1389 est.

135 1425 566 1482 Circumventum
643 1434 696 1480 te
752 1422 1093 1495 Augustum,
1152 1425 1478 1496 illusumque
1544 1427 1723 1481 Caesa-

136 1537 234 1576 rem
280 1527 428 1574 tuum
489 1534 559 1575 ea
615 1519 897 1574 conlidens
965 1520 1310 1574 consi-ientize
1357 1537 1490 1575 mea:
1533 1521 1721 1575 condi-

132 1616 258 1668 tione
289 1611 636 1682 patefaciam,
666 1621 723 1666 ut
752 1612 796 1666 si
831 1612 1105 1682 indignum
1157 1613 1355 1683 aliquid
1405 1629 1514 1668 non
1560 1614 1721 1669 modo

133 1706 347 1776 episcopi
378 1705 698 1770 sanctitate,
742 1705 838 1760 sed
879 1707 1040 1760 etiam
1085 1705 1204 1759 laici
1250 1705 1555 1776 integritate
1599 1722 1722 1777 ges-

1831 516 1892 558 se
1942 516 2157 573 semper
2203 506 2516 564 certaminis
2567 510 3036 570 circumtulerunt.
3104 513 3431 587 Oportuerat

1830 594 1998 663 enim,
2037 595 2284 652 humame
2335 597 2662 658 inﬁrmitatis
2707 604 2994 674 modestia,
3039 621 3204 664 omne
3246 612 3429 681 cogni-

1831 688 1991 745 tionis
2019 689 2215 745 divinae
2236 704 2636 750 sacramentum
2671 695 2775 752 illis
2825 706 3030 753 tantum
3081 701 3432 758 conscientias

1829 796 1942 837 suae
1991 781 2186 838 ﬁnibus
2229 785 2496 840 contineri
2549 788 2745 858 quibus
2793 789 3044 858 credidit,
3093 809 3268 863 neque
3311 806 3428 865 post

1829 874 2134 932 confessam
2157 888 2209 930 et
2235 877 2468 946 juratam
2503 881 2554 934 in
2607 879 2873 950 baptismo
2923 883 3082 939 ﬁdem
3126 886 3180 940 in
3229 889 3433 941 nomine

1830 966 2008 1022 Patris
2039 979 2086 1022 et
2111 969 2208 1036 ﬁlii
2231 980 2278 1024 et
2309 968 2537 1042 Spiritus
2603 975 2788 1038 sancti,
2823 975 3121 1047 quidquam
3153 979 3296 1034 aliud
3340 982 3427 1036 vel

1827 1060 2124 1130 ambigere,
2157 1061 2240 1116 vel
2270 1061 2550 1118 innovare.
2585 1063 2692 1118 Sed
2744 1067 3100 1134 quorumdam
3147 1079 3240 1124 aut
3285 1087 3426 1140 prte-

1827 1154 2087 1221 sumptio,
2119 1164 2210 1208 aut
2238 1153 2312 1223 (e)
2339 1155 2592 1224 facilitas,
2622 1166 2716 1212 aut
2741 1173 2916 1224 error,
2945 1162 3258 1230 apostolica:
3299 1164 3427 1220 doc-

1830 1245 1983 1299 trinae
2032 1245 2471 1302 indemutabilem
2519 1248 2680 1320 545
2724 1251 3171 1308 constitutionem
3223 1257 3417 1325 partim

1827 1335 2196 1391 fraudulenter
2219 1337 2471 1393 confessa
2500 1351 2604 1408 est,
2654 1341 2848 1409 partim
2879 1345 3137 1400 audacter
3164 1361 3382 1417 egressa
3412 1367 3425 1402 :

1826 1428 1954 1485 dum
1978 1431 2030 1484 in
2058 1430 2404 1488 confessione
2434 1432 2610 1488 Patris
2642 1442 2698 1489 et
2726 1435 2846 1490 Filii
2874 1446 2927 1491 et
2971 1437 3203 1508 Spiritus
3256 1442 3427 1496 sancti

1826 1524 2111 1580 veritatem
2153 1528 2413 1581 naturalis
2456 1526 2862 1596 signiﬁcationis
2907 1529 3093 1595 eludit,
3140 1531 3209 1605 (Γ)
3266 1548 3334 1588 ne
3375 1534 3426 1588 id

1825 1624 2072 1670 maneret
2100 1615 2154 1669 in
2179 1632 2364 1683 sensu,
2395 1617 2536 1686 quod
2562 1618 2612 1672 in
2638 1619 3064 1690 regenerationis
3087 1633 3429 1679 sacramento

1825 1718 1908 1765 est
1952 1709 2344 1764 conﬁtendum.
2395 1710 2477 1766 0b
2520 1709 2623 1766 hoc
2672 1727 2836 1781 penes
2882 1715 3238 1783 quorumdam
3293 1731 3426 1771 con-

132 1799 250 1854 sisse
274 1798 494 1866 docear,
531 1815 641 1854 non
669 1798 781 1869 jam
813 1799 1179 1854 sacerdotium
1213 1815 1309 1870 per
1357 1801 1570 1856 veniam
1621 1816 1713 1856 ex-
1744 1806 1794 1868 B
1821 1803 2100 1858 scientiam
2153 1817 2255 1858 nec
2300 1802 2460 1858 Pater
2506 1813 2682 1874 pater,
2730 1820 2831 1860 nec
2878 1805 3044 1862 Filius
3087 1807 3251 1876 ﬁlius,
3324 1825 3424 1864 nec

132 1901 393 1961 spectem,
463 1891 564 1948 sed
624 1894 767 1948 intra
820 1892 1192 1964 paenitentiam
1247 1894 1368 1949 laici
1425 1909 1717 1950 consenes-

131 2001 252 2042 cam.

188 2078 238 2134 '5.
267 2078 449 2132 Audiri
496 2087 650 2150 rogat
677 2079 845 2133 exsilii
889 2079 972 2134 sui
997 2088 1205 2134 auctore
1231 2089 1497 2151 prtesente.
1524 2080 1712 2137 Libelli

131 2171 268 2242 hujus
316 2185 507 2224 causte.
564 2199 635 2210 -—
679 2169 807 2225 Haec
859 2179 1039 2224 autem
1090 2185 1265 2236 nunc,
1311 2171 1720 2241 dignantissime

131 2262 424 2332 imperator,
461 2262 696 2318 arbitrio
727 2271 819 2316 tuo
847 2261 1192 2332 derelinquo,
1225 2275 1496 2332 quatenus
1517 2275 1572 2319 et
1592 2279 1718 2334 quo-

131 2353 273 2408 modo
299 2369 385 2408 me
410 2353 584 2423 jubes
615 2354 781 2424 loqui,
829 2363 884 2409 et
911 2369 974 2409 ea
1015 2369 1136 2424 quae
1171 2355 1406 2410 maxime
1452 2363 1632 2411 tecum
1661 2355 1716 2411 in

131 2446 479 2516 temporehoc
509 2446 723 2517 agenda
752 2457 876 2500 sunt
923 2460 1240 2516 prosequor.
1294 2446 1457 2502 Dabis
1501 2449 1715 2518 quidem

133 2539 175 2593 id
204 2540 252 2593 in
279 2553 522 2609 praesens
561 2540 931 2594 instructionis
955 2540 1021 2595 ad
1043 2555 1287 2606 causam,
1312 2552 1369 2595 ut
1395 2551 1717 2611 praesentem

131 2647 257 2698 eum,
279 2632 430 2702 cujus
456 2633 766 2688 ministerio
796 2634 1002 2701 cxsulo,
1040 2648 1210 2703 usque
1230 2633 1294 2687 ad
1320 2633 1718 2690 confessionem

133 2723 369 2779 falsorum
400 2742 522 2796 qme
558 2725 1034 2796 gessitadducam.
1071 2725 1177 2781 Sed
1205 2725 1339 2779 nihil
1365 2726 1432 2781 de
1475 2742 1562 2794 eo,
1613 2727 1716 2782 nisi

134 2830 238 2869 cum
280 2816 534 2885 jusseris,
588 2815 802 2886 loquar.
855 2817 1006 2871 Nunc
1051 2825 1232 2871 autem
1266 2815 1365 2888 (c),
1413 2817 1536 2887 quia
1585 2817 1716 2872 mihi

135 2919 290 2964 metus
309 2919 390 2965 est
417 2911 487 2964 de
515 2910 706 2965 mundi
737 2910 1002 2980 periculo,
1031 2910 1099 2966 de
1145 2911 1348 2967 silentii
1393 2913 1498 2966 mei
1541 2923 1714 2980 reatu,

133 3001 404 3072 dejudicio
429 3002 558 3070 Dei,
582 3019 711 3058 cura
742 3014 921 3060 autem
968 3015 1054 3060 est
1095 3004 1162 3060 de
1205 3020 1323 3075 spe,
1368 3005 1436 3060 de
1475 3006 1604 3072 vita,
1648 3005 1717 3060 de

136 3094 526 3151 immortalitate
557 3113 666 3151 non
708 3106 814 3150 tam
865 3113 1004 3165 mea,
1056 3114 1216 3168 quam
1267 3108 1379 3163 tua,
1435 3099 1716 3154 universo-

1821 1894 2054 1966 Spiritus
2081 1904 2301 1950 sanctus
2345 1894 2566 1966 spiritus
2615 1906 2835 1950 saueius
2863 1905 2966 1952 est.
2995 1898 3108 1953 Sub
3134 1899 3290 1970 cujus
3328 1917 3421 1956 ne-

1820 1987 2092 2041 cessitatis
2119 1985 2198 2057 (g)
2246 1996 2518 2057 tamquam
2565 1985 2910 2056 improbabili
2957 1989 3265 2057 occasione,
3293 1992 3428 2045 scri-
3475 2010 3478 2012 ν

1822 2078 2012 2134 benda:
2059 2087 2222 2149 atque
2261 2078 2586 2134 innovaudae
2614 2078 2736 2135 fidei
2761 2079 2956 2135 exinde
3003 2096 3134 2136 usus
3182 2082 3421 2138 inolevit.

1821 2170 1922 2238 Qui
1975 2179 2097 2240 post
2143 2186 2303 2241 quam
2347 2186 2486 2225 nova
2526 2171 2704 2242 potius
2749 2172 2916 2242 erepit
2957 2173 3211 2240 condere,
3263 2189 3421 2243 quam

1821 2272 2041 2334 accepta
2065 2263 2334 2330 retinere;
2367 2278 2465 2318 nec
2489 2273 2731 2318 veterata
2760 2263 3022 2331 defendit,
3039 2280 3143 2321 nec
3165 2265 3418 2322 innovata

1822 2357 2058 2412 ﬁrmavit
2087 2373 2101 2410 :
2132 2364 2187 2411 et
2211 2355 2352 2428 facta
2399 2365 2482 2411 est
2523 2355 2659 2411 ﬁdes
2701 2365 3005 2427 temporum
3051 2359 3229 2429 potius
3259 2376 3419 2431 quam

1826 2451 2266 2521 Evangeliorum,
2295 2449 2421 2505 dum
2451 2457 2509 2504 et
2532 2449 2829 2504 secundum
2858 2465 3030 2506 annos
3070 2451 3418 2520 describitur,

1825 2551 1882 2599 et
1929 2543 2224 2598 secundum
2273 2540 2669 2597 confessionem
2713 2542 2964 2612 baptismi
3025 2557 3130 2598 non
3181 2552 3416 2600 tenetur.

1824 2636 2192 2691 Periculosum
2225 2635 2381 2690 nobis
2407 2633 2697 2688 admodum
2723 2644 2884 2704 atque
2914 2635 3076 2689 etiam
3109 2636 3421 2692 miserabile

1821 2737 1924 2795 est,
1969 2736 2049 2783 tot
2097 2741 2238 2782 nunc
2285 2727 2419 2782 ﬁdes
2464 2726 2746 2791 exsistere,
2801 2733 2935 2797 quot
2978 2727 3313 2793 voluntates;
3365 2737 3421 2784 et.

1822 2831 1908 2876 tot
1955 2820 2109 2877 nobis
2155 2819 2430 2874 doctrinas
2459 2833 2604 2885 esse,
2637 2827 2768 2888 quot
2797 2833 3004 2885 mores;
3036 2828 3092 2873 et
3125 2829 3201 2873 tot
3229 2833 3420 2874 causas

1823 2913 2280 2982 blasphemiarum
2310 2911 2591 2980 pullulare,
2623 2920 2752 2980 quot
2781 2910 2904 2964 vitia
2954 2919 3080 2964 sunt
3109 2925 3123 2963 :
3157 2910 3286 2965 dum
3328 2922 3422 2966 aut

1822 3010 1889 3063 ita
1919 3008 2054 3062 ﬁdes
2082 3005 2390 3060 scribuntur
2421 3012 2477 3058 ut
2507 3003 2779 3066 volumus,
2811 3013 2904 3056 aut
2933 3003 3004 3058 ita
3050 3012 3108 3057 ut
3133 3002 3210 3075 (Ii)
3258 3003 3415 3059 nolu-

1820 3115 1940 3156 mus
1972 3099 2361 3168 intelliguntur.
2396 3095 2465 3150 Et
2507 3110 2651 3162 cum,
2700 3095 2996 3150 secundum
3038 3111 3200 3149 unum
3245 3094 3416 3150 Deum

135 3202 357 3258 rumque.
379 3189 512 3256 Quae
543 3191 663 3258 quia
695 3191 826 3244 mibi
855 3206 978 3245 cum
1011 3191 1254 3260 plurimis
1276 3193 1578 3248 communis
1608 3203 1710 3259 est,
1742 3192 1786 3254 C
1822 3204 1875 3249 et
1905 3207 2064 3246 unum
2096 3189 2381 3244 Dominum
2407 3187 2468 3260 (i)
2501 3197 2554 3243 et
2585 3203 2747 3242 unum
2775 3187 3060 3257 baptisma,
3088 3189 3248 3241 etiam
3281 3186 3418 3244 ﬁdes

136 3281 234 3337 lucc
256 3299 282 3336 a
307 3299 389 3338 me
413 3283 726 3338 communis
756 3287 870 3354 Spei
901 3286 1236 3355 exspectatio
1262 3297 1362 3341 est.

191 3373 240 3428 4.
267 3375 602 3430 Constantius
637 3386 778 3446 aptat
829 3377 986 3445 ﬁdem
1035 3379 1217 3432 audire
1259 3378 1323 3432 ab
1370 3379 1619 3450 episcopis
1667 3385 1712 3432 et

136 3481 220 3520 non
247 3469 405 3522 audit.
453 3467 618 3524 Fides
662 3470 713 3523 in
754 3469 1007 3538 baptismo
1043 3474 1244 3544 jurata.
1293 3468 1450 3524 Fides
1501 3471 1714 3525 subinde

135 3577 244 3614 nova
271 3571 315 3616 et
340 3564 455 3616 ideo
489 3563 735 3618 nulla.—-
757 3562 1107 3633 ReCoguosce
1149 3563 1330 3628 ﬁdem,
1365 3579 1523 3634 quam
1557 3563 1706 3628 olim,

136 3661 310 3729 optime
335 3677 395 3716 ac
427 3662 838 3732 religiosissime
873 3663 1188 3731 imperator,
1212 3661 1278 3715 ab
1321 3659 1590 3730 episc0pis
1615 3674 1712 3728 op—

136 3762 203 3808 tas
246 3756 446 3825 audire,
506 3766 563 3814 et
611 3771 717 3812 non
769 3756 943 3811 audis.
998 3756 1134 3812 Dum
1165 3756 1308 3811 enim
1339 3770 1369 3809 a
1413 3757 1607 3826 quibus
1646 3770 1708 3810 ea

135 3847 418 3920 requiritur,
467 3865 568 3905 sua
617 3849 882 3917 scribunt,
911 3849 991 3920 (ά)
1040 3860 1094 3905 et
1123 3864 1228 3905 non
1276 3865 1396 3920 quae
1440 3848 1537 3904 Dei
1585 3857 1709 3904 sunt

197 4032 266 4101 (α)
295 4032 412 4089 Vat.
446 4037 570 4091 bas.
604 4047 706 4087 ms.
756 4034 956 4088 delatis.
1002 4033 1078 4088 Ex
1108 4031 1364 4088 subnexis
1405 4032 1705 4096 conﬁcitur,

134 4102 376 4160 lulianum
406 4115 501 4160 aut
533 4106 756 4159 liiterris
784 4105 1110 4166 interfuisse.
1137 4113 1230 4158 aut
1259 4120 1362 4157 non
1396 4105 1584 4173 procul
1617 4104 1708 4158 ab-

136 4176 298 4241 fuisse,
345 4193 467 4231 cum
521 4177 754 4231 Hilarius
805 4177 928 4230 inde
977 4179 1028 4231 in
1076 4176 1322 4229 exsilium
1374 4175 1572 4230 missus
1602 4183 1707 4229 est.

141 4244 307 4309 Porro,
361 4259 416 4302 ut
459 4264 528 4302 ex
571 4247 880 4310 Ammiano,
907 4246 999 4301 lib.
1037 4263 1144 4312 xw,
1177 4256 1407 4304 constat.
1441 4245 1706 4312 Julianus,

139 4331 258 4370 anno
285 4320 387 4375 555
427 4327 662 4374 exeunte
699 4317 881 4372 Cu-sar
924 4329 1157 4378 creatus.
1218 4317 1396 4370 statim
1431 4318 1482 4370 in
1511 4316 1712 4374 Gallias

139 4385 373 4444 Viennam
420 4391 670 4452 secessit,
720 4391 899 4458 ibique
950 4392 1168 4450 mansit,
1215 4390 1387 4442 donec
1438 4389 1560 4441 inde
1610 4389 1708 4442 mia

138 4471 293 4526 graret
323 4461 786 4529 Augustodunum,
817 4477 922 4530 quo
949 4461 1088 4514 Junii
1128 4461 1196 4514 ﬁt
1231 4460 1316 4513 die
1349 4459 1606 4524 pervenit.

191 4529 267 4654 (Sb)
305 4531 373 4586 Ita
407 4541 519 4587 tres
545 4547 676 4586 mss.
724 4529 843 4586 Alii
876 4547 1000 4586 vere
1026 4547 1147 4586 cum
1181 4532 1428 4601 vulgatis,
1467 4532 1576 4601 qui.
1611 4531 1709 4586 Hic

227 4605 320 4654 icat
349 4605 583 4654 Hilarius
609 4620 690 4654 se.
723 4604 968 4654 utiamris
996 4604 1046 4654 in
1084 4603 1266 4654 odium
1300 4603 1443 4654 lidci.
1475 4604 1575 4654 sub
1603 4602 1709 4654 alio

143 4599 320 4656 indicat
349 4605 583 4658 Hilarius
609 4620 690 4666 se,
723 4604 968 4669 quamvis
996 4604 1046 4656 in
1084 4599 1443 4662 odium'ﬁdci.
1475 4599 1575 4656 sub
1603 4602 1710 4656 alio

141 4680 296 4727 tamen
343 4676 567 4728 υὺιοιιιιιι
611 4676 803 4730 exsilio
845 4690 964 4729 esse
996 4675 1275 4727 multatum
1304 4691 1315 4724 :
1345 4675 1495 4742 quasi
1547 4674 1706 4726 nimi-

140 4756 240 4795 rum
285 4744 515 4801 fecisset.
570 4746 711 4814 quod
763 4751 874 4814 ipse
906 4743 1100 4799 fatetur
1129 4747 1395 4813 indignum
1426 4760 1527 4797 non
1559 4743 1709 4796 modo
1738 4757 1789 4815 D

141 4816 338 4883 episcopi
365 4819 654 4881 sanctitate,
695 4817 784 4870 sed
824 4818 971 4870 etiam
1004 4817 1123 4870 laici
1174 4818 1479 4886 integritate.
1532 4815 1711 4870 Facile

141 4895 298 4939 autem
329 4891 567 4942 veritatis
599 4889 826 4941 inimicis
859 4887 977 4953 fuit,
1008 4904 1129 4942 eum
1163 4891 1300 4954 apud
1327 4888 1708 4954 imperatorem

143 4959 286 5028 smmi
315 4959 532 5027 inquieti
565 4968 620 5014 et
645 4960 709 5012 ad
739 4959 1060 5013 seditionem
1092 4961 1260 5028 parati
1310 4973 1588 5022 acettsore,
1617 4973 1712 5012 cu-

140 5024 328 5101 jltshrei
369 5024 476 5098 jam
525 5031 592 5085 ab
641 5046 785 5084 anno
816 5029 920 5085 553
977 5024 1211 5101 suspicio
1241 5031 1435 5100 iniecta
1470 5040 1609 5093 erat,
1656 5040 1713 5083 ut

143 5097 353 5153 vidimus
371 5097 520 5156 libro
543 5102 849 5169 superiore,
884 5119 935 5153 ιι.
971 5101 1024 5155 5.

207 5169 273 5239 (c)
318 5174 534 5242 Supple,
585 5174 784 5243 loquor.
837 5173 970 5225 Tum
1018 5173 1070 5226 in
1117 5172 1351 5234 exettsis,
1404 5172 1520 5240 quia
1552 5180 1712 5223 metus

147 5250 228 5302 est,
253 5244 446 5297 omisso
471 5245 597 5298 mihi
626 5260 645 5298 :
674 5254 729 5298 et
761 5259 905 5308 mox,
933 5259 1030 5314 pro
1056 5261 1181 5298 cura
1209 5255 1381 5297 autent
1408 5253 1478 5297 est
1520 5243 1582 5295 de
1606 5258 1712 5311 spe,

150 5324 295 5384 prave
324 5315 597 5384 legebatur
623 5333 714 5370 cur
745 5327 914 5368 autem
943 5325 1013 5368 est
1042 5316 1440 5382 desperandum.

214 5383 284 5456 id)
328 5383 654 5442 luumtribus
686 5403 840 5444 ωδε..
883 5396 928 5439 et
955 5402 1055 5439 non
1079 5385 1178 5440 Dei
1201 5387 1502 5456 prwdicqnt.

155 5453 276 5591 μμ)
307 5459 582 5528 Exemplar
609 5456 728 5514 Vat.
778 5459 919 5524 bus.,
967 5468 1057 5512 aut
1105 5453 1343 5530 facultas.
1398 5454 1581 5522 Forte,
1633 5462 1722 5509 aut

172 5541 361 5580 auitas.

172 5527 361 5580 ’atuitas.

215 5597 274 5666 (ι’)
316 5598 427 5653 Vat.
456 5599 574 5655 bas.
606 5613 708 5654 ins.
751 5616 907 5670 neque
947 5610 999 5654 ut
1039 5609 1286 5654 maneret.
1321 5598 1462 5666 Alii,
1517 5615 1577 5652 ne
1604 5596 1728 5668 quid

156 5679 355 5720 maneret
364 5714 371 5721 .

229 5738 298 5812 (g)
341 5741 504 5798 \"oces
525 5783 541 5808 ,
589 5743 904 5796 necessitatis
935 5753 1226 5812 tamquam,
1261 5744 1312 5796 in
1346 5758 1435 5796 sex
1469 5755 1598 5794 mss.
1630 5739 1726 5794 de-

175 5807 474 5874 siderantur.
511 5812 818 5887 Legendum
852 5807 1090 5882 videtur,
1121 5815 1213 5870 sub
1237 5818 1388 5888 cujus
1417 5812 1730 5869 necessitatis

1817 3301 1920 3341 una
1964 3285 2064 3350 sit,
2096 3281 2162 3357 (j)
2211 3281 2524 3337 excedimus
2570 3279 2638 3335 ab
2682 3295 2742 3334 ca
2789 3279 2895 3335 ﬁde
2923 3295 3042 3350 quae
3069 3279 3182 3333 sola
3211 3289 3294 3334 est
3319 3296 3335 3333 :
3364 3286 3418 3335 et

1815 3382 1943 3438 dum
1977 3381 2156 3451 plures
2185 3379 2336 3445 ﬁunt,
2367 3378 2434 3431 ad
2466 3374 2517 3431 id
2544 3383 2826 3443 cmperuut
2853 3390 2996 3440 esse,
3035 3390 3102 3430 ne
3129 3375 3237 3429 ulla
3265 3375 3354 3429 sit.

1887 3473 1940 3529 5.
1987 3471 2136 3528 Unde
2161 3479 2233 3525 tot
2259 3468 2385 3540 ﬁdes
2415 3469 2726 3523 scribantur.
2778 3465 2938 3522 Fides
2965 3476 3142 3538 quater
3186 3475 3402 3521 mutata.

1820 3598 1891 3609 ——
1919 3565 2132 3622 Conscii
2165 3565 2308 3620 enim
2341 3562 2496 3618 nobis
2535 3560 2765 3617 invicem
2806 3575 3028 3628 sumus,
3060 3568 3182 3630 post
3210 3559 3414 3615 Nicteni

1819 3671 2120 3718 conventus
2144 3657 2444 3731 synodum,
2478 3655 2614 3712 nihil
2644 3653 2788 3710 aliud
2818 3670 2978 3725 quam
3021 3652 3183 3709 ﬁdem
3225 3652 3413 3708 scribi.

1820 3755 1954 3810 Dum
1984 3755 2036 3808 in
2066 3753 2242 3807 verbis
2274 3765 2449 3821 pugna
2479 3760 2562 3806 est
2588 3790 2603 3816 ,
2630 3749 2757 3803 dum
2787 3749 2856 3803 de
2880 3747 3209 3802 novitatibus
3239 3761 3419 3816 quies-

1817 3850 1891 3903 tio
1922 3855 2024 3914 est,
2053 3845 2180 3901 dum
2214 3843 2281 3900 de
2301 3842 2564 3915 ambiguis
2590 3843 2805 3898 occasio
2831 3839 2905 3913 (lt)
2943 3846 3046 3906 est,
3078 3837 3206 3895 dum
3255 3837 3319 3910 (ι)
3349 3837 3421 3894 de

1817 4041 2072 4102 tamquam
2104 4047 2204 4084 non
2234 4027 2582 4100 improbabili,
2614 4026 2698 4082 vel
2729 4041 2850 4081 cum
2884 4040 2986 4082 ms.
3016 4025 3253 4098 Remig.,
3282 4037 3415 4080 tant-

1815 4121 1967 4174 quam
1995 4102 2264 4173 probabili.

1887 4176 1966 4246 (It)
1995 4163 2084 4246 'lta
2114 4188 2244 4227 mss.
2289 4169 2367 4246 At
2387 4169 2516 4246 editi
2539 4209 2555 4235 ,
2585 4178 2640 4222 ut
2669 4168 2924 4246 volumus.
2956 4166 3047 4222 Sic
3085 4163 3417 4246 Hieronymo

1816 4239 1957 4301 teste
1984 4245 2110 4300 dial.
2136 4253 2323 4298 contra
2350 4239 2519 4295 Lucif.
2554 4249 2676 4309 post
2705 4239 3106 4292 Ariminensem
3140 4241 3413 4308 synodum

1815 4317 2060 4389 ingemuit
2093 4326 2226 4389 totus
2252 4313 2427 4377 Orbis,
2460 4320 2506 4365 et
2533 4313 2781 4389 Arianum
2811 4326 2863 4363 se
2897 4324 3005 4363 esse
3027 4309 3266 4389 miratus
3293 4319 3365 4389 est
3394 4327 3413 4364 :

1815 4381 1943 4442 dum
1978 4388 2233 4442 nimirum
2263 4393 2413 4439 recte
2439 4383 2702 4449 sentiens,
2731 4396 2796 4436 eo
2817 4395 2924 4451 quo
2951 4381 3124 4436 noluit
3147 4381 3306 4436 modo
3335 4383 3418 4438 in-

1818 4460 2060 4601 leliieflii:
2090 4468 2328 4599 iistt'iiique
2359 4542 2491 4582 mss.
2527 4524 2896 4601 bieadjicitur
2933 4531 3166 4601 etunam
3205 4523 3360 4601 ﬁdem
3395 4541 3414 4578 :

1813 4595 1954 4671 quod
1989 4595 2448 4670 supervacaneum
2480 4607 2582 4671 est.
2621 4598 2732 4652 Iloc
2769 4599 2913 4671 cium
2951 4595 3051 4649 sibi
3082 4595 3196 4671 vult
3230 4614 3242 4649 :
3275 4595 3415 4671 sicut

1815 4665 1882 4726 ab
1913 4665 2177 4742 Apos'tolo
2205 4672 2403 4736 Ephes.
2445 4687 2519 4734 tv,
2544 4670 2598 4734 5,
2626 4685 2761 4722 unus
2792 4667 2956 4742 Deus,
2983 4681 3119 4720 unus
3152 4665 3412 4742 Dominus

1815 4756 1868 4800 et
1894 4736 2056 4799 unum
2105 4744 2365 4813 baptisma
2395 4785 2409 4809 ,
2441 4744 2508 4796 ita
2539 4742 2697 4813 etiam
2747 4755 2852 4813 una
2882 4736 3015 4813 fides
3067 4737 3408 4813 praedicatur.

1819 4817 1894 4870 Ex
1928 4816 2118 4871 eodem
2154 4807 2404 4883 Apostoli
2448 4813 2564 4868 loco
2598 4809 2833 4883 Hilarius
2886 4808 3039 4862 initio
3080 4807 3212 4883 _li_bri
3247 4807 3306 4883 ll
3339 4807 3408 4862 de

1816 4886 2007 4942 Trinil.
2034 4897 2090 4941 et
2119 4887 2168 4941 in
2197 4877 2480 4941 Constant.
2509 4902 2560 4938 n.
2585 4882 2688 4948 “2i,
2725 4883 2922 4946 instat,
2952 4878 3095 4948 apud
3123 4877 3410 4934 litcreticos

1821 4958 1976 5014 lidem
2008 4975 2112 5012 non
2141 4974 2284 5013 esse.
3331 4989 3339 4997 -

1892 5030 1967 5103 (j)
2007 5030 2153 5098 Lips.
2187 5030 2420 5103 et_Par.,
2451 5027 2757 5103 excidimus.
2787 5020 3114 5103 (ioncinnius
3135 5019 3226 5076 alii
3253 5019 3406 5087 libri,

1817 5094 2131 5163 επὸἑιιὶηηὶδ,
2168 5100 2284 5152 scil.
2316 5101 2382 5153 ab
2411 5114 2512 5152 una
2545 5097 2648 5151 ﬁde
2676 5094 2743 5148 ad
2777 5095 2977 5163 plures.

1891 5171 1963 5241 (Ir)
2007 5162 2239 5239 Supple,
2269 5167 2613 5241 disputandi,
2639 5162 3041 5222 contradicendi
3081 5171 3138 5219 et
3177 5163 3315 5220 male
3342 5163 3411 5220 de

1819 5258 1878 5297 se
1902 5239 2140 5296 invicem
2165 5239 2495 5309 auspicandi.

1893 5313 1957 5382 (ι)
2001 5304 2307 5366 Feri-audtis
2352 5311 2492 5365 dinc.
2541 5308 2624 5364 his
2652 5306 2834 5364 verbis
2875 5311 3118 5382 insuam
3149 5307 3214 5362 ad
3254 5304 3410 5382 Pela-

1825 5377 1969 5454 gium
2001 5395 2054 5438 et
2076 5383 2380 5437 Anatolium
2407 5382 2690 5454 epistolam
2725 5379 3036 5454 translatis,
3068 5377 3413 5454 postmodum

1830 5448 2011 5510 monet
2042 5471 2103 5509 ea
2136 5469 2241 5509 non
2269 5471 2364 5509 sua
2394 5468 2515 5507 esse
2540 5493 2553 5514 ,
2599 5451 2685 5507 sed
2731 5450 2860 5504 beati
2889 5448 3083 5505 Hilari
3112 5450 3163 5503 in
3194 5448 3417 5504 secundo

1831 5528 1959 5582 libro
1986 5543 2131 5587 quem
2179 5529 2246 5578 ad
2277 5525 2626 5580 Constantium
2672 5523 2864 5576 scribit.
2917 5523 2972 5576 In
3019 5537 3120 5590 qua
3153 5518 3417 5575 Ferrandi

1831 5599 2060 5664 epistola
2086 5597 2277 5652 Petrus
2307 5596 2396 5652 Fr.
2421 5595 2742 5659 Cliitﬁetius,
2778 5608 2874 5663 pro
2895 5593 3017 5647 dum
3040 5594 3102 5647 de
3123 5592 3420 5648 auctoribus

1833 5670 2037 5736 querela
2059 5679 2132 5721 est
2159 5711 2172 5732 ,
2201 5686 2265 5722 ex
2297 5685 2423 5724 mss.
2451 5666 2667 5721 Jun-usi
2694 5676 2852 5733 atque
2877 5665 3205 5720 Arveruensi
3229 5664 3418 5732 edidit,

1835 5741 1957 5792 dum
2011 5739 2072 5792 de
2125 5739 2336 5795 nuribus
2384 5738 2590 5806 querela
2635 5746 2706 5793 est
2735 5739 3150 5806 :existimatqnc
3181 5745 3422 5806 apertam

1839 5811 1939 5866 huc
1980 5809 2213 5872 lectione
2249 5813 2368 5871 ﬁeri
2396 5806 2584 5868 Hilarii
2624 5817 2894 5878 mentem,
2933 5809 3079 5882 quasi
3102 5808 3270 5874 dicat,
3301 5806 3423 5874 dum
