3936 6196
550 289 658 346 567

1756 280 2003 340 SANCTI
2041 280 2299 339 lllLARll
2337 280 2642 339 EPISCOPI

3743 282 3833 340 5.68

550 405 863 463 auctoribus
914 403 1135 476 querela
1168 408 1281 466 est,
1336 400 1466 455 dum
1507 399 1576 455 de
1628 397 1825 455 studiis
1873 406 2146 454 certamen
2177 395 2454 461 AChristi
2506 396 2630 453 ﬁde.
2685 396 3050 454 Emendamus
3079 436 3095 463 ,
3148 395 3300 468 quasi
3349 395 3424 469 (ε)
3487 396 3540 451 in
3597 393 3833 465 Spiritum

551 511 671 567 est,
702 500 830 556 dum
857 499 935 572 (α)
964 498 1021 553 in
1063 509 1337 553 consensu
1360 493 1653 551 difﬁcultas
1679 502 1799 561 est,
1846 491 1974 549 dum
2014 491 2152 547 alter

554 595 721 668 556
738 594 894 650 alteri
921 590 1209 647 anathema
1241 605 1363 646 esse
1383 588 1552 658 empit
1583 606 1596 642 :
1625 603 1794 660 prope
1832 587 1944 659 jam
1990 600 2151 642 nemo

551 688 750 744 Christi
790 694 892 743 est.
946 686 1156 740 Incerto
1196 682 1340 738 enim
1384 681 1754 738 doctrinarum
1799 688 1960 735 vento
1987 694 2151 750 vaga-

558 798 679 836 mur
709 797 723 836 :
754 788 807 837 et
835 788 928 835 ant
968 779 1096 834 dum
1137 778 1428 842 docemus,
1471 774 1877 847 perturbamus;
1905 784 1997 829 aut
2023 774 2151 829 dum

549 874 848 938 docemur,
878 887 1144 928 erramus.
1176 871 1296 927 Jam
1341 884 1473 926 vero
1523 869 1756 940 proximi
1800 868 1927 923 anni
1981 866 2150 935 ﬁdes,

547 963 674 1036 quid
691 964 801 1035 jam
833 963 902 1019 de
932 963 1306 1019 immutatione
1329 962 1380 1017 in
1409 976 1470 1017 se
1492 960 1693 1036 habet?
1721 959 1960 1017 Primum
1980 1000 1996 1026 ,
2029 975 2152 1027 qua:

549 1034 872 1111 homousion
897 1056 1142 1111 decernit
1168 1054 1333 1110 taceri
1360 1071 1374 1107 :
1400 1067 1635 1123 sequens
1665 1034 1904 1116 rursum,
1932 1065 2053 1121 qua:
2075 1048 2153 1123 (ὁ)

561 1147 884 1204 homousion
911 1146 1157 1203 decernit
1186 1155 1241 1201 et
1265 1144 1526 1216 praedicat
1555 1163 1569 1199 :
1603 1145 1820 1199 tertium
1850 1142 2107 1214 deinceps
2132 1183 2148 1209 ,

558 1254 682 1312 quae
710 1240 880 1296 usiam
913 1239 1231 1309 simpliciter
1259 1254 1290 1294 a
1322 1239 1562 1309 patribus
1590 1244 1972 1309 praesumptam
2001 1277 2015 1302 ,
2055 1251 2154 1307 per

554 1334 947 1405 indulgentiam
988 1342 1219 1389 excusat
1261 1351 1274 1387 :
1306 1340 1636 1403 postremum
1685 1339 1981 1401 quartum,
2033 1345 2154 1401 quae

552 1441 662 1481 non
693 1436 915 1481 excusat
937 1468 950 1490 ,
984 1425 1082 1481 sed
1110 1425 1458 1481 condemnat.
1503 1423 1573 1478 Et
1613 1438 1720 1493 quo
1775 1421 1988 1477 tandem
2022 1435 2152 1491 pro-

553 1532 767 1574 cessum
821 1517 954 1573 est?
1000 1525 1059 1572 ut
1106 1532 1282 1588 neque
1336 1529 1504 1587 penes
1569 1529 1704 1580 nos,
1760 1529 1935 1585 neque
1988 1528 2154 1584 penes

548 1624 873 1681 quemquam
918 1616 1045 1665 ante
1092 1624 1214 1673 nos,
1257 1616 1502 1664 sanctum
1534 1605 1730 1663 exinde
1759 1606 1961 1677 aliquid
1991 1615 2153 1677 atque

550 1702 860 1760 inviolabile
883 1710 1213 1774 perseveret.
1249 1700 1325 1757 De
1351 1700 1706 1756 similitudine
1734 1700 1911 1754 autem
1938 1698 2028 1753 Dei
2056 1696 2151 1753 ﬁlii

2253 502 2497 548 sanctum
2529 506 2785 563 peccasse
2809 490 3080 548 sitvenia.
3115 490 3225 547 Sed
3264 488 3551 560 impietatis
3578 487 3740 561 547
3764 490 3833 560 ip—

2253 584 2365 639 sius
2383 583 2511 640 hinc
2532 586 2614 640 vel
2640 585 2911 656 praecipue
2936 597 3098 640 causa
3118 591 3375 654 perpetua
3397 590 3503 648 est,
3528 580 3682 653 quod
3704 580 3768 654 (ἢ
3786 581 3835 636 fi-

2249 675 2375 732 dem
2419 676 2776 747 apostolicam
2827 675 3077 747 septuplo
3124 674 3490 746 prolerentes,
3538 671 3649 743 ipsi
3677 680 3833 730 tamen

2256 770 2414 825 ﬁdem
2461 771 2828 842 evangelicam
2865 770 3115 825 nolumus
3164 766 3411 823 conliteri
3446 764 3619 822 :dum
3670 764 3837 833 impie-

2256 868 2396 916 tates
2427 869 2638 917 nostras
2669 863 2826 917 nobis
2852 862 2905 916 in
2942 860 3152 931 populis
3203 858 3559 929 multiloquiis
3609 855 3839 913 defendi-

2254 968 2393 1017 mus,
2451 963 2507 1009 et
2534 952 3012 1025 magniloquentia:
3041 953 3277 1007 vanitate
3330 964 3491 1005 aures
3527 950 3838 1021 simplicium

2255 1045 2434 1101 verbis
2462 1044 2772 1101 fallentibus
2821 1044 3134 1110 illudimus;
3161 1044 3289 1099 dum
3317 1043 3587 1099 evitamus
3632 1043 3704 1100 de
3748 1044 3840 1099 Do-

2255 1136 2401 1192 mino
2421 1135 2638 1193 Christo
2664 1152 2727 1192 ea
2749 1135 2993 1205 credere,
3023 1151 3143 1208 qua:
3170 1135 3238 1191 de
3257 1149 3318 1191 se
3338 1134 3533 1190 docuit
3558 1133 3841 1203 credenda,

2255 1236 2310 1284 et
2332 1243 2427 1299 per
2446 1229 2749 1300 speciosum
2803 1228 2949 1299 pacis
2990 1243 3188 1284 nomen
3236 1227 3288 1282 in
3321 1227 3586 1283 unitatem
3619 1226 3839 1298 perﬁdia:

2254 1323 2628 1394 subrepimus,
2680 1331 2736 1377 et
2779 1319 2880 1376 sub
2909 1319 3221 1389 rejiciendis
3265 1318 3601 1374 novitatibus
3642 1332 3842 1374 rursum

2256 1419 2355 1489 ipsi
2386 1416 2538 1471 novis
2564 1413 2634 1470 ad
2661 1413 2830 1471 Deum
2860 1412 3081 1468 vocibus
3110 1411 3460 1478 rebellamus,
3477 1418 3535 1466 et
3561 1409 3843 1481 subScrip-

2252 1519 2497 1566 turarum
2551 1508 2814 1567 vocabulo
2869 1523 2976 1564 non
3023 1506 3222 1577 scripta
3293 1504 3594 1561 mentimur
3646 1522 3664 1560 :
3715 1504 3839 1576 vagi,

2258 1602 2496 1675 prOdigi,
2525 1603 2713 1672 impii,
2743 1601 2870 1657 dum
2900 1611 2955 1656 et
2985 1600 3254 1656 manentia
3284 1600 3659 1668 demutamus,
3694 1607 3749 1655 et
3771 1613 3847 1655 ac-

2255 1706 2410 1767 cepta
2442 1695 2739 1767 perdimus,
2768 1704 2824 1751 et
2846 1695 3149 1773 irreligiosa
3177 1692 3580 1765 prmsumimus.

545 1798 615 1854 ad
642 1799 812 1854 Deum
839 1807 1049 1867 patrem
1082 1795 1225 1866 quod
1260 1794 1330 1869 (c)
1358 1795 1403 1849 si
1437 1793 1764 1849 miserabilis
1806 1791 1978 1847 nostri
2012 1789 2146 1846 tem-
2177 1790 2225 1851 B
2326 1792 2380 1846 7.
2422 1790 2502 1845 Ad
2540 1790 2695 1860 ﬁdem
2720 1790 2774 1844 in
2802 1788 3053 1859 baptismo
3077 1790 3366 1861 confessam
3402 1786 3749 1842 redeundum.
3784 1815 3846 1828 --

550 1891 698 1961 poris
738 1888 871 1945 fides
916 1897 1030 1954 est,
1083 1904 1151 1943 ne
1183 1903 1290 1943 non
1318 1895 1410 1942 aut
1431 1903 1498 1942 ex
1527 1894 1642 1943 toto
1665 1927 1680 1951 ,
1716 1894 1808 1940 aut
1845 1892 2051 1939 tantum
2081 1898 2150 1940 ex

543 1983 794 2052 portione
822 1982 895 2036 sit
917 1981 1139 2046 similis;
1169 1980 1373 2052 egregii
1401 1972 1608 2035 scilicet
1636 1978 1826 2034 arbitri
1846 1977 2147 2034 caelestium

550 2084 1054 2140 sacramentorum,
1107 2074 1504 2145 conquisitores
1550 2072 1902 2128 invisibilium
1949 2078 2149 2143 myste-

546 2171 798 2238 riorum,
832 2167 1262 2241 professionibus
1308 2166 1377 2223 de
1430 2165 1536 2221 ﬁde
1589 2165 1682 2222 Dei
1727 2163 2145 2220 calumniamur.

548 2265 771 2318 Annuas
816 2269 979 2329 atque
1016 2268 1323 2316 menstruas
1350 2257 1421 2314 de
1451 2259 1563 2314 Deo
1591 2257 1724 2312 lides
1758 2255 2104 2313 decernimus
2130 2297 2145 2324 ,

543 2357 780 2412 decretis
803 2355 1132 2427 pcenitemus
1150 2396 1166 2423 ,
1196 2354 1527 2425 pmnitentes
1549 2350 1894 2409 defendimus
1917 2392 1932 2418 ,
1957 2350 2114 2406 defen
2130 2380 2146 2393 -

546 2466 637 2507 sos
661 2449 1220 2511 anathematizamus;
1257 2455 1349 2502 aut
1375 2446 1430 2501 in
1466 2445 1667 2501 nOStris
1708 2444 1881 2500 aliena
1906 2485 1921 2511 ,
1955 2453 2049 2499 aut
2092 2443 2145 2499 in

541 2542 736 2599 alienis
757 2550 942 2598 nostra
971 2541 1325 2609 damnamus;
1359 2547 1414 2596 et
1440 2539 1522 2610 (ά)
1552 2538 1866 2595 mordentes
1890 2537 2142 2608 invicem,

532 2637 644 2709 jam
672 2636 945 2710 absumpti
972 2651 1159 2692 sumus
1188 2638 1257 2691 ab
1285 2635 1513 2691 invicem
1546 2635 1688 2708 (Gal.
1716 2652 1770 2701 v,
1800 2636 1909 2708 15).

622 2728 676 2784 6.
721 2727 882 2784 Fides
923 2730 1216 2801 evangelica
1255 2730 1623 2799 corrumpitur.
1653 2757 1724 2769 -ο
1748 2727 1911 2785 Fides
1946 2728 2143 2785 deinde

538 2821 802 2891 quaeritur
833 2840 847 2878 :
874 2823 1027 2891 quasi
1059 2820 1197 2877 ﬁdes
1226 2821 1372 2877 nulla
1418 2821 1508 2877 sit.
1557 2820 1720 2878 Fides
1745 2822 2030 2879 scribenda
2061 2832 2144 2879 est

532 2914 684 2990 (Vid.
721 2917 758 2970 ι.
784 2914 850 2970 de
880 2914 1015 2987 Syn.
1048 2933 1101 2969 η.
1133 2914 1229 2985 65)
1262 2934 1273 2968 :
1304 2915 1455 2985 quasi
1486 2914 1540 2970 in
1564 2914 1728 2969 corde
1756 2929 1862 2969 non
1892 2916 1981 2971 sit.
2030 2915 2141 2971 Re-

538 3008 784 3080 generati
826 3022 923 3077 per
952 3007 1111 3062 ﬁdem
1138 3049 1154 3074 ,
1196 3021 1338 3062 nunc
1368 3006 1433 3062 ad
1462 3006 1626 3061 fidem
1654 3006 1916 3063 docemur
1938 3050 1953 3075 ,
1987 3010 2141 3079 quasi

539 3100 887 3171 regeneratio
916 3099 1005 3154 illa
1034 3099 1152 3154 sine
1172 3098 1279 3155 ﬁde
1305 3099 1396 3154 sit.
1419 3096 1697 3154 Christum
1720 3108 1842 3167 post
1872 3099 2136 3171 baptisma

2254 1883 2407 1953 Quod
2433 1884 2615 1940 hieme
2655 1881 2865 1939 undaso
2910 1881 3043 1937 mari
3088 1880 3364 1938 observari
3408 1895 3439 1935 a
3478 1879 3845 1951 navigantibus

2255 1977 2486 2032 maxime
2515 1986 2687 2030 tutum
2712 1984 2794 2030 est
2821 2017 2834 2040 ,
2863 1983 2920 2029 ut
2947 1973 3226 2044 naufragio
3255 1973 3614 2039 desmviente,
3647 1973 3700 2027 in
3727 1988 3845 2045 por-

2254 2077 2367 2124 tum
2397 2084 2466 2124 ex
2496 2083 2603 2139 quo
2623 2068 2898 2124 solverant
2926 2075 3306 2133 revertantur;
3336 2067 3424 2123 vel
3456 2066 3698 2123 incautis
3722 2065 3843 2122 ado-

2252 2162 2593 2237 lescentibus.
2630 2162 2916 2227 convenit,
2973 2169 3034 2215 ut
3058 2176 3183 2218 cum
3227 2158 3513 2216 intuenda
3569 2159 3648 2233 (g)
3700 2159 3846 2216 domo

2250 2270 2369 2320 sua,
2401 2269 2585 2311 mores
2615 2262 2854 2325 paterna:
2880 2255 3248 2311 observantia:
3275 2254 3612 2324 trangressi,
3641 2252 3841 2324 profusa

2250 2350 2503 2407 libertate
2531 2364 2628 2407 sua
2658 2351 2740 2406 usi
2770 2362 2929 2417 sunt,
2950 2351 3061 2422 jam
3090 2350 3192 2406 sub
3217 2352 3334 2423 ipso
3358 2351 3653 2407 amittendi
3691 2350 3841 2422 patri-

2251 2444 2417 2500 monii
2449 2451 2596 2500 metu
2639 2445 2788 2499 solus
2827 2443 2935 2499 illis
2964 2442 3031 2499 ad
3072 2452 3349 2514 paternam
3396 2443 3842 2501 consuetudinem

2249 2539 2587 2595 necessarius
2617 2547 2672 2592 et
2709 2544 2855 2593 tutus
2897 2552 3155 2599 recursus
3183 2537 3247 2593 sit
3276 2556 3290 2593 :
3317 2537 3388 2593 ita
3417 2538 3569 2595 inter
3593 2537 3711 2593 hmc
3732 2537 3839 2593 ﬁdei

2249 2634 2557 2706 naufragia,
2606 2632 2846 2689 cmlestis
2874 2632 3184 2703 patrimonii
3226 2631 3336 2702 jam
3384 2646 3530 2703 pene
3575 2630 3840 2703 profligata

2248 2726 2593 2792 haereditate,
2639 2725 2968 2782 tutissimum
2997 2725 3155 2781 nobis
3181 2734 3296 2793 est,
3331 2724 3571 2796 primam
3599 2736 3657 2781 et
3684 2724 3837 2781 solam

2246 2820 2611 2890 evangelicam
2663 2818 2823 2874 fidem
2850 2817 3156 2874 confessam
3206 2817 3259 2871 in
3304 2817 3584 2888 baptismo
3614 2817 3840 2873 intellec-

2247 2924 2464 2983 tamque
2480 2912 2739 2978 retinere,
2768 2925 2867 2967 nec
2896 2910 3179 2966 demutare
3209 2909 3353 2980 quod
3374 2910 3556 2966 solum
3577 2918 3836 2980 acceptum

2244 3018 2406 3079 atque
2430 3006 2673 3063 auditum
2699 3006 2872 3061 habeo
2904 3006 3043 3062 bene
3071 3005 3301 3062 credere
3333 3021 3480 3062 :non
3516 3015 3576 3061 ut
3614 3022 3709 3074 ea,
3733 3021 3837 3077 qua:

2244 3100 2458 3173 synodo
2485 3108 2699 3171 patrum
2733 3108 3042 3155 nostrorum
3067 3100 3438 3165 continentur,
3470 3109 3752 3172 tamquam
3778 3101 3839 3154 ir-

530 3191 827 3258 discimus;
869 3193 1023 3263 quasi
1070 3192 1338 3261 baptisma
1367 3191 1587 3262 aliquod
1638 3204 1762 3247 esse
1794 3191 1965 3262 possit
2014 3193 2134 3248 sine
2162 3183 2207 3248 C
2240 3192 2494 3264 religiose
2538 3200 2592 3247 et
2621 3191 2787 3262 impie
2818 3190 3017 3262 scripta
3067 3190 3371 3247 damnanda
3403 3190 3552 3260 sint,
3602 3192 3699 3249 sed
3727 3190 3835 3262 quia

530 3394 633 3435 non
662 3376 844 3431 desunt
868 3417 884 3443 ,
904 3377 992 3446 qui
1018 3392 1074 3430 se
1101 3374 1273 3429 surdis
1300 3382 1583 3446 querantur
1608 3374 1873 3446 cecinisse,
1900 3375 2129 3445 adeoque

530 3449 626 3505 sibi
654 3447 806 3502 tribui
834 3444 948 3516 qua:
975 3447 1039 3500 ab
1079 3446 1185 3500 illis
1214 3462 1276 3499 ne
1302 3457 1436 3516 recte
1461 3444 1644 3516 audita
1671 3445 1910 3514 quidem,
1942 3447 2129 3500 nedum

527 3520 786 3576 intellecta
817 3515 940 3573 sint.
980 3518 1052 3575 At
1075 3532 1196 3572 cum
1229 3515 1559 3572 editionibus
1586 3515 1876 3571 Hilarianis
1901 3532 2131 3573 consen-

534 3591 794 3647 tientibus
811 3591 1064 3645 omnibus
1094 3588 1293 3642 nostris
1324 3602 1457 3641 is.
1482 3595 1653 3658 tntum
1677 3602 1784 3641 non
1810 3596 1894 3642 est
1919 3589 1986 3642 ah
2013 3590 2130 3658 ipso

532 3662 683 3717 fonte
712 3661 778 3715 ad
804 3661 1035 3715 rivulum
1061 3659 1356 3715 declinare.
1389 3657 1647 3712 Proxime
1672 3668 1795 3712 ante
1817 3675 1975 3728 quam
2013 3660 2131 3715 haec

533 3733 798 3788 scriberet
819 3731 1053 3786 Hilarius
1084 3731 1304 3800 querela
1328 3728 1504 3801 fuerat
1526 3729 1842 3801 deauctore
1872 3731 2128 3801 blasphe-

535 3804 803 3867 miarum,
856 3817 989 3870 quas
1037 3800 1402 3871 Seleuciensis
1444 3799 1638 3871 synodi
1689 3801 1851 3869 legati
1886 3799 2135 3858 Eudoxio

540 3872 958 3938 adscribebant,
995 3870 1269 3926 Eudoxius
1315 3881 1493 3925 autem
1526 3871 1578 3925 in
1612 3872 1824 3928 Aetium
1850 3875 2057 3945 rejecit.

609 3963 687 4039 (a)
727 3962 884 4039 Apud
939 3962 1275 4019 Ferrandum
1300 4005 1316 4031 ,
1372 3962 1437 4017 de
1481 3979 1749 4019 consensu.
1783 3964 1838 4020 In
1871 3981 1972 4021 ms.
2007 3966 2129 4024 Vat.

532 4035 679 4104 has,
711 4035 775 4090 de
795 4052 1055 4091 consessu.

605 4107 874 4183 (biNulla
896 4118 980 4163 est
1021 4105 1349 4183 Arianorum
1379 4104 1805 4183 ﬁdeiconfessio
1825 4150 1840 4173 ,
1859 4109 2132 4183 ἠιξἮῂἣο-

532 4175 779 4237 mousion
808 4179 1068 4234 decernat
1102 4192 1165 4232 ac
1187 4175 1477 4247 praedicet;
1508 4175 1612 4232 hoc
1637 4177 1783 4233 enim
1825 4175 1913 4235 ab'
1935 4180 2125 4235 Hilarii

529 4267 697 4321 scopo
730 4250 943 4306 videtur
968 4250 1244 4321 alienum,
1275 4257 1334 4303 ut
1359 4250 1679 4321 homousion
1712 4249 1766 4304 in
1792 4249 2127 4309 Ariminensi

526 4319 763 4379 concilio
807 4322 1041 4390 primum
1084 4320 1155 4375 ab
1190 4319 1256 4390 iis
1281 4320 1371 4389 qui
1399 4334 1520 4374 cum
1545 4319 1773 4376 Valente
1813 4330 1868 4377 et
1898 4320 2126 4379 Ursacio

532 4394 752 4464 stabant
772 4389 1059 4464 reiectum,
1088 4406 1119 4444 a
1148 4389 1432 4464 catholicis
1463 4390 2041 4464 deindeapprobatum
2069 4404 2125 4450 et

524 4463 877 4533 prtedicatum
915 4461 1083 4517 fuisse
1129 4460 1293 4533 dicat.
1325 4462 1586 4527 Quocirca
1621 4460 1914 4528 hic,'forte
1957 4466 2119 4521 etiam

521 4532 702 4599 antea,
733 4549 829 4601 pro
856 4533 1182 4596 homousion,
1210 4532 1643 4588 substituendnm
1661 4533 1873 4589 videtur
1893 4536 2120 4591 [tammu-

2235 3374 2723 3444 praedicatio,apnd
2744 3372 3030 3433 Athenas.
3056 3372 3125 3428 de
3152 3372 3357 3444 Synod.
3394 3389 3447 3444 p.
3473 3372 3606 3441 875,
3638 3382 3833 3445 postreg

2236 3462 2376 3501 tnam
2407 3447 2638 3516 denique
2668 3445 3046 3517 Seleucizeiah
3098 3445 3298 3501 Acacio
3350 3444 3655 3517 vulgatam,
3707 3444 3833 3517 apud

2233 3518 2485 3573 eumdem
2516 3515 2803 3583 Athanas,
2836 3533 2888 3583 p.
2936 3515 3041 3570 904
3067 3558 3080 3581 ,
3112 3532 3234 3586 qtae
3281 3516 3608 3572 substantia:
3652 3515 3834 3572 nomen

2236 3603 2341 3643 non
2367 3588 2477 3658 jam
2506 3597 2767 3655 excusat,
2815 3586 2912 3644 sed
2956 3586 3276 3658 simpliciter
3315 3598 3369 3642 et
3415 3588 3669 3644 absolute
3716 3601 3833 3644 con-

2235 3662 2472 3714 demnat.

2313 3731 2388 3803 (c)
2430 3730 2700 3786 Particula
2748 3731 2794 3803 si
2839 3745 2906 3803 ex
2935 3729 3123 3803 codice
3149 3730 3424 3786 Vaticana:
3455 3730 3700 3803 basilicae
3738 3730 3831 3803 huc

2242 3801 2547 3873 revocatur,
2580 3816 2683 3873 qua
2715 3801 2944 3857 eflicitur
2987 3801 3073 3856 hic
3115 3817 3305 3856 sensus
3352 3803 3442 3856 :si
3469 3801 3539 3857 de
3582 3802 3829 3858 similitu-

2239 3871 2367 3927 dine
2395 3872 2515 3927 Filii
2537 3871 2611 3927 ad
2635 3873 2847 3929 Patrem
2877 3873 2928 3927 id
2959 3888 3099 3928 nunc
3119 3874 3415 3928 sentiamus
3439 3888 3505 3928 ac
3526 3873 3825 3935 credamus,

2239 3954 2297 3997 ιιι
2328 3943 2497 4015 Filius
2523 3959 2628 3999 non
2655 3960 2720 3999 ex
2752 3953 2888 4006 toto,
2921 3960 3015 3998 sex
3044 3960 3109 3999 ex
3133 3943 3382 4015 pot-tione
3410 3945 3483 3999 sit
3510 3945 3711 4000 similis
3741 3944 3829 3999 Pa-

2240 4016 2341 4080 tri;
2375 4014 2804 4087 professionihns
2836 4015 2903 4070 de
2943 4015 3045 4069 ﬁde
3066 4014 3173 4087 (vel
3195 4016 3262 4070 de
3291 4014 3373 4087 se)
3405 4015 3500 4071 Dei
3530 4015 3825 4072 calumnia-

2237 4102 2359 4140 ntur
2392 4104 2403 4139 :
2428 4086 2626 4157 egregii
2657 4087 2859 4142 scilicet
2886 4087 3072 4141 arbitri
3095 4129 3110 4153 ,
3136 4095 3244 4140 etc.

2309 4156 2391 4230 (tl)
2432 4156 2603 4222 Bad.,
2629 4157 2723 4213 Er.
2755 4169 2805 4211 et
2829 4160 2972 4219 Min,
2999 4159 3267 4230 morientes
3288 4173 3488 4230 morum
3510 4159 3642 4215 vice.
3672 4158 3791 4215 Mss.
3809 4198 3821 4219 ,

2231 4229 2503 4284 morientes
2550 4230 2682 4284 mori
2728 4230 2966 4286 invicem.
3001 4229 3161 4287 Forte
3187 4271 3201 4292 ,
3232 4229 3521 4285 mordentes
3564 4246 3661 4286 nos
3702 4230 3821 4284 inri-

2227 4314 2358 4353 εεηι.

2298 4372 2368 4441 (e)
2416 4370 2704 4444 Exemplar
2737 4371 2853 4444 Vat.
2910 4373 3024 4427 has.
3053 4414 3068 4437 ,
3108 4373 3163 4426 in
3209 4369 3409 4444 Spiritu
3452 4382 3634 4428 sancto
3663 4389 3682 4428 :
3711 4372 3816 4444 haec

2226 4456 2447 4514 casuum
2480 4442 2707 4514 mutatio
2736 4442 2987 4514 frequens
3026 4453 3108 4497 est
3151 4444 3203 4497 in
3233 4442 3506 4500 veteribus
3537 4444 3710 4500 libris.
3745 4443 3815 4498 Ad

2228 4512 2635 4583 intelligentiam
2663 4512 2949 4580 hujus‘loci
2970 4514 3171 4583 juverit
3214 4530 3279 4570 ex
3301 4530 3421 4584 cap.
3454 4531 3527 4571 xu
3555 4516 3611 4571 in
3636 4514 3811 4570 Hatth.

521 4584 884 4679 Eustasius
899 4584 1305 4679 gausapa-mas
1323 4584 1643 4679 sagas;
1674 4584 1778 4659 a1;
1788 4584 1952 4679 ista;
1964 4584 2122 4679 iii—tli-

2243 4584 3286 4679 ξ;-1⁷,ιίιι[πξεεξξς)ξ,ίειπξιξ’ςγοεετεεέρξξο
3315 4586 3521 4679 illatis
3545 4597 3812 4679 ιθυεοοιυηξ

522 4679 638 4733 rius
662 4672 1204 4733 ﬁdei'confessiones.
1233 4672 1371 4730 Sunt
1394 4674 1482 4743 qui
1513 4682 1733 4744 putent,
1760 4677 1991 4744 primmn
2022 4678 2117 4732 de-

520 4749 726 4821 signari
757 4746 1109 4821 Sirmiensem
1149 4744 1372 4821 an._3_5_8
1396 4745 1513 4821 ,_li
1566 4743 1670 4821 kal.
1699 4743 1843 4821 Junii
1870 4748 2069 4821 editam
2093 4791 2109 4814 ,

520 4814 633 4875 tu'm
686 4818 1079 4875 Antiochenam
1122 4831 1211 4890 an.
1241 4814 1341 4872 541
1373 4855 1387 4879 ,
1420 4814 1685 4890 Seleuciae
1712 4818 2067 4890 subscriptam
2094 4864 2107 4887 ,

519 4900 709 4960 postea
724 4890 1164 4960 Ariminensem,
1182 4887 1409 4960 demum
1431 4886 1834 4960 Seleucieusem
1864 4886 1942 4960 ali
1978 4892 2114 4945 Aca-

518 4957 694 5018 cianis
734 4962 1022 5032 vulgatam.
1062 4958 1302 5032 Sgdfnon
1343 4957 1445 5032 alia
1480 4958 1689 5032 videtur
1727 4959 1858 5013 ﬁdes
1885 4959 2106 5025 Sirmii,

516 5035 621 5089 alia
645 5030 884 5107 Arimini
903 5031 1081 5107 edita.
1098 5030 1304 5107 Deinde
1326 5031 1412 5085 vix
1440 5030 1663 5107 credere
1684 5041 1766 5107 es_t
1785 5072 1800 5096 ,
1830 5032 2111 5107 Encaenio-

516 5118 638 5159 rum
664 5103 825 5160 ﬁdem
854 5103 1034 5158 denuo
1061 5101 1418 5171 subscriptam
1447 5101 1500 5156 in
1529 5116 1681 5155 nova)
1720 5102 2104 5159 demutationis

517 5177 824 5246 exemplum
868 5172 1175 5246 abHilario
1214 5173 1381 5228 fuisse
1409 5172 1761 5246 afferendam.
1793 5173 2103 5246 Sedneque

512 5244 567 5300 in
593 5244 692 5301 hac
720 5244 1035 5300 homonsion
1057 5256 1149 5298 aut
1167 5244 1505 5300 ltommusion
1531 5245 1868 5314 prmdicatur.
1887 5244 1958 5302 At
1976 5244 2104 5302 vero

512 5317 561 5371 si
590 5333 749 5374 voces
780 5315 1001 5385 proximi
1031 5317 1155 5368 anni
1183 5331 1287 5370 non
1316 5317 1389 5370 ita
1411 5317 1601 5371 Stricta
1645 5324 1702 5371 ut
1728 5326 1957 5380 sonant,
2004 5320 2101 5374 sed

515 5392 675 5458 paulo
723 5388 882 5443 latins
930 5389 1237 5458 acceperis,
1294 5388 1518 5457 primam
1569 5388 1876 5458 intelligere
1924 5389 2105 5445 licebit

512 5457 866 5515 Sirmienscm
915 5457 1031 5511 Osii
1062 5468 1117 5530 et
1164 5457 1392 5530 Potamii
1447 5459 1663 5513 nomine
1704 5457 1941 5524 editam,
1981 5476 2102 5530 quas

512 5544 620 5584 non
655 5532 812 5585 modo
843 5529 1159 5584 homousion
1184 5571 1197 5594 ,
1230 5529 1324 5584 sed
1371 5537 1423 5583 ct
1471 5530 1804 5585 hommusion
1857 5529 2102 5587 decernit

509 5602 710 5670 taceri;
737 5601 960 5670 alteram
991 5602 1323 5663 Ancyranam
1349 5641 1362 5664 ,
1389 5616 1509 5670 qua:
1542 5600 1877 5656 homoension
1909 5602 2099 5658 deﬁni-

511 5669 743 5741 tionibus
765 5673 821 5734 5,
847 5669 903 5732 4,
936 5669 1151 5741 ὄναιο..
1181 5669 1425 5726 decernit
1463 5681 1518 5727 et
1553 5671 1843 5741 prmdicat;
1880 5678 2092 5729 tertiam

510 5738 740 5815 nArimini
772 5756 841 5815 ac,
860 5740 1055 5815 deinde
1093 5740 1360 5815 Nicmic‘in
1387 5738 1617 5797 Thracia
1638 5738 1870 5815 lectam,
1902 5745 1955 5799 in
1987 5762 2090 5815 qua

2224 4668 2357 4729 esse
2387 4656 2437 4729 i_n
2484 4654 2745 4725 Spiritum
2798 4666 3084 4723 sanctum,
3137 4654 3603 4729 scilicet_Chrislo
3642 4672 3811 4729 negare

2218 4726 2358 4799 quod
2386 4724 2535 4799 Deus
2554 4729 2620 4781 sit
2643 4770 2657 4790 ,
2693 4736 2738 4779 ct
2769 4729 3127 4783 consistentem
3157 4729 3212 4781 in
3242 4745 3301 4783 eo
3343 4727 3558 4784 Paterni
3592 4724 3807 4799 Spiritus

2219 4796 2556 4871 substantiam
2599 4799 2843 4853 adimere.
2899 4799 3102 4871 Similia
3154 4800 3316 4855 ltahet
3363 4815 3481 4871 cap.
3517 4816 3551 4854 v
3577 4842 3593 4865 ,
3638 4796 3802 4856 n.15.

2217 4869 2422 4934 Quibus
2472 4880 2836 4941 consentanea
2889 4880 3015 4941 sunt
3073 4870 3188 4926 haec
3263 4871 3405 4940 apud
3433 4869 3801 4927 Athanasium

2217 4948 2362 5015 tom.
2386 4955 2402 4993 ι
2425 4980 2442 5005 ,
2480 4955 2536 5010 p.
2566 4940 2671 4995 257
2713 4958 2726 4994 :
2762 4940 3013 5015 Deitatem
3040 4958 3159 5015 ergo
3214 4942 3370 4998 Verbi
3423 4944 3534 5015 ipse
3585 4943 3804 5015 Christus

2217 5009 2728 5083 Spiritum’sanctum
2759 5013 3027 5083 appellat:
3057 5009 3114 5068 ei
3136 5017 3319 5082 paucis
3346 5009 3663 5083 intérjccds,
3688 5013 3799 5069 Sic-

2215 5082 2271 5158 ut
2315 5082 2450 5158 alii”,
2491 5084 2580 5158 qui
2620 5084 2673 5158 in
2702 5082 3263 5158 ASpiritumsanctnmi
3287 5082 3582 5158 impingunt
3608 5101 3628 5140 :
3656 5097 3795 5156 atque

2208 5153 2282 5207 ita
2310 5154 2363 5207 in
2391 5151 2581 5208 Christi
2609 5154 2949 5221 divinitatem,
2980 5155 3327 5228 blasphemias
3351 5151 3531 5211 dicunt
3551 5200 3567 5225 ,
3600 5166 3705 5213 etc.

2280 5246 2351 5321 (Γ)
2396 5246 2580 5302 Fidem
2608 5249 2945 5321 apostolicam
2989 5257 3145 5305 vocat
3173 5249 3407 5304 Hilarius
3436 5250 3788 5321 apostolorum

2205 5317 2544 5390 Symbolum,
2569 5334 2675 5390 quo
2703 5321 2860 5391 longe
2890 5318 3121 5375 fusiores
3151 5321 3441 5375 edidi-runt
3471 5317 3652 5376 Ariani
3681 5320 3791 5377 ﬁdei

2206 5391 2608 5464 confessiones;
2638 5402 2938 5464 nectamen
2960 5393 3233 5464 retinuere
3254 5392 3411 5464 [idem
3435 5392 3784 5464 evangelicum,

2207 5460 2258 5514 id
2287 5471 2400 5525 est,
2454 5476 2576 5531 qua:
2617 5462 2863 5531 baptismi
2893 5462 3074 5517 verbis
3120 5460 3451 5519 enuntiatur.
3484 5460 3591 5519 unc
3618 5464 3686 5517 ita
3712 5463 3787 5515 in-

2205 5531 2550 5656 telligendum
2579 5548 2700 5589 esse
2724 5535 2895 5605 magis
2912 5535 3080 5605 liquet
3100 5549 3167 5590 ex
3191 5535 3478 5605 postremis
3502 5533 3653 5605 hujus
3672 5533 3783 5588 libri

2205 5617 2297 5656 ver
2316 5619 2402 5656 ns.

2200 5617 2402 5659 vernis.

2279 5674 2353 5747 (9)
2391 5674 2631 5747 leluor
2656 5690 2787 5731 mss.
2814 5716 2830 5740 ,
2870 5676 3025 5730 humo
3047 5692 3162 5730 sna.
3200 5676 3319 5733 Vat.
3354 5677 3468 5733 bas.
3490 5720 3508 5746 ,
3531 5678 3581 5731 in
3605 5672 3783 5730 tuenda

2197 5748 2378 5800 domus
2406 5746 2599 5799 amoris
2628 5749 2826 5822 paterni
2855 5748 3196 5804 observantia:
3218 5758 3617 5822 transgressores
3642 5761 3774 5813 sum,

507 5802 641 5863 iisne
698 5824 728 5864 a
774 5802 1022 5863 Patrihus
1067 5809 1381 5881 simpliciter
1422 5810 1759 5884 priusuniptic
1806 5802 2093 5874 cicusa'tur
2193 5822 2428 5890 profusa;
2456 5825 2587 5887 etc.;
2620 5802 2899 5876 mendose:
