3936 6196
97 283 206 340 369

1084 282 1175 336 ΛΟ
1212 257 1695 337 consraitrtuu
1733 278 2108 336 sucusruu
2145 277 2346 334 LIBER
2381 277 2443 334 ιι.

3307 277 3416 336 570

98 418 196 468 per
236 403 604 458 temeritatem
636 401 927 456 humanam
957 410 1284 472 usurpantur
1311 401 1377 455 ad
1409 400 1717 455 contradie-
1743 407 1790 466 Α
1821 401 2014 471 quibus
2042 398 2411 470 blasphemat,
2442 399 2756 457 mentiatur.
2788 397 2923 454 lliuc
2953 399 3100 454 enim
3136 397 3419 454 Marcellus

99 494 314 550 ιὶιιιιριιι
350 539 362 559 ,
391 495 534 565 quod
583 495 654 550 ob
680 495 783 550 hoc
812 495 912 549 sub
941 493 1158 549 nomine
1184 492 1439 548 novitatis
1468 492 1714 564 Evange-

97 587 230 641 lium
289 597 609 658 negaretur,
668 585 744 658 (a)
800 595 858 641 ut
906 585 1206 655 periculose
1271 594 1544 656 tamQuam
1613 582 1713 639 sub

94 680 490 735 emendatione
521 681 831 733 innovctur.
866 678 1018 746 Quod
1051 677 1401 733 emendatum
1433 685 1536 740 est,
1563 691 1710 731 sem-

97 788 194 841 per
225 771 479 841 prolicit,
539 781 594 825 ut
651 771 777 826 dmn
830 771 1008 825 omnis
1059 769 1371 828 emendatio
1425 768 1709 839 displicet,

95 865 543 920 emendationem
568 879 784 920 omnem
811 863 1120 919 emendatio
1141 871 1430 919 consecuta
1456 861 1712 917 condem-

96 970 186 1014 net
226 977 239 1013 :
276 975 342 1014 ac
373 960 416 1012 si
444 959 554 1030 jam
579 1001 594 1026 ,
624 957 882 1028 quidquid
915 957 1044 1012 illud
1094 965 1208 1023 est,
1255 972 1364 1011 non
1406 955 1712 1011 emendatio

95 1052 280 1121 aliqua
316 1052 384 1106 sit
411 1049 829 1116 emendationis,
869 1049 962 1104 sed
985 1051 1217 1119 cceperit
1245 1063 1369 1104 esse
1407 1047 1707 1103 damnatio.

164 1145 218 1201 8.
279 1144 609 1199 Audientiam
659 1151 806 1215 rogat
838 1142 1114 1210 Hilarius,
1147 1141 1302 1212 ﬁdem
1348 1158 1374 1196 e
1420 1140 1709 1210 Scripturis

96 1249 418 1293 ostensurus.
448 1269 519 1279 -—
549 1237 601 1292 lu
628 1249 886 1308 quantum
918 1251 1019 1308 ego
1043 1252 1186 1290 nunc
1211 1235 1382 1290 beata:
1413 1234 1708 1305 religiosae-

95 1348 199 1402 que
231 1332 529 1386 voluntatis
571 1329 649 1401 (b)
691 1345 820 1385 vere
848 1338 900 1385 te
923 1372 936 1395 ,
974 1329 1194 1383 domine
1225 1327 1507 1384 Constanti
1533 1325 1706 1397 Impe-

98 1436 292 1490 rator,
343 1424 622 1490 admiror,
682 1423 841 1479 (idem
890 1434 1092 1478 tantum
1125 1422 1420 1478 secundum
1469 1437 1531 1477 ea
1585 1436 1705 1490 qua:

102 1518 303 1587 setipta
334 1526 456 1571 sunt
502 1516 903 1572 desiderantem
953 1535 966 1570 :
998 1525 1052 1571 et
1093 1515 1286 1570 merito
1333 1515 1490 1584 plane
1521 1514 1586 1567 ad
1616 1513 1705 1567 illa

101 1616 215 1684 ipsa
247 1612 506 1682 unigeniti
540 1611 636 1665 Dei
691 1609 908 1680 eloquia
940 1609 1103 1683 5&8
1139 1610 1262 1679 quia
1311 1607 1611 1673 festinans,
1648 1616 1705 1662 ut

101 1707 464 1778 imperatoriae
491 1703 872 1758 sollicitudinis
918 1718 1086 1773 capax
1137 1711 1328 1770 peetus
1357 1701 1521 1757 etiam
1561 1700 1700 1754 divi-

1819 493 2055 550 Verbum
2081 495 2178 550 Dei
2207 509 2329 550 cum
2371 494 2506 565 legit
2552 495 2747 551 nescit.
2781 493 2917 550 llinc
2943 493 3207 552 Photinus
3239 493 3416 549 homi-

1819 602 1941 642 nem
1973 586 2156 642 Jesum
2187 585 2468 642 Christum
2501 602 2624 642 cum
2657 586 2897 657 loquitur
2928 587 3160 658 ignorat.
3189 587 3328 643 Hinc
3357 595 3416 642 et

1816 678 2085 734 Sabellius
2103 720 2116 743 ,
2146 679 2272 734 dum
2299 679 2440 750 quod
2467 695 2557 750 ego
2582 687 2629 732 et
2651 677 2810 732 Pater
2836 695 2992 733 unum
3015 694 3196 733 sumus
3229 677 3412 750 (Joan.

1815 787 1871 836 ιι,
1899 769 1995 842 30)
2025 785 2132 826 non
2160 771 2441 841 intelligit,
2478 771 2597 826 sine
2622 769 2733 825 Deo
2759 777 2911 840 patre
2938 777 2993 823 et
3013 769 3133 824 sine
3165 769 3414 845 Deolilio

1813 871 1916 920 est.
1955 865 2090 919 llinc
2121 873 2176 918 et
2205 863 2489 918 Montanus
2536 878 2631 932 per
2663 863 2880 918 insanas
2914 861 3139 918 feminas
3172 877 3298 917 suas
3331 860 3410 936 (ιι)

1813 956 2146 1027 paracletum
2190 955 2354 1010 alium
2401 954 2662 1010 defendit.
2717 953 2854 1009 llinc
2904 963 2960 1010 et
3006 953 3330 1009 Manicha'us
3357 963 3414 1010 et

1813 1053 2047 1109 Marcion
2081 1052 2254 1123 legem
2279 1051 2395 1107 odit
2427 1069 2440 1105 :
2467 1051 2589 1120 quia
2614 1049 2791 1105 littera
2823 1049 3023 1104 occidit
3053 1047 3120 1118 (Il
3153 1047 3273 1103 Cor.
3308 1064 3366 1105 ιιι
3391 1089 3407 1116 ,

1811 1144 1890 1218 6),
1915 1156 1968 1200 ει
1988 1145 2178 1200 mundi
2204 1145 2452 1215 princeps
2480 1143 2731 1198 diabolus
2751 1149 2854 1197 est.
2878 1140 3082 1196 Omnes
3101 1141 3409 1211 Scripturas

1809 1237 1927 1292 sine
1955 1235 2024 1309 (e)
2055 1235 2351 1307 Scriptura:
2373 1250 2536 1292 sensu
2562 1235 2874 1304 loquuntur,
2898 1243 2950 1289 et
2977 1231 3136 1288 (idem
3159 1233 3274 1288 sine
3301 1232 3408 1290 fide

1807 1329 2170 1402 pnetendunt.
2205 1329 2506 1397 Scriptum
2551 1327 2695 1381 enim
2733 1319 2838 1381 non
2878 1325 2932 1380 in
2967 1324 3194 1396 legendo
3239 1333 3364 1379 sunt
3389 1365 3404 1390 ,

1807 1425 1904 1481 sed
1933 1425 1986 1480 in
2018 1425 2399 1495 intelligendo;
2434 1439 2610 1496 neque
2651 1425 2704 1479 in
2750 1423 3194 1495 prievaricatione
3235 1433 3361 1479 sunt
3385 1462 3402 1490 ,

1807 1519 1901 1576 sed
1931 1521 1983 1574 in
2014 1519 2300 1577 cbaritate.

1878 1615 1966 1672 10.
2002 1616 2291 1682 Sermonis,
2317 1619 2468 1690 cujus
2495 1616 2645 1686 copia
2673 1624 2903 1686 rogatur,
2937 1612 3400 1681 modum—Audi,

1805 1723 1935 1779 rogo
1955 1750 1971 1775 ,
1997 1724 2059 1765 ea
2090 1725 2210 1780 qum
2241 1709 2306 1764 de
2336 1707 2554 1764 Christo
2582 1718 2707 1763 sunt
2736 1707 2938 1778 scripta
2970 1724 2983 1760 :
3009 1722 3078 1764 ne
3107 1706 3208 1763 sub
3237 1709 3318 1763 eis
3338 1721 3402 1763 ea

99 1812 293 1852 norum
322 1797 591 1851 dictorum
621 1794 953 1850 conscientia
980 1793 1202 1865 plenum
1241 1794 1329 1847 sit.
1360 1793 1470 1846 Hoc
1501 1791 1592 1861 qui
1621 1805 1678 1846 re

1809 1817 1930 1871 quae
1959 1816 2063 1855 non
2092 1803 2292 1872 scripta
2334 1811 2455 1856 sunt
2487 1799 2870 1872 prtedieeutur.
2909 1799 3176 1856 Submitte
3200 1799 3266 1857 ad
3295 1814 3358 1856 ea
3382 1839 3400 1867 ,

101 1893 286 1963 pudiat
307 1935 319 1957 ,
351 1890 702 1945 antichristus
732 1898 815 1944 est
841 1931 854 1954 ,
907 1897 961 1943 et
993 1889 1080 1957 qui
1130 1887 1344 1941 simulat
1372 1927 1385 1950 ,
1416 1885 1699 1940 anathema

98 1993 198 2038 est.
231 1982 336 2038 Sed
368 1999 531 2036 unum
567 1980 671 2036 hoc
717 1996 818 2052 ego
874 1995 974 2051 per
1026 1981 1161 2034 hanc
1209 1978 1535 2044 (lignationis
1591 1986 1696 2030 tua:

102 2077 363 2132 sinceram
393 2076 721 2131 audientiam
751 2090 898 2144 rogo,
924 2086 981 2128 ut
1011 2081 1278 2144 praesente
1299 2071 1508 2144 synodo
1533 2070 1702 2133 (Con-

101 2169 542 2241 SIantinopolit.),
574 2185 694 2240 qua:
725 2183 868 2224 nunc
897 2168 965 2224 de
997 2169 1100 2223 lide
1145 2169 1348 2237 litigat.
1393 2180 1562 2237 Pauca
1613 2179 1700 2220 me

105 2268 167 2321 de.
195 2267 492 2337 Scripturis
519 2265 855 2335 evangelicis
885 2263 1127 2335 digneris
1176 2262 1361 2317 audire
1381 2302 1396 2328 ,
1430 2269 1484 2315 et
1509 2260 1700 2330 loquar

103 2371 277 2414 terum
337 2359 515 2414 verbis
571 2359 782 2412 Domini
835 2358 938 2413 mei
982 2357 1109 2412 Jesu
1143 2355 1380 2419 Chrisﬁ,
1421 2354 1574 2425 cujus
1615 2353 1697 2408 vel

105 2452 246 2506 exsul
297 2466 410 2505 sum
437 2492 450 2515 ,
492 2450 575 2505 vel
610 2449 887 2505 sacerdos.
948 2449 1159 2503 Habent
1197 2449 1342 2504 enim
1367 2462 1493 2502 vasa
1526 2455 1696 2502 testea

109 2560 203 2598 non
230 2543 490 2615 ignobiles
521 2544 806 2598 thesauros
833 2560 844 2596 :
869 2552 922 2597 et
947 2541 1243 2598 infirmiora
1266 2555 1553 2611 corporum
1583 2555 1697 2594 ma-

106 2637 176 2705 gis
200 2635 492 2690 reverenda
523 2644 650 2690 sunt
679 2652 691 2690 :
727 2645 781 2690 et
807 2636 948 2705 apud
983 2651 1082 2690 nos
1106 2634 1266 2689 modo
1295 2635 1465 2688 Deum
1491 2631 1695 2688 indocti

107 2732 384 2798 piscatores
413 2730 576 2784 locuti
610 2737 755 2784 sunt.
789 2731 967 2800 Super
998 2729 1255 2784 humilem
1287 2736 1341 2783 et
1371 2737 1693 2783 trementem

103 2825 252 2879 verba
273 2840 389 2882 sua.
407 2823 704 2880 secundum
731 2824 1073 2894 prephetam,
1103 2824 1244 2878 Deus
1269 2823 1492 2894 respicit
1515 2821 1688 2894 (Esai.

106 2933 244 2980 Lm,
270 2916 348 2988 2).
384 2915 569 2972 Fidem
601 2916 894 2986 imperator
939 2916 1136 2985 qua-ris
1170 2932 1182 2967 :
1217 2915 1338 2969 audi
1385 2929 1502 2968 eam
1528 2956 1542 2980 ,
1584 2928 1690 2968 non

106 3011 163 3064 de
187 3013 333 3067 novis
360 3010 622 3066 chartulis
652 3053 665 3077 ,
698 3010 794 3065 sed
825 3010 894 3065 de
925 3010 1019 3065 Dei
1061 3009 1236 3063 libris.
1272 3008 1422 3064 Scito
1449 3018 1506 3064 et
1535 3022 1692 3077 posse

104 3119 208 3157 eam
240 3104 290 3157 in
340 3102 636 3158 Occidente
677 3102 900 3168 donari,
932 3101 1074 3156 unde
1122 3101 1400 3156 venientes
1439 3101 1490 3154 in
1522 3114 1689 3170 regno

1805 1908 1924 1963 quae
1949 1895 2016 1947 de
2045 1894 2198 1949 libris
2220 1894 2498 1951 locuturus
2519 1909 2658 1960 sum,
2685 1909 2845 1949 aures
2877 1902 2994 1948 tuas
3024 1910 3037 1947 :
3069 1893 3230 1949 ﬁdem
3255 1902 3399 1948 tuam

1803 1986 1869 2040 ad
1903 1985 2064 2059 55.9
2093 1987 2258 2042 Deum
2287 1988 2486 2058 erigas.
2520 1986 2660 2042 Audi
2681 1984 2828 2056 quod
2861 1985 3071 2056 prolicit
3091 1985 3156 2040 ad
3205 1983 3401 2053 ﬁdem,

1803 2080 1872 2132 ad
1907 2082 2192 2145 unitatem,
2235 2078 2301 2134 ad
2334 2078 2716 2135 mtcrnitatem.
2743 2077 3047 2134 Locuturus
3080 2088 3254 2133 tecum
3282 2092 3401 2134 sum

1801 2187 1922 2225 cum
1952 2171 2157 2227 honore
2180 2172 2332 2240 regni
2362 2181 2418 2227 et
2451 2171 2574 2227 ﬁdei
2607 2181 2745 2239 tuas,
2774 2173 2954 2227 omnia
2983 2170 3050 2227 ad
3082 2170 3322 2227 Orientis
3345 2178 3401 2225 et

1799 2263 2107 2320 Occidentis
2145 2279 2328 2336 pacem
2373 2263 2444 2336 (ι’)
2473 2265 2838 2334 proficientia,
2873 2265 2974 2320 sub
3011 2263 3223 2335 publica
3264 2277 3394 2320 con-

1799 2357 2048 2418 scientia.
2073 2356 2174 2411 sub
2201 2357 2410 2428 synodo
2440 2356 2720 2413 dissidenti
2745 2398 2760 2423 ,
2791 2357 2893 2412 sub
2924 2356 3019 2412 lite
3040 2355 3265 2410 famosa.

1872 2451 1957 2504 11.
1988 2447 2187 2520 Pignus
2209 2450 2368 2521 futuri
2397 2449 2667 2504 sermonis.
2694 2447 2854 2520 -—-(g)
2872 2448 3147 2504 Prwmitto
3175 2448 3394 2504 interim

1801 2543 1990 2614 pignus
2018 2541 2182 2608 futuri
2208 2541 2348 2612 apud
2383 2553 2433 2597 te
2477 2542 2749 2598 sermonis
2790 2542 2918 2596 mei.
2954 2540 3072 2597 Non
3101 2541 3277 2613 aliqua
3325 2541 3394 2598 ad

1798 2636 2144 2705 scandalum,
2181 2653 2356 2707 neque
2381 2650 2503 2707 qua!
2523 2647 2677 2692 extra
2702 2637 3050 2706 Evangelium
3083 2645 3243 2703 sunt,
3297 2636 3394 2692 de-

1798 2731 2015 2788 fendam
2055 2732 2190 2788 :sed
2220 2732 2490 2802 intelliges
2537 2747 2566 2785 a
2595 2747 2680 2786 me
2727 2731 2777 2786 in
2827 2740 3167 2785 sacramento
3219 2730 3391 2785 solius

1798 2826 1889 2881 Dei
1924 2827 2124 2891 veri,et
2154 2842 2315 2898 quem
2349 2828 2494 2881 misit
2518 2825 2701 2882 Jesum
2735 2825 3008 2881 Christum
3028 2824 3211 2899 (Joan.
3241 2841 3382 2894 xvn,

1796 2921 1873 2990 ὃ),
1906 2921 2188 2994 ριωάἰειιιί
2215 2938 2382 2977 unttm
2417 2922 2581 2977 Deum
2610 2931 2817 2992 patrem
2845 2936 2908 2975 ex
2932 2936 3041 2991 quo
3081 2920 3294 2987 omnia,
3333 2928 3389 2975 et

1795 3029 1958 3068 unum
1991 3013 2277 3068 Dominum
2305 3014 2488 3069 Jesum
2517 3012 2791 3068 Christum
2843 3027 2939 3084 per
2993 3027 3152 3083 quem
3205 3010 3385 3068 omnia

1795 3107 1838 3181 (l
1860 3106 1980 3162 Cor.
2009 3123 2134 3172 vm,
2163 3108 2253 3180 6),
2279 3118 2460 3162 natum
2492 3122 2562 3162 ex
2596 3107 2736 3172 Deo,
2762 3108 2850 3176 qtti
2878 3115 2961 3161 est
2987 3115 3115 3161 ante
3137 3113 3382 3177 tempora

106 3193 184 3249 Dei
229 3211 345 3250 cum
394 3195 667 3250 Abraham
717 3205 770 3249 et
816 3195 966 3249 Isaac
1013 3203 1067 3249 et
1122 3193 1289 3250 Jacob
1338 3193 1673 3248 recumbent.
1704 3197 1749 3259 C
1781 3200 2067 3272 mterna(ll
2101 3199 2309 3264 '1'im.t,
2346 3201 2426 3272 9),
2457 3208 2512 3256 et
2539 3210 2656 3255 erat
2684 3200 2736 3254 itt
2767 3199 3030 3269 principio
3049 3197 3190 3268 apud
3211 3199 3380 3254 Deum

106 3285 296 3356 (.llatth.
329 3303 442 3354 vni,
474 3289 586 3356 ll).
617 3287 892 3342 Memento
920 3303 1038 3341 eam
1073 3288 1146 3356 (ο)
1193 3302 1298 3341 non
1322 3285 1678 3357 quzestionem

106 3381 432 3451 philosOphize
464 3395 610 3445 esse,
641 3381 735 3435 sed
771 3381 1046 3451 Evangelii
1075 3381 1399 3436 doctrinam.
1431 3380 1544 3436 Non
1571 3389 1677 3436 tam

106 3478 218 3532 mihi
248 3491 418 3533 autem
447 3494 580 3547 rogo
608 3479 961 3546 audientiam,
995 3495 1154 3548 quam
1189 3480 1280 3535 tibi
1311 3489 1474 3551 atque
1496 3479 1676 3536 eccle-

102 3573 181 3628 siis
213 3573 319 3630 Dei.
351 3575 465 3646 Ego
487 3574 632 3629 enim
662 3590 826 3644 penes
849 3591 936 3629 mc
965 3573 1138 3630 habeo
1163 3574 1322 3630 fidem
1347 3618 1360 3641 ,
1405 3576 1677 3632 exteriore

104 3683 194 3720 non
226 3683 348 3740 egeo
381 3687 393 3723 :
423 3668 568 3741 quod
595 3669 778 3739 accepi
812 3680 1000 3736 teneo,
1037 3685 1136 3724 nec
1159 3668 1380 3724 demuto
1403 3669 1544 3740 quod
1579 3668 1675 3724 Dei

102 3770 191 3815 Est.

162 3855 208 3908 9.
247 3854 537 3926 Scripturas
578 3857 804 3911 licerelici
851 3872 971 3910 suas
1001 3856 1069 3909 ad
1100 3866 1270 3926 partes
1326 3856 1559 3910 trahunt.
1597 3886 1668 3896 --

104 3945 195 4000 Sed
230 3959 493 4004 memento
523 3958 700 4004 tamen
728 3991 742 4014 ,
789 3949 1059 4003 neminem
1095 3947 1470 4002 haeretiCorum
1500 3963 1622 4003 esse
1646 3990 1661 4015 ,

103 4042 175 4108 qui
200 4058 250 4096 se
279 4059 416 4100 nunc
446 4059 553 4098 non
583 4043 881 4098 secundum
911 4042 1223 4113 Scripturas
1248 4041 1547 4111 praedicare
1573 4056 1660 4108 ea,

1786 3295 1925 3350 Deus
1955 3293 2191 3349 Verbum
2225 3291 2404 3366 (Joan.
2435 3308 2481 3357 ι,
2507 3291 2597 3362 1);
2629 3291 2719 3362 qni
2753 3303 2833 3346 est
2859 3290 3035 3362 imago
3069 3290 3161 3346 Dei
3192 3289 3382 3345 invisi-

1783 3388 1906 3443 bilis
1930 3385 2152 3460 (Coloss.
2181 3403 2199 3441 ι
2225 3429 2239 3453 ,
2270 3388 2382 3455 15),
2415 3389 2466 3442 in
2498 3402 2604 3458 quo
2632 3386 2836 3441 habitat
2865 3386 3042 3441 onmis
3098 3384 3379 3456 plenitudo

1781 3482 2083 3538 divinitatis
2113 3482 2468 3550 corporaliter
2508 3480 2645 3554 (Col.
2678 3497 2744 3546 ιι,
2771 3481 2827 3552 9)
2859 3481 2948 3549 qui
2980 3496 3099 3535 cum
3134 3479 3296 3553 550
3322 3479 3375 3534 in

1780 3573 1950 3629 forma
1985 3574 2075 3629 Dei
2105 3583 2279 3639 esset,
2314 3573 2608 3628 humilians
2638 3589 2696 3627 se
2727 3572 2920 3628 salutis
2953 3580 3152 3626 nostra:
3174 3585 3370 3637 causa,

1782 3666 2008 3721 formam
2036 3666 2176 3721 servi
2199 3683 2264 3721 ex
2293 3675 2558 3737 conceptu
2587 3666 2817 3736 Spiritus
2869 3664 3042 3720 sancti
3069 3664 3138 3720 de
3164 3664 3373 3735 virgine

1779 3760 2020 3831 accepit,
2052 3759 2222 3814 factus
2250 3759 2512 3815 obediens
2531 3774 2700 3828 usque
2724 3759 2790 3813 ad
2821 3769 3048 3814 mortem
3070 3799 3086 3825 ,
3133 3766 3368 3814 mortem

1776 3861 1956 3907 autem
1988 3852 2164 3907 erucis
2192 3850 2414 3920 (Philip.
2443 3867 2512 3917 ιι,
2545 3849 2601 3922 6)
2636 3869 2648 3904 :
2679 3858 2735 3905 et
2762 3859 2885 3922 post
2912 3850 3367 3906 resurrectionem

1777 3947 1967 4000 mortis
1995 3945 2191 4000 deinde
2229 3947 2281 4000 in
2313 3945 2632 4001 ctelestibus
2671 3944 2866 4000 sedens
2901 3942 3122 4016 (Ephes.
3164 3959 3216 4011 ι,
3245 3942 3364 4017 20),

1773 4038 1947 4094 aderit
1970 4037 2134 4109 judex
2158 4038 2398 4093 vivorum
2429 4047 2482 4093 et
2507 4048 2842 4093 mortuorum
2872 4036 3011 4108 (Act.
3060 4051 3120 4101 ιι,
3148 4035 3246 4107 42)
3265 4077 3282 4104 ,
3311 4044 3367 4091 et

1765 4154 2034 4226 gustinus,
2069 4171 2155 4226 ep.
2205 4168 2323 4226 cxx,
2365 4151 2430 4206 ad
2452 4151 2710 4226 Consent.
2745 4168 2798 4204 ιι.
2826 4152 2912 4215 15,
2941 4153 3140 4226 quieos
3159 4151 3213 4204 in
3231 4167 3361 4204 auc-

1765 4223 1968 4279 toritate
1996 4225 2250 4292 recipiunt
2269 4265 2282 4282 ,
2308 4225 2448 4294 ipsas
2475 4224 2572 4276 sibi
2595 4223 2826 4277 videntur
2857 4223 3039 4276 sectari
3057 4264 3070 4286 ,
3094 4237 3211 4275 cum
3239 4238 3358 4276 suos

1715 4309 1728 4324 '
1763 4298 1935 4366 potius
1957 4304 2214 4349 sectentur
2244 4310 2477 4357 errores;
2505 4311 2564 4347 ac
2596 4310 2686 4362 per
2711 4296 2806 4349 hoc
2831 4311 2932 4347 non
2961 4294 3095 4360 quod
3116 4309 3202 4366 eas
3237 4310 3359 4347 con-

1763 4365 2022 4430 temnant,
2053 4366 2140 4418 sed
2182 4367 2318 4439 quod
2359 4381 2442 4418 eas
2483 4382 2584 4439 non
2609 4366 2929 4439 intelligant,
2961 4365 3185 4439 lta'retici
3215 4374 3353 4439 sunt.

1761 4439 1827 4492 Et
1853 4447 1909 4490 ut
1935 4439 2186 4490 observat
2215 4435 2502 4499 Albanas,
2532 4437 2621 4490 Or.
2651 4453 2688 4490 ιι
2711 4435 2854 4492 cont.
2889 4438 3117 4492 Ariauos
3144 4452 3198 4508 p.
3223 4437 3352 4504 515,

1758 4510 2073 4578 excogitator
2097 4509 2420 4578 inventorque
2448 4508 2705 4563 hwreseon
2734 4509 2968 4563 diabolus
2994 4549 3009 4573 ,
3060 4518 3195 4562 metu
3248 4524 3356 4561 sure

1756 4579 2136 4648 graveolentite,
2168 4578 2554 4644 Scripturarum
2583 4597 2725 4635 voces
2756 4591 3013 4649 usurpat;
3045 4589 3096 4632 ut
3124 4579 3229 4632 illis
3255 4579 3349 4632 ob-

1756 4662 1940 4722 tectus,
1973 4650 2217 4720 adsperso
2247 4666 2433 4705 veneno
2465 4667 2580 4715 suo,
2613 4652 2870 4720 simplices
2893 4651 3133 4722 decipiat.

1829 4723 1896 4795 (Γ)
1924 4721 2014 4776 Sic
2051 4736 2183 4795 mss.
2241 4722 2378 4795 Editi
2410 4737 2538 4777 vero
2563 4719 2872 4795 profuturas
2907 4719 3108 4795 Deinde
3129 4719 3345 4795 subpu-

1753 4791 1886 4847 blica
1907 4793 2235 4858 conscientia,
2261 4793 2310 4847 id
2327 4802 2428 4857 est,
2447 4807 2628 4847 coram
2652 4791 2705 4848 et
2735 4793 2963 4862 publice.
2994 4793 3103 4846 lloc
3127 4791 3347 4862 Ambro-

1753 4866 1868 4921 sius
1913 4865 1964 4919 in
1994 4878 2144 4919 more
2177 4863 2432 4920 Ecclesiae
2472 4863 2642 4920 fuisse
2691 4861 2898 4930 innuit,
2953 4874 3010 4917 ut
3057 4861 3344 4930 episcopus

1752 4935 1806 4990 in
1852 4937 2079 4991 ecclesia
2133 4944 2187 4989 et
2249 4950 2431 4990 coram
2484 4935 2680 5004 populo
2743 4936 2809 4989 de
2860 4934 2961 4989 tide
3014 4935 3336 5000 disputaret.

1753 5007 2156 5076 Quippejussus
2176 5017 2231 5059 ut
2253 5006 2316 5059 ad
2335 5007 2676 5076 imperatoris
2703 5007 3082 5060 consistorium
3109 5004 3338 5069 veniret,

1752 5075 2062 5144 scribit,ep.
2088 5092 2202 5139 XXI,
2237 5093 2289 5129 ιι.
2313 5080 2378 5131 17
2401 5094 2412 5129 :
2444 5075 2722 5144 Vertissem,
2746 5076 3140 5147 Imperatmgad
3157 5077 3342 5129 consis-

1751 5150 1940 5203 torium
1965 5148 2242 5219 clementia:
2263 5156 2380 5212 title,
2405 5158 2458 5219 ut
2488 5147 2593 5202 haec
2615 5163 2786 5201 coram
2813 5163 3154 5219 suggererem,
3186 5147 3231 5201 si
3258 5162 3340 5219 me

1753 5221 1830 5274 vel
1877 5220 2103 5289 episcopi
2152 5217 2229 5272 vel
2283 5218 2502 5289 populus
2547 5217 2926 5289 permisissent,
3002 5220 3224 5273 dicentes
3276 5218 3340 5273 de

1753 5290 1856 5361 ﬁde
1877 5293 1929 5344 in
1948 5288 2163 5342 ecclesia
2188 5288 2358 5361 coram
2387 5288 2576 5361 papula
2605 5289 2782 5345 debere
2805 5293 3016 5347 tractari
3040 5308 3058 5345 :
3074 5298 3129 5344 et
3155 5289 3334 5344 Serm.

1747 5359 1813 5416 de
1843 5360 2085 5416 basilicis
2107 5359 2463 5414 tratlendis'n.
2497 5364 2561 5426 5,
2596 5371 2726 5415 tom.
2762 5379 2819 5429 ιι,
2858 5382 2908 5430 p.
2939 5361 3046 5417 864
3093 5379 3106 5417 :
3135 5361 3214 5414 Ad
3243 5379 3336 5430 pa-

1745 5434 1927 5488 latium
1949 5433 2272 5502 imperatoris
2294 5433 2419 5485 irem
2451 5432 2686 5496 libenter,
2715 5437 2756 5488 si
2786 5439 2880 5490 hoc
2929 5443 3229 5503 congrueret
3251 5450 3331 5487 sa-

1743 5505 1962 5560 cerdotis
1990 5503 2182 5574 ofﬁcio,
2209 5512 2266 5557 ut
2285 5503 2337 5556 in
2367 5505 2560 5571 palatio
2591 5507 2754 5574 magis
2783 5517 3064 5572 certarem,
3102 5521 3256 5574 quam
3280 5506 3332 5558 in

1739 5571 2047 5680 eqclesiag...
2096 5571 2315 5629 Causam
2383 5577 2509 5644 ﬁdei
2557 5577 2609 5630 in.
2656 5571 2866 5633 ecclesia
2919 5571 3171 5649 agendam
3218 5578 3331 5647 quis

1739 5657 1927 5680 nuncin!

1737 5651 1927 5702 abnuat
1944 5651 1955 5700 ἒ

1808 5719 1884 5801 (g)
1919 5717 2166 5801 antiquae
2187 5716 2452 5801 editiones
2481 5735 2602 5777 cum
2632 5735 2762 5779 mss.
2788 5722 3124 5796 prwtermitto
3144 5741 3162 5780 :
3185 5722 3327 5795 quod

1733 5805 1763 5850 tt
1787 5790 1973 5865 Lipsio
1998 5804 2104 5850 non
2135 5790 2276 5849 male
2305 5803 2610 5851 correctum
2646 5804 2749 5852 est.

157 4159 220 4228 (a)
260 4160 310 4215 In
339 4163 564 4232 vulgatis
591 4205 604 4228 ,
635 4161 994 4228 intpericulose
1024 4175 1042 4213 .·
1067 4158 1240 4212 ubiex
1267 4172 1368 4212 ms.
1399 4156 1512 4212 Vat.
1541 4156 1656 4212 bas.

103 4234 369 4298 reponimus
399 4245 450 4287 ut
477 4232 784 4302 periculose.

159 4302 222 4372 (b)
261 4302 312 4358 in
341 4320 496 4370 mss.,
529 4321 704 4358 verum
734 4315 800 4357 te.

157 4393 217 4466 lc)
253 4396 378 4450 Editi
404 4439 418 4461 ,
450 4413 550 4451 non
596 4397 651 4449 in
682 4395 967 4466 quwstione
1010 4392 1351 4462 philosOphia:
1380 4409 1498 4466 esse
1521 4435 1536 4460 ,
1565 4393 1657 4447 sed

102 4462 140 4538 in
161 4462 399 4538 Evangelii
439 4468 674 4522 doctrina
695 4462 728 4520 ἐ
767 4465 1122 4522 emendantur
1147 4481 1212 4520 ex
1241 4481 1341 4538 ms.
1379 4464 1499 4538 Vat:
1529 4465 1649 4538 bas.

105 4532 630 4626 Verbisseqttentibus
651 4555 766 4626 .non
798 4538 973 4619 minus
1014 4546 1234 4626 appuli-et
1261 4536 1443 4626 Hilarii
1475 4535 1614 4619 fides
1634 4578 1648 4601 ,
1679 4568 1730 4626 ι)

101 4619 224 4671 quam
245 4611 473 4664 charitas
498 4629 511 4663 :
539 4611 751 4677 qualem
771 4608 1022 4662 nimirum
1047 4609 1096 4659 in
1133 4607 1451 4677 Martyribus
1479 4609 1648 4661 exsti-

101 4677 199 4750 tisse
226 4682 599 4736 animadvertit
639 4680 969 4750 Augustinus
997 4678 1049 4731 in
1079 4679 1168 4750 Ps.
1220 4693 1330 4733 va
1358 4717 1372 4739 ,
1420 4694 1474 4731 ιι.
1530 4677 1646 4750 Ξίγς

103 4747 176 4812 Qui
193 4753 334 4816 enim,
363 4754 570 4821 inquit,
602 4761 713 4821 tum
729 4747 991 4804 Christum
1023 4749 1391 4818 prwdicabant,
1426 4764 1527 4802 non
1554 4747 1650 4802 sibi

100 4809 244 4885 quibus
281 4809 382 4877 tum
431 4809 802 4896 eratvcognitus
826 4863 839 4886 ,
867 4823 955 4896 sed
1005 4809 1149 4896 nobis
1174 4821 1262 4890 qui
1288 4821 1448 4896 futuri
1480 4822 1651 4896 adhuc

100 4906 259 4947 emotus
282 4937 296 4961 ,
344 4896 422 4949 vel
447 4891 761 4968 quibus'tum
783 4903 890 4948 erat
913 4893 1200 4966 incognitus
1220 4932 1235 4958 ,
1264 4891 1646 4963 prwdicabant,

100 4971 178 5017 ειε.

150 5058 216 5128 (ιι)
233 5059 458 5116 Priscam
487 5061 605 5115 scil.
633 5068 687 5115 et
709 5057 1082 5123 Maximillam,
1103 5070 1237 5122 quas
1262 5056 1639 5128 Hieronymus,

99 5140 160 5194 et).
206 5147 300 5197 ur,
350 5134 415 5187 ad
465 5132 801 5193 Marcellam,
836 5130 902 5184 ad
931 5129 1290 5184 imitationem
1322 5128 1536 5191 Hilarii,
1565 5129 1647 5181 in-

99 5213 214 5273 sanas
238 5205 442 5273 [eminus
476 5212 650 5260 vocat.
685 5202 803 5256 Vid.
830 5201 1147 5256 Tertullian.
1182 5199 1218 5255 1.
1245 5199 1312 5256 de
1338 5198 1640 5268 Monogam.

100 5283 138 5322 ιι.
161 5271 206 5336 2,
225 5271 276 5330 et
302 5284 483 5331 contra
511 5275 772 5330 Praxeam
807 5291 858 5328 n.
897 5273 946 5326 1.

151 5361 204 5435 (e)
237 5366 433 5422 Nomen
464 5367 752 5436 Scriptura:
796 5365 847 5419 in
892 5364 1410 5436 vulgatisromissum
1435 5406 1448 5426 ,
1478 5363 1638 5436 resti-

102 5434 252 5512 tuitnus
279 5453 376 5506 ope
424 5454 553 5512 mss.
586 5434 1028 5512 'Subsequentem
1087 5435 1267 5512 Hilarii
1313 5435 1634 5512 sententiam

103 5505 389 5580 imitatur-ct
437 5511 672 5564 illustrat
726 5505 1084 5580 Hieronymus
1127 5507 1193 5561 ad
1247 5507 1452 5562 calcem
1496 5505 1630 5580 Dial.

103 5587 243 5630 centra
271 5579 479 5635 Lucifer
500 5623 514 5644 ,
548 5582 734 5635 dicens
775 5577 954 5648 :quod
997 5578 1283 5646 Scriptura:
1312 5595 1413 5631 non
1459 5579 1514 5632 in
1561 5577 1632 5631 le-

103 5649 226 5708 gendo
243 5653 510 5704 consistant
531 5694 546 5718 ,
579 5657 666 5706 sed
697 5652 749 5704 in
783 5650 1114 5723 intelligme
1157 5666 1173 5702 :
1202 5650 1393 5720 alioqui
1419 5651 1463 5702 si
1491 5652 1627 5723 litte-

105 5728 184 5792 ram
207 5723 444 5790 sequimur
468 5764 482 5788 ,
513 5738 785 5792 possumus
824 5731 874 5776 et
904 5720 993 5776 nos
1033 5736 1229 5792 quoque
1257 5735 1458 5792 novum
1485 5720 1628 5774 nobis

107 5786 590 5863 dogttta'cmnpenere.
641 5795 826 5856 omnes
861 5793 994 5850 enim
1023 5786 1246 5851 licet'ctici
1266 5821 1280 5862 ,
1315 5789 1487 5864 inquit
1516 5794 1626 5853 Atta
