3936 6196
605 292 706 352 δτι
1839 294 2120 353 ΡΒΛΕἾΙΑ

2352 293 2614 352 LRTATIO
3776 296 3848 351 5ἷὲ

604 420 701 467 rex
728 410 971 466 omnium
1000 416 1328 465 aeternorum
1349 402 1696 466 macularum.
1729 410 1826 465 Est
1844 408 1987 467 enim
2008 411 2195 479 unigc-
2223 410 2271 471 Λ
2300 416 2492 464 sancto
2542 410 2611 461 ita
2636 403 2879 473 credidi,
2910 415 2969 460 nt
3002 405 3140 462 ultra
3188 404 3329 461 hanc
3372 404 3441 460 de
3488 403 3705 459 Domino
3745 405 3840 463 issu

604 503 754 560 nitus
780 503 921 558 Deus
951 498 1130 574 (Joun.
1188 516 1238 570 I,
1272 501 1397 571 i8),
1428 510 1485 558 et
1512 503 1654 558 Deus
1706 517 1866 558 verus
1888 540 1904 565 .
1958 509 2017 558 et
2055 502 2198 557 Deus
2301 502 2517 583 Christo
2543 500 2703 555 iidem
2733 515 2840 556 non
2874 500 3075 570 possim
3105 497 3290 556 doceri
3321 515 3335 552 :
3367 514 3476 554 non
3510 513 3604 569 per
3631 496 3735 555 hac
3758 502 3841 557 adi.
3906 496 3907 569 ξ

606 611 852 668 magnus,
869 604 921 650 et
943 609 1110 665 super
1129 597 1310 651 omnia
1336 595 1475 653 Deus
1493 595 1668 669 (Rom.
1698 611 1750 651 ιι
1768 632 1785 662 ,
1808 594 1866 666 ὅ)
1894 614 1908 650 :
1939 606 1995 651 et
2022 597 2201 651 omnis
2310 605 2464 651 mens
2489 601 2701 665 patrum
2723 592 2850 650 fidei
2881 592 3193 664 religionem
3218 635 3233 661 ,
3261 593 3357 649 sed
3383 593 3679 649 secundum
3728 610 3844 666 τεθε-
3906 650 3907 653 η

606 690 798 758 lingua
822 687 1190 757 confitebitur,
1221 689 1346 759 quia
1381 690 1639 745 Dominus
1662 689 1819 746 Jesus
1848 689 2096 745 Christus
2147 691 2200 745 in
2311 687 2608 743 nerationis
2631 701 2769 742 mea:
2792 685 3131 757 symbolum,
3169 694 3225 742 et
3271 685 3534 741 doctrina;
3575 687 3848 757 evangelica

603 781 773 853 gloria
807 779 901 836 Dei
931 779 1384 851 patrisest(Phii.
1410 794 1470 844 ιι,
1498 781 1609 850 tl).
1642 780 1772 837 Haec
1795 796 1896 853 ego
1918 780 1971 836 in
1995 780 2202 851 Spiritu
2311 780 2594 835 scientiam
2616 821 2632 848 ,
2655 779 2726 836 ab
2747 794 2810 836 ea
2834 778 2989 851 juxta
3012 779 3112 834 ista
3141 794 3247 835 non
3277 778 3584 834 dissonans.
3906 780 3907 829 1

1240 1034 1973 1166 PRKEVIA
2050 1029 3270 1167 DISSERTATIO

973 1256 1115 1342 IN
1203 1254 1753 1341 LIBRUM
1847 1252 2399 1343 CONTRA
2497 1255 3546 1344 CONSTANTIUM.

593 1519 596 1523 ’
673 1536 715 1592 Ι.
761 1535 860 1591 Hic
887 1535 1013 1591 liber
1039 1552 1152 1590 cum
1182 1534 1299 1590 aliis
1320 1534 1522 1590 videtur
1552 1532 2073 1607 pugnore.—-Quam
2098 1530 2201 1585 sibi
2306 1546 2534 1598 vocare,
2567 1547 2784 1591 errores
2804 1533 3079 1604 ipsorum,
3110 1543 3371 1606 quantum
3415 1535 3571 1591 licuit
3611 1536 3763 1593 illesa
3795 1555 3860 1596 vc-

598 1631 975 1687 sancussimm
1030 1627 1235 1683 ChriSti
1285 1627 1565 1682 confessor
1614 1625 1916 1681 constantis
1973 1639 2036 1678 ac
2082 1637 2200 1677 mo-
2309 1626 2498 1689 ritate.
2551 1634 2610 1682 et
2651 1627 3014 1684 dissimulavit
3036 1636 3094 1685 et
3131 1631 3434 1685 excusavit.
3491 1629 3589 1687 Ubi
3635 1646 3754 1688 vero
3789 1647 3859 1701 Spe

604 1720 779 1777 derati
802 1721 967 1776 animi
998 1721 1231 1792 gloriam
1273 1721 1609 1790 comparavit
1660 1718 1778 1773 aliis
1832 1718 2023 1782 libris,
2078 1730 2197 1772 eam
2300 1715 2413 1787 jam
2444 1716 2768 1786 frustratus,
2800 1719 2977 1774 timuit
3021 1736 3089 1776 ne
3138 1720 3463 1777 dissimulati
3514 1722 3568 1776 in
3615 1723 3856 1792 perniciem

600 1816 706 1871 hoc
730 1831 836 1871 uno
867 1814 1009 1884 apud
1040 1815 1327 1886 plerosque
1362 1828 1504 1886 pene
1550 1820 1720 1868 totam
1771 1810 1973 1867 amisit.
2026 1809 2197 1866 Tanta
2228 1860 2277 1922 Β
2307 1809 2434 1866 fidei
2457 1820 2768 1869 crescerent
2792 1851 2809 1880 ,
2832 1813 3055 1869 eosdem
3078 1823 3133 1869 et
3157 1813 3454 1884 publicavit
3478 1814 3653 1885 palam
3697 1825 3746 1870 et
3784 1816 3858 1870 im-

597 1908 741 1963 enim
766 1907 819 1962 in
845 1907 1084 1961 omnium
1117 1907 1310 1961 animis
1355 1921 1541 1977 regum
1562 1910 1863 1962 reverentia
1905 1903 2063 1959 insita
2092 1912 2196 1971 est,
2230 1903 2277 1922 ¹¹
2303 1903 2569 1973 probavit.
2601 1904 2937 1974 Quamquam
2961 1915 3020 1960 ut
3042 1909 3095 1961 in
3127 1906 3266 1962 libro
3289 1905 3359 1963 de
3382 1906 3623 1980 Synodis
3655 1907 3859 1965 Orienta-

599 2008 658 2052 ut
686 1998 889 2053 nullam
939 1999 1037 2067 ipsi
1078 1997 1454 2054 rationabilem
1485 2012 1702 2057 causam
1752 1997 1919 2052 fuisse
1973 2004 2193 2066 putent,
2302 1998 2382 2053 les
2408 1998 3011 2055 Ecclesimconciliaudi
3033 2000 3214 2056 studio
3237 2016 3343 2057 non
3368 2005 3444 2057 ita
3471 2001 3720 2071 abreptus
3757 2016 3846 2071 est,

597 2104 699 2145 cur
725 2091 775 2144 in
806 2088 1186 2146 Constantium
1235 2091 1590 2147 vehementer
1646 2090 1783 2146 adeo
1829 2088 2193 2145 inveberetur.
2300 2092 2524 2162 utquod
2555 2093 2607 2147 in
2634 2093 2713 2147 eis
2743 2100 2889 2148 esset
2912 2093 3422 2163 reprehendendum
3472 2104 3673 2152 taceret
3703 2097 3858 2153 :sicet

601 2181 680 2237 Eo
709 2182 858 2245 illum
889 2181 1181 2238 adductum
1213 2182 1352 2238 dixit
1383 2199 1488 2238 non
1512 2197 1672 2239 nemo
1691 2182 2000 2253 prolixioris
2020 2182 2197 2237 exsilii
2299 2184 2353 2239 in
2380 2183 2484 2239 hoc
2506 2183 2691 2240 libello
2714 2185 2784 2239 ita
2812 2198 2873 2240 se
2900 2192 3281 2254 temperat,'ut
3306 2202 3430 2242 cum
3481 2202 3670 2244 omnes
3708 2203 3855 2243 eorum

597 2277 971 2348 impatientia,
1005 2277 1220 2347 plurimi
1273 2276 1363 2333 alii
1410 2277 1590 2333 innata
1640 2276 1988 2333 ferventioris
2032 2288 2197 2347 atque
2299 2275 2426 2331 fidei
2453 2275 3124 2348 professionesimprobet,
3143 2286 3560 2335 eastamennon
3579 2291 3726 2352 neget
3750 2283 3856 2336 vitiis

597 2368 919 2426 austerioris
942 2370 1104 2424 animi
1135 2369 1341 2426 indole.
1364 2369 1499 2425 Aliis
1524 2369 1687 2424 etiam
1723 2369 1868 2425 visus
1899 2377 1982 2423 est
2008 2367 2062 2423 in
2094 2367 2197 2423 hoc
2295 2383 2485 2425 carere
2499 2368 2762 2439 potuisse.
2781 2368 3381 2428 Lueulentumestillud
3397 2372 3857 2430 num.2&:Etiauui

594 2466 859 2538 apusculo
889 2464 989 2521 sibi
1021 2481 1127 2520 non
1154 2476 1438 2530 constare,
1498 2474 1562 2520 ac
1606 2464 1676 2521 de
1713 2463 2081 2520 Orientalibus
2101 2478 2230 2520 eo-.
2295 2461 2352 2516 in
2372 2461 2452 2516 his
2482 2460 2719 2515 omnibus
2757 2460 3239 2535 (confessionibus)
3282 2465 3415 2518 nihil
3449 2466 3683 2521 uitiorum
3724 2468 3857 2529 subia-

594 2574 825 2632 rumque
856 2558 978 2614 iidei
1022 2557 1456 2615 confessionibus
1517 2573 1618 2614 nec
1651 2572 1759 2613 non
1813 2558 1880 2613 de
1928 2556 2195 2612 vocabulo
2297 2569 2412 2608 cere
2440 2554 2759 2625 animetur;
2801 2571 2903 2609 non
2934 2548 3105 2611 tamen
3130 2573 3285 2612 causa
3334 2558 3596 2630 religiosis
3630 2561 3854 2615 voluntatis

585 2653 936 2710 hommusion
959 2651 1103 2722 loqui
1124 2651 1281 2708 aliter
1301 2666 1459 2724 quam
1485 2650 1622 2707 libro
1642 2652 1711 2709 de
1731 2651 1955 2723 synodi:
1964 2651 2194 2720 scripse—
2296 2648 2481 2702 inesset
2496 2649 2647 2718 :quio
2673 2647 2797 2704 mali
2808 2649 3071 2704 meditatio
3087 2661 3161 2706 est
3175 2654 3424 2706 bonorum
3444 2654 3735 2709 demutatio.
3749 2653 3854 2709 Rur-

594 2758 676 2802 rat
708 2761 722 2800 :
751 2747 903 2817 quasi
937 2746 990 2801 in
1024 2745 1126 2801 hoc
1156 2752 1345 2817 aperte
1361 2753 1579 2816 respuat
1605 2759 1669 2800 ac
1690 2745 1940 2813 damnet,
1973 2742 2115 2812 quod
2141 2744 2193 2798 in
2296 2757 2417 2798 sum
2441 2758 2564 2799 cum
2590 2759 2739 2798 num.
2778 2744 2881 2811 25,
2909 2742 3177 2812 affirmet,
3211 2745 3428 2802 Nicaana
3481 2749 3586 2803 fide
3612 2749 3850 2813 fundatas.

593 2839 768 2897 altero
798 2840 1188 2906 autiaudavit,
1222 2850 1314 2894 aut
1365 2840 1664 2894 excusavit.
1725 2836 1843 2893 Erit
1900 2836 2038 2893 forte
2090 2838 2193 2892 ali-
2296 2833 2632 2889 Antiochena
2662 2844 2753 2890 aut
2779 2835 3086 2893 Sardieensi
3135 2848 3226 2894 aut
3269 2839 3846 2913 Sirmiensinonegere;

593 2935 813 3007 quando
835 2979 849 3003 ,
871 2936 960 3007 qui
992 2949 1116 2991 cum
1146 2944 1435 3004 utrumque
1464 2933 1597 2989 illud
1648 2947 1784 3003 opus
1813 2947 1919 2988 non
1951 2931 2194 2987 moribus
2298 2928 2442 2983 ultro
2490 2937 2667 2984 tamen
2714 2929 3004 2997 concedit,
3045 2931 3291 3001 quaedam
3341 2934 3396 2988 in
3459 2934 3541 2990 his
3570 2951 3688 2992 εεδθ
3724 2934 3850 2990 verba

593 3032 766 3086 solum
803 3030 949 3101 (quia
999 3030 1121 3086 libri
1147 3029 1213 3085 de
1240 3028 1461 3101 synodis
1482 3026 1650 3084 verba
1695 3026 1876 3083 omnia
1921 3040 2190 3081 summam
2297 3020 2923 3085 Arianisinimiciuimo,
2955 3039 3184 3092 quorum
3248 3027 3591 3095 professione
3632 3029 3852 3084 Constare

594 3120 981 3177 humanitatem
1004 3120 1272 3190 spirant),
1343 3118 1438 3175 sed
1488 3129 1544 3174 et
1587 3119 1873 3175 sententiis
1927 3116 2194 3173 dissidere
2297 3112 2404 3168 tius
2428 3126 2550 3168 sese
2581 3114 2724 3184 pium
2746 3115 2888 3183 apud
2930 3113 3311 3173 Occidentales
3362 3120 3734 3176 mentiebatur.
3775 3118 3851 3174 Ne-

593 3215 864 3286 posuerit,
895 3214 1058 3268 alium
1086 3214 1153 3268 ab
1185 3213 1390 3268 llilario
1417 3213 1577 3282 hujus
1596 3222 1875 3268 auctorem
1905 3211 2189 3282 quaeritet:
2219 3251 2263 3316 Ο
2296 3223 2401 3279 que
2439 3208 2601 3262 etiam
2631 3206 2996 3283 hommusion,
3024 3211 3289 3280 quamvis,
3316 3228 3470 3269 num.
3499 3213 3589 3279 25,
3621 3215 3716 3270 sibi
3732 3214 3852 3279 adii

596 3315 852 3379 putetque
880 3304 1017 3361 hanc
1043 3307 1354 3375 Opinionem
1384 3316 1535 3363 suam
1557 3320 1624 3362 eo
1670 3319 1732 3361 se
1787 3319 1947 3371 posse
1984 3303 2188 3359 confir-
2222 3300 2263 3316 “
2297 3300 2412 3354 dem
2435 3301 2656 3355 otiosum
2683 3311 2893 3357 asserat
2916 3343 2929 3365 .
2957 3318 3180 3373 prorsus
3203 3304 3407 3375 respuit
3432 3322 3449 3372 ;
3510 3306 3602 3361 sed
3626 3321 3684 3361 ea
3708 3305 3849 3360 omni-

597 3416 777 3468 mare,
805 3399 946 3470 quod
978 3399 1029 3453 in
1053 3400 1430 3467 superioribus
1481 3398 1545 3453 ad
1599 3398 1975 3453 Constantium
1992 3396 2189 3454 libellis
2295 3406 2365 3446 n0
2414 3392 2654 3457 ratione,
2698 3407 2801 3463 qua
2834 3392 2972 3447 libro
3018 3392 3086 3448 de
3125 3393 3392 3466 Synodis,
3450 3396 3581 3452 illud
3626 3396 3846 3466 approbat

596 3494 755 3566 longe
785 3495 942 3549 aliter
972 3508 1097 3564 erga
1125 3492 1377 3549 eumdem
1408 3491 1793 3563 imperatorem
1823 3505 1883 3545 se
1911 3499 2082 3561 gerat.
2134 3492 2188 3545 In
2297 3499 2444 3538 nunt.
2472 3482 2568 3546 22,
2603 3483 2690 3539 ubi
2722 3486 2796 3539 ait
2830 3506 2844 3541 :
2874 3483 3008 3539 Mihi
3038 3488 3243 3557 quidem
3264 3489 3587 3556 similitudo,
3620 3507 3681 3545 ne
3705 3489 3847 3545 uniuni

597 3588 663 3642 iis
685 3600 878 3657 nempe
906 3601 1110 3642 rnorem
1137 3586 1273 3657 gerit
1319 3586 1420 3655 pia:
1474 3583 1890 3649 consuetudini,
1941 3598 2043 3655 qua
2071 3623 2087 3651 ,
2134 3594 2191 3639 ιιι
2294 3574 2444 3629 detur
2463 3576 2699 3641 occasio,
2753 3588 2931 3633 sancto
2984 3588 3079 3634 est.
3124 3579 3258 3647 Quis
3310 3579 3551 3653 denique
3596 3599 3711 3637 eum
3751 3596 3847 3650 erga

596 3677 712 3747 ipse
740 3678 977 3733 iradiiin
1002 3676 1145 3733 Ρεθι,
1181 3691 1272 3732 χιιι
1294 3719 1308 3743 ,
1335 3691 1526 3732 num,i
1561 3677 1710 3746 τηυξ.
1751 3676 1898 3731 νεγρα
1934 3678 2068 3749 τεθῇ.
2110 3678 2193 3732 in-
2294 3667 2626 3733 Orientales,
2658 3668 2749 3739 qui
2777 3668 3118 3726 hommusion
3143 3674 3585 3743 propugnabant,
3611 3677 3754 3730 aliter
3790 3670 3847 3726 af-

597 3777 908 3840 terpmlans,
936 3779 982 3824 ει
1015 3780 1269 3838 ρτωσερια
1298 3773 1412 3843 ejus
1435 3770 1487 3822 in
1520 3785 1696 3823 arerem
1727 3771 1907 3839 populi
1937 3770 2193 3826 deduce".
2296 3762 2493 3817 fectum
2522 3764 2821 3831 existimet;
2850 3781 3009 3837 quem
3039 3784 3144 3824 non
3173 3769 3340 3825 semel
3385 3773 3538 3828 audit
3583 3770 3849 3828 Constantio

597 3870 742 3915 curat
769 3861 1038 3930 diligenter
1058 3871 1104 3917 et
1126 3873 1277 3917 caute
1330 3878 1420 3930 per
1476 3860 1624 3934 oﬂicii
1676 3864 2008 3919 reuerentiam
2056 3882 2151 3936 regi

2293 3854 2712 3924 exprobrantem
2735 3858 2877 3927 quod
2889 3859 2996 3914 vim
3012 3859 3092 3916 eis
3117 3861 3331 3931 fecerit,
3356 3873 3414 3918 ut
3428 3865 3701 3935 pristinam
3723 3862 3847 3919 ﬁdem

595 3955 892 4024 satisfacere
911 3952 1185 4026 dignitati,
1213 3965 1267 4007 ut
1290 3968 1406 4009 cum
1431 3955 1626 4008 honore
1648 3971 1709 4009 ac
1734 3955 1980 4029 religione
2018 3958 2191 4012 omnia
2296 3949 2649 4005 desererent?
2678 3952 2797 4008 Non
2822 3954 3053 4011 obscure
3081 3956 3296 4025 quidem
3322 3960 3588 4027 significat
3621 3975 3751 4014 num.
3780 3956 3847 4016 id.

595 4052 642 4099 ct
695 4044 987 4115 relegantur
1057 4054 1105 4100 et
1126 4046 1431 4100 audiantur.
1482 4045 1618 4101 Cum
1676 4054 1854 4101 autem
1907 4062 2014 4103 non
2063 4062 2197 4102 con-
2296 4042 2397 4098 sibi
2423 4060 2529 4099 non
2550 4046 2682 4100 satis
2708 4047 2985 4117 probatam
3017 4063 3202 4104 cormn
3233 4049 3392 4106 ﬁdem
3423 4070 3438 4119 ;
3471 4053 3542 4109 ibi
3587 4061 3747 4108 tamen
3785 4063 3848 4104 eo-
3906 4062 3907 4115 ξ

595 4138 887 4195 suetudine
938 4140 1154 4207 solum,
1212 4140 1308 4196 sed
1350 4150 1407 4196 et
1454 4156 1515 4197 ea
1542 4140 1707 4196 etiam
1765 4142 2009 4204 ratione,
2052 4143 2194 4213 quod
2298 4153 2416 4193 rum
2468 4139 2680 4208 aliquos
2709 4140 2969 4195 nonnulla
3005 4142 3091 4212 pie
3123 4143 3302 4199 verbis
3354 4146 3610 4215 praeferre
3650 4142 3850 4200 testifica-

594 4248 744 4289 omne
797 4248 1013 4305 regnum
1061 4249 1094 4288 α
1148 4231 1259 4289 Deo
1284 4234 1384 4302 sit,
1419 4234 1756 4307 potissimam
1785 4233 1897 4306 regi
1937 4249 2194 4290 revereu-
2298 4238 2384 4285 tur
2415 4247 2427 4283 :
2453 4227 2506 4286 in
2534 4230 2894 4302 vituperando
2919 4249 3025 4288 non
3054 4234 3268 4303 minus.
3302 4252 3467 4307 quam
3520 4239 3571 4294 in
3622 4232 3846 4293 laudando

595 4324 723 4380 tiam
769 4322 954 4380 deberi
1009 4324 1333 4397 Fragmento
1380 4344 1398 4384 ι
1444 4370 1458 4396 ,
1487 4342 1634 4384 num.
1670 4328 1732 4393 5.
1786 4328 2089 4419 approbet,
2130 4323 2232 4385 ac‘
2296 4321 2630 4379 mOdeI'alIIS-

591 4431 774 4473 sermo
837 4417 1005 4486 ipsius
1058 4419 1319 4476 doctrina:
1369 4419 1493 4476 huic
1527 4422 1725 4493 ubique
1754 4415 2037 4489 concinet;
2068 4438 2192 4479 eum
2368 4415 2457 4472 lll.
2484 4415 2676 4473 lunato
2697 4418 2895 4475 Hilarii
2928 4420 3116 4476 lenitas
3161 4422 3451 4478 vindicatur
3500 4440 3563 4480 ea:
3602 4418 3844 4478 testimonio

593 4518 707 4567 tum
766 4511 947 4568 subito
1020 4522 1283 4569 mutatum
1337 4528 1460 4570 esse
1525 4530 1670 4589 εδει-ο
1722 4516 1827 4573 sibi
1899 4515 2194 4588 persuade-
2296 4519 2637 4565 ueterum.—
2675 4511 2924 4568 Pluribus
2950 4528 3086 4584 opus
3114 4529 3237 4571 esse
3287 4531 3394 4571 non
3439 4518 3762 4580 arbitramur,
3802 4519 3844 4564 ut

590 4603 692 4664 bit.
2078 4654 2093 4666 ,
2218 4668 2257 4673 _
2298 4602 2532 4672 vulgaris
2557 4613 2678 4658 ruat
2702 4601 2917 4672 opinio,
2956 4619 3057 4673 qua
3104 4604 3360 4661 Hilarium
3389 4606 3493 4663 hoc
3535 4604 3840 4662 iibroretrac-

662 4699 728 4756 Il.
761 4698 890 4755 Cum
919 4699 1050 4757 libro
1076 4700 1140 4757 de
1170 4700 1398 4774 Synodis
1419 4702 1747 4758 conciliatur.
1765 4734 1838 4745 —
1867 4703 2067 4760 Verum
2096 4717 2191 4760 ne-
2217 4668 2273 4730 Β
2299 4668 2441 4748 ιειεέθ
2487 4709 2551 4749 ac
2589 4668 2874 4751 Γενοέθεδθ
2906 4668 3096 4766 Piilam
3114 4738 3128 4763 ι
3151 4696 3294 4768 (1⁸³οά
3320 4698 3461 4755 miro
3489 4696 3555 4754 de
3581 4692 3839 4770 SY'mdism

591 4809 682 4849 mo
708 4793 979 4850 obtinebit
1009 4809 1296 4865 umquam,
1332 4804 1391 4849 ιιι
1419 4794 1639 4851 libellus
1688 4795 1736 4851 is
1766 4794 1976 4851 nimio
1994 4796 2194 4866 eripi...
2294 4786 2523 4856 gratiam
2543 4785 3276 4857 Orientalium/disseruerat.
3315 4790 3596 4847 Difficilius
3623 4791 3741 4845 forte
3759 4785 3839 4840 erit

591 4891 701 4951 tur,
734 4902 895 4957 quem
927 4884 1070 4941 inter
1104 4901 1269 4959 opera
1303 4885 1449 4941 illius
1501 4896 1749 4942 recenset
1792 4887 2189 4958 Hieronymus,
2294 4882 2427 4935 satis
2445 4878 2511 4938 iis
2540 4880 2742 4949 facere,
2771 4882 2864 4953 qui
2895 4882 3085 4937 immiti
3111 4898 3233 4938 eum
3267 4882 3450 4939 animo
3475 4882 3636 4940 fuisse
3675 4894 3733 4935 ex
3761 4879 3838 4930 hoc

590 4992 863 5048 quemque
919 4977 1017 5049 ipsi
1060 4977 1347 5034 Facundos
1410 4976 1817 5035 liermiancnsis
1855 4976 1948 5034 lib.
2003 4987 2189 5033 contra
2294 4975 2435 5030 libro
2455 4986 2720 5047 arguunt,
2761 4976 3067 5032 autsaltem
3116 4975 3170 5033 in
3219 4993 3286 5035 eo
3326 4980 3577 5050 ingenita:
3626 4971 3837 5031 bonitatis

588 5068 893 5125 Mocianum
912 5113 926 5137 ,
952 5087 1055 5127 nec
1085 5088 1193 5127 non
1220 5070 1494 5129 Vaticanae
1517 5071 1752 5129 basilica:
1773 5072 1945 5128 codex
2000 5088 2028 5126 a
2052 5072 2191 5128 duo-
2294 5078 2458 5140 atque
2483 5068 2720 5124 lenitatis
2740 5085 2865 5125 esse
2888 5070 3141 5127 oblitum.
3177 5071 3287 5127 Illis
3314 5082 3491 5128 tamen
3518 5069 3680 5140 primo
3702 5077 3839 5137 oppo-

587 5162 759 5219 decim
785 5178 924 5235 pene
966 5166 1180 5220 sarculis
1204 5175 1459 5223 exaratos
1485 5209 1500 5235 ,
1526 5176 1580 5223 et
1607 5182 1795 5223 omnes
1829 5182 1960 5222 mss.
1989 5182 2185 5238 magno
2290 5163 2467 5218 nimus
2483 5163 2735 5220 Ruﬁnum
2772 5164 2887 5235 (lib.
2914 5180 2932 5220 ι
2964 5163 3100 5222 Hist.
3126 5165 3278 5232 eccl.,
3317 5183 3435 5235 cap.
3461 5166 3579 5240 51).
3628 5175 3722 5219 non
3762 5170 3835 5212 so-
3906 5208 3907 5215 η

587 5271 856 5312 consensu
885 5258 1219 5314 adscribunt.
1250 5257 1436 5331 Neque
1491 5275 1620 5314 vero
1646 5260 1756 5315 ulla
1783 5266 1866 5316 est
1890 5260 2034 5316 illius
2060 5272 2182 5315 cum
2289 5255 2397 5311 lum
2456 5259 2733 5324 conceptis
2779 5254 2957 5312 verbis
3006 5264 3293 5314 testantem
3340 5259 3480 5330 quod
3526 5267 3695 5312 natura
3735 5247 3836 5305 ιεηίε

586 5347 727 5403 libro
752 5347 819 5403 de
841 5350 1063 5420 synodis
1091 5366 1299 5422 pugna;
1331 5352 1424 5409 sed
1450 5353 1592 5421 quod
1621 5353 1674 5409 in
1726 5368 1834 5409 uno
1900 5353 2077 5409 minus
2102 5350 2183 5408 di-
2287 5362 2395 5408 erat
2426 5362 2473 5406 et
2496 5353 2766 5424 placidus,
2829 5351 2925 5407 sed
2968 5362 3022 5409 et
3049 5353 3208 5408 verba
3253 5367 3346 5407 sua
3396 5369 3460 5408 ex
3504 5351 3657 5424 gestis
3699 5343 3833 5417 ipsius
3906 5392 3907 5395 η

588 5448 734 5496 serte
759 5455 823 5497 ac
845 5442 1189 5511 paucioribus
1214 5445 1425 5508 verbis,
1455 5443 1505 5499 in
1529 5445 1703 5500 altero
1730 5445 1902 5502 fusius
1946 5454 2002 5500 et
2023 5459 2183 5512 aper-
2287 5447 2722 5504 confirmantem.
2749 5447 2924 5504 Rarus
2969 5458 3118 5505 certe
3175 5449 3277 5506 erit
3299 5491 3314 5516 ,
3374 5449 3515 5520 apud
3562 5458 3705 5518 quem
3746 5451 3832 5494 non

588 5531 696 5587 tius
720 5531 1046 5613 declaratur.
1070 5534 1230 5592 Certe
1277 5537 1329 5589 in
1360 5549 1588 5608 utroque
1622 5534 1886 5605 llilarius,
1914 5537 2099 5593 animo
2120 5550 2185 5593 ac
2290 5540 2516 5595 multum
2565 5542 2740 5597 valeat
2787 5543 3160 5599 testimonium
3211 5554 3317 5598 tam
3370 5544 3577 5615 insigne
3606 5558 3619 5593 :
3656 5544 3705 5592 at
3738 5529 3832 5588 ηυΙ·
3906 5598 3907 5601 η

590 5628 857 5682 sententia
889 5644 992 5683 non
1024 5641 1298 5698 mutatus,
1324 5641 1525 5687 mutata
1557 5649 1735 5689 rerum
1761 5636 1895 5690 faeie
1916 5634 2183 5689 diversam
2287 5630 2371 5687 lus
2413 5646 2533 5688 esse
2584 5632 2768 5702 debet,
2801 5648 2961 5706 quem
3008 5649 3116 5690 non
3162 5642 3375 5690 moveat
3435 5633 3637 5702 antiqua
3680 5622 3831 5681 Εοειθ·
3906 5672 3907 5675 η

595 5715 695 5772 init
718 5719 1018 5778 disserendi
1046 5726 1331 5782 rationem.
1360 5727 1463 5787 Ubi
1487 5729 1631 5784 enim
1658 5730 1897 5799 speravit
1939 5728 2188 5784 Orienta-
2289 5730 2384 5789 site
2451 5731 2825 5798 consuetudo,
2878 5747 2985 5803 qua
3048 5731 3175 5788 olim
3252 5731 3305 5787 in
3377 5732 3489 5804 ipso
3548 5712 3830 5783 sacrosancli
3906 5766 3907 5769 η

596 5809 678 5869 les
704 5810 772 5868 ad
800 5826 983 5874 veram
1011 5816 1176 5907 (idem
1200 5828 1256 5886 et
1278 5814 1555 5902 catholica:
1578 5807 1835 5899 Ecclesia:
1879 5818 2058 5885 sinum
2103 5835 2191 5884 re-
2295 5820 2547 5889 sacriﬁcii
2610 5821 2699 5889 sui
2764 5822 3069 5889 meditullio
3100 5862 3120 5900 ι
3177 5823 3235 5891 in
3294 5822 3609 5888 Praefatio”
3659 5812 3829 5878 βάυθθί
