3936 6196
80 325 170 379 575

1139 317 1203 374 ΙΝ
1243 316 1498 374 LIBRUM
1529 317 1806 374 CONTRA
1847 312 2349 377 CONSTAN'I‘lIJM.

3247 323 3309 377 εἶτ
3320 323 3350 377 γι

80 454 189 497 ante
237 438 515 495 Cononem
539 476 553 504 ,
602 435 864 490 Hilarium
916 451 1116 490 urorum
1170 436 1382 491 lenitate
1449 436 1650 508 pollen-
1679 436 1735 500 Α
1758 448 1888 490 vere
1908 477 1922 501 ,
1953 434 2056 490 hoc
2081 442 2200 502 est,
2231 448 2359 489 num
2388 436 2594 507 pastori
2625 435 2841 492 licuerit
2884 436 3068 507 lupum
3096 436 3350 492 latentem

80 548 164 595 teut
187 532 527 592 decantabat.

143 627 222 685 iV.
252 623 543 680 Constantii
571 621 788 693 palliata
832 622 1068 691 impietas
1115 637 1178 676 ac
1224 623 1426 693 nefaria
1476 638 1652 694 perso-

80 720 304 775 cutio.—-
325 715 537 784 Quibus
560 728 693 769 vero
721 713 790 768 de
821 714 941 783 ipso
972 711 1215 768 liielibcr
1242 713 1406 769 aliam
1433 722 1656 770 senten-

85 814 192 870 tiam
222 808 437 878 injecit,
470 805 883 877 expendeudum
913 814 998 860 est
1027 806 1203 875 primo
1231 805 1448 876 quando
1481 807 1656 877 scrip-

86 917 156 959 tus
180 904 263 958 sit.
292 900 571 970 Scriptum
624 914 784 969 porro
816 898 1093 953 invenient
1146 905 1270 967 post
1307 896 1656 955 Seleuciense

85 995 380 1058 Concilium,
407 1006 478 1047 eo
505 992 621 1062 ipso
650 999 896 1060 tempore
924 1005 1034 1061 quo
1052 1030 1068 1057 ,
1092 989 1400 1046 Sozomcno
1430 1000 1590 1057 teste,
1614 991 1652 1047 ι.

85 1105 145 1155 ir,
164 1102 271 1158 cap.
301 1084 393 1153 ΩΒ,
447 1101 622 1141 omnes
672 1084 858 1156 ubique
912 1084 1171 1141 Ecclesiae
1220 1086 1455 1155 quadam
1509 1086 1656 1155 quasi

86 1179 336 1251 persecutio
363 1178 664 1249 occupauit,
694 1176 992 1249 cujusmodi
1013 1176 1138 1231 oiint
1170 1176 1264 1231 sub
1287 1176 1509 1232 ethnicis
1556 1178 1659 1232 im-

89 1271 377 1344 peratoribus
411 1278 648 1342 grassata
676 1272 868 1341 fuerat.
922 1270 1055 1325 Tum
1096 1270 1184 1326 ubi
1236 1271 1654 1341 perspexerint,

90 1367 383 1439 prazcipuum
429 1364 824 1437 persecutionis
897 1363 1064 1435 hujus
1143 1375 1421 1421 auctorem
1491 1365 1658 1421 fuisse

91 1458 469 1525 Constantium,
519 1458 915 1529 persecutionis
935 1474 1105 1530 genus
1144 1460 1444 1515 attendant.
1495 1458 1656 1517 Certe

93 1556 168 1611 ille
185 1554 313 1611 dolis
335 1554 508 1625 magis
531 1570 691 1624 quam
723 1566 913 1624 aperta
942 1553 992 1607 vi
1023 1562 1239 1610 tentans
1264 1554 1422 1610 ﬁdem
1454 1554 1660 1611 exstin-

92 1662 258 1718 guere,
287 1646 497 1701 animas
521 1652 673 1700 tanto
697 1645 880 1715 plures
910 1644 1226 1712 occidebat,
1259 1655 1462 1714 quanto
1489 1646 1659 1716 magis

94 1741 311 1812 parcebat
336 1738 683 1808 corporibus.
716 1739 975 1805 Quamvis
1000 1740 1146 1794 enim
1170 1739 1345 1808 lupus,
1400 1739 1518 1793 oris
1576 1746 1659 1793 ta-

1755 528 2037 598 detegerc,
2093 542 2222 585 nunt
2278 529 2501 585 Prassuli
2550 529 2760 586 hostem
2836 527 2961 586 lich
3010 530 3351 585 insidianzc‘m

1754 619 2075 678 Christianis
2098 622 2442 678 manifestum
2466 624 2665 680 facere.
2703 622 2867 679 Certe
2913 630 3035 679 cum
3084 624 3355 679 Constan-

1756 716 1898 783 tius,
1932 715 2007 770 uti
2037 723 2395 770 monstratum
2449 724 2564 781 cst,
2626 716 2821 786 pellem
2876 715 3088 770 ovlnani
3137 730 3246 785 prus
3294 731 3355 771 sc

1755 808 1959 873 ferret,
1993 817 2048 865 et
2094 810 2333 863 animum
2365 808 2647 879 lupinum;
2697 809 3016 864 alterutrum
3071 807 3356 863 videbatur

1756 905 1959 959 amanti
2008 901 2270 957 Ecclesia:
2308 902 2526 972 praesuli
2581 903 2889 956 necessario
2946 902 3353 973 praestandum,

1758 1005 1852 1050 aut
1880 996 1998 1065 ipse
2029 994 2287 1049 nimirum
2321 993 2734 1064 persuadendus
2761 1001 2818 1048 ut
2847 994 3087 1064 lupinum
3116 995 3354 1049 animum

1758 1088 2179 1159 deponeret,uut
2207 1086 2534 1143 admonendi
2561 1088 2742 1157 populi
2761 1101 2829 1140 ne
2860 1086 3008 1157 ipsos
3035 1086 3173 1157 pelle
3198 1087 3357 1142 ovina

1758 1179 2057 1251 deciperet.
2084 1179 2324 1235 Primum
2351 1178 2483 1234 illud
2504 1218 2519 1245 ,
2549 1177 2696 1249 quod
2721 1177 3002 1233 moderato
3034 1178 3152 1232 viro
3183 1178 3354 1249 magis

1758 1285 2182 1332 consentaneum
2201 1271 2424 1344 ,‘printo
2451 1271 2616 1328 etiam
2649 1272 2876 1328 tentavit
2906 1271 3143 1327 Hilarius
3166 1313 3181 1336 ,
3236 1284 3358 1326 cum

1761 1368 1942 1424 libello
1964 1367 2093 1423 dato
2140 1365 2472 1421 audientiam
2501 1366 2569 1420 ab
2602 1366 2933 1437 imperatore
2977 1364 3362 1421 reverentissi-

1760 1476 1848 1518 me
1877 1461 2157 1533 poposcit,
2182 1460 2584 1531 spoponditque
2611 1474 2702 1526 se,
2732 1459 2779 1515 si
2804 1458 2960 1528 copia
3018 1458 3088 1514 de
3136 1458 3242 1513 fide
3268 1468 3363 1511 co-

1759 1570 1875 1612 ram
1905 1556 2024 1626 ipso
2051 1554 2365 1625 disputandi
2396 1555 2498 1610 sibi
2531 1552 2718 1621 ﬂeret,
2774 1555 2889 1623 pari
2944 1552 3248 1609 reverentia
3284 1552 3363 1607 lo-

1760 1657 2032 1704 cuturum.
2064 1648 2133 1703 At
2155 1664 2260 1703 non
2289 1646 2688 1714 ohtinuitiilud,
2711 1660 2818 1716 quo
2840 1646 3051 1701 nut:mti
3073 1645 3355 1713 Ecclesiae,

1764 1741 1933 1795 ilizcso
1992 1740 2218 1811 Augusti
2291 1740 2539 1805 nomine,
2605 1738 2914 1794 consultum
2998 1745 3358 1810 peroptasset.

94 1850 194 1891 men
215 1834 397 1891 audire
422 1848 489 1903 ac
511 1833 685 1889 videri
703 1833 1011 1903 appetebat.
1042 1832 1154 1889 Nec
1179 1832 1368 1889 deerat
1396 1831 1539 1888 unde
1564 1831 1660 1886 de-
1691 1835 1737 1896 Β
1765 1831 2026 1887 Restabat
2048 1832 2210 1902 igitur
2236 1830 2500 1898 alterum,
2535 1837 2592 1886 ut
2620 1844 2742 1885 cum
2798 1832 2980 1901 lupum
3037 1842 3229 1886 arcere
3267 1839 3362 1885 aut

94 1930 296 1999 ciperet,
318 1926 410 1999 qui
428 1928 617 1983 verbis
639 1928 909 1992 utebatur,
938 1927 1182 1983 veritatis
1219 1928 1460 1997 speciem
1509 1942 1661 1982 uten-

96 2022 347 2088 tieotihus,
379 2035 571 2090 pacem
604 2028 661 2076 et
685 2020 947 2075 unitatem
1001 2018 1366 2085 obtendebat,
1407 2027 1464 2074 et
1519 2018 1662 2074 inter

96 2113 238 2168 minas
255 2126 317 2167 ac
334 2110 599 2182 supplicia
616 2110 898 2181 jactitabat
930 2126 1053 2167 sese
1078 2109 1437 2165 conciliorum
1460 2109 1660 2181 placita

95 2203 354 2259 vindicare.
381 2203 461 2259 Eo
479 2210 664 2259 autem
685 2202 1040 2272 periculosior
1057 2209 1177 2257 erat
1196 2201 1288 2257 illa
1328 2199 1656 2271 persecutio,

96 2294 209 2366 quod
235 2295 503 2367 episcopis
532 2295 670 2366 ipsis
700 2294 953 2350 utebatur
997 2293 1350 2350 Constantius
1378 2293 1525 2348 velut
1551 2292 1655 2348 mi-

97 2392 280 2455 nistris,
309 2405 415 2461 quo
444 2387 729 2445 omnesad
762 2388 1012 2448 haeresim
1060 2402 1220 2459 quam
1251 2386 1660 2457 amplexabatur

99 2488 356 2544 attraheret
382 2504 396 2544 ι
427 2495 487 2544 ut
515 2500 645 2543 vere
674 2486 745 2543 de
788 2485 977 2541 eadem
1028 2488 1405 2554 persecutione
1439 2484 1659 2538 institu-

103 2592 190 2636 tum
209 2595 508 2637 sermonem
540 2591 877 2649 prosequens
899 2577 1236 2634 Sozomenus
1284 2575 1482 2631 dixerit
1533 2591 1547 2628 :
1594 2573 1659 2628 Et

102 2676 135 2730 si
159 2676 278 2742 hac,
300 2676 432 2746 quod
447 2674 661 2747 quidem
682 2673 750 2726 ad
770 2673 1032 2727 cruciatus
1053 2670 1267 2735 attinet,
1298 2666 1559 2723 remissior
1590 2668 1663 2720 ui-

105 2767 299 2834 debatur,
326 2767 669 2839 prudentibus
698 2776 867 2820 tamen
889 2765 1013 2819 siris
1040 2770 1249 2836 propter
1272 2761 1549 2833 infamiam
1581 2760 1662 2814 ui-

103 2875 149 2913 sa
167 2868 227 2914 est
249 2858 487 2915 acerbior.
529 2857 747 2928 Utrique
799 2856 933 2912 enim
955 2896 970 2924 ,
1023 2866 1068 2910 et
1112 2856 1157 2910 is
1200 2854 1289 2926 qui
1332 2850 1669 2924 persequeba-

104 2960 184 3014 tur,
202 2961 246 3006 et
284 2952 370 3007 ille
391 2951 477 3023 qui
507 2950 919 3023 persecutionem
958 2942 1272 3013 sustinebat,
1320 2962 1384 3002 ea
1436 2943 1669 3001 Ecclesia

108 3053 239 3099 erant.

162 3137 214 3192 γ.
281 3137 858 3210 Pseudoepiscoporum
938 3136 1239 3192 adulatione
1307 3135 1540 3191 laudata.
1594 3160 1669 3175 α·-

1767 1931 1977 1978 iuutarc
2005 1937 2112 1977 non
2138 1923 2379 1988 valeret,
2412 1936 2544 1979 oves
2563 1922 2829 1977 adversus
2847 1921 2992 1978 illius
3019 1922 3239 1977 insidias
3256 1920 3361 1975 sal-

1767 2024 1873 2070 tem
1898 2016 2431 2071 munireoonaretur.
2463 2013 2511 2069 Is
2533 2020 2619 2070 est
2645 2023 2789 2070 totus
2817 2015 2977 2084 hujus
3003 2014 3122 2069 libri
3146 2028 3360 2086 scapus;

1765 2114 1916 2169 illuni
1938 2113 2082 2170 enim
2103 2156 2119 2182 ,
2153 2128 2260 2168 non
2286 2112 2353 2168 ad
2383 2102 2762 2168 Constantium
2787 2111 3082 2167 insultandi
3132 2112 3181 2167 ei
3237 2122 3367 2165 can-

1765 2220 1824 2263 sa
1848 2250 1863 2276 ,
1886 2209 1981 2263 sed
2006 2207 2073 2263 ad
2104 2206 2407 2262 catholicos
2427 2206 2729 2261 instruendi
2759 2214 2814 2261 et
2842 2200 3167 2261 exhortandi
3194 2212 3364 2276 gratia

1767 2301 2032 2357 directum
2056 2314 2179 2356 esse
2204 2300 2338 2354 inira
2363 2298 2878 2355 demonstrabirnus.

1840 2390 1952 2448 VII.
1988 2392 2253 2447 Sermonis
2279 2384 2584 2447 eeltententis
2605 2390 2760 2444 ratio.
2784 2408 2856 2430 ο-ι
2882 2389 2952 2445 At
2980 2400 3165 2445 sermo
3192 2387 3358 2444 vehe-

1764 2486 2037 2542 mentior?
2066 2483 2315 2554 Frigidus
2347 2482 2485 2539 forte
2513 2474 2646 2537 nihil
2692 2478 3050 2552 profecisset,
3102 2479 3194 2534 ubi
3243 2492 3360 2551 per-

1766 2579 1976 2634 secutio
2003 2570 2372 2632 incalescebat
2402 2593 2414 2628 :
2445 2588 2547 2630 nec
2576 2574 2695 2630 sine
2720 2575 2958 2629 clamore
2986 2572 3203 2628 auditus
3232 2571 3368 2626 luis-

1766 2673 1936 2727 setab
1964 2671 2063 2736 iis,
2100 2680 2348 2740 ‘qnorum
2408 2670 2619 2723 animos
2665 2669 2776 2738 jam
2805 2667 3120 2739 periubarat
3173 2666 3365 2737 ingens

1767 2765 2068 2821 edictorum
2094 2762 2393 2819 Constantii
2416 2762 2695 2831 Strepitns.

1841 2856 1979 2914 Vill.
2013 2857 2113 2924 Qui
2140 2854 2494 2912 Constantium
2514 2852 2871 2908 antichristaut
2919 2859 3061 2907 vocet
3098 2851 3359 2907 Hilarius.

1767 2978 1841 2991 --
1869 2949 1924 3006 Si
1947 2958 2129 3005 autem
2151 2947 2476 3013 vehemens,
2504 2962 2608 3002 non
2633 2945 2822 3002 debuit
2842 2950 2991 3001 certe
3020 2958 3143 3000 esse
3170 2951 3367 3000 contn-

1772 3044 2074 3100 meliosus:
2109 3058 2207 3099 nec
2235 3041 2499 3097 moderati
2550 3039 2716 3096 animi
2770 3050 2895 3096 esse
2945 3046 3166 3110 putant,
3219 3036 3363 3109 quod

1771 3134 2146 3192 Constantium
2176 3136 2229 3192 in
2274 3148 2341 3190 eo
2368 3144 2473 3189 non
2523 3134 2692 3190 semel
2748 3132 2931 3203 legant
2981 3132 3365 3188 antichristum

108 3229 517 3304 Pseudoepiscopi
552 3232 650 3299 illi,
686 3240 742 3286 ut
770 3231 937 3286 moris
965 3240 1043 3286 est
1068 3229 1133 3284 iis
1158 3228 1248 3300 qui
1263 3242 1440 3284 causis
1469 3226 1666 3298 iniqua:
1695 3227 1741 3290 C
1772 3224 2122 3302 appellatum.
2159 3230 2270 3285 Hoc
2294 3229 2547 3284 nimirum
2578 3238 2774 3283 nomen
2807 3229 3031 3281 horrent
3052 3226 3154 3296 pitu
3181 3236 3365 3291 aures,

107 3324 432 3380 asseusionem
481 3325 689 3382 elicere
744 3332 989 3390 tentant,
1043 3321 1349 3377 Constantii
1405 3320 1659 3386 nomine,

107 3420 417 3487 auctoritate,
449 3419 744 3476 virtutibus
773 3420 890 3473 sive
933 3417 1077 3474 veris
1131 3418 1246 3473 sive
1292 3417 1462 3483 lictis,
1514 3417 1663 3471 Omni

109 3506 303 3579 denique
329 3512 544 3568 ratione
572 3525 677 3582 qua
703 3520 986 3581 poterant,
1020 3509 1201 3565 iocum
1260 3511 1440 3565 iacere
1494 3525 1663 3565 cona-

109 3598 283 3656 bantur.
306 3603 455 3660 Alius
486 3605 703 3674 itaque,
730 3612 992 3673 quantum
1020 3616 1087 3658 cx
1113 3601 1217 3658 hoc
1259 3602 1398 3658 libro
1427 3602 1665 3658 snbodo-

111 3689 193 3744 rari
215 3701 318 3760 est,
346 3693 642 3749 extollebat
665 3691 969 3750 Constantii
990 3692 1044 3748 in
1067 3693 1315 3749 ecclesiis
1344 3703 1665 3748 construen-

111 3779 176 3834 dis
198 3794 242 3838 et
263 3785 586 3842 edomandis
614 3784 1073 3857 magniﬁcentiam
1098 3826 1114 3850 ,
1137 3784 1277 3841 alius
1303 3786 1665 3841 reverentiam

111 3890 210 3947 erga
230 3880 502 3952 episcopos
537 3880 809 3937 laudabat.
842 3880 938 3936 ille
963 3881 1018 3935 in
1046 3879 1470 3949 comprimendis
1501 3879 1667 3935 hatre-

114 3969 236 4027 sibus
257 4012 272 4036 ,
301 3972 386 4031 hic
414 3974 468 4030 in
493 3972 755 4044 cogendis
782 3971 1008 4045 synodis
1036 3971 1276 4028 studium
1305 3986 1370 4028 ac
1402 3970 1668 4027 sedulita-

116 4067 198 4117 tem
225 4065 270 4120 in
296 4065 468 4123 medio
497 4066 754 4137 ponebat.
784 4064 907 4136 ipse
933 4064 1094 4121 etiam
1117 4064 1468 4121 Constantius
1496 4065 1667 4136 (quod

116 4150 292 4212 Lucifer
315 4158 481 4215 iusius
503 4157 878 4231 prosequitur)
908 4171 1018 4213 non
1057 4157 1221 4213 modo
1267 4157 1518 4229 pietatis,
1569 4156 1666 4213 sed

114 4254 158 4301 et
185 4246 420 4307 doctrinae
450 4252 681 4322 gloriam
703 4249 805 4305 sibi
834 4249 1142 4317 arrogabat.
1166 4247 1451 4304 Condebat
1468 4247 1629 4304 iidem
1647 4287 1668 4317 ,

116 4328 262 4397 cuiab
285 4346 548 4415 episcopis
589 4342 1054 4411 subscriberetur,
1115 4342 1239 4399 illos
1291 4340 1670 4399 lubentissime

117 4434 382 4493 auscultans
410 4446 816 4505 assentatores,
846 4437 935 4508 qui
980 4452 1105 4493 cum
1134 4435 1408 4506 episcopis
1438 4434 1670 4491 Arimini

118 4526 248 4598 lapsis
268 4532 363 4604 ipsi
384 4535 782 4601 rescriberem,
813 4532 1087 4589 Inlustrati
1120 4533 1323 4603 pietatis
1350 4541 1453 4588 tua:
1498 4531 1667 4601 scrip-

1770 3337 1879 3393 quu
1906 3321 2165 3391 quidquid
2194 3319 2584 3376 exsecrandum
2615 3318 2722 3374 dici
2753 3327 2846 3372 aut
2871 3317 3054 3371 animo
3097 3317 3223 3386 tingi
3267 3331 3366 3385 po-

1770 3416 2200 3486 test,cogitant.
2232 3421 2298 3468 At
2318 3413 2694 3469 Constantium
2747 3411 2955 3483 vulgari
3003 3410 3093 3467 illa
3145 3412 3368 3466 notione

1769 3523 1870 3564 nec
1897 3508 2149 3563 dixitnee
2168 3507 2342 3562 sensit
2391 3504 2625 3560 Hilarius
2677 3503 3053 3561 antichristum
3107 3520 3121 3559 :
3168 3503 3264 3558 sed
3304 3518 3370 3558 ea

1771 3610 1975 3658 tantum
2002 3604 2244 3667 ratione,
2276 3615 2380 3671 qua
2433 3600 2673 3656 Joannes
2717 3598 2980 3668 scripsit,
3024 3596 3370 3652 Antichristus

1759 3696 1875 3765 jam
1904 3696 2058 3759 venit,
2081 3702 2126 3749 et
2151 3710 2286 3748 nunc
2305 3690 2755 3747 antichristimulti
2784 3690 2910 3761 facti
2929 3690 3031 3744 sint
3052 3687 3099 3758 (l
3120 3688 3279 3742 Joan.
3308 3700 3367 3755 tt,

1772 3784 1885 3857 18).
1909 3784 2062 3853 Quod
2082 3784 2312 3840 subinde
2334 3783 2615 3854 explicans
2637 3822 2651 3847 ,
2688 3780 2788 3835 Hic
2828 3789 2933 3848 est,
2993 3779 3203 3851 inquit,
3236 3779 3373 3832 miti-

1767 3875 1986 3931 cltristus
2004 3917 2017 3941 ,
2039 3875 2129 3943 qui
2158 3884 2306 3946 negat
2334 3874 2550 3929 Patrem
2570 3881 2617 3929 et
2664 3869 2715 3926 Ε
2718 3874 2865 3928 ilium
2909 3870 3074 3946 (Ibid.
3101 3912 3116 3938 ,
3156 3870 3276 3942 22).
3305 3869 3373 3926 Ut

1770 3970 1915 4026 enim
1942 3978 2160 4025 notatur
2181 3976 2370 4024 contra
2399 3969 2641 4025 Auxent.
2677 3983 2827 4022 num.
2858 3968 2923 4033 2,
2956 3966 3180 4021 nominis
3233 3965 3367 4019 anti-

1771 4062 1948 4120 christi
1973 4063 2258 4135 proprietas
2288 4072 2360 4117 est
2383 4104 2396 4126 ,
2424 4060 2627 4117 Christo
2654 4077 2764 4116 esse
2789 4060 3124 4115 contrarium.
3178 4061 3247 4113 At
3276 4072 3372 4113 ve-

1771 4170 1835 4211 ro
1861 4154 2241 4211 Constantium
2269 4154 2488 4209 Christo
2512 4153 2844 4208 contrarium
2891 4152 3014 4222 quis
3041 4152 3234 4221 neget?
3265 4150 3373 4205 Nc-

1771 4263 1877 4321 que
1901 4247 2062 4303 aliter
2091 4262 2216 4303 eum
2246 4261 2274 4299 a
2306 4259 2366 4300 se
2388 4244 2766 4300 antichristum
2795 4245 2977 4299 vocari
3005 4258 3111 4299 non
3141 4243 3372 4299 obscure

1769 4339 2040 4411 signiﬁcat
2092 4338 2333 4395 Hilarius
2362 4337 2448 4394 his
2478 4352 2630 4399 num.
2661 4336 2693 4391 7
2725 4336 2904 4392 verbis
2954 4352 2968 4384 :
3020 4334 3373 4389 Christianum

1771 4441 1819 4488 te
1864 4432 2094 4487 mentiris
2150 4443 2172 4485 :
2219 4428 2411 4485 Christi
2463 4446 2622 4486 notius
2675 4428 2838 4485 hostis
2882 4440 2968 4493 es,
3019 4427 3373 4482 antichristunt

1773 4527 2026 4598 praevenis
2045 4565 2060 4591 ,
2088 4534 2133 4579 et
2162 4539 2474 4581 arcanorum
2500 4529 2612 4600 ejus
2633 4524 2879 4598 mysteria
2922 4524 3178 4595 operaria.
3227 4522 3372 4578 Sane

121 4628 168 4680 tu
189 4632 412 4687 maximas
439 4631 549 4687 Deo
579 4631 849 4688 retulimus
875 4639 922 4686 et
947 4630 1221 4702 referimus
1273 4630 1498 4701 gratias,
1528 4626 1669 4697 quod
1694 4622 1750 4684 D
1775 4620 1865 4690 qui
1894 4618 2275 4675 antichristum
2307 4619 2600 4688 praevenit,
2629 4620 2769 4675 alios
2810 4618 2877 4674 ab
2921 4630 2989 4673 eo
3036 4616 3109 4671 sit
3150 4626 3372 4670 necesse

118 4732 190 4772 nos
205 4721 433 4790 beaueris,
464 4725 707 4779 intimans
734 4723 878 4778 nobis
900 4723 1025 4789 illa,
1060 4738 1176 4793 qua:
1200 4738 1317 4776 eum
1346 4721 1669 4776 discursione

120 4810 284 4877 pietatis
303 4826 397 4871 ture
422 4822 594 4889 facere
618 4816 918 4872 deberemus
938 4814 1181 4888 (Fragor.
1209 4831 1284 4880 ιι,
1311 4831 1367 4869 rt.
1397 4815 1470 4884 i).
1493 4814 1671 4870 Pluri-

120 4903 175 4955 mi
201 4904 411 4978 denique
432 4909 520 4966 ubi
543 4908 846 4964 Constantii
879 4907 1293 4978 benignitatem,
1325 4906 1666 4977 religionem,

124 4993 340 5061 pietatem
382 5001 860 5066 commendarunt,
907 4998 1194 5055 sumebant
1240 5014 1346 5053 non
1386 5012 1668 5068 passurum

122 5083 257 5143 fuisse
285 5090 471 5157 Deum,
497 5104 553 5148 ut
575 5109 667 5149 rex
704 5103 811 5147 tam
840 5092 962 5162 pius
1010 5101 1225 5162 tamque
1270 5090 1557 5161 religiosus
1613 5090 1675 5144 li-

122 5173 221 5232 dem
247 5189 471 5240 tueretur
498 5201 601 5240 non
634 5194 871 5249 rectam;
905 5197 1004 5239 nec
1031 5182 1205 5239 levem
1235 5182 1427 5251 reipsa
1452 5181 1671 5252 optione

124 5265 366 5331 illiusﬁdei
391 5293 512 5334 esse
538 5286 720 5334 notam
766 5288 931 5349 atque
976 5280 1239 5342 fructum,
1298 5276 1667 5332 incredibilem

126 5356 263 5427 ipsius
289 5369 428 5437 regni
453 5370 887 5442 prosperitatum.
935 5369 1097 5425 Multa
1147 5368 1251 5424 alia
1291 5368 1663 5438 praeterimus,

128 5464 220 5516 (Ιιιπ
236 5460 443 5527 populos
462 5461 653 5518 edictis
674 5502 689 5527 ,
722 5461 884 5517 minis
906 5502 921 5528 ,
948 5462 1228 5532 suppliciis
1264 5460 1485 5516 territos
1505 5496 1520 5526 ,
1551 5460 1671 5530 pal-

129 5536 274 5600 iiatatn
299 5545 583 5609 Constantii
613 5554 900 5624 perﬁdiam
944 5563 1057 5611 tum
1111 5552 1525 5625 deprehendere
1552 5568 1664 5610 non

133 5638 484 5699 permittebant.
1112 5713 1117 5717 _

189 5726 356 5790 VLAn
379 5752 490 5796 vero
515 5739 720 5800 Pastori
762 5742 1142 5799 dissimulanda
1187 5744 1364 5816 fuerit.
1413 5771 1487 5786 -
1518 5742 1678 5811 Quat-

135 5824 324 5892 t'entituu
356 5829 436 5903 hic
462 5837 635 5910 venit,
664 5851 794 5905 num
822 5836 1028 5901 Hilario
1052 5838 1267 5913 licuerit
1287 5837 1511 5933 pallium
1523 5848 1677 5905 amo-

1776 4723 1879 4773 est.

1847 4805 1940 4862 1X.
1975 4805 2096 4862 Non
2114 4816 2216 4862 tant
2246 4806 2395 4861 illam
2438 4822 2682 4877 carpere,
2726 4818 2881 4873 quam
2910 4800 3195 4856 Ecclesium
3241 4799 3373 4854 tueri

1776 4899 1982 4955 vulr.—
2001 4898 2155 4955 illum
2181 4901 2340 4969 igitur
2367 4907 2424 4953 ut
2474 4898 2723 4961 hostem,
2770 4910 2829 4951 se
2869 4909 3002 4952 vero
3041 4903 3100 4948 ut
3146 4892 3371 4947 militem

1775 4989 1979 5048 Christi
2002 4992 2298 5062 respiciens
2315 5030 2330 5057 ,
2356 4990 2634 5061 indignum
2660 4988 2868 5060 putavit
2890 4998 2947 5042 ut
2987 4983 3373 5041 commilitoni-

1778 5084 1879 5140 bus
1901 5101 2008 5139 non
2065 5085 2356 5155 proderet,
2399 5099 2560 5153 quem
2605 5082 2824 5137 latendo
2876 5079 3122 5151 pluribus
3170 5091 3368 5133 nocere

1775 5191 1936 5247 posse
1990 5176 2340 5247 prmvidebat.
2391 5175 2547 5242 Quod
2599 5174 2673 5230 ita
2737 5171 2944 5236 eilicit,
2975 5181 3034 5226 ut
3080 5186 3109 5224 a
3156 5168 3371 5225 caeteris

1772 5270 2071 5327 Constantii
2104 5271 2246 5326 vitiis
2266 5269 2554 5339 carpendis
2583 5282 2707 5324 sese
2732 5267 3071 5338 temperarit.
3109 5264 3374 5321 Catsarcte

1775 5364 1920 5422 enim
1956 5364 2221 5435 majestati
2241 5404 2257 5432 ,
2287 5372 2548 5433 quantum
2570 5361 2624 5418 in
2651 5376 2713 5418 se
2742 5369 2891 5425 erat,
2936 5358 3066 5415 nihil
3121 5364 3370 5427 ereptum

1778 5457 1999 5523 volens,
2030 5457 2158 5512 dum
2188 5454 2457 5512 divinitati
2479 5453 2860 5510 Christianum
2886 5453 2975 5523 jus
3018 5460 3074 5507 et
3105 5451 3370 5506 honorent

1780 5551 2046 5620 integrum
2069 5557 2126 5604 et
2154 5548 2380 5604 illaesum
2401 5561 2622 5603 servare
2648 5546 2813 5601 unice
2835 5544 3232 5606 contendebat;
3272 5541 3376 5598 hoc

1784 5653 1993 5703 tantum
2020 5646 2238 5718 indigne
2270 5643 2423 5705 tulit.
2447 5642 2591 5713 quod
2619 5644 2689 5698 de
2712 5641 2837 5712 jure
2879 5637 3084 5696 Christi
3108 5636 3378 5694 sublatum

1792 5739 2031 5796 videbat.
2056 5739 2295 5811 Denique
2325 5752 2449 5795 cum
2478 5735 2858 5795 Constantiqu
2892 5733 3147 5812 Ecclesia:
3177 5729 3380 5808 Christi

1785 5850 1891 5905 non
1922 5837 2102 5905 minus
2125 5822 2385 5903 infestum
2410 5828 2782 5906 existimaret,
2809 5845 2972 5908 quam
2996 5828 3123 5891 oliui
3170 5816 3382 5905 iuerint
