3936 6196
551 267 660 325 575

1494 264 1774 322 PREVIA
1821 263 2133 322 DISSERT.
2179 263 2241 320 IN
2283 264 2412 320 LIB.
2453 263 2654 321 CONT.
2694 263 2936 322 CONST.

3761 263 3851 320 576

552 383 783 450 Decius,
807 383 1167 440 Maximianus
1195 380 1400 452 aliique
1430 381 1680 452 tyranni;
1711 379 1931 451 dignum
1985 379 2152 449 ipsius
2179 383 2235 442 Α
2257 379 2530 451 singulare
2576 380 2865 450 singularis
2894 381 2994 435 viri
3038 380 3239 436 factum
3285 381 3370 452 pie
3413 378 3676 438 venerari
3710 380 3855 436 tutius

551 476 868 534 fortitudine
897 474 1205 541 videbatur,
1234 483 1292 528 ut
1333 471 1581 544 martyrii
1637 487 1734 543 spe
1783 486 2045 528 accensus
2088 486 2155 526 eo

553 588 662 644 quo
686 577 896 642 poterat
924 567 1087 624 modo
1105 567 1367 624 Ecclesia:
1390 565 1721 622 consuleret.

627 662 698 719 Χ.
728 662 878 717 Nihil
903 677 965 716 ex
989 659 1272 716 uehementi
1301 675 1532 714 sermone
1550 667 1728 714 contra
1746 659 1978 714 innatam
2023 657 2156 712 leui-

559 763 717 812 tatem
739 753 945 824 conﬁci.
977 783 1050 793 —
1071 752 1124 809 Si
1153 752 1275 824 quis
1297 768 1513 808 rursum
1546 751 1650 806 hoc
1688 767 1811 808 eum
1860 751 2157 808 vehemen—

554 847 681 901 tiori
705 859 960 901 sermone
986 845 1302 915 przestitisse
1326 844 1507 912 volet,
1564 843 1633 898 ad
1677 844 1994 899 memoriam
2041 844 2158 914 qui-

552 943 676 1000 dem
703 943 1021 1010 revocabit,
1042 941 1186 1014 quod
1215 941 1508 1013 Gregorius
1561 939 1843 1005 Nazianz.,
1896 939 1992 996 0r.
2027 956 2155 1007 xxi,

560 1053 709 1094 num.
741 1038 812 1093 55
834 1080 848 1102 ,
880 1037 948 1092 de
973 1036 1178 1092 sanctis
1199 1035 1328 1090 viris
1351 1034 1443 1090 illa
1489 1042 1810 1104 tempestate
1851 1033 2162 1089 exsistenti-

560 1130 664 1186 bus
687 1129 1051 1200 inenmravit:
1083 1128 1185 1196 Qui
1213 1127 1414 1182 tametsi
1468 1126 1661 1199 alioqui
1688 1126 1857 1199 pacati
1881 1142 1943 1180 ac
1994 1126 2163 1180 mode-

556 1224 658 1280 rati
688 1225 818 1291 sint,
853 1222 950 1279 hac
968 1231 1139 1278 tanien
1167 1223 1218 1276 iu
1245 1239 1300 1276 re
1329 1222 1466 1276 leues
1482 1231 1529 1274 et
1557 1221 1736 1292 faciles
1778 1237 1887 1275 esse
1915 1236 2018 1274 non
2044 1236 2162 1274 sus-

560 1318 722 1371 tinent
745 1357 759 1382 ,
787 1333 904 1370 cum
934 1332 1023 1385 per
1045 1315 1305 1370 silentium
1333 1324 1380 1368 et
1403 1315 1619 1381 quietem
1669 1313 1765 1367 Dei
1813 1329 1970 1367 causa
1994 1313 2164 1384 prodi-

560 1419 678 1476 tur;
703 1426 878 1464 verunt
903 1407 1181 1464 admodum
1209 1407 1423 1462 bellaces
1463 1415 1581 1462 sunt
1611 1416 1761 1477 atque
1796 1406 1850 1460 in
1890 1406 2164 1478 conﬂigen-

559 1502 625 1555 do
641 1517 785 1556 acres
810 1511 859 1556 et
882 1505 1078 1573 feroces
1102 1515 1120 1555 :
1147 1486 1365 1568 at'apud
1385 1513 1569 1568 :equos
1597 1513 1778 1553 rerum
1802 1497 2166 1553 aestimatores

564 1582 860 1666 numquam
889 1592 1120 1659 efﬁciet,
1170 1601 1229 1648 ut
1255 1606 1379 1648 eum
1409 1607 1518 1661 prae
1550 1590 1715 1646 nimia
1741 1606 1950 1646 morum
1981 1598 2165 1646 auste-

561 1687 722 1744 ritate
778 1685 944 1742 animi
1011 1686 1362 1756 impotentem
1430 1683 1775 1746 existiment,
1839 1697 2000 1751 quem
2048 1695 2165 1734 mo-

2257 482 2363 538 cst,
2393 489 2556 546 quam
2582 484 2786 531 temere
2813 474 3231 544 reprehendere.
3261 475 3317 531 Si
3346 477 3490 530 enim
3516 473 3596 529 ob
3621 488 3855 543 asperum

2257 580 2564 623 sermonem
2589 566 2852 623 Hilarium
2885 569 3049 622 animi
3078 568 3301 622 immitis
3321 583 3557 638 arguere
3584 567 3780 630 liceat;
3803 567 3856 621 li-

2255 661 2399 717 cebit
2425 660 2564 717 forte
2592 673 2644 717 et
2673 661 3031 731 Stephanum,
3064 661 3152 715 ubi
3186 662 3237 715 in
3269 660 3488 716 Judaeos
3522 669 3644 714 tam
3677 659 3857 717 acerbe

2257 753 2551 822 invehitur,
2599 757 2800 826 pariter
2849 756 2973 811 bilis
3009 755 3384 810 commotioris
3423 769 3743 820 accusare;
3791 756 3862 809 sui

2259 864 2474 918 quoque
2513 851 2838 919 impotentes
2884 849 3050 905 fuisse
3095 859 3389 920 argnentur
3431 848 3749 921 proplietm,
3788 850 3865 920 qui

2265 943 2564 1014 principum
2599 943 2726 997 vitia
2757 951 2903 998 tanta
2937 943 3186 1000 libertate
3211 943 3734 1014 reprehenderunt;
3780 959 3870 1000 nec

2262 1045 2516 1103 parcetur
2545 1034 2647 1104 ipsi
2677 1035 3109 1090 mansuetudinis
3148 1037 3444 1106 exemplari
3473 1037 3722 1091 Domino
3751 1050 3869 1092 nos-

2266 1136 2370 1193 tro,
2402 1125 2551 1180 etab
2584 1126 2765 1180 innata
2796 1125 2979 1181 cordis
3007 1126 3229 1182 lenitate
3270 1127 3541 1182 videbitur
3572 1126 3866 1195 excidisse,

2265 1220 2354 1274 ubi
2389 1219 2689 1275 l‘harismos
2715 1229 2820 1275 tam
2857 1236 3040 1276 amare
3071 1229 3287 1291 tamque
3314 1221 3513 1276 acerbe
3545 1221 3870 1290 increpavit.

2265 1312 2404 1381 Quin
2437 1315 2616 1385 potius
2651 1315 2793 1385 quod
2835 1316 2901 1371 de
2948 1316 3224 1397 Stephano
3267 1318 3441 1371 sensit
3487 1332 3553 1372 ac
3597 1316 3743 1371 dixit
3773 1320 3871 1373 Au~

2265 1411 2512 1480 gustinus
2541 1410 2617 1479 (in
2659 1409 2805 1464 Psal.
2837 1427 3041 1475 cxxxn,
3074 1429 3128 1468 η.
3159 1412 3240 1480 8),
3281 1411 3444 1479 Quasi
3484 1412 3734 1466 strviebat
3765 1411 3874 1466 Ste-

2267 1501 2494 1574 phanus;
2522 1501 2758 1557 swviebat
2795 1519 2903 1571 ore,
2931 1503 3081 1558 corde
3119 1495 3360 1574 diligebat
3388 1519 3406 1557 :
3431 1502 3536 1558 hoc
3578 1504 3874 1559 sentiamus

2268 1610 2334 1651 ac
2375 1595 2620 1652 dicamus
2650 1597 2716 1652 de
2747 1596 2952 1653 Hilario
2991 1607 3199 1664 nostro,
3245 1597 3408 1663 Quasi
3440 1597 3687 1653 stcviebat
3727 1596 3872 1652 Hila-

2267 1691 2400 1757 rius;
2427 1693 2664 1746 swviebat
2687 1691 2909 1759 calamo,
2941 1692 3092 1747 corde
3114 1692 3377 1763 diligebat.

521 1798 680 1838 'rum
725 1781 931 1836 lenitate
963 1780 1236 1851 pollentem
1284 1788 1396 1834 tum
1439 1777 1775 1847 antiquitatis
1822 1775 2165 1842 testimonio,

2347 1781 2490 1837 XIII.
2522 1781 2761 1854 Epistula
2786 1793 2860 1839 est
2890 1783 3189 1850 Cat/iolicis,
3221 1800 3325 1838 non
3351 1782 3666 1839 Constantio
3704 1784 3876 1838 inseri.

563 1881 675 1930 tum
707 1873 872 1928 totius
897 1873 1021 1926 vine
1041 1871 1209 1942 gestis
1235 1869 1543 1926 didicerint.
1569 1868 1705 1923 Eum
1727 1867 1963 1938 Spiritus
1987 1868 2161 1922 sancti

567 1964 800 2035 impulsu
829 1962 1016 2033 potius
1034 2003 1048 2028 ,
1073 1976 1232 2033 quain
1255 1960 1380 2017 bilis
1405 1960 1781 2016 commotioris
1821 1960 2025 2030 impetu
2052 2001 2066 2024 ,
2093 1958 2162 2014 ad

570 2057 678 2114 hoc
699 2071 837 2127 opus
857 2055 1149 2112 adductum
1175 2053 1430 2121 credent,
1453 2053 1606 2125 cujus
1627 2053 1839 2110 animus
1861 2055 2167 2125 quinquen-

570 2155 624 2206 ni
643 2149 836 2206 exsilio
864 2147 1036 2204 nihilo
1057 2147 1296 2219 segnior,
1321 2147 1416 2202 sed
1442 2145 1718 2217 probatior
1761 2156 1924 2219 atque
1973 2146 2166 2202 fortior

570 2243 743 2298 factus
767 2256 892 2297 esse
919 2240 1043 2296 inde
1070 2240 1397 2307 ostenditur,
1425 2238 1567 2311 quod
1593 2240 1742 2295 brevi
1795 2246 1980 2310 postea
2021 2238 2166 2294 illius

568 2351 674 2407 ope
725 2344 831 2390 tam
880 2333 1074 2390 uberes
1125 2334 1178 2388 in
1209 2333 1508 2388 Ecclesiam
1538 2331 1744 2389 fructus
1791 2331 2164 2388 redundariut.

570 2428 703 2495 Quis
731 2429 872 2483 enim
909 2427 1115 2482 nesciat
1143 2425 1438 2498 prudentiae
1469 2426 1586 2498 ejus
1607 2467 1624 2494 ,
1671 2441 1831 2497 quam
1880 2426 2168 2498 singularis

573 2535 782 2576 tnorum
813 2519 1010 2575 lenitas
1039 2519 1364 2590 condiebat,
1399 2535 1498 2576 nos
1545 2519 1746 2576 debere
1794 2518 1958 2575 totius
2005 2531 2170 2590 prope

572 2612 884 2669 Occidentis
913 2613 1450 2670 reconciliationem?
1481 2614 1650 2669 Hanc-
1675 2613 1873 2684 quippe
1921 2611 2170 2683 proxime

573 2715 696 2779 post
727 2706 869 2762 hunc
901 2706 1096 2762 librum
1121 2721 1439 2778 aggressus,
1469 2706 1678 2762 felicem
1711 2705 1926 2761 tandem
1963 2705 2028 2760 ad
2057 2706 2173 2761 exi-

576 2811 685 2856 tum
719 2800 986 2871 perduxit.
1017 2800 1074 2855 Si
1123 2801 1267 2856 enim
1308 2800 1605 2870 Sulpicium
1647 2799 1928 2854 audiamus
1986 2816 1998 2852 :
2038 2797 2172 2852 illud

573 2897 717 2967 apud
735 2911 910 2950 omnes
933 2895 1194 2961 constitit,
1226 2895 1382 2948 unius
1444 2891 1636 2947 Hilarii
1683 2891 1928 2961 beneﬁcio
1970 2888 2173 2944 Gallias

572 3003 776 3046 nostras
808 2990 1015 3062 piaculo
1037 2989 1248 3043 Itwresis
1276 2986 1515 3042 liberatas
1541 2985 1772 3058 (Sulpic.
1820 2984 1858 3038 ι.
1885 2993 1968 3057 tt).
2015 2982 2170 3052 Quod

572 3098 754 3142 autem
786 3084 1059 3155 Sulpicius
1089 3081 1282 3138 Galliis
1331 3078 1566 3146 nostris,
1611 3080 1878 3142 hoceum
1944 3077 2171 3132 Ruﬁnus

2269 1878 2452 1933 benda.
2481 1908 2553 1918 -—
2581 1879 2693 1933 Hoc
2719 1894 2855 1949 opus
2895 1879 2947 1933 in
2971 1892 3102 1934 mss.
3134 1876 3451 1933 Colbertino
3481 1888 3534 1934 et
3561 1877 3875 1933 Martiniano

2271 1969 2488 2038 epistola
2519 1984 2625 2023 non
2656 1969 2796 2024 male
2824 1977 3194 2040 nuncupatur;
3233 1969 3480 2040 quamvis
3517 1983 3628 2025 non
3677 1968 3876 2040 placeat

2269 2060 2412 2132 quod
2437 2061 2488 2114 in
2514 2062 2704 2118 iisdem
2729 2061 2798 2116 ad
2818 2060 3178 2117 Constantium
3197 2064 3556 2133 imperatorem
3579 2062 3872 2117 transmissa

2271 2151 2501 2208 subinde
2541 2161 2777 2209 notetur.
2830 2153 2912 2208 Ad
2958 2169 3054 2210 eos
3094 2155 3236 2210 enim
3281 2155 3510 2226 epistola
3562 2155 3871 2209 transmissa

2273 2245 2540 2300 censenda
2565 2255 2669 2312 est,
2712 2260 2851 2316 quos
2889 2247 3034 2302 illius
3074 2248 3308 2317 scriptor
3349 2247 3404 2302 in
3439 2247 3714 2318 principio
3753 2245 3872 2300 allo-

2273 2336 2472 2406 quitur,
2505 2351 2609 2391 non
2639 2336 2704 2391 ad
2731 2353 2868 2409 quos
2898 2337 3094 2393 deinde
3128 2354 3222 2410 per
3245 2339 3572 2395 locutionem
3595 2340 3868 2411 figuratam

2274 2445 2582 2486 sermonem
2609 2430 2896 2487 convertit.
2927 2432 3064 2488 Toto
3094 2443 3277 2489 autem
3315 2432 3479 2504 hujus
3504 2433 3705 2505 Operis
3726 2447 3869 2488 exor-

2275 2522 2365 2578 dio
2391 2524 2682 2594 alloquitur
2709 2525 2944 2580 Hilarius
2976 2525 3222 2593 Fratres,
3265 2526 3330 2580 ad
3372 2540 3510 2597 quos
3543 2527 3712 2580 etiam
3743 2524 3868 2580 redit

2276 2633 2429 2674 num.
2464 2617 2551 2686 12,
2580 2628 2686 2674 etc.
2715 2619 2796 2674 Ad
2826 2619 3201 2675 Constantium
3239 2620 3402 2691 igitur
3431 2633 3540 2674 non
3575 2627 3662 2674 est
3702 2632 3865 2674 sermo

2278 2711 2377 2764 nisi
2409 2710 2669 2782 ﬁguratus
2701 2731 2714 2764 :
2745 2727 2848 2783 qua
2889 2712 3057 2782 figura
3084 2711 3389 2768 Orientales
3418 2711 3512 2768 diu
3552 2713 3862 2784 copioseque

2276 2804 2571 2874 alloquitur
2593 2807 2644 2860 in
2675 2806 2811 2861 libro
2843 2806 2910 2862 de
2941 2805 3197 2878 Synodis,
3228 2807 3473 2874 quamvis
3502 2823 3613 2862 non
3644 2807 3710 2862 ad
3735 2807 3858 2871 illos,

2276 2896 2370 2951 sed
2393 2899 2458 2951 ad
2481 2897 2790 2953 Gallicanos
2815 2900 3100 2968 episcopos
3121 2897 3408 2954 destinato.
3437 2899 3553 2956 Non
3583 2908 3670 2954 est
3697 2902 3856 2967 itaque

2277 2990 2675 3046 assentiendum
2692 2989 2983 3056 Chiftletio,
3014 2993 3102 3062 qui
3127 2991 3291 3064 (uotis
3325 2992 3376 3046 in
3401 2991 3664 3048 Ferrand.
3690 2991 3709 3064 )
3735 2991 3860 3046 hunc

2276 3086 2473 3141 librum
2508 3087 2673 3142 autin
2695 3085 3053 3141 Constantium
3077 3094 3168 3140 aut
3195 3087 3262 3140 ad
3290 3083 3652 3142 Constantiani
3674 3083 3862 3141 indide-

573 3181 688 3254 (lib.
714 3197 731 3238 t
759 3180 894 3236 Hist.
923 3180 1046 3234 eccl.
1093 3195 1138 3234 c.
1180 3178 1272 3250 5i)
1317 3176 1482 3232 Italiae
1508 3191 1622 3231 sua;
1651 3185 1814 3245 atque
1833 3174 2050 3248 Illyrico
2072 3190 2177 3228 non
2206 3183 2252 3246 (ι
2283 3186 2469 3234 renter
2496 3179 2713 3234 inscribi
2744 3193 2904 3248 posse
2925 3178 3116 3233 voluit.

575 3276 754 3332 minus
777 3288 986 3328 morum
1018 3273 1240 3328 lenitate
1267 3286 1426 3342 quam
1457 3269 1704 3325 doctrina
1721 3269 2046 3339 praestitisse
2067 3279 2174 3323 teso

576 3369 830 3425 tiiicatur.
866 3367 943 3422 Eo
969 3366 1135 3423 etiam
1166 3375 1324 3438 pacto
1351 3379 1672 3436 progressus
1697 3365 2031 3435 compescuit
2073 3364 2180 3420 Lu-

578 3458 1186 3526 ciferianischismatis,
1213 3457 1408 3528 quoda
1455 3457 1620 3512 nimia
1661 3456 1974 3512 austeritate
2023 3471 2181 3512 exor-

580 3565 716 3623 tum,
743 3553 985 3611 coerceri
1009 3552 1113 3608 nisi
1143 3551 1414 3608 contraria
1443 3549 1612 3605 animi
1633 3548 1924 3605 affectione
1951 3563 2057 3604 non
2085 3547 2181 3606 de-

584 3648 724 3704 huit.

654 3741 746 3796 XI.
775 3739 945 3794 Plura
972 3738 1339 3794 moderationis
1374 3736 1572 3792 Hilarii
1592 3738 1826 3810 exempla
1851 3754 1915 3792 ea:
1934 3737 2030 3792 hoc
2053 3736 2183 3792 libro

581 3835 904 3905 deprompta.
933 3863 1003 3872 —-
1035 3833 1112 3888 lle
1129 3848 1253 3888 vera
1282 3832 1567 3888 Facundus
1588 3839 1776 3886 contra
1801 3827 2104 3888 Mocian'um
2127 3832 2180 3885 in

585 3926 850 3980 Hilarium
880 3924 1024 3980 velut
1053 3924 1105 3980 in
1145 3925 1534 3981 moderationis
1576 3925 1854 3994 exemplar
1878 3922 2072 3994 respici
2101 3924 2185 3994 ju-

583 4018 694 4086 bet,
725 4027 778 4074 et
809 4033 928 4090 quae
960 4017 1012 4072 in
1060 4017 1162 4072 hoc
1207 4018 1323 4088 ipso
1354 4017 1492 4072 libro
1534 4017 1740 4086 prtebet
1773 4016 1986 4072 virtutis
2028 4017 2185 4088 hujus

582 4113 855 4185 exempla,
893 4111 1225 4169 adversariis
1246 4111 1378 4177 suis,
1409 4125 1544 4181 quos
1572 4110 1691 4165 zelo
1724 4108 2035 4164 ferventiori
2063 4124 2186 4180 pec-

581 4224 709 4265 care
731 4208 1024 4275 existimat,
1047 4205 1302 4262 imitanda
1327 4208 1597 4277 proponit.
1624 4204 1690 4260 Et
1709 4212 1856 4258 certe
1879 4219 1908 4257 a
1932 4202 2187 4258 Facundo

584 4299 881 4354 moderatus
909 4315 970 4352 ac
992 4299 1217 4368 prudens
1248 4297 1496 4362 Ecclesiw
1531 4297 1840 4369 gubernator
1865 4311 1930 4352 ex
1959 4311 2023 4351 eo
2049 4296 2188 4352 libro

586 4391 876 4462 approbari
902 4389 1097 4446 merito
1130 4397 1331 4460 potest,
1356 4389 1484 4446 dum
1515 4391 1723 4446 duobus
1745 4389 1989 4446 tribusve
2017 4389 2189 4444 haere-

589 4501 716 4543 seos
744 4483 1044 4540 fautoribus
1073 4492 1265 4554 negata
1291 4485 1696 4551 communione,
1721 4485 1936 4540 creteris
1968 4484 2190 4554 resipis-

2348 3271 2490 3327 XIV.
2533 3271 2656 3326 Vivo
2696 3271 3000 3327 Constantio
3027 3271 3250 3342 scriptus
3279 3282 3352 3327 est
3392 3273 3476 3328 hic
3509 3273 3655 3329 liber.
3685 3302 3760 3316 ο·-
3791 3271 3862 3326 ln-

2277 3364 2535 3420 scribitur
2556 3363 2611 3418 in
2647 3364 2965 3434 perantiquo
2990 3363 3226 3418 basilica:
3255 3363 3314 3420 S.
3345 3363 3491 3420 Petri
3513 3366 3725 3431 codice,
3748 3373 3796 3418 ut
3820 3370 3863 3416 et

2277 3458 2332 3514 in
2369 3457 2699 3523 Telleriano,
2735 3457 2863 3511 liber
2899 3456 2954 3510 in
2988 3455 3350 3510 Constantiani
3385 3459 3785 3526 imperatorem;
3819 3456 3859 3506 in

2280 3550 2400 3605 aliis
2425 3559 2604 3606 autem
2637 3565 2768 3604 mss.
2803 3551 2932 3605 liber
2959 3561 3140 3605 contra
3161 3550 3524 3607 Constantium
3550 3551 3862 3623 Augustum:

2280 3642 2474 3713 quibus
2500 3657 2622 3696 cum
2645 3649 2852 3698 temere
2872 3641 3463 3708 addidissetErasmns,
3472 3643 3590 3714 jam
3612 3646 3713 3696 vita
3739 3643 3863 3714 [nuc-

2281 3745 2422 3801 tum;
2453 3736 2843 3805 posterioribus
2888 3745 3067 3792 tamen
3112 3735 3440 3792 editionibus
3462 3735 3753 3807 castigatus
3776 3749 3862 3789 non

2284 3828 2403 3883 fuit.
2449 3830 2674 3884 Errandi
2714 3830 2930 3885 occasio
2971 3831 3019 3884 ei
3065 3839 3189 3884 nata
3237 3839 3321 3884 est
3357 3845 3425 3885 ex
3467 3830 3650 3885 verbis
3691 3829 3859 3884 Hiero-

2287 3925 2454 3992 nymi,
2486 3923 2627 3978 inter
2660 3922 2844 3977 Hilarii
2870 3937 3033 3994 opera
3057 3923 3256 3978 librum
3285 3922 3337 3977 in
3360 3921 3735 3977 Constantium
3765 3928 3863 3993 post

2289 4025 2521 4070 mortem
2555 4016 2720 4084 ipsius
2745 4017 3006 4086 scriptum
3041 4015 3400 4071 recensentis.
3432 4016 3499 4071 Et
3527 4016 3860 4088 Hieronymus

2287 4109 2504 4180 quidem
2542 4124 2662 4164 cum
2703 4111 2917 4165 unicum
2962 4110 3148 4164 Hilarii
3194 4111 3390 4165 librum
3431 4111 3484 4165 in
3517 4110 3861 4166 Constantimu

2289 4214 2575 4269 memoret,
2615 4220 2845 4276 cumque
2888 4220 2954 4260 ex
2997 4205 3100 4260 hoc
3147 4205 3310 4271 libro,
3352 4205 3444 4276 qui
3487 4221 3600 4277 pra:
3646 4203 3860 4260 manibus

2289 4309 2393 4365 est,
2448 4301 2612 4356 verba
2665 4300 2936 4372 qumdam,
2986 4300 3062 4354 uti
3108 4300 3219 4370 jam
3269 4301 3684 4368 annotavimus,
3724 4299 3859 4370 epist.

2290 4411 2441 4451 xxvn
2469 4396 2534 4450 ad
2560 4395 2914 4451 Eustochium
2941 4398 3206 4466 exprimat
3231 4411 3246 4461 ;
3287 4395 3497 4450 nullum
3532 4396 3644 4452 fere
3670 4394 3858 4450 dubium

2295 4496 2402 4551 est,
2432 4487 2557 4557 quin
2585 4487 2726 4542 hunc
2757 4489 2932 4557 ipsum
2968 4496 3088 4557 post
3131 4495 3364 4542 mortem
3393 4487 3695 4542 Constantii
3714 4485 3860 4553 scrip-

588 4577 745 4634 cendi
806 4562 1114 4630 facultatem
1167 4573 1548 4646 indulgendam
1593 4575 1871 4642 decernit;
1911 4577 2037 4631 dum
2088 4575 2188 4631 hoc
2216 4573 2270 4633 D
2297 4591 2405 4638 tum
2448 4580 2761 4637 crediderit.
2821 4581 2941 4650 Ipse
2969 4590 3146 4636 tamen
3179 4580 3438 4648 Hilarius,
3486 4597 3633 4637 num.
3678 4580 3729 4647 Ξ,
3756 4593 3860 4633 cou-

591 4674 870 4729 docretum
899 4686 1056 4727 suum
1085 4668 1462 4726 confessorum
1495 4667 1703 4739 judicio
1740 4683 1803 4723 ac
1835 4669 2032 4739 placito
2064 4684 2186 4738 per-

591 4770 788 4837 mittit;
813 4769 940 4823 dum
971 4765 1173 4822 nullam
1205 4765 1413 4835 respuit
1444 4763 1703 4835 ineundte
1736 4765 1881 4835 pacis
1909 4763 2190 4819 honestam

592 4862 989 4927 conditionem;
1011 4860 1138 4914 dum
1167 4858 1270 4914 etsi
1295 4858 1480 4928 iniqua
1504 4857 1735 4913 factione
1755 4857 2046 4925 relegatus,
2077 4866 2192 4912 toto

593 4963 775 5011 tamen
805 4953 981 5010 exsilii
1011 4953 1092 5010 sui
1117 4947 1362 5024 tempore
1384 4950 1515 5006 nihil
1540 4961 1728 5005 contra
1757 4949 2040 5005 hrcreticos
2062 4951 2196 5005 scri-

596 5049 677 5104 bit
709 5048 975 5103 famosum
1011 5055 1107 5103 aut
1136 5044 1494 5109 maledicum;
1527 5043 1652 5099 dum
1674 5042 1936 5100 Seleucize
1967 5052 2021 5098 et
2047 5042 2194 5098 Con-

596 5140 950 5210 Stantinopoli
1007 5141 1078 5194 ita
1123 5155 1244 5195 cum
1287 5139 1539 5194 omnibus
1579 5138 1785 5194 urbane
1822 5153 1883 5194 se
1922 5138 2092 5207 gerit,
2139 5147 2199 5192 ut

594 5233 874 5290 Anommis
915 5234 1102 5297 etiam,
1149 5248 1179 5286 a
1227 5233 1420 5303 quibus
1455 5231 1806 5288 vehementer
1844 5230 2194 5298 abhorrebat,

596 5327 805 5384 facilem
823 5325 889 5382 ad
917 5340 977 5381 se
996 5326 1199 5381 aditum
1226 5326 1485 5396 praebeat,
1509 5341 1571 5381 ac
1593 5325 1801 5396 placide
1825 5333 1881 5380 et
1907 5323 2198 5394 tranquille

595 5423 962 5495 blasphemias
991 5438 1181 5478 eorum
1210 5422 1510 5488 auscultet;
1535 5422 1662 5477 dum
1685 5421 1921 5490 denique
1945 5434 2196 5476 sermone

599 5533 796 5574 usurus
827 5516 1243 5582 vehementiori,
1285 5517 1352 5572 ad
1388 5517 1438 5572 id
1483 5532 1540 5572 se
1569 5532 1676 5572 non
1718 5531 1812 5572 sua
1859 5515 1953 5572 sed
1992 5514 2196 5572 Christi

595 5626 758 5666 causa
810 5609 1102 5668 adductum
1153 5625 1277 5668 esse
1323 5619 1471 5666 tanta
1518 5626 1649 5667 cura
1703 5619 1963 5680 tantoque
2015 5607 2197 5666 studio

603 5711 1004 5770 prtemonstrat.

671 5788 786 5844 1illi.
835 5791 1098 5862 Apologia:
1143 5792 1423 5848 conclusio.
1483 5814 1550 5834 κε-
1602 5793 1736 5862 Qure
1782 5807 1904 5849 cum
1950 5792 2024 5848 ila
2067 5793 2191 5859 sint,

2295 4677 2466 4747 ceptis
2490 4676 2670 4732 verbis
2705 4685 2948 4743 testatur,
2981 4692 3105 4731 eum
3135 4693 3193 4731 sc
3215 4677 3406 4748 quinto
3431 4693 3575 4733 anno
3608 4686 3723 4748 post
3741 4672 3860 4730 exsi-

2296 4769 2366 4824 lia
2391 4770 2629 4835 Eusebii,
2656 4769 2885 4825 Lucil’eri
2913 4777 2968 4824 et
2985 4769 3248 4841 Dionysii,
3275 4770 3378 4825 hoc
3401 4779 3507 4836 est,
3531 4766 3858 4842 quinquennio

2297 4871 2421 4932 post
2463 4863 2751 4918 concilium
2792 4860 3195 4917 Mediolanense
3236 4862 3363 4917 anni
3403 4863 3534 4929 555,
3569 4862 3858 4933 proindeque

2298 4969 2443 5010 anno
2479 4955 2608 5020 560,
2655 4969 2762 5009 uno
2812 4965 2940 5010 ante
2977 4953 3277 5026 Constantii
3321 4967 3552 5011 mortem
3594 4955 3856 5026 scripsisse.

2298 5047 2487 5116 Neque
2535 5046 2914 5116 ambigendum
2963 5047 3200 5112 videtur,
3247 5049 3374 5118 quin
3423 5049 3576 5103 illum
3622 5044 3858 5116 scripserit

2298 5155 2420 5196 cum
2462 5137 2928 5209 Constantinopoli
2970 5150 3298 5206 versaretur,
3347 5149 3631 5212 postquam
3677 5139 3737 5195 de
3777 5134 3857 5189 fide

2300 5249 2483 5290 coram
2517 5232 2826 5304 disputandi
2866 5241 3186 5303 potestatem
3229 5233 3328 5288 sibi
3372 5233 3486 5289 ﬁeri
3516 5233 3672 5289 enixe
3702 5243 3857 5302 popos-

2303 5327 2488 5391 cisset,
2519 5340 2620 5382 nec
2661 5326 3024 5396 impetrasset,
3085 5326 3193 5382 imo
3243 5323 3407 5380 etiam
3449 5339 3574 5397 post
3613 5339 3756 5396 quam
3783 5321 3856 5375 ibi-

2305 5422 2429 5476 dem
2458 5418 2766 5475 inchoasset
2794 5416 3161 5474 Seleuciensis
3191 5427 3351 5488 atque
3380 5416 3730 5473 Ariminensis
3753 5428 3852 5470 con-

2303 5513 2410 5568 cilii
2445 5512 2749 5566 historiam.
2781 5511 2980 5566 Verum
3015 5520 3236 5582 propter
3275 5511 3442 5566 verba
3481 5507 3771 5580 Hieronymi
3808 5505 3852 5558 li-

2302 5606 2495 5663 benter
2520 5605 2883 5661 assentiemur
2913 5605 3001 5672 iis,
3041 5605 3130 5675 qui
3165 5604 3308 5659 hunc
3338 5604 3465 5659 licet
3502 5614 3628 5660 ante
3664 5609 3850 5658 mortem

2304 5701 2599 5756 Constantii
2631 5701 2925 5771 scriptum,
2953 5700 3157 5757 editum
3189 5709 3369 5756 tamen
3397 5701 3583 5757 volent
3621 5700 3855 5756 dumtaxat

2304 5797 2426 5862 post
2455 5788 2683 5850 mortem
2713 5791 2881 5864 lpeitis
2912 5804 2924 5848 ξ
2954 5785 3186 5852 mnium
3217 5802 3338 5852 Cum
3363 5793 3522 5865 paulo
3553 5793 3669 5862 [insi
3699 5781 3854 5850 Hilario
