3936 6196
41 278 134 334 577

567 274 631 332 S.
673 270 927 332 lllLARll
967 270 1180 331 EPISC.
1224 269 1426 332 LIBER
1465 268 1741 328 CONTRA
1779 269 2264 330 CONSTANTIUM
2303 271 2824 331 IMPERATOREM.

3231 273 3338 334 578

43 395 85 447 in
113 388 465 446 Occidentem
509 389 771 446 redeundi
808 391 948 446 facta
986 398 1282 461 potestate,
1317 391 1540 446 facultas
1572 391 1620 446 ei
1650 397 1705 454 Α
1729 398 1840 446 tum
1863 390 1984 461 quia
2018 397 2129 445 tota
2155 389 2306 447 abest
2327 405 2357 446 a
2382 389 2600 446 laudato
2619 390 2676 447 S.
2704 388 2849 446 Petri
2876 386 3062 446 codice
3088 389 3332 446 omnium

44 485 148 538 data
177 483 246 537 sit
286 483 391 539 hoc
437 483 576 555 apud
606 499 736 540 suos
772 485 930 555 longe
968 484 1178 540 facilius
1207 495 1370 555 atque
1409 485 1630 540 liberius

46 596 128 651 per
155 595 212 634 se
241 579 555 650 praestandi,
587 580 727 650 quod
753 593 848 650 per
876 577 1017 634 hunc
1057 580 1251 636 librum
1284 579 1460 636 facere
1496 594 1625 651 pro-

47 682 302 744 posuerat.

108 848 216 905 ΧΥ.
257 847 382 903 Νοιι
431 857 510 904 est
558 849 910 923 imperfectus,
954 851 1045 906 sed
1082 870 1116 906 a
1151 869 1310 908 manu
1363 854 1636 925 peregrina

53 953 227 998 auctus.
252 973 322 982 —
351 943 589 998 Rursum
621 944 826 1000 Erasmi
853 944 1115 1014 opinioni,
1141 961 1246 1017 qua
1275 945 1417 1001 lmuc
1438 946 1634 1003 librum

54 1038 401 1106 imperfectum
436 1035 788 1104 existimavit,
815 1037 1190 1107 subscripsere
1220 1047 1483 1110 quotquot
1514 1048 1634 1110 post

57 1146 159 1186 cum
191 1127 371 1184 Hilarii
398 1128 578 1198 Opera
602 1129 909 1184 ediderunt.
936 1115 1101 1185 Nobis
1123 1140 1309 1187 contra
1338 1146 1444 1187 non
1475 1132 1636 1187 modo

57 1225 236 1294 integer
261 1229 316 1277 et
335 1220 651 1288 absolutus,
681 1221 776 1278 sed
799 1232 852 1277 et
883 1223 950 1277 ab
978 1223 1154 1279 aliena
1185 1239 1351 1279 manu
1378 1239 1448 1279 ex
1485 1223 1635 1281 libris

59 1317 113 1374 tle
137 1316 388 1372 Trinitate
420 1331 530 1370 non
559 1315 908 1371 mediocriter
942 1325 1132 1372 auctus
1161 1327 1422 1387 apparet;
1447 1333 1636 1374 eorum

60 1411 252 1466 forsitan
299 1424 490 1478 opera,
535 1409 626 1480 qui
681 1423 748 1464 ex
802 1409 968 1464 variis
1009 1409 1326 1465 eorumdem
1367 1410 1636 1467 librorum

61 1503 348 1560 centonibus
367 1502 555 1574 Llibros
584 1501 652 1556 de
682 1501 859 1556 Patris
887 1511 941 1556 et
971 1501 1093 1556 Filii
1139 1503 1346 1558 unitate
1365 1545 1379 1570 ,
1427 1518 1638 1559 necnon

61 1598 114 1652 de
138 1596 355 1652 essentia
377 1594 558 1650 Patris
579 1602 632 1649 et
651 1594 769 1649 Filii
799 1604 1217 1650 contexuerunt.
1249 1595 1376 1650 llaec
1396 1595 1638 1652 accessio

61 1692 248 1760 antiqua
274 1687 495 1760 quidem
532 1695 638 1755 est,
667 1703 788 1743 cum
816 1689 978 1742 etiam
1013 1688 1065 1742 in
1097 1704 1196 1744 ms.
1228 1689 1539 1745 Colbertino
1568 1691 1636 1746 ab

1734 483 1894 553 longe
1923 481 2236 538 veterrimo.

1804 575 1946 632 XVI.
1980 577 2258 648 Synapsis.
2292 606 2363 617 —
2393 577 2588 634 Totum
2623 575 2726 632 hoc
2757 591 2894 647 opus
2925 577 2980 632 in
3008 592 3104 633 sex
3149 585 3336 647 partes

1734 670 1980 727 distribui
2001 671 2284 728 commode
2310 681 2506 742 potest.
2538 672 2716 728 Prima
2747 671 3009 728 orationis
3029 681 3142 728 tam
3171 671 3336 729 vehe-

1735 766 1934 822 mentis
1963 766 2202 823 rationes
2237 767 2536 838 prtemittit.
2569 767 2891 840 Perstringit
2929 767 3164 825 secunda
3209 784 3336 840 per-

1735 858 2069 914 secutionem
2095 899 2110 926 ,
2138 875 2299 931 quam
2330 860 2677 916 Constantius
2703 875 2734 914 a
2761 860 2997 916 concilio
3029 859 3334 917 Arelatensi

1736 965 1907 1023 usque
1935 951 2001 1006 ad
2038 951 2404 1018 Ariminense,
2433 951 2549 1008 sive
2590 951 2870 1009 blanditiis
2895 969 2960 1010 ac
2997 953 3340 1012 simulatione

1736 1059 1891 1100 ovem
1922 1060 1982 1100 se
2023 1045 2312 1112 mentiens,
2359 1045 2478 1100 sive
2528 1045 2693 1101 minis
2733 1061 2796 1102 ac
2829 1047 3112 1116 suppliciis
3151 1048 3334 1119 lupum

1736 1150 1904 1207 agens
1932 1137 2207 1192 excitavit.
2239 1136 2402 1194 Gesta
2434 1135 2802 1193 Seleuciensis
2851 1138 3044 1210 synodi
3077 1139 3227 1194 tertia
3256 1148 3340 1197 at-

1739 1230 1914 1301 tingit.
1933 1228 2162 1286 Concilii
2195 1229 2438 1301 ejusdem
2470 1230 2665 1297 fidem,
2695 1245 2800 1301 qua
2837 1230 3043 1286 Filium
3078 1231 3227 1286 Patri
3255 1249 3340 1288 se-

1737 1325 1965 1381 cundum
2019 1325 2322 1396 Scripturas
2371 1327 2596 1381 similem
2650 1325 2972 1392 definierat,
3027 1325 3342 1398 dictumque

1737 1418 2058 1486 Constantii,
2097 1418 2239 1474 Nolo
2266 1435 2381 1488 qua:
2408 1436 2512 1474 non
2540 1419 2735 1489 scripta
2773 1427 2888 1474 sunt
2938 1419 3043 1474 dici
3081 1435 3101 1474 :
3130 1420 3340 1492 Sigillat

1735 1521 1930 1583 quarta
1959 1521 2120 1582 atque
2164 1511 2433 1579 confutat,
2479 1510 2603 1567 Filii
2645 1521 2698 1568 et
2739 1512 2915 1568 Patris
2957 1512 3339 1568 demonstrans

1739 1607 2123 1677 aequalitatem.
2154 1606 2347 1675 Quinta
2377 1607 2702 1662 Arianorum
2730 1606 3006 1679 ipsiusque
3035 1605 3338 1664 Constantii

1740 1699 1793 1752 in
1817 1697 1919 1754 fide
1947 1699 2360 1754 inconstantiam
2388 1707 2760 1768 repraesentat.
2782 1697 3059 1754 Postrema
3081 1697 3337 1770 denique,

61 1784 192 1840 annis
224 1782 438 1839 circiter
467 1782 578 1838 600
622 1793 875 1850 exarato,
908 1794 962 1840 et
1004 1785 1324 1840 Martiniano
1362 1786 1453 1857 qui
1490 1785 1634 1842 hunc
1664 1782 1712 1842 B
1739 1792 1783 1847 si
1814 1802 1993 1848 tamen
2028 1791 2150 1846 libri
2179 1791 2336 1862 hujus
2363 1807 2491 1862 pars
2521 1791 2624 1847 dici
2659 1799 2859 1862 potest.
2888 1807 3008 1862 qua:
3040 1791 3166 1847 licet
3195 1792 3341 1848 Hila-

63 1878 343 1949 antiquitate
365 1887 612 1948 superat,
641 1892 850 1932 necnon
883 1877 935 1932 in
959 1877 1080 1934 aliis
1105 1887 1312 1948 septem
1335 1889 1543 1944 exstet;
1563 1880 1632 1935 ab

61 1983 248 2030 auctore
275 1983 452 2028 tamen
478 1971 702 2026 minime
730 1971 997 2041 prodiisse
1027 1971 1184 2027 facile
1205 1972 1498 2042 iudicatur,
1523 1983 1633 2029 tum

61 2067 161 2138 quia
199 2063 515 2138 fragmentis
547 2072 760 2120 constat
794 2064 936 2120 inter
961 2079 1020 2121 se
1065 2064 1290 2120 omnino
1329 2065 1633 2132 dissolutis,

1741 1885 1802 1940 rii
1835 1884 2015 1940 verbis
2045 1893 2278 1950 constet,
2309 1900 2337 1937 a
2376 1885 2660 1954 peregrina
2701 1893 2879 1940 tamen
2913 1900 3076 1939 manu
3121 1883 3338 1942 adtexta

1740 1985 1844 2043 est,
1875 1975 2050 2031 Patris
2075 1985 2323 2032 naturam
2352 1985 2408 2031 et
2435 1984 2692 2031 aeternam
2727 1975 2846 2030 Filii
2879 1976 3212 2032 nativitatem
3242 1976 3341 2032 hu-

1739 2067 1886 2122 mani
1916 2068 2113 2138 ingenii
2141 2068 2285 2124 vires
2323 2083 2584 2140 superare
2605 2068 2864 2124 declarat.

65 2181 3310 2210 Iw

64 2264 374 2339 561-562

889 2277 1611 2428 SANCTI
1705 2278 2499 2424 HILARII

339 2519 858 2679 GON’l‘llA
976 2515 1916 2676 GONSTAN’1‘IUM
2053 2517 3020 2677 IMPERATllREM

1231 2737 1638 2834 LIBER

1757 2760 2122 2838 UNUS.

1329 2897 1337 2963 ξ
1381 2894 1654 2964 (semprth
1679 2908 1818 2950 anno
1843 2893 2003 2966 560.)

135 3096 174 3149 l.
222 3091 608 3150 Exhortatioad
647 3090 944 3146 certandum
991 3107 1085 3163 pro
1127 3091 1246 3160 ﬁde.
1301 3119 1371 3130 —
1399 3089 1637 3160 Tempus

79 3196 142 3240 est
174 3186 440 3258 loquendi:
485 3184 617 3258 quia
653 3185 768 3255 jam
815 3185 1076 3256 pra-teriit
1128 3193 1342 3254 tempus
1402 3184 1632 3239 tacendi.

84 3278 288 3334 Christus
313 3287 687 3348 exspectetur:
720 3277 843 3346 quia
881 3275 956 3348 (τι)
986 3274 1216 3330 obtinuit
1263 3273 1634 3333 antichristus.

83 3367 285 3427 Clament
316 3382 596 3442 pastores:
630 3371 752 3440 quia
795 3369 1113 3425 mercenarii
1147 3369 1415 3439 fugerunt.
1461 3371 1634 3426 Pona-

87 3481 180 3519 mus
203 3466 393 3522 animas
423 3481 519 3536 pro
545 3465 738 3519 ovibus
778 3482 790 3518 :
825 3463 945 3534 quia
980 3462 1126 3518 fures
1178 3463 1540 3530 introierunt,
1587 3473 1642 3519 et

86 3557 151 3612 leo
173 3560 381 3615 smviens
428 3559 646 3615 circuit.
701 3556 782 3612 Ad
827 3557 1144 3628 martyrium
1195 3570 1290 3626 per
1340 3556 1438 3611 has
1481 3571 1642 3612 voces

87 3664 322 3717 exeamus,
347 3653 466 3723 quia
491 3651 717 3722 angelus
739 3658 939 3704 satauze
959 3647 1352 3718 transfiguravit
1377 3663 1436 3704 se
1461 3648 1511 3702 in
1532 3650 1644 3702 An-

87 3743 230 3811 gelutn
256 3745 400 3800 lucis.
446 3745 717 3800 lntremus
750 3759 844 3813 per
879 3743 1097 3812 januam
1122 3758 1134 3796 :
1161 3741 1281 3812 quia
1320 3755 1478 3796 nemo
1496 3739 1646 3795 vadit

91 3832 139 3886 ad
163 3833 349 3890 Patrem
383 3835 485 3891 nisi
535 3851 634 3906 per
663 3833 859 3889 Filium
892 3830 1072 3904 (Joan.
1131 3846 1251 3898 xw,
1278 3829 1356 3903 6).
1393 3828 1645 3885 Manifes-

91 3934 234 3980 tcntur
257 3928 306 3982 in
335 3945 460 3999 pace
484 3945 581 3985 sua
620 3926 1136 4000 pseudoprophetae:
1170 3926 1297 3996 quia
1345 3925 1397 3980 in
1447 3924 1641 3979 haeresi

93 4019 413 4077 rtschismate
459 4019 955 4075 manifestabuntur
1012 4017 1244 4088 probati.
1306 4017 1646 4072 SuSIincatur

95 4111 357 4181 tribulatio,
388 4115 561 4186 qualis
605 4130 710 4168 non
752 4112 853 4168 fuit
901 4129 929 4167 a
986 4113 1372 4168 constitutione
1426 4111 1642 4166 tnundi:

96 4204 167 4259 sed
194 4206 539 4280 intelligantur
572 4206 850 4264 breviantli
891 4205 1007 4262 dies
1053 4216 1276 4276 propter
1319 4205 1523 4277 electos
1555 4205 1645 4260 Dei

99 4293 270 4363 (.lfatth.
300 4316 417 4356 xxiv
442 4342 457 4368 ,
487 4300 604 4371 ‘22).
650 4299 873 4371 lmpleta
923 4308 1006 4354 est
1055 4297 1334 4369 prOphetia
1366 4340 1382 4366 ,
1427 4298 1643 4353 dicens:

101 4382 187 4440 Erit
214 4398 430 4462 tempus,
462 4391 672 4461 quando
734 4405 915 4446 sanam
954 4390 1240 4444 doctrinam
1283 4406 1385 4444 non
1429 4389 1649 4444 sustine-

98 4476 211 4544 bunt,
242 4483 323 4537 sed
344 4486 410 4538 ad
437 4502 528 4540 sua
558 4484 816 4540 desideria
860 4483 1225 4538 coacervabunt
1245 4484 1341 4538 sibi
1377 4484 1648 4556 magistros

99 4573 334 4639 sculpentes
353 4595 530 4634 aures:
558 4590 602 4633 et
630 4596 662 4632 a
683 4579 892 4633 veritate
904 4579 1108 4648 quidem
1132 4577 1368 4632 auditum
1397 4585 1647 4644 averterit,

102 4663 152 4713 ad
169 4666 348 4735 fabulas
393 4682 557 4725 autem
586 4679 944 4725 convertentur
989 4668 1057 4742 (ll
1092 4669 1224 4723 Tim.
1257 4685 1308 4724 tv
1341 4711 1354 4736 ,
1407 4669 1498 4739 5);
1553 4668 1648 4724 sed

102 4771 395 4828 exspectetur
423 4764 707 4834 promissio
748 4763 1099 4832 protestautis
1124 4803 1139 4827 ,
1189 4761 1335 4817 Beati
1362 4762 1498 4827 estis,
1534 4777 1649 4816 cum

103 4866 168 4906 ros
204 4855 486 4913 maledicent
508 4901 523 4926 ,
552 4868 598 4912 et
627 4864 989 4931 persequentur
1012 4897 1027 4921 ,
1067 4864 1116 4910 et
1158 4855 1327 4911 dicent
1355 4872 1505 4910 omne
1545 4871 1655 4908 ma-

104 4940 450 5003 lumadversum
493 4967 579 5005 vos
611 4957 820 5020 propter
839 4949 1119 5018 justitiam.
1153 4946 1380 5004 Gaudete
1408 4957 1458 5004 et
1485 4948 1656 5003 exsul-

161 5084 225 5152 (τι)
247 5085 300 5141 In
320 5089 482 5143 tribus
508 5103 635 5144 mss.
667 5086 890 5140 obticuit.
910 5084 1130 5140 Rectius
1162 5085 1213 5139 in
1238 5084 1380 5148 aliis,
1404 5083 1640 5148 obtinuit,

108 5156 579 5232 s.“lmle,[inperium
601 5201 615 5223 ,
649 5169 738 5213 aut
768 5156 894 5228 quid
925 5157 1117 5210 simile.
1145 5156 1518 5232 Constantium
1548 5172 1645 5207 an-

110 5226 296 5300 tichristi
335 5226 712 5300 prurcursorcttt
744 5226 926 5300 coram
971 5243 1161 5283 vocare
1183 5226 1651 5300 nantrepidarnnt

109 5290 601 5372 Romanm'Ecclesite
625 5301 806 5372 legati.
855 5297 983 5372 Cum
1010 5309 1055 5351 te
1084 5340 1097 5362 ,
1149 5299 1225 5353 ait
1253 5298 1319 5352 ad
1360 5290 1652 5372 ipsummet

111 5359 439 5442 Luciferﬂliba
481 5388 576 5442 pro
619 5359 914 5426 Athanasio
950 5411 965 5435 ,
1013 5359 1331 5442 urgeremus
1359 5359 1450 5422 nos
1499 5368 1652 5442 legati

115 5431 241 5507 bfatte
276 5431 536 5507 Ecclesia},
585 5453 769 5497 sectam
821 5431 1167 5494 damnandam
1219 5441 1333 5493 Arii
1356 5483 1370 5502 ,
1406 5449 1454 5491 et
1505 5431 1653 5492 illam

116 5502 258 5585 dixisti
285 5515 434 5585 ntagis
463 5502 566 5568 esse
591 5515 924 5579 catholicam;
961 5511 1412 5581 prmunntiavintus
1442 5520 1489 5564 te
1516 5510 1654 5564 anti-

119 5573 426 5656 christifuisfse
443 5601 817 5656 prwcursorem.

142 5715 151 5725 ι
176 5647 237 5719 (b)
263 5647 522 5709 Paulinum
555 5656 620 5710 ah
676 5653 973 5711 Arelatensi
1022 5654 1229 5725 synodo
1258 5667 1400 5708 anno
1429 5652 1535 5725 55,3
1560 5650 1655 5725 de-

121 5723 291 5797 sinente
313 5741 342 5777 e
360 5741 451 5780 sua
471 5727 594 5782 sede
615 5728 822 5797 pulsum
851 5739 970 5780 esse
995 5723 1209 5797 constat
1240 5735 1350 5797 tum
1373 5739 1439 5780 ex
1472 5723 1655 5778 libello

125 5789 208 5846 tati
226 5792 593 5866 Constantium,
617 5789 676 5852 'n.
699 5803 752 5866 8,
770 5808 879 5852 tum
909 5795 1144 5854 tuaxime
1171 5812 1236 5854 ex
1261 5795 1586 5865 Fragmenta
1614 5809 1649 5860 ι,

1947 3021 2227 3037 -———_

1740 3101 1862 3158 tate,
1895 3094 2137 3164 quoniam
2192 3109 2380 3149 merces
2407 3102 2572 3148 vestra
2616 3093 2825 3164 capiosa
2860 3096 3016 3151 estin
3071 3097 3216 3152 caelo.
3249 3096 3343 3154 Sic

1741 3187 1876 3240 enim
1921 3189 2174 3255 persecuti
2213 3197 2400 3241 suntet
2450 3187 2726 3257 prophetas
2768 3188 2856 3257 qui
2903 3197 3050 3242 erant
3103 3198 3221 3244 ante
3257 3205 3344 3245 ros

1741 3276 1960 3349 (Matth.
1989 3294 2042 3347 v,
2072 3281 2128 3335 ll
2163 3321 2178 3347 ,
2234 3279 2346 3351 12).
2392 3280 2610 3336 Stemus
2637 3289 2762 3336 ante
2793 3280 3003 3351 judices
3031 3292 3084 3338 et
3107 3290 3346 3353 potesta-

1741 3379 1824 3428 tes
1867 3387 1966 3441 pro
1996 3372 2196 3428 Christi
2225 3372 2477 3428 nomine:
2505 3371 2628 3443 quia
2684 3372 2875 3429 beatus
2921 3383 3005 3429 est
3046 3374 3135 3444 qui
3175 3389 3346 3445 uSque

1746 3463 1798 3518 in
1849 3463 2008 3520 finem
2062 3467 2492 3535 perseveraverit
2545 3464 2762 3534 (Matth.
2811 3482 2886 3533 χ,
2938 3465 3054 3538 22).
3119 3465 3233 3522 Non
3279 3468 3348 3522 ti-

1744 3569 1990 3611 meamus
2013 3571 2134 3612 eum
2161 3557 2250 3628 qui
2275 3566 2449 3626 potest
2475 3571 2673 3627 corpus
2693 3556 2963 3626 occidere,
2989 3557 3226 3613 animam
3251 3574 3347 3613 au-

1746 3655 1852 3703 tem
1886 3663 1992 3703 non
2022 3659 2232 3720 potest:
2263 3650 2356 3705 sed
2386 3650 2673 3706 timeamus
2713 3666 2836 3706 eum
2861 3693 2877 3718 ,
2907 3653 2994 3722 qui
3025 3661 3199 3723 potest
3227 3668 3348 3708 cor-

1748 3756 1849 3812 pus
1872 3753 1923 3796 et
1941 3742 2174 3798 animam
2202 3743 2449 3800 occidere
2473 3745 2524 3798 in
2546 3743 2848 3815 gehennam
2876 3743 3062 3818 (Ibid.,
3093 3745 3209 3818 28).
3233 3745 3345 3804 Nec

1745 3832 1964 3888 solliciti
1997 3833 2065 3888 de
2114 3834 2270 3890 nobis
2315 3835 2515 3890 simus:
2544 3837 2668 3906 quia
2715 3835 2893 3905 capilli
2938 3837 3128 3908 capitis
3174 3837 3347 3894 nostri

1747 3925 2010 3980 numerati
2040 3935 2166 3981 sunt
2195 3925 2384 3998 (Ibid,
2415 3927 2532 3996 50).
2567 3928 2630 3983 Et
2663 3945 2758 3998 per
2791 3929 3050 4000 Spiritum
3097 3939 3348 3988 sanctum

1746 4031 2037 4088 sequamur
2058 4018 2372 4074 veritatem:
2403 4034 2471 4074 ne
2514 4035 2608 4089 per
2647 4020 2895 4088 Spiritum
2925 4023 3127 4076 erroris
3153 4021 3347 4078 creda-

1749 4125 1868 4165 mus
1898 4110 2203 4168 mcudacio.
2236 4111 2300 4166 Et
2329 4113 2751 4167 comtnoriamur
2770 4113 2989 4168 Christo
3012 4155 3026 4178 ,
3057 4114 3350 4172 utCltristo

1748 4217 2162 4274 conregnemus.
2198 4203 2432 4260 Ulterius
2458 4204 2602 4258 enim
2635 4214 2814 4260 tacere
2847 4246 2860 4270 ,
2911 4204 3226 4261 diffidentia:
3276 4207 3353 4262 si-

1759 4311 1923 4368 gnum
1950 4307 2052 4361 est,
2087 4311 2193 4352 non
2224 4296 2504 4350 modesti-sc
2539 4294 2711 4362 ratio,
2755 4298 2879 4368 quia
2906 4312 3010 4353 non
3059 4299 3238 4355 minus
3259 4315 3354 4372 pe-

1749 4385 1904 4440 riculi
1935 4395 2017 4441 est
2059 4401 2276 4456 semper
2305 4385 2558 4452 tacuisse,
2583 4401 2740 4457 quam
2765 4404 3077 4461 numquam.

1819 4477 1874 4532 2.
1907 4477 1973 4534 Ut
2008 4477 2241 4533 Hilarius
2267 4479 2322 4534 in
2353 4480 2542 4533 tuenda
2571 4479 2673 4550 ﬁde
2699 4497 2899 4554 semper
2929 4484 3044 4553 paci
3070 4484 3350 4540 studuerit.

1756 4571 1824 4628 Ut
1845 4571 2142 4626 modestiam
2161 4588 2277 4627 cuni
2315 4572 2629 4627 aduersariis
2667 4579 2907 4629 servarit.
2938 4605 3010 4618 -—
3039 4575 3154 4646 Ego
3176 4617 3191 4639 ,
3224 4577 3358 4633 Fra-

1755 4674 1901 4733 tres,
1931 4674 1991 4721 ut
2013 4665 2146 4721 mihi
2184 4680 2396 4731 omnes,
2421 4666 2511 4738 qui
2543 4682 2630 4723 me
2652 4667 2737 4723 vel
2759 4668 2980 4724 audiunt
3013 4670 3096 4726 vel
3129 4670 3358 4727 familia-

1757 4760 1916 4816 ritate
1935 4761 2212 4832 cognitum
2237 4759 2455 4826 habent,
2491 4768 2660 4816 testes
2687 4771 2840 4829 sunt,
2882 4763 3259 4832 gravissimum
3290 4763 3355 4819 fi-

1759 4853 1845 4911 dei
1874 4855 2172 4924 periculum
2197 4854 2354 4924 longe
2379 4862 2540 4910 antea
2565 4855 2888 4924 praevidens,
2909 4865 3031 4926 post
3048 4866 3357 4915 sanctorum

1759 4947 2000 5004 virorum
2026 4946 2217 5004 exsilia
2247 4947 2322 5018 (ὁ)
2354 4946 2561 5001 Paulini
2595 4987 2612 5014 ,
2655 4947 2910 5014 Eusebii,
2944 4947 3198 5016 Luciferi,
3236 4951 3361 5006 Dio-

1749 5099 1802 5156 n_.
1837 5082 1892 5156 (ᾗ
1931 5081 2236 5156 Luciferum
2290 5088 2470 5156 autem
2495 5079 2845 5156 ,_Euseb_ium
2875 5097 2938 5137 ac
2971 5083 3283 5156 Dionysium
3327 5106 3356 5146 a

1746 5153 2132 5208 Mediolanensi
2175 5167 2266 5204 an.
2318 5149 2452 5221 555.
2496 5148 2680 5220 Neque
2727 5151 2989 5221 ignoravit
3029 5148 3359 5216 Athanasius

1746 5224 1874 5298 quid
1901 5235 2126 5298 utraque
2154 5221 2246 5298 illa
2286 5220 2500 5298 synodo
2513 5220 2876 5298 (gestum’sit,
2900 5226 2968 5282 de
2999 5230 3194 5298 quibus
3223 5233 3360 5288 seri-

1749 5291 1826 5350 bit
1849 5291 2258 5374 adsolitarios,
2280 5291 2404 5374 pag:
2435 5291 2572 5373 8:29:
2593 5293 2722 5374 Cum
2745 5303 2911 5374 mrtem
2939 5291 3066 5374 esset
3097 5300 3361 5374 (Impera-

1761 5365 1868 5435 tor)
1895 5365 2101 5419 Arelate
2129 5374 2176 5417 et
2202 5361 2508 5426 Mediolani,
2538 5365 2709 5417 omnia
2754 5383 2848 5435 pro
2879 5361 3230 5426 Itwreticarnm
3261 5375 3359 5429 ad-

1764 5437 1973 5517 hortatu
2000 5435 2424 5517 suggestioneque
2451 5435 2711 5517 faciebat)"
2729 5438 2808 5490 uel
2831 5443 3000 5517 potius
3022 5443 3100 5496 illi
3119 5444 3223 5512 ipsi
3239 5463 3362 5517 age-

1763 5508 1882 5562 bant
1911 5507 2328 5576 insultabantque
2355 5506 2407 5576 in
2448 5520 2621 5576 attines
2670 5505 2891 5563 Ca’saris
2944 5505 3194 5576 potestate
3241 5505 3362 5571 suc.

1764 5581 1935 5656 cincti.
1956 5579 2092 5656 Quia
2127 5575 2830 5656 tamen_ille,Apt_)log_._pag.
2855 5575 2982 5656 692,
3009 5588 3361 5656 quemadmo-

1764 5649 1890 5704 dum
1917 5650 2002 5704 hic
2029 5655 2218 5703 noster
2244 5648 2477 5702 Hilarius
2497 5689 2512 5714 ,
2546 5649 2756 5704 Paulini
2810 5648 3057 5712 exsilium
3104 5675 3205 5714 una
3235 5675 3360 5717 cum

1765 5721 1970 5778 exsiliis
2002 5719 2252 5795 Eusebii,
2287 5719 2518 5795 Luciferi
2552 5736 2616 5777 ac
2657 5721 2893 5795 Diopysii
2921 5741 3212 5795 memorat;
3255 5733 3362 5788 tae-

1767 5803 1878 5849 tum
1911 5801 1992 5848 est
2017 5797 2077 5846 ut
2103 5791 2380 5863 Socrates,
2397 5791 2490 5848 lib.
2526 5809 2585 5860 ιι,
2607 5810 2726 5866 cap.
2748 5791 2840 5865 56,
2863 5806 2918 5854 et
2947 5791 3310 5871 Ruﬁnusﬂib.
3339 5819 3360 5864 ι
