3936 6196
86 228 183 283 583

86 438 158 489 nis
186 446 360 490 vestes
385 451 497 491 non
531 437 767 496 defluere
799 441 848 494 in
892 443 1081 497 faciem
1106 488 1119 508 ,
1168 447 1249 500 uri
1300 448 1419 502 sine
1465 450 1680 520 ignibus

88 528 329 599 Spiritus,
376 529 629 587 confiteri
686 530 761 604 (α)
794 534 910 590 sine
952 535 1376 609 interrogatione
1416 551 1676 611 vexatos,

86 637 229 691 agere
254 622 439 677 omnia
470 638 581 679 non
612 624 790 681 minus
821 642 942 683 cum
978 629 1225 700 profectu
1274 636 1638 694 examinanlis
1660 678 1676 704 ,

87 728 230 784 quam
278 714 625 771 incremento
674 717 821 774 fidei.
853 717 924 775 At
965 730 1042 788 tu,
1093 724 1333 779 omnium
1378 729 1676 784 crudelium

89 803 446 861 crudelissime
471 848 488 872 ,
522 807 723 864 damno
750 811 954 881 majore
976 812 1028 868 in
1059 829 1178 883 nos,
1209 827 1263 872 et
1285 820 1439 874 venia
1470 821 1679 879 minore

88 897 315 953 desaevis.
362 898 635 972 Subrepis
662 901 741 975 (b)
770 905 1007 973 nomine,
1032 905 1405 965 blandimento
1432 914 1634 969 occidis
1658 954 1675 979 ,

89 993 249 1062 specie
278 993 567 1065 religionis
597 997 932 1067 impietatem
976 1004 1224 1074 peragis,
1269 1004 1468 1062 ChriSIi
1519 1008 1677 1064 tidem

90 1083 264 1140 Christi
297 1087 540 1144 mendax
568 1090 894 1161 praedicator
923 1097 1246 1168 exstinguis.
1275 1098 1389 1154 Non
1416 1101 1678 1174 relinquis

92 1181 530 1256 saltemmiscris
580 1186 953 1244 excusationes
978 1231 994 1255 ,
1048 1199 1106 1244 ut
1136 1200 1342 1247 externo
1380 1194 1546 1265 jndici
1578 1213 1676 1252 suo

93 1286 254 1341 ptenas
282 1283 335 1328 et
365 1275 581 1345 aliquas
611 1278 931 1334 laniatorum
961 1296 1250 1354 corporum
1290 1285 1362 1358 (c)
1406 1287 1681 1357 perferant

92 1364 344 1421 cicatrices
368 1408 383 1433 ,
420 1376 479 1422 ut
508 1368 796 1427 infirmitas
822 1372 1077 1431 defendat
1107 1383 1502 1436 necessitatem.
1543 1384 1675 1440 Sce-

93 1456 352 1512 lestissime
378 1462 693 1517 mortalium
718 1506 731 1528 ,
773 1467 954 1521 omnia
988 1471 1383 1539 persecutionis
1423 1475 1561 1530 mala
1607 1477 1676 1533 ita

95 1559 354 1622 temperas,
406 1562 468 1608 ut
517 1558 783 1614 excludas
809 1562 943 1615 etin
993 1574 1212 1632 peccato
1243 1566 1454 1623 veniam
1482 1610 1496 1634 ,
1541 1572 1678 1627 etin

92 1644 404 1702 confessione
433 1650 780 1721 martyrium.
832 1651 939 1708 Sed
989 1653 1107 1711 haec
1138 1657 1230 1713 ille
1263 1659 1341 1729 (ά)
1372 1671 1523 1727 pater
1555 1672 1678 1720 tuus

924 233 1130 295 LIBER
1176 237 1445 297 CONTRA
1489 240 1979 309 CONSTANTIUM
2018 250 2537 319 IMPERATOREM.
2764 321 2773 330 ,

86 344 272 400 elevari
302 343 423 400 sine
454 344 663 417 laqueis
692 360 942 418 corpora,
972 360 1029 407 et
1052 357 1331 422 susriensis
1361 357 1498 428 pede
1530 359 1676 414 ferni-
1703 364 1750 422 A
1784 364 1850 419 tis
1878 366 2219 426 admittitur?
2249 373 2311 428 At
2344 374 2468 431 vide
2499 376 2635 442 tu,si
2667 378 2962 447 prmferens
2986 397 3183 444 nomen
3200 389 3381 448 Domi-

3275 281 3381 339 586

1786 458 1836 511 ni
1866 460 1916 513 in
1952 463 2127 517 verbis
2154 506 2168 525 ,
2200 466 2530 523 voluntatem
2560 472 2761 526 efficias
2796 474 2887 529 Dei
2921 480 3085 545 patris
3112 482 3163 536 in
3197 485 3379 540 rebus.

1783 549 1989 607 Clamat
2008 556 2125 610 ille:
2156 556 2257 612 llic
2268 570 2342 615 est
2358 562 2498 631 ﬁlius
2516 580 2657 620 meus
2670 566 2907 633 dilectus,
2931 573 2981 626 in
3004 591 3103 641 quo
3121 579 3247 631 mihi
3261 580 3383 634 bene

1783 646 2072 715 complacui
2116 650 2345 720 (Matth.
2380 670 2455 723 nt,
2492 656 2622 727 17):
2669 670 2724 714 et
2763 670 2816 715 tu
2844 661 3095 721 decernis
3123 685 3230 724 non
3257 688 3380 729 esse

1782 736 1948 791 filium
1972 780 1985 803 ,
2020 754 2193 811 neque
2218 758 2338 798 esse
2368 754 2606 815 patrem;
2657 749 2750 804 sed
2782 750 3090 823 adoptionis
3120 762 3338 816 nomina
3362 806 3377 829 ,

1781 838 2036 886 externas
2063 838 2488 907 nuncnpationes
2517 882 2532 906 ,
2563 850 2620 896 et
2643 841 2987 902 simulantem
3011 848 3080 904 de
3108 866 3169 906 se
3196 856 3378 910 omnia

1786 920 1950 977 Deum
1979 940 2151 980 novus
2182 926 2341 983 hodie
2370 930 2649 1001 religionis
2689 933 2885 991 divina:
2933 951 3249 1008 persecutor
3299 946 3381 1001 iu-

1781 1012 1954 1069 dncis.
1985 1015 2231 1074 Antehac
2263 1030 2442 1091 patres
2474 1024 2548 1077 tui
2581 1023 2749 1095 (Nero
2772 1068 2787 1091 ,
2815 1028 3030 1097 Decius,
3062 1032 3192 1105 etc.)
3216 1035 3266 1090 in
3294 1052 3383 1092 so-

1784 1105 1889 1160 lum
1921 1107 2193 1164 Christum
2225 1110 2411 1168 hostes
2445 1114 2659 1171 fuerunt
2698 1134 2711 1171 :
2766 1128 2820 1173 tu
2848 1129 3027 1177 autem
3061 1124 3125 1178 ad
3157 1124 3376 1183 Patrem

1781 1197 1950 1255 Deum
1981 1209 2185 1272 certas,
2217 1213 2268 1258 ιιι
2297 1205 2527 1262 mendax
2557 1208 2647 1274 sit,
2678 1218 2735 1264 ut
2768 1210 3051 1275 fefellerit,
3102 1227 3153 1270 ut
3187 1218 3287 1272 hoc
3311 1219 3379 1274 de

1781 1307 1840 1347 se
1872 1295 2146 1363 professus
2171 1298 2240 1352 sit
2270 1298 2412 1368 quod
2460 1316 2564 1355 non
2595 1312 2739 1357 esset
2770 1346 2783 1367 ,
2838 1306 2993 1375 quasi
3041 1324 3213 1378 neque
3261 1328 3382 1367 csse

1781 1388 1988 1456 possit,
2031 1386 2239 1443 Clamat
2278 1389 2489 1444 Filius:
2540 1391 2655 1464 Ego
2694 1404 2741 1447 et
2790 1394 2949 1451 Pater
2999 1416 3158 1453 unum
3205 1419 3379 1459 sumus

1786 1477 1961 1546 (Joan.
1996 1496 2053 1544 ιι,
2084 1478 2216 1552 50);
2255 1492 2327 1550 et,
2363 1480 2614 1554 Operibus
2641 1486 2767 1540 meis
2795 1489 2984 1543 credite
3006 1531 3022 1556 ,
3062 1493 3185 1561 quia
3220 1492 3380 1549 Pater

1780 1572 1836 1626 in
1856 1590 1955 1637 me,
1987 1583 2036 1629 et
2062 1590 2152 1644 ego
2172 1575 2225 1629 in
2257 1574 2417 1630 Patre
2437 1576 2627 1649 (lbid.,
2657 1576 2870 1649 58):et,
2898 1580 3106 1649 Omnia,
3136 1601 3249 1651 qum
3278 1585 3384 1640 Pa-

1783 1664 1874 1718 tris
1899 1663 2062 1736 569
2083 1675 2222 1730 sunt,
2248 1682 2358 1720 mea
2376 1676 2491 1721 sunt
2518 1665 2700 1739 (Joan.
2725 1686 2837 1735 xvt,
2872 1672 2996 1743 15):
3026 1682 3078 1730 tu
3103 1675 3381 1736 Christum

94 1737 260 1792 artifex
287 1736 649 1796 humanarum
682 1744 934 1800 mortium
974 1745 1200 1814 docuit,
1251 1751 1415 1825 568
1459 1753 1675 1812 vincere
1705 1755 1753 1816 Β
1779 1755 2031 1826 objurgas
2077 1758 2139 1829 (ἱ)
2184 1758 2462 1824 veritatis,
2514 1736 2567 1814 tu
2599 1759 2809 1817 Patrem
2859 1767 3040 1835 arguis
3087 1770 3381 1838 professio-

92 1828 191 1883 sine
210 1833 550 1888 contumacia
579 1874 594 1898 ,
617 1833 867 1905 jugulare
897 1838 1013 1894 sine
1044 1840 1250 1910 gladio,
1283 1848 1528 1915 persequi
1558 1847 1678 1904 sine

94 1921 310 1985 infamia,
339 1925 416 1995 (ε)
446 1926 639 1983 ordire
669 1928 786 1984 sine
817 1932 1123 2002 suspicione
1147 1975 1162 2001 ,
1206 1937 1421 1991 mentiri
1449 1938 1567 1995 sine
1598 1941 1679 1997 in-

97 2013 386 2084 telligentia,
416 2018 663 2087 proﬁteri
694 2021 812 2076 sine
837 2022 944 2079 ﬁde
970 2064 984 2089 ,
1016 2024 1245 2081 blandiri
1272 2028 1388 2084 sine
1413 2030 1676 2101 bonitate,

95 2120 233 2176 agere
253 2107 322 2181 (θ’)
351 2110 499 2180 quod
534 2111 690 2179 velis,
718 2128 819 2170 nec
848 2115 1195 2174 manifestare
1220 2135 1340 2190 quze
1370 2121 1526 2177 velis.

152 2199 199 2253 9.
230 2198 443 2256 Domini
474 2219 665 2259 nomen
691 2207 745 2259 in
766 2207 930 2262 verbis
955 2205 1262 2277 Constantii,
1296 2229 1397 2267 non
1419 2213 1470 2268 in
1500 2217 1673 2286 gestis.

97 2291 239 2349 Deum
278 2296 479 2352 inducit
542 2298 802 2369 fallacem.
833 2330 905 2341 --
933 2301 1038 2359 Sed
1090 2318 1177 2360 me
1220 2305 1334 2375 ipse
1377 2308 1678 2380 unigenitus

98 2386 249 2453 Dens,
299 2403 460 2459 quem
508 2390 571 2445 in
614 2407 701 2448 me
742 2394 1123 2465 persequeris,
1175 2395 1455 2456 admonuit
1482 2416 1550 2456 ne
1582 2402 1677 2457 tibi

97 2482 349 2541 crederem
369 2527 384 2553 ,
428 2501 614 2558 neque
642 2502 730 2544 me
769 2488 872 2544 hoc
899 2487 1058 2544 fallax
1086 2490 1139 2545 in
1168 2498 1221 2547 te
1251 2494 1679 2565 ementitumque

97 2592 264 2634 nomen
294 2578 552 2638 illoderet
581 2622 596 2647 ,
629 2581 817 2639 dicens
852 2598 866 2638 :
919 2582 1042 2639 Non
1072 2586 1238 2641 ontnis
1261 2588 1351 2659 qui
1381 2589 1504 2644 dicit
1527 2591 1675 2659 milii,

98 2669 306 2740 Domine,
333 2671 584 2741 Domine,
615 2675 823 2731 intrabit
842 2677 897 2732 in
924 2694 1139 2752 regnum
1160 2680 1409 2737 ctelorum
1435 2700 1454 2739 :
1475 2686 1567 2740 sed
1590 2689 1679 2757 qui

99 2766 523 2833 (acitttoluntatem
555 2768 732 2823 Patris
753 2771 871 2840 mei,
901 2769 977 2843 (g)
1007 2772 1170 2842 quiin
1191 2775 1329 2829 cretis
1363 2785 1456 2844 est,
1485 2777 1569 2832 hic
1595 2779 1679 2833 in-

99 2856 223 2911 trabit
241 2859 291 2912 in
312 2875 536 2931 regnum
566 2861 808 2916 ctelorum
837 2861 856 2934 (
880 2861 1067 2916 Matth.
1112 2879 1207 2931 vn,
1234 2864 1298 2921 21
1322 2864 1361 2939 ).
1410 2868 1678 2939 Agnoscis

101 2963 156 3004 ne
183 2965 313 3007 nunc
338 2951 546 3008 divina:
588 2952 642 3008 in
674 2962 726 3010 te
753 2954 1051 3024 prophetia:
1077 2957 1360 3014 veritatem
1406 2970 1461 3017 et
1499 2962 1676 3019 domi~

101 3038 209 3096 nica:
234 3045 513 3101 sententia
537 3044 729 3113 fidem,
763 3044 848 3119 (It)
876 3062 980 3118 qua
1012 3062 1117 3104 non
1148 3050 1416 3120 professio
1445 3056 1677 3115 nominis

1784 1850 1885 1904 nis.
1919 1848 2193 1905 Emendas
2226 1850 2393 1906 Deum
2423 1849 2604 1918 homo,
2642 1852 2804 1907 vitam
2834 1855 3133 1913 moderaris
3159 1876 3384 1934 corrup-

1786 1943 1881 2007 tio,
1913 1951 1967 1998 et
1995 1957 2098 1998 nox
2128 1943 2302 1998 lucem
2335 1942 2608 1999 illuminas
2633 1984 2649 2011 ,
2678 1956 2730 2002 ct
2772 1949 3079 2020 promulgas
3113 1952 3270 2009 fidem
3301 1957 3385 2010 in-

1783 2030 1958 2088 fidelis
1984 2072 1998 2097 ,
2045 2042 2101 2089 et
2133 2033 2211 2107 (j)
2240 2034 2491 2105 pietatem
2539 2034 2737 2105 impius
2768 2040 3010 2096 mentiris
3034 2081 3050 2110 ,
3097 2051 3153 2098 et
3195 2046 3382 2104 orbem

1783 2135 1944 2182 terra:
1989 2126 2213 2197 profana
2264 2128 2539 2185 simultate
2573 2130 2902 2189 committis:
2959 2149 3160 2206 negans
3187 2137 3288 2197 hoc
3314 2141 3384 2198 de

1782 2220 1914 2288 Deo,
1949 2220 2090 2291 quod
2124 2221 2240 2290 ipse
2269 2221 2337 2276 de
2366 2236 2426 2276 se
2446 2205 2721 2293 professus
2741 2235 2845 2280 est.

1853 2314 1943 2370 10.
1985 2311 2284 2369 Constantio
2309 2315 2459 2368 vestis
2483 2315 2653 2371 ovina.
2678 2347 2748 2357 —
2777 2317 2883 2373 Sed
2916 2320 2991 2393 (Ις)
3021 2333 3215 2392 pra'ter
3247 2328 3386 2386 hanc

1781 2403 2530 2472 emendationemfalsitatis,
2563 2408 2705 2462 aliud
2750 2425 2838 2465 me
2871 2410 3166 2483 Dominus,
3200 2419 3265 2473 ad
3298 2424 3384 2477 in-

1782 2496 2131 2570 telligendum
2181 2506 2269 2563 te,
2309 2497 2513 2552 dictum
2545 2498 2761 2566 docuit,
2794 2501 2983 2560 dicens
3011 2524 3024 2561 :
3056 2507 3314 2568 Attendite
3351 2531 3385 2568 a

1781 2592 2271 2666 pseudopmphetis,
2328 2592 2414 2662 qui
2456 2594 2660 2648 veniunt
2725 2595 2794 2649 ad
2840 2613 2926 2651 vos
2970 2599 3027 2653 in
3075 2602 3384 2662 uestimentis

1783 2684 1952 2739 ovium
1974 2722 1991 2751 ,
2018 2683 2082 2756 (ι)
2110 2685 2173 2737 ab
2198 2683 2339 2737 intus
2366 2693 2536 2738 autem
2561 2693 2678 2739 sunt
2708 2686 2818 2758 lupi
2842 2705 3056 2756 rapaces
3084 2708 3103 2746 :
3133 2710 3165 2747 a
3195 2698 3381 2767 fracti-

1781 2777 1874 2833 bus
1910 2792 2091 2831 eorum
2119 2775 2433 2848 cognoscetis
2473 2791 2558 2831 eos
2586 2774 2804 2850 (Matth.
2832 2796 2937 2844 vn,
2978 2782 3044 2837 15
3073 2827 3088 2851 ,
3148 2784 3255 2858 16).
3291 2789 3386 2846 Est

1780 2872 1925 2927 enim
1954 2867 2156 2939 aliquid
2184 2869 2236 2922 in
2264 2866 2451 2933 corde,
2484 2868 2629 2938 quod
2657 2869 3030 2929 dissimulatur
3052 2875 3104 2930 in
3133 2878 3305 2946 vultu,
3331 2891 3389 2939 et

1780 2963 2017 3019 velatum
2048 2968 2132 3016 est
2169 2968 2392 3015 mente:
2421 2969 2478 3015 et
2517 2976 2671 3015 ovem
2706 2971 2990 3031 putantes,
3027 2966 3210 3038 lupum
3253 2986 3384 3028 scn-

1780 3064 1989 3115 serunt.
2021 3053 2075 3110 Si
2100 3068 2219 3124 quae
2254 3052 2435 3106 ovium
2467 3059 2592 3107 sunt
2621 3063 2814 3124 agunt,
2848 3057 3141 3116 credantur
3171 3073 3225 3118 et
3253 3081 3383 3125 oves

101 3133 143 3187 in
167 3134 369 3192 cteleste
397 3151 630 3211 regnum
656 3178 670 3205 ,
698 3137 795 3193 sed
824 3137 1130 3196 obedientia
1155 3151 1392 3212 paterna:
1421 3148 1665 3207 volunta-
1692 3147 1739 3212 C
1770 3166 1889 3207 esse
1916 3168 1928 3203 :
1961 3148 2007 3204 si
2034 3154 2212 3202 autem
2245 3143 2339 3216 (ut)
2359 3144 2634 3215 rapacium
2659 3147 2908 3217 luporum
2936 3166 3072 3222 opus
3098 3170 3381 3229 peragunt,

174 3269 382 3344 {nepotis
401 3285 561 3344 omne
581 3286 773 3344 sacrum
787 3282 922 3327 casto
940 3276 1132 3344 velatur
1157 3284 1334 3344 Operto
1356 3293 1369 3330 :

173 3332 431 3400 Scilicetut
449 3336 613 3386 divini
635 3340 803 3400 operis
826 3342 1110 3391 reverentia
1135 3332 1281 3392 tectis

174 3392 698 3469 Corporibnsmaneat',
726 3402 1197 3469 nec__pmna_d:nmon
1222 3406 1271 3469 in
1298 3407 1402 3469 ipsa

175 3458 267 3528 Qus
282 3462 503 3528 cruciatu
516 3473 543 3509 r
564 3458 699 3517 ovet,
725 3458 866 3528 nudis
882 3464 1134 3527 prodendo
1157 3458 1393 3528 pudorem

174 3518 391 3586 Artnbus,
411 3522 577 3573 illasso
599 3526 802 3584 gravius
826 3518 1084 3590 tor'quetur
1110 3518 1333 3580 honesto.

156 3600 450 3678 llujnsmodi
511 3616 820 3678 portentum
863 3620 1044 3665 nostra
1084 3619 1242 3668 aetate
1291 3613 1425 3669 vidit
1471 3615 1669 3675 Letha-

103 3671 259 3745 ﬁngia,
283 3679 358 3731 uti
386 3671 555 3733 fidem
583 3677 788 3735 faciunt
812 3681 1209 3738 Commentaria
1246 3671 1669 3745 Marchionis‘de

102 3741 306 3820 Bcousin:
331 3748 769 3820 galliceSeripta,
800 3765 854 3820 p.
885 3753 941 3810 6.

161 3815 226 3888 (a)
266 3815 505 3875 Et'hnnc
549 3815 723 3876 locum
752 3815 1118 3879 restauramns
1154 3839 1220 3880 ex
1252 3841 1383 3883 mss.
1412 3828 1567 3887 Colb.
1612 3842 1668 3889 et

103 3883 281 3973 itania.
312 3890 363 3945 in
393 3892 595 3973 quibus
620 3900 809 3973 tamen.
837 3902 1013 3950 exstat
1036 3911 1130 3973 age
1152 3883 1441 3973 pro_agere,
1468 3883 1664 3973 eit‘pro;

105 3959 216 4034 [orato
229 3975 326 4034 non
360 3959 616 4034 profectu.
642 3963 700 4017 In
722 3964 841 4019 aliis
864 3976 1042 4020 autem
1070 3959 1226 4021 libris
1256 3959 1509 4033 habetur.
1529 3959 1658 4028 con-

106 4027 217 4107 ﬁleri
235 4032 337 4107 sine
354 4027 723 4107 interrogantis
746 4036 1056 4092 incremento
1083 4038 1223 4107 ﬁdei.
1247 4042 1311 4093 At
1341 4050 1395 4094 tu
1434 4027 1661 4099 omnium

104 4101 828 4178 crudelitatumcrudelissime.
876 4107 973 4163 Hic
1003 4101 1236 4163 ostendit
1268 4109 1521 4178 Hilarius,
1551 4115 1655 4170 im-

108 4172 306 4253 mundos
326 4174 546 4246 spiritus
570 4177 783 4253 occulta
811 4180 1042 4253 quadam
1073 4180 1122 4233 vi
1152 4181 1235 4252 agi
1279 4196 1341 4236 ac
1384 4172 1654 4253 torqueri,

108 4238 410 4324 tium-eorum
442 4247 645 4324 occulta
672 4257 760 4324 est
785 4238 939 4321 plaga
960 4291 992 4324 ,Α
1009 4260 1056 4324 et
1082 4238 1232 4321 ptenva
1262 4238 1659 4324 ntanifest'arni

108 4308 305 4389 loquitur
323 4315 645 4389 Cyprianus,
679 4308 834 4389 epis't.
864 4308 898 4376 ιῖ
929 4308 994 4374 ad
1031 4308 1314 4388 Donatum,
1349 4308 1439 4379 ιιΰὶ
1460 4308 1525 4380 et
1547 4308 1656 4383 inii

106 4395 254 4439 menta
278 4386 402 4457 ipsis
432 4404 528 4459 per
576 4386 885 4448 Exor'cistas
931 4391 1127 4446 inﬂicta
1177 4386 1396 4449 videsis.
1442 4396 1499 4451 In
1551 4398 1656 4455 illis

105 4460 965 4535 autem_y_t_rmetttisconfitebantur
983 4462 1071 4518 alii
1085 4463 1284 4521 Christi
1300 4465 1653 4535 divinitatem,

108 4526 230 4599 utab
253 4526 449 4599 Hilario
474 4530 798 4596 audivimus,
821 4534 914 4587 ιιι».
945 4549 1022 4599 xt,
1057 4550 1113 4588 ιι.
1144 4538 1197 4599 5,
1226 4536 1314 4591 alii
1344 4540 1507 4593 totius
1534 4526 1654 4596 Tri;

109 4595 264 4680 uitatis
283 4597 481 4680 fidem2
531 4604 811 4680 cujus_rei
860 4595 1195 4661 luculentum
1237 4615 1321 4680 est
1349 4595 1653 4680 exemplum
1682 4601 1736 4662 D

106 4668 219 4746 apud
236 4668 614 4748 Ambrosium,
634 4673 792 4744 epist.
808 4691 1121 4748 Attunc‘xxn,
1153 4694 1205 4731 ιι.
1238 4677 1330 4732 21.
1355 4679 1459 4735 Alii
1489 4668 1618 4737 v'ero
1639 4725 1653 4748 ,

107 4738 164 4815 uti
187 4744 322 4796 testis
346 4750 430 4798 est
455 4738 777 4815 Cyprianus,
807 4746 903 4802 lib.
920 4746 986 4801 ad
1014 4738 1435 4815 Demetrianum,
1455 4738 1658 4815 ejulan;

108 4772 164 4789 ιιιι
187 4772 322 4796 ica“:
346 4772 430 4798 cal.
456 4772 777 4815 uypt‘tauus,
808 4772 903 4802 ιιυ.
920 4772 986 4801 au
1014 4772 1435 4815 uculclrlaltutll,
1455 4772 1482 4806 e
1507 4772 1658 4809 utan-

108 4814 165 4860 tes
183 4820 227 4866 et
239 4823 484 4934 gementes
506 4831 626 4870 uoce
643 4815 888 4883 humana,
915 4828 962 4872 et
986 4828 1229 4902 potestate
1247 4772 1658 4962 divina/egena

108 4885 143 4962 ct
158 4894 351 4962 _ver_era
378 4886 650 4962 sentientes
668 4928 683 4954 ,
725 4897 988 4962 uenturum
1019 4890 1280 4962 judicium
1325 4908 1418 4946 con
1462 4904 1653 4950 tentur.

107 4885 143 4960 ct
164 4885 351 4960 seruem
378 4886 683 4960 sentientes,
725 4885 994 4960 venturum
1019 4890 1280 4960 judicium
1325 4885 1653 4960 conﬁtentur.

107 4944 346 5029 interdum
382 4955 568 5023 etiam,
611 4944 781 5029 inquit
819 4960 912 5015 lib.
942 4944 1180 5015 dc'ldol.
1214 4944 1387 5017 Vanit.
1416 4944 1659 5021 {ratiis

106 5017 213 5113 illo}.
227 5036 393 5106 nostra
421 5043 538 5082 voce
557 5017 923 5112 'et.op:eratione
942 5032 1225 5104 majestatis
1247 5035 1459 5090 occulta:

107 5091 252 5175 cludi,
281 5095 394 5175 igne
440 5101 621 5154 torreri
640 5091 673 5167 ,⁷
687 5102 995 5157 incremento
1018 5091 1200 5175 'ptena:
1218 5091 1658 5175 propagan'tisvets;

109 5162 256 5244 tendi,
285 5162 476 5244 ejulare
496 5212 511 5235 ,
538 5162 736 5244 gem—ere
757 5212 774 5239 ,
801 5162 1097 5243 deprecari;
1141 5162 1275 5229 unde
1314 5162 1518 5231 ueniant
1545 5218 1559 5240 ,
1610 5189 1658 5234 et

108 5235 586 5317 quandoﬂiscedun't,
609 5243 736 5317 ipsis
756 5235 909 5298 etiam
936 5245 1023 5315 qui
1039 5235 1287 5317 secolunt
1308 5235 1654 5317 audientibus,

108 5303 525 5387 ξειιίὶιειιὶ...ξει1η
548 5303 779 5387 maxime
823 5303 1060 5370 omnium
1087 5315 1354 5386 Sulpicius
1402 5303 1656 5387 Severus:

110 5367 223 5451 Dial.
244 5376 318 5446 tn,
347 5367 529 5437 Hilarii
549 5384 713 5440 verba
735 5367 1496 5451 ᾱυιίιῆἰίιώᾆιᾶἷζἷιίἰὶξιὶεῖῇί

110 5444 351 5531 modum:
394 5450 463 5508 In
507 5466 667 5531 parte
692 5457 801 5511 alia
852 5458 1046 5531 uideres
1096 5444 1207 5531 sine
1260 5444 1660 5531 interrogatione

111 5525 314 5599 vestitos,
337 5531 380 5576 et
406 5540 500 5579 sua
523 5526 738 5599 crimina
757 5529 1073 5599 confitentes.
1097 5528 1149 5584 Ν
1152 5532 1324 5586 omina
1345 5525 1497 5586 etiam
1516 5534 1658 5588 nullo

109 5594 417 5722 ῗῖίίῗ⁰⁹⁰η¹⁸
447 5596 723 5666 Ρτθάεθωιι
745 5614 765 5665 ;
790 5594 878 5655 ille
911 5616 965 5655 se
996 5600 1176 5657 Jovem
1204 5603 1319 5669 ,iste
1343 5602 1659 5659 Mercurium

170 5674 195 5711 ε
224 5672 351 5719 atur.

130 5663 351 5719 alebatur.

172 5728 238 5804 (b)
265 5733 316 5790 In
354 5736 610 5812 vulgatis,
642 5741 847 5797 nomine
875 5743 1199 5801 blandientis.
1260 5745 1319 5803 In
1364 5760 1456 5804 sex
1488 5760 1657 5818 mss.,

590 5835 865 5897 ΡΑτιιοι..
900 5836 986 5899 Χ.

1775 3288 1995 3345 nominis
2025 3283 2393 3358 blandimento.
2448 3282 2669 3358 Rectius
2714 3286 2767 3341 in
2799 3286 2920 3344 Vat.
2968 3291 3085 3349 bas.
3112 3338 3126 3356 .
3162 3295 3375 3358 Marti",

1774 3370 1829 3415 et
1857 3358 2013 3431 Colb.
2042 3398 2057 3431 ε
2086 3355 2319 3431 subrepis
2340 3356 2547 3431 nomine
2572 3397 2585 3420 ,
2615 3358 2841 3431 supple,
2893 3376 2999 3431 quo
3031 3373 3083 3420 te
3110 3355 3377 3428 Christia;

1774 3447 1901 3485 num
1934 3428 2113 3499 ﬁngis,
2164 3435 2219 3481 ut
2248 3426 2489 3481 declarat
2536 3442 2686 3483 num.
2717 3429 2750 3486 9
2781 3470 2796 3497 ,
2855 3426 3201 3493 blandimento
3240 3426 3377 3499 occi-

1776 3502 1880 3556 dis.
1913 3512 2018 3556 etc.

1833 3519 2146 3643 8(deiﬁcum
2173 3610 2191 3643 ._
2221 3571 2507 3643 proferant.
2539 3568 2771 3643 Hilarius
2799 3570 2885 3629 hic
2915 3577 3126 3633 accedit
3151 3582 3216 3637 ad
3248 3600 3374 3641 seu-

1776 3639 1998 3698 tentiam
2031 3639 2429 3721 Cypriani,_’qui
2455 3640 2546 3694 lib.
2581 3641 2863 3721 de_Lapsis
2889 3648 3087 3721 mitius
3105 3639 3373 3721 agentium

1776 3710 2097 3789 censetenm
2130 3711 2196 3766 iis
2225 3710 2394 3789 quiin
2419 3714 2702 3789 tormentis
2725 3710 2856 3784 lapsi
2885 3728 3029 3774 sunt.
3065 3710 3261 3789 odim,
3292 3710 3373 3784 in:

1777 3788 1925 3857 quit,
1960 3784 2023 3838 de
2045 3782 2501 3868 territentispotest
2529 3825 2543 3847 ,
2586 3782 3377 3868 αηῇρςιξιονηιρριιιι-*ξιιρειίαιιιε

1771 3853 1873 3925 est;
1890 3856 2273 3912 excusationem
2290 3853 2577 3923 obtendere,
2600 3856 2688 3925 qui
2705 3853 2863 3912 uictus
2879 3872 2955 3914 est
2967 3861 3019 3914 in
3038 3853 3233 3936 dolare,
3255 3853 3373 3929 etc:

1847 3948 1928 4021 (tl)
1959 3948 2096 4032 Seil.
2125 3945 2379 4031 inimicus
2403 3946 2564 4032 homo
2594 3948 2834 4032 omnium
2867 3949 3243 4032 haereticorum
3275 3978 3370 4032 pa-

1767 4017 1934 4085 rens,
1965 4020 2092 4076 dum
2124 4020 2177 4073 in
2222 4033 2353 4088 agro
2395 4017 2826 4089 patris-familias
2859 4017 3371 4092 supersemiuat'zi-

1768 4107 1941 4236 “'23.
1960 4163 2014 4217 1n
2047 4177 2177 4218 mss.
2224 4158 2376 4216 Colb.
2410 4168 2461 4215 et
2490 4159 2703 4215 Martin.
2728 4202 2743 4224 ,
2774 4165 3003 4222 occidere
3020 4169 3130 4226 sine
3155 4190 3369 4245 suspec-

1766 4235 1923 4290 tione.

1840 4305 1911 4385 ρ’)
1946 4304 2067 4385 γειιἶ
2098 4304 2212 4385 has.
2245 4316 2348 4357 ms.
2388 4316 2511 4357 cum
2540 4300 2695 4359 Colb.
2740 4313 2795 4362 et
2820 4305 2975 4366 Mart.
2998 4353 3013 4379 ,
3052 4317 3190 4385 quod
3217 4318 3361 4376 velle,

1767 4374 1899 4442 Alii,
1928 4377 2067 4446 quod
2092 4374 2263 4446 velles.

1841 4447 1917 4523 (g)
1942 4443 2087 4523 "_l‘r_es
2116 4443 2357 4523 praedicti
2389 4459 2536 4523 mss._
2549 4447 2808 4504 omittunt
2830 4452 2921 4523 qui
2944 4453 2998 4509 in
3021 4457 3160 4512 caelis
3181 4470 3273 4513 est.

1836 4516 1914 4591 (ii)
1945 4517 2105 4574 Solus
2131 4516 2258 4572 Vat.
2291 4516 2406 4571 has.
2436 4517 2629 4586 codex,
2661 4536 2817 4590 quam
2842 4516 2945 4579 non
2969 4564 2983 4579 .
3024 4568 3037 4581 .
3072 4569 3085 4582 .
3116 4532 3361 4589 admittit.

1950 4608 2005 4663 1n
2051 4623 2181 4682 mss.
2220 4607 2587 4682 (Michaelino,
2648 4613 2837 4681 pietate
2883 4617 3133 4674 veritatis.
3186 4622 3362 4680 Minus

1760 4679 2074 4761 displiceret
2093 4680 2351 4761 impiatae,
2381 4682 2532 4750 quasi
2559 4679 3000 4761 lagsm,_oeritatis.
3025 4679 3359 4761 Quamquam

1761 4766 1952 4822 presso
1980 4751 2195 4822 quidem
2225 4766 2498 4817 sermone,
2527 4753 2622 4807 sed
2663 4757 2747 4808 cui
2782 4757 2914 4810 nihil
2943 4751 3083 4815 desit
3103 4802 3117 4822 ,
3164 4751 3266 4817 hoc
3289 4767 3364 4819 si-

1760 4821 2046 4893 gnificatur
2073 4841 2085 4877 :
2114 4821 2390 4877 Christum
2415 4822 2666 4893 objurgas
2691 4834 2960 4893 tamquam
2996 4821 3114 4885 non?
3134 4847 3259 4888 vera
3281 4837 3362 4890 di-

1761 4892 1993 4964 eentem,
2027 4892 2242 4951 Patrem
2266 4895 2446 4964 arguis
2474 4903 2533 4947 ut
2555 4892 2683 4948 falsa
2715 4892 3072 4963 profitentem.

1839 4964 1912 5039 (j)
1951 4963 2054 5047 sex
2081 4979 2236 5029 mss.,
2262 4963 2454 5047 contra‘
2469 4964 2706 5047 pietatem
2738 4982 2756 5020 :
2784 4977 2838 5047 et
2865 4985 3009 5047 mox,
3041 4976 3360 5047 commisces,

1761 5034 2056 5091 loco'verbi
2088 5037 2380 5091 committis.
2415 5034 2581 5091 Paulo
2627 5047 2748 5104 post
2790 5040 2841 5091 in
2879 5034 3040 5098 editis
3083 5034 3361 5106 desidera;

1760 5106 1917 5162 batur
1939 5107 2003 5160 de
2022 5122 2094 5160 se.

1798 5122 1917 5252 382').
1939 5122 2132 5252 (gotieex
2162 5176 2373 5252 hlartin.
2411 5191 2530 5252 cum
2561 5176 2739 5247 Colb.,
2772 5182 2978 5252 prapter
3019 5184 3151 5240 hanc
3183 5206 3360 5247 emen-

1762 5247 2019 5327 dationem
2067 5247 2335 5327 falsitatis,
2382 5247 2530 5327 aliud
2571 5247 2781 5327 quoque
2822 5247 3136 5327 m'e.__Magis
3185 5264 3362 5327 placet

1759 5333 1881 5375 cum
1903 5318 2024 5372 aliis
2047 5326 2229 5386 ρνωιεν
2251 5318 2403 5401 lianc,
2425 5317 2546 5400 scil.
2572 5317 2808 5401 regulam
2833 5338 2900 5378 ex
2924 5317 3125 5401 Matth.
3146 5317 3237 5392 vit,
3264 5317 3330 5389 ‘21

1764 5392 2005 5463 petitam.
2035 5404 2138 5463 qua
2186 5398 2237 5443 te
2266 5388 2451 5442 falsam
2482 5388 2738 5460 pietatem
2766 5407 2829 5449 ac
2857 5395 3028 5451 solam
3070 5388 3359 5463 Christiani

1765 5460 1996 5535 nominis
2064 5462 2262 5535 larvam
2327 5470 2601 5535 OSIentare
2675 5478 3036 5535 recognosco;
3101 5472 3242 5528 unde
3304 5460 3361 5534 et

1762 5532 1992 5607 emendo
2018 5530 2160 5599 quod
2188 5532 2259 5607 de
2282 5539 2339 5607 _t_e
2367 5530 2538 5607 prima
2567 5531 2745 5589 fronte
2773 5530 3049 5607 cogitatur.

1837 5602 1901 5681 (ρ)
1939 5602 1995 5656 1n
2023 5615 2152 5681 _ms.
2200 5601 2354 5655 Colh.
2417 5602 2756 5671 intrinsecus;
2787 5601 2864 5661 inv
2894 5609 3106 5666 Martin.
3130 5654 3147 5681 ,
3176 5615 3317 5676 intus
3344 5637 3365 5679 :

1762 5672 1963 5731 omiSso
1982 5672 2045 5727 ab
2070 5673 2123 5727 in
2154 5681 2402 5743 utroque.

1834 5743 1932 5819 (νη)
1972 5744 2063 5803 Sic
2090 5743 2199 5801 duo
2222 5743 2459 5815 praedicti
2481 5743 2715 5803 codices.
2740 5748 2849 5805 Alii
2871 5766 3022 5819 vero,
3053 5760 3265 5829 rapacia
3292 5761 3373 5821 lu-

2833 5847 2911 5909 19
