3936 6196
93 287 186 345 589

98 492 195 549 lum
238 491 555 547 crudelitate
590 493 926 566 pandentes,
960 505 1342 566 protraxerunt
1385 494 1454 550 de
1483 493 1673 549 altario

100 584 409 641 sacerdotes.
443 584 645 642 Levius
668 596 717 641 te
740 596 918 660 putas,
952 587 1204 655 sceleste,
1231 587 1539 645 Juda'orutn
1572 587 1673 643 im-

100 680 277 749 pietate
322 678 618 749 peccasse?
666 679 985 736 Eﬂ‘uderunt
1019 681 1235 753 quidem
1281 681 1355 736 illi
1396 680 1673 736 Zacharia:

99 770 429 839 sanguinem;
464 771 591 837 sed,
622 783 878 844 quantum
908 773 962 827 in
991 782 1041 829 te
1071 782 1175 841 est,
1203 773 1283 846 (a)
1313 789 1673 845 concorpora-

99 870 171 917 tos
211 859 424 919 Christo
470 879 500 918 a
539 863 754 920 Christo
797 865 1079 922 discidisti.
1115 864 1331 922 Vertisti
1368 868 1440 940 (b)
1475 866 1673 923 deinde

100 971 248 1025 usque
269 955 333 1010 ad
364 954 594 1012 Romam
617 957 819 1013 bellum
851 969 1020 1027 tuum,
1052 960 1290 1032 eripuisti
1321 960 1471 1016 illinc
1496 958 1672 1033 (Libe-

100 1047 235 1119 rium)
264 1049 574 1119 episcopum
604 1067 618 1106 :
645 1058 700 1107 et
722 1065 756 1105 o
786 1060 836 1104 te
864 1051 1141 1119 miserum,
1166 1052 1255 1124 qui
1288 1053 1470 1108 nescio
1496 1065 1670 1109 utrum

102 1139 281 1210 majore
312 1139 590 1211 impietate
612 1143 955 1217 relegaveris,
979 1161 1139 1217 quam
1188 1145 1499 1201 remiseris!
1528 1147 1673 1212 Quos

102 1240 150 1284 ιιι
171 1230 353 1287 deinde
380 1232 430 1286 in
455 1234 742 1290 ecclesiam
765 1234 1089 1292 Tolosanam
1114 1236 1402 1293 exercuisti
1429 1236 1670 1292 furores!

100 1321 267 1377 Clerici
296 1322 524 1379 l'uStibns
563 1325 725 1394 cmsi,
771 1325 1024 1383 diaconos
1069 1326 1287 1396 plumbo
1326 1328 1475 1397 elisi,
1519 1339 1570 1384 et
1618 1329 1671 1383 in

98 1410 272 1485 ipsum,
305 1424 360 1471 ut
388 1415 466 1489 (ε)
495 1419 668 1475 sancti
699 1435 909 1476 mecum
939 1420 1272 1495 intelligunt,
1309 1422 1388 1494 (tl)
1418 1422 1467 1476 in
1496 1422 1670 1493 ipsum

97 1507 346 1564 Christum
374 1524 567 1566 manus
590 1512 789 1568 missae.
816 1512 962 1583 Haec,
990 1511 1297 1581 Constanti,
1323 1516 1366 1569 si
1395 1530 1493 1586 ego
1519 1530 1670 1571 men-

99 1600 207 1667 tior,
233 1600 342 1658 ovis
368 1617 428 1658 es
459 1621 473 1658 :
507 1603 551 1659 si
582 1620 713 1662 vero
743 1613 798 1661 tu
831 1605 1062 1678 peragis,
1091 1606 1441 1663 antichristus
1465 1622 1544 1663 es.

160 1757 231 1829 (ts)
247 1757 405 1815 Solus
429 1759 603 1816 codex
631 1759 843 1817 Martin.
872 1772 1338 1830 concorporatur...
1377 1763 1675 1830 discessisti,

99 1840 343 1900 corrupte.
375 1831 789 1902 Coscerporatos
811 1844 967 1890 vocat
988 1831 1220 1890 Hilarius
1245 1836 1572 1898 sacerdotes,
1602 1837 1674 1891 oh

99 1916 275 1977 corpus
303 1902 515 1959 Domini
546 1904 685 1977 quod
717 1919 781 1960 ex
809 1906 961 1977 altari
989 1907 1288 1975 percipiunt
1315 1927 1327 1962 :
1357 1922 1386 1962 a
1414 1923 1520 1977 quo
1550 1923 1674 1962 cum

100 1972 419 2045 divellnntur,
469 1990 498 2030 a
547 1972 764 2031 Christo
791 1972 1021 2045 quodam
1072 1972 1231 2031 modo
1275 1972 1671 2033 discitidnntnr.

100 2042 255 2100 Altare
279 2046 653 2119 enimtinqnit
680 2042 927 2119 Opta—tus,
959 2049 1051 2101 lih.
1070 2064 1151 2113 ~Vt,
1179 2050 1324 2103 sedes
1351 2060 1424 2104 est
1446 2050 1676 2119 corporis

101 2125 140 2168 et
160 2118 416 2188 sanguinis
441 2116 658 2188 Christi.
689 2116 840 2175 Unde
860 2129 915 2173 et
938 2128 1125 2174 contra
1151 2121 1400 2176 altarium
1428 2116 1679 2175 eﬂ'racto-

102 2202 176 2242 rcs
200 2187 410 2253 sdhjicit
439 2206 453 2242 :
489 2187 628 2254 Quid
658 2207 743 2244 vos
774 2188 1056 2256 oﬂ’euderat
1085 2189 1318 2263 Christus
1337 2234 1350 2251 .
1381 2191 1679 2263 cujusjllic

102 2275 179 2326 per
213 2270 346 2331 certa
384 2270 642 2314 momenta
670 2278 854 2331 corpus
882 2272 926 2315 et
962 2266 1168 2331 sanguis
1211 2261 1513 2317 habitabat?
1541 2261 1677 2317 Tum

104 2344 184 2403 eos
210 2328 391 2403 llilarii
425 2332 610 2403 nostri
642 2328 793 2388 more
837 2348 957 2386 eum
988 2328 1186 2388 Juilteis
1215 2349 1532 2403 comparans
1563 2335 1637 2387 ait
1663 2349 1677 2388 :

229 2402 377 2489 modo
403 2402 622 2457 Judteos
650 2405 775 2489 estis
812 2405 1017 2459 imitati.
1060 2403 1148 2458 Illi
1176 2400 1460 2489 iujeceruut
1497 2420 1682 2489 manus

107 2471 283 2527 Christo
307 2475 363 2547 iit
386 2490 579 2547 cruce;
606 2493 638 2528 α
664 2474 801 2532 vobis
824 2493 1092 2547 percussus
1111 2488 1186 2532 est
1216 2471 1270 2531 in
1294 2477 1467 2532 altari.
1500 2476 1684 2545 Neque

108 2558 215 2596 vero
264 2545 426 2599 ambo
472 2543 781 2600 .lndtenrum
825 2543 1025 2601 sceleri
1084 2557 1230 2602 recte
1277 2543 1685 2614 comparassent

108 2614 404 2669 Arianorum
426 2616 891 2672 Dooatistarumve
912 2617 1140 2685 crimen,
1161 2619 1262 2673 nisi
1281 2634 1464 2675 verum
1488 2617 1685 2674 Christi

108 2698 281 2759 corpus
306 2704 371 2742 ex
401 2688 557 2742 altari
583 2689 750 2759 accipi
776 2690 1151 2744 credidissent.

185 2756 235 2827 lt)
271 2759 448 2826 Quam
497 2756 798 2818 malitiose,
849 2776 1007 2830 quam
1051 2761 1345 2828 violenter,
1381 2760 1504 2815 vide
1546 2757 1685 2829 apud

108 2827 345 2901 .tlhanas.
384 2830 450 2883 ad
478 2831 616 2895 Sol.,
646 2847 698 2901 p.
722 2827 973 2893 85‘2jnbi
1009 2841 1128 2901 post
1154 2827 1361 2886 multa:
1390 2830 1551 2896 Ctepit
1582 2827 1689 2885 tum

107 2896 254 2974 Roma
309 2896 721 2974 «operimentum
766 2902 958 2957 Christi
1010 2896 1365 2972 perduellium.
1444 2901 1690 2972 Cognovit

110 2972 319 3044 tandem,
356 2972 493 3041 quod
531 2984 682 3027 antea
711 2989 814 3027 non
838 2974 1103 3042 credebat,
1135 2976 1392 3044 quomodo
1434 2974 1690 3029 Ecclesias

109 3041 153 3095 in
177 3045 394 3119 singulis
418 3044 627 3099 urbibus
654 3045 1019 3119 deportassem.

168 3113 359 3186 (c)'lta
387 3132 520 3171 mss.
567 3118 636 3170 Αι
661 3117 790 3172 editi
814 3158 828 3181 ,
857 3126 915 3170 ut
944 3117 1267 3173 sanctissimi.
1302 3119 1472 3172 Antea
1503 3116 1552 3169 itt
1583 3129 1683 3170 ms.

112 3182 226 3259 Vat!
243 3187 388 3248 has.,
420 3199 466 3242 et
490 3188 667 3259 impie,
693 3203 798 3243 non
822 3197 866 3241 et
892 3192 943 3242 iu
965 3189 1156 3258 ipsum.

171 3256 242 3330 (tl)
278 3259 336 3313 In
367 3273 498 3315 mss.
543 3256 752 3314 Martio.
780 3269 831 3314 et
854 3256 1037 3324 Colb.,
1063 3260 1118 3314 in
1144 3258 1400 3314 Christum
1428 3257 1693 3328 gentilium

111 3343 271 3401 titanas
296 3332 492 3386 inissa.
522 3330 580 3384 In
608 3332 728 3386 aliis
758 3345 971 3401 quoque
998 3348 1101 3386 non
1134 3330 1397 3399 repetitur
1422 3333 1475 3383 in
1499 3331 1690 3401 ipsum.

112 3397 225 3471 _Htec
246 3414 363 3467 post
388 3402 753 3458 Biterrensetn
777 3397 1059 3471 synodum
1091 3397 1391 3469 perpetrata
1419 3416 1541 3456 esse
1567 3399 1691 3453 nul-

113 3467 207 3524 lum
229 3472 341 3529 fere
362 3472 584 3529 dubium
608 3483 711 3527 est.
739 3467 870 3540 Quis
897 3488 1026 3527 vero
1046 3474 1133 3526 ille
1156 3467 1425 3534 Christus,
1450 3472 1501 3525 in
1533 3485 1691 3540 quem

113 3554 285 3598 manus
332 3545 549 3599 missae?
579 3543 694 3600 Non
723 3556 873 3599 certe
917 3543 1225 3607 Rodanius,
1257 3545 1344 3613 qtti
1392 3543 1612 3597 Biterris
1638 3543 1691 3595 in

114 3615 348 3670 exsilium
393 3615 632 3688 ejectus,
677 3615 744 3670 ad
774 3615 1059 3688 ecclesiam
1089 3630 1239 3669 suam
1288 3614 1464 3688 redire
1494 3627 1694 3688 nequa-

114 3698 257 3757 quam
298 3686 600 3757 permissus
642 3698 742 3742 est.
773 3686 1079 3741 Vehemens
1125 3687 1359 3755 suspicio
1398 3696 1481 3739 est
1522 3686 1693 3757 ipsum

119 3754 366 3812 Christum
427 3760 608 3813 vocari
657 3758 957 3813 veneranda
1012 3754 1257 3824 corporis
1307 3766 1363 3811 et
1416 3756 1692 3821 sanguinis

115 3825 294 3883 Christi
324 3838 697 3896 sacramenta;
727 3830 976 3890 idemque
1011 3827 1095 3882 hic
1120 3843 1274 3894 esse,
1308 3839 1360 3881 ut
1395 3828 1557 3881 sancti
1586 3841 1689 3879 me-

114 3913 216 3951 cttus
236 3900 547 3972 intelligunt.
579 3901 722 3970 quod
743 3900 868 3972 aliis
894 3900 1161 3972 Patrt'bus,
1187 3900 1277 3953 ubi
1300 3899 1368 3952 de
1388 3898 1579 3952 iisdem
1607 3912 1694 3949 sn-

116 3974 388 4026 cratncnsis
404 3970 715 4027 sermonem
739 3971 937 4026 habent
958 3970 1390 4033 reconditiorem,
1422 3972 1691 4038 vulgatum

118 4038 252 4106 illud,
281 4041 490 4099 Nos-unt
516 4043 714 4111 ﬁdeles.

174 4114 243 4183 ξε)
279 4114 513 4171 Verbum
537 4116 697 4179 dicta,
718 4113 857 4183 apud
885 4113 1000 4176 Er.,
1024 4113 1170 4183 Lips.
1195 4123 1249 4166 et
1267 4112 1389 4166 Par.
1407 4111 1688 4175 omissum,

117 4195 380 4240 revocatur
402 4201 471 4242 es
501 4184 634 4241 Bad.
660 4194 717 4240 et
748 4182 956 4251 septem
992 4182 1122 4239 mss.
1154 4184 1288 4238 Hinc
1333 4184 1480 4251 prius
1506 4182 1695 4237 malle-

119 4267 223 4326 tttus
249 4257 530 4323 maledica,
558 4258 710 4326 juxta
740 4258 875 4310 illud
902 4262 1047 4311 nunt.
1081 4256 1115 4310 6
1141 4272 1154 4308 :
1190 4254 1251 4309 Si
1282 4257 1415 4326 falsa
1439 4255 1689 4320 dictatus,

118 4323 304 4396 infantis
326 4332 391 4383 sit
411 4323 580 4384 sermo
610 4329 911 4383 maledicus.

180 4416 421 4494 (Diiditi
442 4465 459 4491 ,
495 4422 558 4475 de
598 4418 886 4494 Itisjudt'cct
914 4417 1167 4492 qucntodo
1194 4416 1248 4473 in
1277 4434 1330 4473 se
1349 4415 1692 4492 judicaudum

120 4496 181 4541 est
201 4491 219 4543 ὲ
241 4491 620 4548 dissidentibus
650 4491 779 4546 niss.

590 352 599 355 Α
879 290 1085 347 LIBER
1123 286 1403 347 CONTRA
1438 280 1923 345 CONSTANTIUM
1961 280 2480 340 IMPERATOREM.

95 409 208 458 runt
234 406 414 454 sancta
441 406 783 467 sanctorum,
811 410 865 457 et
897 402 1038 457 viam
1069 401 1168 457 sibi
1199 402 1343 458 omni
1369 417 1466 471 per
1497 415 1669 471 popu-
1699 405 1751 469 Α

3265 290 3372 347 59o

1849 396 1939 451 12.
1972 395 2050 450 De
2089 395 2339 452 Seleucia:
2377 395 2593 467 synodo.
2628 427 2698 436 —
2725 394 2876 453 Nunc
2918 399 3041 469 quia
3072 397 3186 454 haec
3209 443 3223 465 ,
3256 416 3378 473 quin

1776 491 2102 547 conscientia
2143 489 2356 561 publica
2390 493 2550 567 572
2579 499 2852 560 tenentur,
2881 508 2989 549 non
3027 494 3197 566 magis
3227 511 3254 548 a
3288 512 3377 553 me

1778 586 2063 643 maledicta
2090 598 2215 642 sunt
2240 587 2311 659 (ρ)
2339 586 2481 643 dicta
2509 604 2667 658 quam
2704 602 2859 654 vera;
2891 588 3045 644 sicui
3076 589 3128 643 in
3160 588 3378 647 Christo

1775 681 1983 752 reliqua
2008 695 2133 751 spes
2156 688 2270 746 est,
2301 681 2345 736 si
2372 682 2493 752 quis
2526 680 2712 751 jttdicii
2744 681 2885 737 diem
2928 683 3145 749 metuit,
3179 683 3223 738 si
3253 685 3373 754 quis

1775 770 1989 826 diabolo
2016 770 2379 838 renuntiavit,
2415 771 2458 826 si
2485 771 2606 840 quis
2632 787 2690 825 se
2723 779 3096 843 regeneratum
3129 772 3183 827 in
3209 774 3372 831 vitam

1776 861 2114 929 recordatur,
2142 861 2371 931 accipiat
2400 877 2517 932 qua:
2548 860 2692 926 dico,
2725 871 2779 918 et
2828 860 2896 935 (f)
2926 862 2995 917 de
3042 864 3125 919 his
3148 862 3372 935 judicio,

1776 970 1883 1024 quo
1912 956 1964 1008 in
1997 969 2055 1009 se
2080 952 2429 1023 iudicandum
2462 961 2572 1023 est,
2599 953 2819 1024 judicet
2854 954 2986 1021 Quae
3015 955 3158 1011 enim
3201 957 3378 1013 dictu-

1778 1060 1870 1101 rus
1898 1063 2017 1102 sum
2039 1087 2055 1115 ,
2087 1061 2193 1100 non
2238 1045 2457 1101 aliunde
2500 1046 2727 1117 cognovi
2756 1063 2768 1099 :
2800 1046 2894 1101 sed
2941 1046 3056 1115 ipse
3083 1048 3292 1118 audivi,
3327 1059 3382 1106 et

1776 1156 2019 1211 prtesens
2048 1140 2196 1197 adl'ui
2223 1158 2344 1197 cum
2366 1141 2709 1213 gerebantur.
2741 1142 2797 1196 lit
2823 1141 3040 1197 Christo
3065 1144 3245 1213 itaque
3271 1160 3375 1199 nott

1779 1233 2034 1298 mentior,
2067 1234 2189 1304 quia
2236 1233 2530 1303 discipulus
2561 1234 2638 1306 (g)
2672 1235 2949 1301 veritatis,
2985 1240 3138 1292 testis
3167 1252 3381 1308 quoque

1780 1341 1923 1383 nunc
1946 1327 2207 1383 veritatis.
2231 1328 2438 1384 Assisto
2465 1328 2573 1399 (die
2597 1328 2667 1382 27
2696 1329 2842 1399 Sept.
2868 1347 2957 1385 an.
2984 1328 3113 1403 559)
3133 1330 3382 1387 Orienta-

1779 1418 1909 1473 lium
1936 1418 1992 1472 in
2017 1417 2262 1475 Seleucia
2294 1418 2526 1491 synodo,
2558 1421 2646 1475 ubi
2673 1422 2848 1494 reperi
2885 1432 3090 1478 tantum
3120 1424 3379 1497 blasphe-

1778 1518 2031 1583 morum,
2050 1522 2307 1584 quantum
2353 1513 2666 1570 Constantio
2693 1515 2958 1587 placebat.
2987 1516 3119 1573 Nam
3154 1517 3233 1591 (Ιι)
3266 1519 3377 1590 pri-

1778 1622 1866 1662 tua
1914 1609 2221 1665 secessione
2272 1608 2325 1663 in
2364 1621 2426 1664 ea
2477 1608 2538 1680 (i)
2588 1608 2962 1681 deprehendi,
3035 1622 3093 1667 ut
3162 1620 3379 1667 centum

1708 1760 1758 1827 B
1784 1766 1950 1837 prima
1989 1765 2272 1837 secessione
2300 1780 2443 1830 mea,
2473 1764 2577 1837 vel
2601 1766 2653 1819 iu
2684 1782 2775 1833 ea;
2806 1768 3098 1836 utrumque
3135 1771 3280 1827 enim
3333 1774 3383 1827 itt

1782 1835 1919 1892 mss.
1949 1852 2054 1892 non
2088 1835 2245 1891 aliter
2284 1837 2538 1905 pingitur.
2570 1836 2650 1892 Ex
2682 1853 2790 1907 quo
2817 1839 3053 1895 efﬁcitur
3082 1856 3273 1897 sensus
3300 1859 3387 1900 re-

1780 1924 1898 1985 rutn
1936 1916 2205 1985 gestarum
2238 1908 2716 1985 veri-tati_pro_r_s_us
2742 1912 3109 1967 consentiens.
3142 1913 3388 1985 Namque

1785 1975 1959 2045 primo
1984 1978 2071 2033 die
2108 1975 2360 2033 Acaciani
2389 1993 2427 2048 a
2448 1975 2688 2048 Coitcilin
2715 1994 3072 2048 secesserant,
3104 1984 3183 2038 uti
3209 1975 3391 2041 narrat

1781 2050 2055 2113 Socrates,
2089 2048 2180 2101 lib.
2203 2062 2261 2112 ιι,
2290 2063 2339 2102 c.
2372 2047 2462 2104 39.
2486 2047 2622 2103 Tum
2652 2050 2750 2105 hac
2776 2051 3083 2108 secessione
3109 2053 3245 2109 fat-ta
3274 2054 3384 2111 dis-

1780 2121 2057 2196 criminari
2112 2118 2559 2196 ac__dittumerari
2607 2135 2890 2196 creperum
2926 2126 3022 2196 _qtti
3076 2125 3166 2180 uni
3216 2129 3387 2196 parti,

1820 2193 1943 2262 nive
1972 2189 2127 2262 alteri
2143 2188 2516 2262 adltmrcrent;
2544 2188 2880 2262 quodetiam
2907 2188 3258 2262 Athanasius,
3293 2188 3385 2254 lib.

1820 2208 1943 2245 Utve
1972 2207 2516 2255 attertauntererent;
2549 2207 2689 2261 quod
2720 2207 2880 2249 etiam
2907 2207 3258 2262 Atuanastus,
3293 2207 3385 2254 lit).

1783 2207 1852 2316 3e
1873 2260 2106 2335 Synod,
2128 2276 2178 2335 p.
2204 2260 2332 2328 881,
2367 2266 2517 2335 notat
2540 2261 2625 2335 his
2649 2265 2829 2318 verbis
2857 2283 2867 2317 :
2898 2265 3084 2335 Postea
3106 2268 3390 2323 secessione

1786 2331 1929 2407 facta'
1949 2331 2185 2407 disscissi
2196 2342 2338 2407 sunt,
2363 2333 2793 2407 aliiquefdcacio,
2814 2334 2905 2388 sed
2929 2338 3079 2404 pauci
3104 2348 3149 2390 et
3169 2341 3393 2407 suspecti

1785 2402 2082 2480 adlatura;
2233 2416 2372 2467 vero,
2403 2402 2489 2471 qui
2514 2403 2662 2456 illum
2699 2402 3040 2480 reliquerant,
3069 2402 3268 2480 magna
3296 2428 3394 2464 πα-

1787 2491 1925 2530 mero
1946 2478 2108 2547 fuere.
2136 2474 2292 2549 lla_ne_
2305 2483 2489 2549 autem
2514 2475 2877 2549 secessionem
2903 2477 3134 2534 Hilarius
3157 2474 3388 2549 primam

1794 2544 2095 2618 nuncupat;
2129 2544 2251 2613 quia
2283 2544 2442 2618 iidem
2474 2545 2746 2618 tertiodie
2773 2546 2968 2603 Leana:
2999 2544 3170 2618 Opera
3192 2566 3391 2608 conve-

1789 2615 2002 2671 nientes
2030 2616 2081 2669 in
2112 2630 2308 2685 unum,
2341 2615 2516 2668 denuo
2558 2616 2715 2671 unius
2748 2619 2917 2685 partis
2948 2615 3255 2676 secessione
3284 2623 3394 2679 dis-

1786 2688 1956 2759 jnncti
1980 2695 2129 2759 sunt.
2172 2684 2357 2759 Neque
2386 2686 2529 2759 enim
2560 2687 2671 2752 hic,
2706 2684 2762 2741 ut
2794 2691 3033 2744 nennnlli
3068 2700 3283 2759 putant,
3324 2694 3392 2749 de

1792 2757 2026 2833 secunda
2052 2757 2361 2833 secessione
2392 2757 2656 2825 loquitor;
2685 2774 2804 2833 eum
2836 2767 3020 2833 postea
3052 2757 3237 2817 narret
3265 2757 3389 2833 quid

1793 2830 1881 2884 die
1905 2830 2063 2884 tertio
2085 2839 2294 2899 gestum
2319 2829 2409 2899 sit,
2439 2842 2545 2896 quo
2571 2830 2791 2899 contigit
2818 2831 2989 2885 altera
3015 2833 3099 2886 illa
3126 2829 3387 2891 secessio.

1794 2900 1833 2955 li
1879 2901 2006 2970 ipsi,
2065 2898 2300 2972 priurum
2348 2898 2642 2953 editionum
2684 2898 2816 2954 falsa
2866 2901 3097 2957 lectione
3140 2904 3390 2972 addueti,

1795 2969 2111 3027 existimant
2153 2969 2410 3045 Hilarium
2458 2980 2585 3045 ante
2628 2988 2656 3023 a
2700 2971 2932 3027 concilio
2976 2986 3035 3029 se
3078 2969 3387 3045 recepisse,

1796 3056 1954 3115 quam
1979 3054 2167 3095 omnes
2194 3042 2246 3094 itt
2277 3055 2437 3115 unum
2462 3057 2497 3115 Ia
2526 3041 2704 3115 Leona
2732 3041 3386 3115 cotitgregarentur.’Quod

1798 3112 2123 3169 Conﬁrmant
2149 3126 2226 3187 ex_
2246 3113 2436 3187 verbis
2456 3112 2737 3187 Socratis,
2773 3114 2863 3168 llb.
2895 3112 2962 3178 tt,
2995 3130 3045 3171 c.
3074 3117 3167 3183 40,
3196 3112 3391 3187 quibus

1798 3192 2168 3240 memorantur
2187 3182 2436 3258 ‘Aeaciani
2458 3184 2533 3258 ad
2554 3185 2829 3258 concilium
2855 3201 3120 3242 occurrere
3147 3182 3391 3258 noluisse,

1795 3273 1857 3310 ea:
1882 3254 2425 3331 conventaejiciettdos
2455 3255 2599 3331 prius
2626 3271 2748 3331 esse
2760 3257 2984 3331 dicentes
3005 3300 3017 3320 ,
3052 3269 3157 3312 tum
3187 3275 3270 3314 eos
3308 3254 3396 3331 qui

1786 3329 1900 3398 jam
1927 3336 2077 3380 antea
2105 3324 2351 3398 depositt,
2382 3334 2490 3377 tum
2518 3326 2635 3398 illos
2663 3328 2749 3393 qui
2778 3328 2829 3379 in
2857 3331 3131 3397 prasentia
3168 3324 3397 3387 accusati

1795 3395 1959 3464 erant,
1989 3400 2158 3466 iisque
2180 3395 2399 3450 tandem
2422 3397 2653 3466 egressis
2675 3395 2989 3453 accessisse.
3014 3400 3081 3455 At
3105 3417 3169 3456 eo
3197 3402 3249 3455 in
3274 3400 3395 3458 loco

1794 3484 1901 3524 non
1928 3469 2003 3523 ait
2032 3468 2282 3538 Socrates
2327 3482 2576 3537 egresstts
2603 3482 2724 3521 esse
2752 3471 2841 3538 qui
2887 3469 3090 3525 dudum
3121 3481 3274 3526 erant
3300 3474 3393 3529 ab-

1793 3540 1997 3612 dicati:
2033 3538 2158 3604 sed,
2192 3537 2269 3612 li,
2299 3537 2471 3612 inquit
2490 3580 2504 3604 ,
2537 3540 2623 3606 qui
2652 3539 2703 3612 in
2728 3537 2919 3594 crimen
2959 3544 3123 3596 vocati
3147 3543 3389 3612 fuerant,

1793 3611 1982 3682 egressi
2026 3619 2181 3675 sunt;
2226 3609 2469 3682 Acaciani
2510 3624 2626 3682 vero
2656 3610 2915 3666 introiere.
2967 3609 3167 3667 Hilario
3210 3609 3391 3670 autem

1796 3679 2003 3736 nullum
2034 3683 2237 3753 crimen
2268 3679 2539 3753 objectnm
2584 3681 2775 3735 fuerat.
2824 3682 3025 3738 Deinde
3055 3684 3175 3753 quis
3206 3687 3393 3741 credat

1794 3767 1916 3807 etttn
1944 3767 1973 3805 a
2002 3751 2235 3806 concilio
2263 3752 2565 3817 expulsum,
2595 3764 2716 3805 cum
2741 3754 2921 3806 Statim
2949 3754 3017 3809 ab
3058 3751 3231 3817 initio,
3269 3756 3393 3812 Sul-

1794 3824 1935 3893 picio
1965 3832 2121 3887 teste,
2154 3821 2247 3875 lib.
2281 3836 2316 3875 tt
2344 3862 2359 3887 ,
2394 3820 2649 3892 Exposita
2676 3822 2779 3890 ﬁde
2798 3839 2889 3878 sua
2919 3824 2971 3878 in
3000 3828 3288 3881 societatem
3312 3846 3369 3883 re

1794 3903 1970 3965 ceptus
2003 3893 2333 3965 Concilioqtte
2358 3895 2587 3965 adscitus
2633 3895 2736 3965 sit?
2759 3896 2893 3949 Cum
2932 3895 3095 3950 etiam
3144 3902 3385 3954 omnium

1794 3962 2228 4037 benevolentiam
2270 3962 2370 4019 sibi
2418 3963 2515 4037 ita‘
2536 3964 2872 4037 conciliarit,
2904 3977 2962 4021 ut
2997 3968 3077 4022 vel
3109 3970 3210 4037 ipsi
3238 3968 3386 4026 Ano-

1794 4038 1920 4091 mtei
1951 4051 2045 4090 sua
2088 4036 2139 4089 ei
2183 4048 2339 4089 sensa
2380 4034 2715 4089 conﬁdenter
2744 4036 3041 4105 aperirent.
3084 4034 3167 4092 Nil
3211 4042 3389 4106 itaque

1793 4108 1969 4180 cogit,
2004 4117 2061 4159 ut
2086 4121 2207 4159 eum
2253 4120 2281 4157 a
2320 4106 2552 4180 Concilio
2582 4111 2872 4180 recessisse
2898 4108 3244 4163 arbitremur.
3282 4111 3390 4166 Ne-

1794 4175 1899 4248 que
1945 4187 2228 4251 propterea
2276 4176 2614 4251 sentiendum
2654 4186 2765 4251 est,
2796 4175 2970 4246 ipsum
3003 4190 3095 4232 ant
3132 4181 3388 4251 ligyptios

1794 4245 2077 4322 episcopos
2117 4249 2165 4322 ei
2212 4249 2497 4322 conventui
2540 4245 2880 4322 interfuisse,
2925 4252 2976 4322 in
3008 4245 3388 4322 QUOAft‘tvt'illilitl

1795 4316 2096 4376 A'ntioch‘tze
2138 4319 2190 4372 itt
2243 4319 2507 4371 lincatniis
2548 4316 2687 4390 edita
2721 4316 3223 4390 subscriptionibus
3272 4332 3385 4378 rata

1793 4391 1932 4446 facta
1957 4401 2076 4446 est:
2109 4391 2347 4458 privatus
2377 4390 2520 4442 enim
2550 4387 2649 4443 l'nit
2674 4389 2766 4443 ille
2791 4387 3111 4459 conventus,
3137 4403 3192 4449 et
3219 4409 3286 4449 ex
3317 4396 3384 4451 iis

1794 4464 1924 4519 solis
1951 4464 2214 4526 constitit,
2241 4459 2333 4529 qui
2363 4459 2699 4515 homteusion
2725 4461 3109 4518 defendebant.

807 4563 1089 4634 discipulus
1112 4560 1335 4638 veritatis
1359 4560 1540 4638 assis_t_o
1564 4575 1582 4613 :
1610 4559 1690 4638 ιο·
1715 4536 1769 4597 D
1867 4563 1951 4638 (i)_
1970 4561 2200 4638 Excusi,
2236 4561 2551 4638 deprehendi
2589 4573 2641 4614 ut
2671 4559 2929 4638 Christum
2958 4562 3156 4638 Iesum,
3184 4577 3387 4620 centum

120 4631 467 4693 cns't'nutilus.
506 4634 858 4690 Restauratur
885 4631 952 4689 ex
992 4650 1119 4689 mss.
1159 4633 1273 4685 Val.
1306 4632 1446 4698 bas.,
1476 4631 1687 4686 Martin.

122 4713 169 4757 et
192 4702 333 4761 Colb.
367 4709 468 4762 hoc
493 4723 658 4762 Sonsu
692 4724 704 4759 :
737 4708 859 4777 quia
904 4720 955 4761 ut
993 4705 1287 4775 discipulus
1309 4702 1583 4777 veritatis,
1620 4703 1693 4757 ita

123 4787 254 4850 nunc
280 4794 488 4850 quoque
516 4778 671 4834 testis
709 4775 824 4833 sunt
854 4776 1113 4833 veritatis.
1146 4781 1251 4831 Aut
1277 4775 1321 4850 si
1359 4775 1578 4850 verbum
1610 4790 1696 4850 as-

124 4844 236 4900 siste
264 4844 421 4907 matet
447 4852 569 4920 quis
602 4859 923 4905 connectere
968 4864 1087 4920 cum
1131 4847 1528 4920 superioribus;
1571 4846 1694 4920 quia

124 4925 235 4996 [ξοξι
259 4915 500 4996 _Steqn‘ttur
544 4922 630 4996 ubi
659 4923 823 4990 reperi
852 4936 970 4991 non
1016 4919 1100 4996 ubi
1145 4915 1342 4988 reperio
1366 4915 1695 4996 {‘leg'endttm

126 4987 303 5062 demde
324 4986 424 5049 erit
449 5008 573 5049 eum
594 4986 804 5046 duobus
835 4988 1120 5062 postremis
1147 4986 1273 5044 nos.
1293 5007 1332 5062 θεᾷ
1360 4986 1697 5041 Orientalium

127 5060 174 5114 in
200 5052 686 5138 Seleuciusyuodum
704 5052 886 5136 repeii,
920 5062 1256 5138 ubl,_tantutn
1278 5060 1691 5138 blaspltentorunt

128 5130 481 5206 98!,quantwu;
504 5147 609 5206 etc.
637 5130 967 5206 Quamquam
994 5136 1086 5190 lib.
1114 5150 1170 5206 ιιι
1191 5133 1257 5186 de
1278 5130 1496 5193 Trtnit.,
1520 5148 1570 5206 n_.
1598 5130 1689 5206 2t),

124 5199 248 5287 jattt'
270 5199 489 5287 legimus
519 5225 532 5261 :
565 5199 1004 5275 Dominus-ﬁdem
1032 5202 1693 5287 confirmaturi“.‘assistit',

389 5282 619 5353 corporis
647 5288 692 5332 et
718 5268 1063 5332 contrectandi
1084 5268 1303 5353 vulneris
1330 5268 1506 5327 obtulit
1533 5271 1696 5353 [acul-

132 5346 269 5421 ττζζξάξ
294 5367 312 5405 :
342 5350 428 5406 ubi
474 5346 687 5420 tempus
732 5364 971 5421 praesens
1013 5349 1234 5421 assistit,
1272 5346 1336 5421 in
1377 5346 1698 5398 narrationis

134 5414 356 5487 θὶιίέκῐεω
384 5424 526 5480 serie
553 5414 754 5492 eicittii
783 5426 1110 5492 praeteritum
1140 5418 1338 5472 obtulit.

198 5498 270 5573 (lt)
305 5502 363 5559 In
394 5504 640 5576 vulgatis,
689 5512 820 5579 post
846 5503 1173 5579 secessionem
1201 5514 1380 5579 nteant:
1413 5494 1519 5579 Pro
1552 5500 1698 5579 pios'l‘,

138 5563 310 5635 οιῐίιιέε
328 5563 544 5637 aemilio
570 5563 699 5633 mss:
735 5574 939 5648 habent
969 5574 1229 5648 p_rimam_:
1256 5574 1319 5623 ac
1346 5563 1698 5648 deindejl‘ell.

141 5650 483 5706 successionem
512 5665 696 5713 meum,
726 5644 856 5707 δην.
890 5639 1161 5719 sessionem
1185 5643 1236 5695 in
1262 5657 1351 5706 ea;
1376 5639 1596 5719 reliqui,
1627 5651 1705 5716 st:-

142 5721 397 5789 ngsionem
420 5738 600 5777 meam.
630 5707 906 5789 Eitpuncta
926 5718 1101 5789 littera
1121 5731 1192 5780 m,
1216 5728 1334 5789 qua:
1358 5707 1705 5789 vetet-ibusﬁin

145 5786 281 5849 libris
320 5793 373 5849 in
416 5795 520 5849 line
558 5780 842 5847 verbo-rum
886 5786 1184 5857 smpissime
1231 5780 1499 5846 abundat,
1540 5785 1711 5833 restat

1792 4646 1840 4691 el
1866 4632 2087 4707 quinque
2115 4633 2341 4707 episcopi
2368 4632 2673 4707 ὁμοιούσιον.
2703 4635 2758 4687 id
2781 4646 2884 4697 est,
2919 4636 3182 4689 dissimilis
3216 4653 3387 4693 essen-

1795 4704 1898 4769 me,
1917 4706 2112 4760 additis
2128 4704 2467 4771 quibusdam,
2491 4706 2732 4774 pluribus
2749 4707 2989 4761 omissis:
3016 4718 3386 4764 reStaurantur

1796 4793 1862 4833 ex
1887 4794 2015 4832 tnss.
2043 4776 2305 4831 Vaticana:
2335 4776 2588 4841 basilicae,
2618 4776 2933 4829 Martiniano
2960 4790 3013 4831 et
3035 4778 3342 4832 Colbertitto
3366 4796 3380 4833 :

1798 4866 1918 4903 cum
1961 4850 2223 4903 nescieris
2257 4848 2416 4902 etiam
2458 4846 2596 4902 absit
2625 4844 2885 4899 Christum
2912 4846 3110 4901 Iesum.
3136 4847 3388 4906 Tcsmtut‘

1799 4918 2013 4991 quidem
2044 4919 2319 4991 Socrates,
2349 4919 2438 4970 lib.
2473 4933 2529 4982 tt,
2565 4933 2613 4969 c.
2642 4916 2732 4984 59,
2760 4933 2790 4970 a
2819 4930 2967 4991 parte
2997 4920 3383 4991 _Anommorutn

1800 4989 2015 5045 stetisse
2038 4989 2250 5060 triginta
2272 5001 2501 5060 quatuor
2526 4991 2827 5060 episcopos,
2858 4989 3186 5060 Epiphanius
3208 4999 3386 5047 autem

1801 5061 1934 5117 hzer.
1963 5057 2193 5123 antfn.
2222 5057 2312 5130 26.
2345 5067 2451 5113 tres
2477 5074 2635 5128 supra
2658 5058 3001 5128 quadraginta
3035 5077 3046 5111 :
3077 5062 3170 5115 sed
3199 5063 3389 5130 majori

1803 5132 1906 5187 tide
1936 5132 2127 5202 dignus
2157 5138 2241 5184 est
2265 5129 2499 5202 llilarius
2523 5130 2675 5202 testis
2697 5131 2958 5202 oculatus,
2986 5130 3197 5186 favente
3221 5129 3393 5187 Atha-

1803 5202 1975 5269 nasio,
2001 5199 2108 5255 'lib.
2151 5202 2219 5254 de
2258 5199 2486 5270 Synod.,
2536 5216 2588 5269 p.
2615 5199 2742 5265 88!,
2792 5199 2879 5253 tthi
2908 5203 3126 5255 eosdem
3167 5218 3394 5261 nnmcro

1805 5269 2318 5345 paucosgexstitisse
2367 5270 2574 5345 scribit.
2624 5270 2737 5345 lino
2784 5271 3047 5345 Socrates
3078 5271 3144 5326 ad
3200 5275 3387 5330 Hilarii

1802 5340 2123 5400 sententiam
2150 5340 2380 5409 quodam
2409 5340 2568 5397 tundo
2596 5341 2754 5406 redit,
2781 5356 2831 5395 c.
2875 5340 2977 5408 40,
3020 5343 3146 5398 dum
3174 5348 3391 5401 nomina

1804 5431 1989 5471 eorum
2033 5425 2347 5475 recensens,
2396 5427 2531 5480 quos
2574 5426 2697 5492 pars
2736 5412 3017 5468 Acacianis
3047 5414 3271 5492 adversa
3302 5428 3397 5473 aut

1805 5490 1872 5542 ab
1895 5488 2224 5556 episeottatu,
2250 5492 2339 5536 aut
2360 5496 2392 5535 a
2411 5486 2791 5556 communione
2813 5498 2907 5538 sua
2931 5486 3178 5551 removit,
3200 5501 3392 5544 novem

1806 5554 2082 5627 depositos
2106 5556 2373 5617 nominat,
2408 5554 2737 5627 totidemque
2764 5565 2918 5627 extra
2956 5560 3391 5614 communionem

1806 5622 1993 5702 factos.
2027 5626 2193 5702 Porro
2207 5634 2402 5702 _totum
2446 5622 2734 5702 concilium
2757 5622 3099 5702 ‘AtlLanasius
3125 5632 3397 5702 episcopis

1808 5701 2025 5757 circiter
2047 5697 2173 5764 160,
2203 5698 2452 5768 socrates
2474 5696 2691 5755 deﬁnite
2714 5695 2840 5767 160,
2867 5696 3241 5761 Theodoretus
3270 5695 3398 5768 150,

1809 5770 2121 5829 constitisse
2148 5765 2385 5825 tradunt.
