3936 6196
540 247 644 307 591

1743 216 1988 293 ssnon
2025 229 2286 288 lllLARll
2328 225 2634 287 EPISCOPI

3398 188 3463 195 ν...-

3720 218 3812 275 592

544 373 600 420 et
635 361 873 435 quinque
913 357 1150 430 episcopi
1184 352 1559 417 hommusion,
1593 350 1645 406 id
1687 358 1803 415 est,
1832 347 2022 404 similis
2049 363 2138 403 es-
2168 350 2216 410 Α
2244 346 2289 403 Ο
2318 347 2543 402 miseras
2571 356 2731 398 aures
2755 353 2924 409 meas,
2945 350 3066 412 qua:
3090 346 3195 394 tam
3219 337 3446 394 funesta:
3474 333 3622 389 vocis
3645 345 3811 389 sonum

544 456 736 512 sentix:
760 452 1136 525 praedicarent,
1160 458 1217 506 et
1237 449 1423 504 decem
1451 455 1506 503 et
1527 460 1720 501 novem
1744 441 2142 507 anomteusion,

544 546 598 603 id
655 557 739 602 est
788 542 1066 598 dissimilis
1120 540 1411 606 essentiie,
1479 535 1874 622 prqlitercntur,
1930 544 1987 590 et
2041 532 2143 588 soli

546 636 782 709 [Egyptii
809 643 1006 706 praeter
1026 632 1450 689 Alexandrinum
1480 628 1791 685 haereticum
1819 624 2145 697 (Georgium)

546 726 866 785 homousion
893 723 1330 780 constantissime
1359 721 1686 777 obtinerent.
1718 717 1878 790 573
1906 715 2147 787 Cogente

547 819 785 893 (Concilii
828 818 885 875 5°
928 818 1034 889 die)
1101 818 1280 889 itaque
1327 815 1507 871 Leona
1572 811 1814 878 Comite,
1878 811 1930 865 in
1979 823 2144 863 unum

545 928 735 968 omnes
763 911 839 984 (a)
865 913 1176 982 congregati
1218 916 1364 965 sunt.
1397 908 1475 965 Ex
1520 907 1631 975 his,
1672 906 1765 975 qui
1805 902 2145 960 bommusion

546 1006 935 1079 prmdicabant,
960 1007 1125 1078 aliqui
1148 1005 1406 1061 nonnulla
1431 1005 1519 1077 pie
1538 1002 1722 1061 verbis
1745 1001 2144 1074 prrferebant:

540 1101 684 1174 quod
712 1110 767 1157 et
791 1117 860 1157 ex
890 1101 1000 1157 Deo
1024 1108 1189 1167 esset,
1224 1098 1274 1154 id
1298 1106 1405 1164 est,
1430 1099 1499 1153 de
1529 1097 1832 1152 substantia
1863 1093 1955 1151 Dei
1982 1093 2145 1160 illius,

537 1203 595 1251 et
623 1209 838 1264 semper
880 1192 1090 1248 fuisset.
1132 1191 1233 1261 Qui
1261 1205 1393 1247 vero
1429 1190 1504 1261 (b)
1540 1187 1918 1245 anomoeusion
1956 1184 2145 1241 defen-

537 1287 762 1354 debant,
795 1285 928 1341 nihil
957 1286 1061 1341 nisi
1089 1284 1526 1357 profanissimum
1551 1282 1870 1338 asserebant
1901 1298 1914 1334 :
1946 1294 2149 1351 negan-

541 1390 624 1437 tes
653 1380 942 1452 quidquam
981 1379 1302 1434 substantia:
1334 1377 1426 1432 Dei
1461 1376 1636 1432 simile
1663 1391 1785 1431 esse
1826 1390 2017 1444 posse,
2048 1388 2145 1430 ne-

541 1489 648 1543 que
677 1473 745 1528 de
788 1473 901 1529 Deo
945 1487 1104 1544 posse
1132 1471 1399 1528 exsistere
1420 1470 1852 1541 generationem,
1884 1467 1980 1523 sed
2025 1482 2149 1524 esse

538 1561 815 1622 Christum
857 1573 1196 1630 creaturam;
1228 1561 1303 1636 (c)
1338 1564 1409 1617 ita
1434 1561 1577 1634 quod
1605 1571 1820 1618 creatus
1849 1568 1967 1627 est,
2015 1558 2066 1615 id
2097 1559 2147 1615 ei

538 1658 793 1714 nativitas
820 1656 1212 1728 deputarelur:
1243 1671 1313 1712 ex
1353 1655 1525 1711 nihilo
1559 1663 1739 1711 autem
1772 1668 1925 1720 esse;
1967 1663 2023 1709 et
2060 1651 2145 1708 id-

535 1753 684 1809 circo
710 1767 816 1807 non
842 1765 965 1807 esse
986 1750 1180 1816 tilium,
1211 1764 1312 1805 nec
1339 1748 1451 1805 Deo
1472 1748 1728 1804 similem.

610 1845 701 1899 15.
731 1843 1078 1914 Blaspliemia:
1118 1841 1319 1914 publice
1360 1841 1693 1896 recitatw.——
1718 1840 1936 1911 Loquor
1960 1846 2139 1895 autem

540 1938 717 2005 vobis,
746 1936 889 2009 quod
916 1951 1016 2007 ego
1037 1936 1155 2007 ipse
1177 1935 1394 1991 recitari
1424 1936 1476 1989 in
1503 1944 1776 1991 conventu
1808 1933 2023 2005 publice
2049 1948 2143 1987 au-

535 2028 670 2095 divi,
704 2029 787 2100 (d)
817 2028 959 2099 quod
981 2026 1307 2099 praedicante
1334 2032 1592 2097 episcopo
1614 2027 1910 2082 Antiochia:
1944 2040 2146 2095 excep-

542 2130 656 2178 tum
683 2118 1001 2176 habebatur.
1032 2118 1159 2175 Haec
1182 2134 1311 2191 ergo
1342 2118 1413 2174 ita
1458 2118 1602 2175 dicta
1640 2134 1763 2175 esse
1792 2119 1861 2174 ab
1898 2133 1965 2174 eo
1995 2132 2147 2173 com-

492 2215 496 2218 ’
537 2212 1019 2269 memorabantur:
1058 2229 1076 2262 ι
1116 2211 1245 2266 Erat
1275 2211 1438 2277 Deus,
1490 2210 1633 2282 quod
1679 2217 1782 2266 est.
1832 2209 1995 2265 Pater
2034 2224 2142 2265 non

535 2313 683 2372 erat,
713 2304 837 2377 quia
869 2319 1044 2374 neque
1072 2304 1122 2360 ei
1146 2303 1315 2358 Filius
1344 2322 1359 2359 :
1387 2318 1511 2359 nam
1538 2304 1583 2359 si
1614 2303 1775 2367 filius,
1807 2316 2034 2359 necesse
2061 2308 2147 2357 est

536 2408 599 2456 ut
622 2410 679 2456 et
734 2398 935 2455 femina
965 2398 1055 2463 sit,
1078 2406 1134 2452 et
1161 2396 1519 2468 colloquium,
1554 2396 1627 2468 (ο)
1657 2404 1713 2452 et
1734 2395 2138 2463 sermocitmio,

532 2501 591 2549 et
618 2489 930 2561 coniunctio
955 2488 1256 2560 coniugalis
1282 2488 1467 2557 verbi,
1500 2497 1556 2544 et
1586 2487 2015 2544 blandimentum
2037 2529 2052 2554 ,
2084 2493 2141 2543 et

533 2596 872 2657 pOStremum
916 2582 985 2638 ad
1027 2582 1398 2655 generandum
1444 2580 1709 2638 naturalis
1749 2580 2075 2636 machinula.
2117 2597 2137 2632 ι

608 2751 688 2823 (ιι)
714 2749 781 2823 In
797 2746 1050 2823 vulgatis,
1078 2746 1373 2823 congregati
1391 2753 1512 2823 sunt
1541 2760 1603 2823 ea:
1631 2743 1719 2823 his
1734 2743 1822 2808 qui
1853 2741 2150 2823 ὁμοιοὶξσιον

538 2814 918 2892 ρηὲάὶεαραηιῖ
959 2817 1133 2887 Aliqui
1177 2814 1353 2872 eorum
1393 2832 1411 2892 ς
1463 2816 1656 2892 vitiosa
1700 2814 2147 2892 interp'unctione

533 2886 701 2948 falsus
727 2890 964 2947 efficitur
992 2902 1188 2944 sensus
1208 2929 1221 2950 ,
1254 2888 1405 2957 quasi
1439 2887 1543 2943 soli
1574 2886 1611 2941 ii
1638 2902 1665 2940 a
1700 2886 1882 2941 Leona
1914 2900 2148 2957 congre-

533 2965 643 3035 gati
671 2964 802 3026 sint,
827 2961 920 3032 qui
950 2956 1291 3015 hommusion
1319 2957 1710 3035 pra‘dicabaut.
1737 2956 2148 3035 Abundatﬂquo-

534 3024 658 3106 que
674 3024 947 3105 postrema
973 3046 1080 3085 vox
1106 3024 1454 3099 eorum,'quae
1474 3028 1803 3084 auctoritate
1831 3041 1961 3082 mss.
1987 3024 2143 3082 Cblb.

535 3105 591 3163 et
618 3105 833 3161 Martio.
867 3110 1203 3158 removetur.

613 3151 1201 3248 ξῑῑ·έά’ί⁷ιί·,’”ιξιῑεζεςέίδί
1546 3170 1931 3243 defendebant:
1957 3183 2146 3225 emen-
2171 3151 2216 3214 c

536 3242 735 3303 dantur
764 3261 829 3300 ex
865 3242 1164 3314 potioribus
1195 3242 1327 3298 mss.

610 3316 680 3388 (ιτ)
716 3315 844 3370 Post
867 3311 949 3369 ita
977 3314 1279 3388 supplendo
1305 3322 1392 3374 ut,
1426 3312 1767 3388 integraerit
1792 3311 1954 3368 lectio
1972 3326 2142 3388 quam

534 3383 856 3445 exhibemus
887 3400 953 3441 ex
995 3383 1098 3440 lide
1126 3399 1257 3439 mss.
1302 3399 1426 3438 cum
1461 3385 1607 3446 prius
1637 3384 1931 3451 legeretur,
1960 3383 2150 3451 Itaque

535 3458 673 3529 quod
701 3466 910 3529 creatus
933 3464 1081 3529 esset.
1114 3454 1406 3529 Tummss.
1440 3452 1598 3529 Colb.
1623 3463 1681 3508 et
1706 3453 1948 3529 Martin.,
1974 3456 2028 3507 in
2050 3452 2149 3508 Dei

535 3522 819 3586 i'iativitale.
872 3526 1170 3582 Ilmreticos
1212 3527 1455 3593 dicentes
1495 3541 1508 3576 :
1542 3523 1700 3577 Pater
1746 3522 1910 3588 Deus,
1952 3540 2150 3593 semper

538 3601 693 3655 etiam
720 3598 893 3654 Filius
923 3608 1155 3661 creatus;
1204 3592 1339 3650 iden‘i
1380 3595 1514 3648 enim
1556 3604 1631 3650 est
1659 3595 1715 3648 in
1754 3594 1863 3649 Deo
1892 3592 2067 3649 creare
2101 3604 2150 3650 et

539 3673 795 3742 gignere_,_
826 3668 1296 3742 abAAutiochenis
1341 3665 1719 3742 Psathyriqnos
1763 3675 1985 3742 vocatos
2027 3681 2150 3723 esse

546 3735 712 3796 iradit
735 3738 1133 3805 Theodoretus,
1169 3738 1261 3792 lib.
1290 3753 1342 3792 tv
1373 3735 1572 3791 Hieret.
1607 3735 1738 3792 Fab.
1767 3752 1816 3792 c.
1849 3738 1904 3793 4.

622 3810 704 3937 ﬁt!)
740 3810 888 3864 Hanc
917 3809 1176 3879 optimam
1228 3807 1513 3863 lectionem
1562 3822 1705 3879 stcpe
1752 3807 1982 3863 laudatis
2012 3823 2144 3864 mss.

622 3907 625 3926 ›
654 3881 705 3935 b.
737 3889 793 3935 et
818 3879 972 3934 Mart.
992 3877 1273 3934 debemus.
1305 3878 1563 3932 Eamdem
1592 3878 1858 3937 expressit
1888 3880 2144 3934 Baronius

547 3877 705 3938 Colb.
737 3889 793 3935 et
818 3877 972 3934 Marti
992 3877 1273 3934 debemus.
1305 3878 1563 3932 Eamdem
1592 3877 1858 3947 expressit
1888 3880 2150 3934 Baronius

543 3953 611 4008 ad
644 3967 733 4006 an.
763 3952 894 4017 359,
927 3966 982 4003 n.
1020 3950 1107 4004 67.
1138 3949 1197 4003 In
1224 3948 1342 4003 aliis
1371 3959 1551 4020 autem
1584 3948 1756 4015 libris,
1785 3951 1923 4019 quod
1962 3950 2151 4020 prtuli-

542 4032 715 4079 catum
746 4020 1033 4075 Antiochia:
1063 4027 1329 4090 exceptum
1359 4018 1707 4074 habebatur...
1740 4018 1806 4074 ab
1833 4037 1891 4075 eo
1924 4018 2149 4075 comme-

454 4146 463 4152 ,
546 4102 817 4151 morantur
844 4108 863 4146 :
891 4092 1065 4162 primo
1108 4089 1265 4146 deest
1291 4105 1487 4144 nomen
1512 4132 1525 4155 ,
1579 4090 1646 4145 ad
1692 4090 1850 4162 quod.
1883 4092 2153 4162 referatur

543 4164 677 4222 illud
725 4163 788 4218 ab
834 4160 931 4229 eo;
960 4162 1157 4218 deinde
1187 4163 1318 4218 latet
1357 4163 1480 4231 quis
1525 4162 1618 4216 ille
1658 4160 1729 4216 sit
1759 4160 1950 4230 homo,
1996 4161 2151 4232 cujus

547 4235 937 4303 impudentiam
987 4232 1122 4287 infra
1171 4240 1353 4302 stupet
1400 4232 1670 4295 Hilarius;
1724 4245 1998 4303 postremo
2040 4250 2150 4287 non

553 4297 784 4362 habetur
811 4306 865 4358 in
895 4319 1055 4373 quem
1075 4297 1279 4375 cadant
1309 4303 1473 4375 verba
1508 4304 1667 4374 paqu
1697 4297 1813 4373 post
1843 4297 2147 4375 sequentia,

548 4372 1034 4448 comparasset,’ait.
1066 4372 1185 4428 Jam
1207 4389 1336 4448 vero
1360 4382 1416 4429 et
1442 4372 1646 4445 integra
1666 4372 1761 4448 est
1781 4372 1979 4439 oratio,
2013 4382 2070 4448 et
2097 4376 2148 4430 in

518 4490 519 4493 η
547 4444 854 4503 Ειιᾱόχὶιιπι
884 4444 1275 4515 Auommorum
1306 4444 1496 4500 ducem
1529 4444 1770 4515 apprime
1795 4447 2148 4503 conveniens.

542 4517 656 4574 Nec
683 4524 945 4587 repugnat
975 4516 1118 4587 quod
1141 4513 1537 4587 Tlieodoretus,
1568 4513 1665 4571 lib.
1707 4533 1759 4571 iv
1789 4518 1987 4573 Haeret.
2016 4517 2147 4571 lt‘ab.

543 4605 593 4645 c.
649 4589 706 4655 9.,
748 4585 1161 4660 ’scribit._’illum
1195 4585 1276 4660 ad
1319 4585 1720 4660 Seleuciensem
1762 4590 2029 4660 synodum
2061 4589 2142 4643 ire

543 4660 774 4733 iussum,
793 4658 1098 4733 accessisse
1117 4656 1358 4733 quidem,
1383 4657 1484 4733 _s_e_d
1517 4673 1622 4733 non
1647 4656 1984 4733 a_r_ts_um_esse
2013 4674 2144 4733 eon-

543 4727 755 4786 sessum
792 4728 1019 4799 ingredi.
1052 4728 1169 4783 Non
1203 4729 1348 4783 enim
1382 4727 1615 4783 Hilarius
1650 4729 1801 4794 dicit,
1834 4728 2142 4785 Eudoxium

550 4805 653 4857 hoc
678 4800 938 4858 Seleucia:
967 4799 1310 4870 praedicasse,
1339 4799 1432 4853 sed
1460 4814 1580 4853 cum
1610 4800 1745 4854 alias
1799 4800 2147 4870 praedicasset

553 4872 720 4942 (haud
747 4872 908 4926 dubie
938 4871 992 4942 in
1015 4886 1081 4925 eo
1106 4879 1404 4942 conventu,
1428 4886 1587 4940 quem
1614 4871 1935 4942 Antiochiae,
1965 4871 2143 4927 statim

550 4959 714 5014 atque
744 4942 955 5014 invasit
983 4941 1123 4997 hanc
1151 4941 1358 5006 sedem,
1393 4941 1753 5014 convocavit),
1794 4942 2010 5012 publice
2039 4942 2148 5014 flec-

544 5012 657 5069 tum
703 5029 824 5069 esse
869 5012 1161 5075 Seleuciai;
1204 5022 1259 5067 et
1298 5012 1512 5080 quidem
1544 5021 1849 5082 antequam
1887 5013 2142 5068 Acaciani

542 5101 740 5140 novam
774 5084 899 5139 ﬁdei
926 5083 1212 5138 formulam
1255 5084 1514 5139 cudereut
1537 5126 1551 5147 ,
1582 5095 1637 5138 et
1668 5084 1894 5152 proinde
1924 5087 1976 5139 in
2006 5099 2138 5140 con-

539 5171 694 5213 sessu
726 5155 919 5226 primo.
955 5154 1048 5226 llis
1078 5154 1380 5226 favctquod
1408 5163 1591 5210 narrat
1614 5155 2011 5220 Theodoretus,
2044 5158 2138 5211 lib.

538 5242 577 5282 tt
610 5225 746 5298 Hist}
779 5226 912 5298 ecel.
941 5241 992 5279 c.
1025 5225 1132 5298 27,
1162 5225 1468 5298 Eudoxium
1502 5226 1570 5298 ab
1599 5226 1885 5283 Ettstatliio
1914 5229 2141 5298 aliisque

536 5296 901 5354 Seleuciensis
928 5297 1119 5366 synodi
1157 5297 1344 5366 legatis
1376 5296 1515 5357 apud
1557 5298 1936 5365 imperatorem
1981 5296 2139 5354 accu-

537 5376 735 5433 satum,
769 5367 911 5437 quod
953 5367 1256 5438 horrendas
1291 5368 1355 5438 in
1399 5368 1494 5423 Dei
1537 5367 1735 5423 Filium
1772 5370 2137 5438 blasphemias

532 5435 887 5505 evomuisset,
937 5435 1239 5509 Constantii
1286 5437 1337 5491 iu
1371 5438 1452 5492 sui
1488 5440 1653 5508 ipsius
1700 5435 1924 5508 gratiam
1967 5457 2139 5509 quan-

534 5510 731 5565 tumvis
765 5509 1015 5579 pl‘OpCﬂSl
1047 5508 1181 5563 iram
1215 5518 1523 5579 temperare
1555 5526 1658 5583 non
1685 5513 1844 5567 aliter
1871 5512 2135 5583 potuisse,

530 5595 701 5704 quau:1
717 5593 902 5634 earum
930 5589 1213 5635 auctorem
1234 5594 1342 5635 non
1370 5594 1450 5648 se,
1481 5582 1573 5638 sed
1606 5584 1818 5638 Aetium
1847 5582 1970 5640 esse
1990 5582 2137 5638 aflir-

543 5665 665 5704 man
708 5664 762 5703 ο.

543 5664 762 5704 mando.

603 5718 672 5793 (ε)
701 5719 760 5774 ln
788 5717 1034 5791 vulgatis,
1066 5721 1377 5794 colloquium
1400 5724 1670 5797 sermonis,
1704 5733 1753 5781 et
1778 5727 2123 5801 compunctio.

2249 439 2551 502 audierunt,
2586 435 2703 490 huic
2733 434 2801 490 de
2826 435 2934 489 Deo
2963 433 3029 487 ab
3056 430 3274 485 homine
3304 428 3436 494 dici,
3462 438 3517 482 et
3538 427 3604 480 tle
3628 423 3814 480 Cltri~to

2249 532 2300 586 in
2330 530 2559 587 ecclesia
2591 526 2913 601 prmdicari!
2946 524 3073 579 Post
3105 522 3302 577 multas
3328 529 3512 575 autem
3544 519 3814 602 istiusmodi

2249 624 2575 695 impietates,
2601 637 2724 677 cum
2751 620 2966 675 Patrem
3007 628 3059 672 et
3085 615 3283 671 Filium
3311 630 3377 671 cx
3409 611 3710 668 nominibus
3735 628 3814 683 po-

2251 714 2355 771 tius
2397 729 2557 784 quam
2588 727 2655 768 ex
2700 721 2891 766 natura
2919 715 3318 779 comparasset,
3356 706 3477 761 ait:
3517 724 3537 758 ι
3573 703 3817 773 Quantum

2249 807 2392 863 enim
2422 804 2591 861 Filius
2619 818 2680 859 se
2731 801 2977 859 extendit
3004 815 3336 871 cognoscere
3366 798 3611 864 Patrem,
3641 806 3820 852 tantum

2250 900 2409 956 Pater
2454 895 2860 968 superextendit
2909 892 3067 966 se(f)
3123 908 3192 949 ne
3241 890 3494 963 cognitus
3537 888 3672 945 Filio
3695 890 3819 946 sit.i

2248 996 2453 1062 Quibus
2480 992 2741 1059 recitatis,
2773 991 3036 1047 tumultus
3066 999 3292 1045 exortus
3315 995 3421 1044 est.

2321 1085 2597 1160 575.14.
2630 1082 3113 1139 Dissimilitudinem
3153 1098 3255 1153 quo
3290 1097 3447 1136 sensu
3480 1079 3715 1134 damnent
3748 1095 3825 1135 ite-

2249 1191 2425 1253 gantes
2448 1177 2863 1233 similitudinem.
2892 1205 2963 1215 —
3003 1172 3139 1229 Cum
3168 1184 3347 1228 autem
3380 1171 3761 1228 intellexissent
3780 1180 3827 1228 et

2251 1275 2339 1340 hi,
2391 1271 2483 1345 qui
2533 1270 2847 1328 dissimilem
2899 1270 3070 1326 Deum
3120 1267 3343 1335 dicunt,
3391 1265 3658 1323 humanas
3690 1281 3827 1322 aures

2250 1373 2412 1420 tanta:
2446 1362 2738 1434 impietatis
2759 1361 2921 1418 verba
2949 1375 3055 1416 non
3082 1366 3430 1431 suscepturas
3453 1372 3610 1423 esse;
3639 1372 3828 1415 rursum

2251 1458 2304 1515 bi
2333 1458 2462 1530 ipsi,
2496 1456 2574 1531 (g)
2607 1455 2827 1512 fallaces
2859 1455 3038 1526 potius
3067 1469 3228 1526 quam
3272 1451 3536 1508 Ecclesia:
3574 1451 3828 1523 episcopi,

2253 1552 2411 1608 tidem
2440 1550 2701 1616 scribunt,
2733 1548 2814 1622 (li)
2833 1548 3155 1606 homousion
3175 1557 3232 1605 et
3253 1547 3601 1604 homteusion
3622 1554 3674 1602 et
3692 1546 3829 1603 dissi-

2251 1643 2612 1701 militudinem
2635 1640 2916 1698 damnant.
2939 1640 3094 1709 Quod
3118 1655 3242 1697 cum
3268 1637 3606 1695 contrarium
3634 1638 3691 1709 (i)
3718 1638 3829 1709 ipsis

2173 1743 2222 1804 B
2248 1754 2412 1796 sensu
2451 1736 2783 1793 audientium
2810 1742 2958 1791 esset
2990 1752 3005 1790 :
3036 1734 3151 1804 ipse
3174 1746 3277 1803 ego
3304 1730 3595 1803 quemdam
3623 1744 3821 1793 eorum,

2249 1832 2339 1904 qui
2371 1830 2511 1887 forte
2531 1828 2599 1884 ad
2623 1843 2711 1884 me
2735 1825 3147 1898 pertentandum
3165 1830 3497 1888 accesserat,
3519 1820 3672 1893 quasi
3696 1820 3829 1890 igno-

2249 1938 2376 1979 rans
2413 1936 2593 1979 rerum
2638 1930 2916 1991 gestarum
2973 1923 3324 1989 percontatus
3371 1929 3532 1981 sum,
3583 1911 3706 1981 quid
3742 1909 3829 1967 sibi

2250 2017 2416 2073 vellet
2442 2014 2580 2070 istud
2600 2055 2615 2079 ,
2648 2022 2705 2068 ut
2729 2013 2818 2084 qui
2848 2026 3009 2077 unam
3036 2008 3396 2066 substantiam
3425 2006 3552 2062 Filii
3581 2021 3701 2061 esse
3722 2020 3827 2060 cum

2254 2110 2413 2166 Patre
2442 2108 2820 2172 damnassent,
2854 2105 2941 2160 vel
2969 2119 3092 2160 esse
3112 2102 3309 2158 similis
3335 2102 3659 2158 substantia:
3684 2099 3831 2155 deue-

2253 2210 2492 2275 gassent,
2516 2198 3017 2256 dissimilitudinem
3039 2195 3379 2252 damnarent.
3403 2191 3559 2249 Tunc
3583 2192 3708 2247 milii
3730 2192 3828 2245 ait:

2258 2315 2279 2351 ‹
2315 2296 2586 2353 Christum
2616 2295 2728 2349 Deo
2747 2291 2979 2347 similem
3009 2306 3115 2345 nou
3145 2303 3290 2351 esse,
3319 2286 3414 2344 sed
3444 2285 3678 2342 similem
3704 2283 3829 2339 Patri

2250 2406 2392 2447 esse.
2422 2380 2449 2441 ἰ
2487 2389 2693 2444 Rursus
2715 2387 2820 2442 hoc
2858 2385 3143 2442 obscurius
3170 2381 3303 2439 mihi
3330 2380 3510 2436 adhuc
3544 2377 3826 2435 videbatur.

2254 2483 2330 2540 De
2356 2498 2462 2552 quo
2488 2496 2613 2538 cum
2647 2481 2843 2536 iterum
2883 2477 3277 2548 interrogarem
3298 2516 3314 2542 ,
3345 2482 3474 2531 tunc
3511 2472 3629 2530 hinc
3667 2471 3732 2527 ita
3760 2471 3833 2528 lo-

2252 2585 2410 2634 cutus
2438 2585 2558 2633 cst:
2596 2594 2615 2628 ι
2654 2575 2781 2631 Dico
2806 2588 2929 2630 eum
2959 2570 3278 2628 dissimilem
3307 2569 3419 2625 Deo
3444 2581 3590 2634 esse,
3616 2565 3827 2623 similem

2253 2737 2589 2808 Repouimus
2616 2734 2926 2808 colloquium
2954 2744 3000 2789 et
3028 2732 3491 2808 sermocinatio_ex
3535 2745 3662 2787 mss.
3688 2730 3824 2788 Colb.

2251 2820 2305 2867 et
2336 2802 2551 2873 Martin,
2581 2823 2645 2864 ac
2672 2802 2868 2863 deinde
2894 2817 2940 2860 et
2969 2807 3265 2879 coniunctio
3286 2819 3354 2859 ex
3381 2802 3610 2879 Carnut.

2322 2882 2394 2953 (I)
2421 2881 2742 2953 Trcsrmss,
2771 2894 2835 2932 ne
2875 2874 3110 2953 coquittis
3154 2874 3329 2953 Filius
3356 2875 3466 2953 sit:
3508 2875 3827 2953 prav_e._s_t_u-

2324 2945 2425 3008 ἤδη
2455 2951 2682 3005 Eudoxii
2711 2948 3069 3017 impudentia,
3099 2948 3187 3018 qui
3217 2963 3337 3001 cum
3369 2946 3486 3001 haec
3512 2946 3582 3002 de
3613 2945 3699 3000 Dei
3726 2946 3822 3018 lilio

2291 3024 2671 3093 laspliemaret,
2719 3019 2862 3093 Aetii
2893 3017 3226 3093 c_t‘Euuomii
3280 3017 3825 3093 patrocinium__susci-

2250 3087 2429 3161 piebat
2458 3113 2470 3149 :
2505 3108 2730 3161 quorum
2783 3092 2868 3146 hic
2898 3089 3241 3146 Tlieodoreto
3268 3097 3431 3155 teste,
3471 3088 3511 3143 l.
3544 3105 3596 3142 tv
3645 3087 3820 3161 llzeret.

2250 3159 2382 3222 Fab.
2423 3182 2472 3222 c.
2498 3159 2554 3231 5,
2587 3162 2938 3231 gloriabatur,
2960 3178 3030 3231 ise
3057 3161 3189 3216 nihil
3216 3165 3281 3214 de
3307 3161 3459 3215 rebus
3487 3160 3672 3214 divinis
3697 3159 3826 3231 igno-

2249 3256 2387 3303 rare,
2435 3240 2525 3292 sed
2543 3230 2546 3231 ⁷
2565 3230 2743 3304 ipsum,
2760 3235 2916 3289 etiam
2944 3230 3042 3286 Dei
3067 3234 3339 3304 essentiam
3382 3241 3560 3287 exacte
3580 3247 3641 3304 se
3666 3230 3824 3291 nasse.

2250 3300 2598 3379 eamdemque
2620 3305 2683 3379 de
2713 3303 3095 3379 Deo__notitiam
3117 3302 3341 3379 habere!
3367 3319 3525 3379 quam
3550 3300 3821 3379 Δθεῖαι-ινδιξ

2253 3381 2401 3436 habet
2450 3371 2514 3434 de
2556 3393 2609 3432 se
2632 3378 2784 3443 ipso;
2831 3376 2920 3430 ille
2964 3390 3091 3431 vero
3120 3375 3260 3443 apud
3277 3371 3677 3445 ngiphauium,
3706 3371 3819 3425 bar.

2252 3468 2438 3513 Lxxw,
2461 3467 2514 3505 η.
2545 3448 2599 3510 4,
2621 3462 2785 3502 ausus
2801 3446 3107 3502 estdicere:
3131 3446 3254 3502 Scio
3266 3443 3457 3509 Deum,
3472 3456 3519 3500 et
3536 3444 3662 3498 adeo
3679 3445 3827 3511 ipsum

2251 3524 2387 3587 novi,
2424 3532 2475 3575 ut
2503 3536 2567 3575 ne
2587 3517 2792 3587 quidem
2822 3534 2897 3571 me
2924 3518 3089 3587 magis
3119 3533 3347 3582 noscam,
3378 3533 3534 3583 quam
3564 3514 3821 3587 DeuInLAt

2246 3584 3083 3663 jam’observavitﬁthanasius,
3135 3588 3231 3643 lib.
3273 3588 3346 3663 de
3373 3587 3584 3663 Synod.
3627 3600 3662 3657 p

2250 3656 2481 3720 :Ariauos
2511 3659 2819 3717 hominibus
2848 3661 3086 3716 tribuere
3118 3675 3226 3716 non
3255 3656 3554 3727 dubitasse,
3588 3671 3706 3729 qua:
3727 3656 3824 3710 ﬁlio

2255 3736 2351 3791 Dei
2391 3743 2666 3791 necarent.

2304 3738 2351 3790 ei
2391 3743 2666 3790 necarent.

2324 3752 2351 3790 :t
2391 3750 2666 3797 negarent.

2324 3806 2401 3878 (g)
2449 3804 2591 3859 Editi
2620 3819 2743 3878 cum
2785 3816 2915 3878 mss.
2955 3800 3093 3878 Vat._
3126 3801 3270 3878 bas.,_
3314 3801 3531 3878 palatio.
3575 3801 3822 3878 Sex_mss.

2253 3871 2437 3947 palatii
2461 3892 2479 3930 :
2502 3875 2644 3946 quod
2669 3874 2954 3947 legendum
2973 3871 3588 3947 coiijectavit‘Latinius,
3612 3882 3667 3928 et
3686 3871 3829 3947 Baro:

2253 3942 2377 4003 nius
2406 3947 2471 4002 ad
2502 3942 2592 4001 an.
2623 3942 2751 4010 559,
2786 3961 2841 4001 ii.
2871 3945 2962 4009 (i8,
2997 3944 3246 4015 praitulit.
3292 3943 3487 4000 Verius
3517 3954 3690 3999 tamen
3721 3942 3826 3996 libri

2253 4018 2407 4075 Colb.
2437 4028 2492 4074 et
2520 4017 2736 4073 Martia.
2766 4017 3001 4086 fallaces,
3027 4031 3165 4085 quos
3189 4016 3441 4070 nimirum
3472 4015 3699 4070 Hilarius
3718 4027 3824 4086 per:

2253 4090 2525 4146 contando
2550 4082 2807 4158 expertus
2849 4098 2933 4143 est
2975 4082 3121 4143 aliud
3168 4086 3666 4158 praet'erregverbis,
3701 4082 3825 4138 aliud

2254 4164 2434 4216 animo
2460 4155 2663 4217 sentire
2698 4178 2711 4214 :
2740 4159 2988 4226 adeoque
3036 4173 3141 4213 non
3170 4155 3313 4214 'csse
3357 4155 3667 4227 episcopos,
3709 4169 3825 4227 quos

2256 4248 2405 4287 num.
2430 4232 2484 4299 6,
2511 4232 2775 4286 ministros
2798 4230 3048 4294 veritatis,
3071 4240 3126 4285 et
3146 4245 3296 4285 nutu.
3325 4226 3414 4292 12,
3446 4229 3667 4285 veritatis

2255 4305 2404 4375 pulos
2427 4317 2570 4375 esse.
2594 4317 2692 4375 suo
2725 4302 2946 4357 nomine
2975 4299 3293 4375 declaravit.

2328 4375 2406 4500 (ίῖ)
2439 4375 2512 4430 Ita
2540 4372 2673 4428 Bad.
2700 4388 2824 4456 eum
2848 4387 2980 4428 mss.
3010 4366 3133 4427 Vat.
3161 4372 3307 4456 ba.s.,_
3328 4370 3493 4457 Micb.
3511 4370 3716 4457 etSylv.
3738 4366 3823 4424 nisi

2330 4461 2362 4500 ο
2427 4451 2648 4500 careant
2683 4444 2939 4500 particula
2964 4453 3008 4499 et
3029 4453 3155 4498 ante
3180 4442 3668 4500 dissimilitudinem.
3700 4441 3823 4496 Hanc

2255 4441 2398 4517 quod
2427 4451 2648 4500 careant
2682 4444 3008 4517 particulaet
3029 4453 3156 4517 ante
3180 4441 3668 4517 dissimilitudinem.
3700 4441 3825 4496 Hauc

2259 4514 2572 4572 revocamus
2602 4531 2667 4570 ex
2694 4531 2824 4571 mss.
2858 4516 3009 4573 Colb.
3036 4522 3090 4571 et
3111 4514 3325 4571 Martio.
3362 4515 3414 4568 in
3445 4515 3643 4585 quibus
3672 4523 3824 4569 tamen

2256 4596 2435 4643 exstat
2477 4588 2579 4643 hoc
2607 4587 2834 4641 alterum
2865 4586 3170 4651 'mendum,
3214 4586 3356 4657 quod
3388 4601 3488 4657 pro
3518 4585 3822 4648 homousion,

2253 4658 2488 4716 habeant
2522 4659 2890 4714 aiiomusion.
2940 4658 3181 4715 Pessime
3224 4668 3406 4713 autem
3449 4659 3593 4719 Min,
3627 4658 3755 4726 Lips.
3780 4662 3826 4708 et

2252 4729 2374 4803 Par.
2437 4741 2558 4799 post
2603 4729 2922 4803 Erasmum,
2974 4729 3129 4803 ﬁdem
3170 4731 3406 4803 scribunt
3443 4729 3824 4803 opoucioulnel

2253 4796 2549 4874 ὁμοιουέτίου
2577 4796 3045 4855 dissimilitudinem
3085 4800 3349 4856 damnant.
3381 4796 3563 4856 Palam
3591 4809 3671 4856 est
3698 4796 3823 4853 Hila-

2256 4875 2392 4927 rium
2435 4874 2526 4928 hic
2567 4874 2840 4929 resoicere
2887 4875 2939 4927 in
2969 4871 3254 4927 formulam
3302 4871 3371 4929 ab
3415 4870 3616 4927 Acacio
3654 4870 3824 4925 Leonte

2287 4889 2392 4927 ιυιιι
2435 4884 2526 4928 llic
2567 4887 2840 4928 resotcere
2887 4890 2939 4927 ιη
2969 4884 3254 4927 formulam
3302 4884 3371 4928 ιιι)
3415 4884 3616 4927 Αωοιο
3654 4884 3753 4925 ιιθο

2257 4888 2392 4927 rium
2435 4887 2526 4928 mc
2567 4887 2840 4943 respicere
2887 4890 2939 4927 in
2969 4887 3254 4927 tormutam
3302 4887 3371 4929 ao
3415 4887 3616 4927 macto
3654 4887 3822 4925 Lentuli

2257 4954 2584 5013 porrectam,
2614 4952 2671 4998 et
2699 4946 2749 4997 in
2785 4942 2944 4999 tertio
2986 4940 3347 5000 Seleuciensis
3375 4944 3568 5008 synodi
3595 4951 3822 5013 consessu

2255 5008 2502 5083 ejusdem
2536 5015 2729 5070 Leonas
2756 5029 2918 5084 opera
2950 5014 3265 5084 perlectam,
3296 5016 3347 5067 iii
3379 5030 3486 5080 qua
3523 5013 3658 5082 apud
3682 5008 3824 5084 Allia:

2248 5079 2479 5151 nasiuiu,
2500 5086 2592 5140 lib.
2612 5087 2679 5141 de
2691 5079 2920 5156 Synod"
2943 5079 2993 5154 ί».
3017 5085 3143 5150 904,
3174 5094 3230 5140 et
3260 5079 3406 5154 apud
3424 5079 3819 5156 Socrateui,_lib.

2247 5159 2504 5231 "£0.40,
2540 5150 2817 5231 occurrit,
2838 5157 2896 5211 τὸ
2920 5150 3012 5231 μὲν
3033 5150 3311 5231 ὁμοούσιοιῖ
3334 5160 3420 5213 καὶ
3447 5158 3507 5231 τὸ
3532 5150 3825 5231 mutandam

2249 5180 2305 5217 tt,
2339 5180 2389 5213 c.
2418 5180 2504 5221 4U,
2540 5180 2805 5217 occurrit,
2838 5180 2896 5211 το
2920 5180 3012 5231 μεν
3033 5180 3304 5231 ομοουσιον
3334 5180 3420 5213 και
3447 5180 3507 5213 το
3535 5180 3561 5212 o
3603 5180 3824 5212 omowsw

2243 5229 2543 5305 iugaliousu
2574 5231 2643 5290 ὡς
2694 5225 2957 5305 ciperem?
2990 5237 3099 5305 Δ’τῷν
3142 5237 3377 5305 (parpar
3420 5230 3483 5284 τὸ
3514 5180 3602 5305 ﬁ:
3625 5224 3825 5298 ἀνόμοιον

2244 5299 2694 5372 evertendarum».
2724 5299 2879 5369 Apud
2907 5299 3488 5372 Epiphaniam—autem,
3513 5300 3641 5354 Iner.
3661 5306 3823 5372 txxuti

2247 5386 2302 5444 n_.
2336 5368 2434 5435 25,
2480 5368 2822 5426 desideratur
2851 5368 3304 5444 νοιξὸμοιοούσιον
3325 5387 3535 5444 ,‘quam
3562 5368 3824 5426 restituen-

2249 5442 2372 5495 dum
2408 5444 2580 5514 liquet
2622 5452 2733 5496 tum
2781 5459 2848 5498 ex
2897 5441 3193 5498 Athanasio
3240 5451 3296 5499 et
3342 5442 3585 5508 Socrate,
3634 5448 3733 5495 tum
3766 5446 3820 5488 ex

2251 5521 2444 5567 nostro
2478 5514 2704 5568 llilario.

2305 5584 2376 5665 .(_i)
2404 5585 2555 5665 Lips.
2584 5592 2642 5665 et
2664 5584 2792 5642 Par.
2821 5586 2923 5655 ipsi
2944 5585 3145 5665 διφυί..
3159 5584 3384 5665 Rectius
3409 5584 3500 5640 alii
3532 5580 3669 5663 libri,
3692 5574 3819 5665 iptif.

2243 5652 2364 5710 scil.
2393 5652 2701 5723 Att—ominis;
2735 5652 2885 5712 sensu
2916 5658 3256 5722 audientium,
3278 5657 3384 5712 hoc
3411 5666 3513 5725 eet,
3544 5652 3739 5709 aurium
3751 5652 3821 5718 ju-

2241 5725 2385 5785 dicio
2414 5736 2468 5785 et
2495 5738 2754 5801 quantum
2784 5728 2849 5786 ad
2891 5727 3272 5786 vocabulorum
3298 5742 3515 5784 sonum.
