3936 6196
103 338 199 396 593

944 338 1144 395 LIBER
1178 336 1454 395 CONTRA
1490 336 1975 398 CONSTANTIUM
2016 341 2536 400 IMPERATOREM.

3299 351 3404 407 ξ’»ῦῶ

102 453 232 510 Patri
263 466 422 522 posse
455 452 721 524 intelligi;
757 454 878 523 quia
910 454 1068 509 Pater
1097 454 1359 510 voluisset
1386 464 1691 511 creaturam
1719 455 1771 516 Α
1799 454 1851 511 in
1878 457 2092 514 caneris
2121 466 2277 525 ante,
2307 459 2440 514 artis
2468 472 2580 515 sua:
2606 460 3027 527 consuetudine,
3060 470 3117 517 ιιι
3148 477 3243 534 per
3270 466 3405 520 recti

101 546 388 605 istiusmodi
418 561 642 615 creare,
671 564 792 619 qua:
826 549 1022 604 similia
1052 549 1137 605 sui
1168 549 1330 605 vellet
1361 567 1376 605 :
1405 559 1459 604 ct
1490 550 1692 606 idcirco

100 649 312 705 similem
362 646 515 703 Patri
569 664 726 714 esse,
785 653 909 721 quia
963 649 1256 706 voluntatis
1313 659 1460 708 esset
1512 650 1693 721 potius

102 740 246 808 illius,
275 755 438 811 quam
469 740 803 809 divinitatis;
836 741 1158 799 dissimilem
1189 754 1367 799 autem
1400 743 1510 800 Deo
1535 760 1690 811 esse,

101 834 206 905 quia
254 844 427 904 neque
472 832 626 890 Deus
671 844 846 900 esset,
883 851 1058 906 neque
1107 851 1172 891 ex
1222 836 1356 902 Deo,
1406 835 1459 892 id
1487 844 1593 903 est,
1624 836 1693 893 de

106 927 387 983 substantia
420 925 525 982 Dei
572 938 732 984 natus
779 937 944 985 esset.
987 948 1007 983 ι
1064 929 1188 985 Ιιωο
1229 929 1455 985 audiens
1497 928 1690 998 hebui,

103 1034 256 1089 neque
285 1016 534 1083 credidi,
566 1018 741 1074 donec
767 1019 846 1092 (a)
877 1034 1000 1075 cum
1050 1020 1263 1088 publica
1308 1037 1377 1075 ex
1425 1036 1693 1077 consensu

103 1111 320 1168 omnium
337 1124 533 1166 eorum
560 1108 962 1184 profanissimae
989 1112 1148 1183 hujus
1165 1112 1537 1168 situili'udinis
1555 1113 1694 1168 ratio

108 1201 495 1275 prtedicaretur.

166 1297 246 1352 15.
281 1295 529 1351 Damnati
557 1313 741 1353 rursus
783 1298 1133 1353 dominantur.
1154 1328 1225 1339 ——
1259 1297 1320 1355 lli
1349 1308 1531 1354 autem
1552 1340 1567 1366 ,
1601 1298 1691 1369 qui

107 1390 421 1447 hommusion
441 1390 835 1460 praedicabant,
861 1408 1047 1449 omnes
1072 1408 1188 1456 eos,
1213 1393 1303 1463 qui
1333 1394 1565 1449 maxime
1578 1392 1693 1448 sine

105 1484 264 1556 aliquo
288 1483 597 1555 impietatis
628 1485 834 1557 pudore
864 1487 1332 1557 impudentissime
1359 1487 1476 1543 haec
1506 1487 1693 1559 loque-

108 1580 302 1647 bantur,
315 1578 824 1637 condemnaverunt
846 1581 941 1655 (b).
967 1580 1325 1638 Condemnati
1342 1582 1503 1657 5'75
1518 1580 1582 1636 ad
1601 1596 1690 1638 re-

110 1686 214 1743 gem
229 1686 377 1727 suum
392 1671 790 1729 advolaverunt
809 1692 821 1728 :
841 1676 1166 1746 exceptique
1185 1673 1487 1732 honoriﬁce
1502 1676 1572 1729 im
1579 1675 1691 1746 pic-

112 1774 229 1819 tates
242 1779 362 1820 suas
375 1772 579 1836 quanta
597 1774 884 1837 potuerunt
899 1767 1193 1825 ambitione
1209 1770 1687 1833 conﬁrmaverunt,

1796 549 2035 616 speciem
2070 564 2233 620 prava
2267 551 2585 621 conﬁrmet,
2620 562 2674 609 et
2701 568 2801 624 per
2842 555 3067 610 rationis
3095 570 3292 613 nomen
3326 556 3407 612 in-

1794 654 1926 697 sana
1962 644 2273 699 constituat.
2315 663 2334 696 ι
2372 644 2530 709 Nolo,
2565 664 2584 697 ι
2645 646 2840 720 inquit,
2885 666 2906 701 ‹
2944 647 3111 705 verba
3139 665 3261 720 quae
3290 666 3399 706 non

1794 733 1996 803 scripta
2023 743 2149 789 sunt
2196 736 2322 790 dici.
2362 757 2380 788 ι
2422 735 2536 792 Hoc
2565 737 2782 795 tandem
2820 753 2951 810 rogo
2985 739 3057 812 (Π
3111 742 3235 811 quis
3289 743 3407 812 epi-

1799 828 1981 897 scopis
2004 828 2235 898 jubeat?
2264 838 2319 884 et
2348 828 2468 900 quis
2494 831 2805 900 apostolica:
2834 832 3235 903 praedicationis
3255 844 3405 893 vetet

1794 917 2060 974 formam?
2092 919 2185 976 Dic
2213 920 2384 990 prius,
2416 920 2461 975 si
2492 930 2638 977 recte
2666 921 2771 977 dici
2804 931 2958 993 putas
2988 940 3002 977 :
3037 922 3169 979 Nolo
3196 925 3397 982 adver-

1796 1027 1915 1069 sum
1946 1028 2085 1070 nova
2124 1030 2329 1070 venena
2361 1029 2526 1071 novas
2558 1015 3074 1073 medicamentorum
3100 1034 3389 1089 compara-

1798 1106 1974 1161 tiones
1996 1149 2010 1171 ,
2044 1106 2170 1162 nolo
2216 1106 2501 1162 adversum
2541 1122 2710 1165 novos
2758 1107 2941 1165 hostes
2966 1150 2981 1175 ,
3036 1126 3174 1166 nova
3208 1111 3353 1167 bella
3383 1154 3399 1179 ,

1797 1201 1925 1256 nolo
1980 1200 2265 1256 adversum
2325 1215 2492 1257 nevas
2542 1201 2767 1259 insidias
2833 1203 3057 1258 consilia
3133 1206 3396 1263 recentia.

1797 1293 1852 1349 Si
1880 1293 2024 1349 enim
2064 1292 2246 1348 Ariani
2295 1293 2530 1350 hmretici
2572 1294 2776 1351 idcirco
2805 1294 2885 1367 (g)
2916 1295 3255 1353 bomteusion
3300 1299 3400 1353 ho-

1795 1385 1883 1441 die
1932 1385 2152 1451 evitant,
2183 1386 2308 1456 quia
2351 1387 2498 1455 prius
2542 1397 2905 1456 negaverunt;
2949 1403 3129 1446 nonne
3159 1397 3212 1444 tu
3233 1390 3395 1446 hodie

1795 1478 1998 1537 idcirco
2029 1481 2251 1553 refugis,
2292 1492 2349 1535 ut
2384 1481 2439 1536 hi
2474 1498 2618 1539 nunc
2650 1499 2864 1554 quoque
2892 1484 3162 1556 denegem
3182 1487 3399 1550 {Novi-

1796 1582 1935 1630 tates
1961 1589 2175 1633 vocum.
2211 1576 2304 1631 sed
2334 1574 2413 1648 (lt)
2445 1575 2700 1647 profanas
2727 1577 2969 1633 devitarc
2993 1578 3149 1647 jubet
3169 1581 3402 1650 Aposto-

1796 1669 1879 1724 lus
1907 1668 1953 1740 (l
1976 1668 2112 1722 Tim.
2143 1684 2215 1735 vr,
2243 1667 2335 1740 20)
2370 1687 2383 1724 :
2422 1676 2477 1724 tu
2506 1685 2605 1725 cur
2632 1671 2748 1741 pias
2787 1671 3077 1728 excludis?
3105 1688 3226 1728 cum
3257 1690 3397 1743 prac-

1796 1774 1858 1817 se
1872 1759 1994 1813 rtim
2018 1760 2087 1814 ab
2116 1775 2181 1815 eo
2212 1758 2414 1815 dictum
2460 1761 2531 1816 sit
2561 1779 2574 1814 :
2607 1761 2795 1817 Omnis
2835 1762 3115 1834 Scriptura
3144 1764 3402 1821 divinitus

110 1855 312 1910 similem
341 1856 455 1911 Deo
483 1871 640 1925 esse,
676 1860 759 1913 vel
788 1874 853 1913 ex
880 1859 988 1913 Deo
1013 1870 1231 1925 natum,
1263 1861 1347 1915 vel
1386 1859 1686 1915 naturalem
1722 1848 1765 1908 Β
1793 1850 2053 1920 inspirata
2100 1849 2245 1905 utilis
2292 1860 2377 1906 est
2418 1850 2485 1924 (ll
2533 1849 2666 1905 Tim.
2714 1867 2770 1927 tu
2793 1894 2808 1918 ,
2860 1852 2972 1922 l6).
3020 1853 3397 1911 lnnascibilem

110 1964 213 2003 csse
239 1948 403 2004 lilium
432 1949 794 2022 denegantes.
829 1952 989 2007 Pauci
1022 1953 1253 2020 plurium
1302 1950 1375 2024 (c)
1423 1951 1684 2007 dominati

108 2051 234 2096 sunt.
256 2038 610 2098 Constantius
633 2059 719 2099 res
744 2044 1095 2112 blasphemiae
1117 2060 1248 2112 suae,
1283 2052 1430 2099 metu
1459 2045 1686 2099 extorsit

111 2135 282 2191 exsilii.
316 2134 528 2194 Vicisse
558 2153 622 2194 se
643 2137 753 2206 jam
783 2136 1090 2194 Orientales
1117 2137 1379 2207 gloriatus
1399 2177 1415 2205 ,
1443 2138 1567 2207 quia
1593 2136 1688 2191 de-

110 2242 210 2282 cem
236 2228 435 2299 legatos
463 2228 544 2302 (d)
576 2229 837 2285 voluntati
867 2245 978 2285 sua:
1003 2228 1363 2294 subdidisset,
1391 2228 1690 2285 commina-

113 2329 281 2389 tusque
304 2329 357 2376 et
384 2321 591 2390 populo
637 2336 732 2389 per
760 2320 1068 2390 pra-fectum
1094 2364 1108 2386 ,
1141 2330 1196 2375 et
1233 2320 1503 2391 episcopis
1551 2321 1690 2376 intra

114 2413 374 2481 palatium,
407 2428 503 2483 per
532 2415 799 2469 maximas
843 2415 917 2487 (ε)
959 2413 1199 2470 Orientis
1233 2413 1481 2469 civitates
1517 2412 1692 2469 imre-

116 2504 230 2559 ticns
278 2504 565 2576 episcopos
619 2506 947 2576 subrogalos
996 2506 1378 2561 communione
1436 2504 1690 2560 hmretiea

113 2596 338 2651 munivit.
353 2596 494 2652 Nihil
511 2598 893 2670 prorsusaliud
912 2599 1218 2670 egit,quam
1243 2598 1498 2654 utorbcm
1525 2608 1693 2653 terra-

118 2705 237 2757 rum,
258 2706 347 2759 pro
362 2707 469 2764 quo
494 2690 748 2749 Christus
765 2706 953 2763 passus
965 2698 1067 2759 est,
1100 2691 1313 2747 diabolo
1338 2692 1688 2749 condonaret.

178 2784 256 2840 16.
292 2783 455 2840 Verba
494 2804 600 2842 non
634 2788 827 2858 scripta
857 2788 991 2842 male
1018 2795 1149 2841 vetat
1185 2784 1537 2843 Constantius.
1573 2786 1695 2860 Ipse

120 2877 313 2933 admittit
338 2896 441 2936 non
469 2881 687 2955 scripta.
712 2913 784 2922 --
813 2880 990 2939 Utitur
1018 2891 1196 2938 autem
1225 2882 1391 2938 etiam
1432 2898 1604 2947 nunc.
1635 2891 1694 2939 ut

179 3019 247 3145 ﬁo)
292 3020 618 3077 Particulam
674 3038 791 3076 cum
842 3019 1141 3089 adjecimus
1182 3021 1502 3074 auctoritate
1549 3035 1682 3074 mss.

179 3093 315 3145 nlice
339 3104 516 3145 autem
544 3094 651 3145 hoc
679 3093 1022 3145 manifestum
1046 3090 1167 3145 fuit.
1198 3106 1319 3145 cunt
1345 3093 1480 3145 locta
1507 3091 1682 3145 Acacii

122 3090 315 3147 Publice
339 3104 516 3148 autem
544 3094 651 3148 hoc
679 3093 1022 3148 manifestum
1046 3090 1167 3149 fuit.
1198 3106 1319 3146 cum
1345 3093 1480 3145 lecta
1507 3091 1687 3146 Acacii

124 3162 639 3235 [ormulaquatsitum
671 3174 785 3229 est,
816 3181 915 3234 qua
948 3165 1002 3217 in
1031 3179 1088 3235 re
1128 3159 1300 3217 Filius
1335 3162 1521 3235 similis
1558 3172 1687 3217 esset

126 3232 270 3307 Patri.
302 3224 635 3291 Et'Acaciani
662 3224 886 3307 quidem.
930 3234 1111 3307 inquit
1134 3237 1385 3307 Socrates
1418 3234 1510 3288 lib.
1538 3248 1608 3300 ιι,
1637 3248 1688 3288 c.
1719 3224 1764 3288 C

123 3306 324 3365 40.sola
360 3310 621 3363 voluntate
661 3304 881 3362 similem
923 3322 1032 3361 esse
1059 3304 1326 3369 dicebant,
1374 3320 1475 3359 non
1522 3316 1693 3360 autem

125 3377 397 3448 substantia.
427 3378 566 3448 Quae
599 3379 881 3448 responsio
909 3393 1077 3434 novos
1107 3377 1368 3432 tumultus
1394 3375 1650 3431 excitavit
1677 3416 1691 3441 ,

129 3459 174 3501 et
197 3451 342 3505 totius
365 3447 592 3508 Concilii
622 3447 1055 3506 dissolutionem.

188 3518 254 3591 (lt)
281 3520 386 3577 Hoc
413 3533 518 3587 est,
548 3523 920 3590 deposuerunt
947 3538 960 3573 :
1002 3532 1229 3575 czeteros
1267 3530 1446 3575 autem
1475 3532 1505 3572 a
1547 3532 1696 3572 com-

131 3592 356 3666 munione
380 3600 755 3666 segregarem.
786 3592 914 3666 .latu_
950 3593 1309 3666 notavitnusua
1350 3591 1576 3646 Socrate
1606 3604 1696 3643 re-

132 3662 531 3722 cettserinovem
545 3662 847 3735 episcopos
883 3662 1181 3735 depositus,
1211 3662 1457 3735 aliosque
1496 3675 1691 3714 novem

133 3747 155 3783 ιι
174 3738 531 3806 communione
558 3732 890 3806 segregatos.
925 3734 1078 3803 Quod
1114 3733 1324 3806 laetum
1344 3732 1475 3806 dicit
1503 3742 1695 3800 quarto

134 3805 323 3860 concilii
339 3806 444 3873 die,
467 3824 582 3880 quo
600 3804 815 3862 Leonas
839 3813 895 3861 et
922 3809 1184 3880 Acaciaua
1209 3805 1369 3859 factio
1388 3804 1693 3880 ad‘conses:

134 3888 232 3930 sum
271 3872 445 3934 venire
486 3872 812 3935 renuerunt.
843 3877 994 3942 Quod
1024 3876 1285 3946 deinceps
1328 3876 1593 3946 sequitur,
1627 3872 1693 3927 ad

135 3948 386 4005 concilium
413 3948 829 4020 Constantinop.
870 3949 1122 4019 pertinet.

195 4036 259 4109 (ο)
284 4039 336 4095 1η
362 4041 596 4108 excusis,
628 4040 879 4095 damnati.
917 4038 1134 4093 Rectius
1162 4038 1214 4092 in
1242 4035 1459 4109 scriptis
1482 4078 1498 4099 ,
1526 4036 1696 4109 donti-

139 4107 248 4174 nari,
292 4110 538 4169 Acaciaui
584 4107 746 4166 titlel.
798 4125 1024 4166 numero
1063 4110 1212 4177 pauci
1260 4107 1692 4162 adversariorum

140 4178 271 4252 longe
320 4184 547 4251 plurium
594 4204 607 4237 :
656 4198 885 4252 quorum
938 4181 1222 4250 primarios
1282 4178 1534 4252 proxime
1576 4187 1695 4252 post

141 4248 570 4326 Constantinopoli
589 4248 849 4326 esedibus
871 4248 983 4326 suis
1005 4252 1371 4308 detruserunt.
1395 4248 1500 4326 Ita,
1525 4250 1699 4319 inquit

141 4319 393 4405 Sulpicius,
419 4319 474 4397 βξ
502 4326 643 4405 ξέϐλ,
692 4325 831 4378 hunc
863 4325 1024 4405 veluti
1071 4330 1446 4405 commentans
1484 4320 1693 4405 locum,

145 4391 314 4461 optimis
341 4391 681 4453 sacerdotibus
706 4406 796 4450 aut
834 4404 969 4449 metu
999 4395 1220 4460 territis,
1261 4402 1352 4446 aut
1395 4391 1574 4446 exsilio
1609 4392 1699 4445 de-

145 4463 526 4540 ductis.per/idio
555 4483 838 4540 paucorum
851 4468 1018 4520 cuncti
1045 4473 1423 4519 concesserunt.
1443 4461 1564 4518 Vid.
1597 4463 1695 4519 So-

144 4539 323 4593 zomen.
352 4542 440 4595 lib.
469 4552 543 4607 tv,
576 4554 625 4594 c.
657 4539 745 4595 2i.

204 4628 271 4701 (ιι)
295 4629 628 4690 Colberlinus
668 4634 840 4689 codex
874 4649 994 4688 cum
1024 4628 1692 4701 Martiniano,violentia:,

147 4711 232 4775 non
254 4699 510 4761 voluntati.
549 4706 782 4775 Utraque
828 4719 928 4775 vox
980 4703 1141 4768 inl'ra,
1169 4699 1446 4775 num._26,
1494 4700 1585 4775 ubi
1628 4700 1696 4755 de

147 4768 306 4841 eadem
350 4791 404 4832 re
446 4792 663 4833 rursum
696 4768 895 4831 incidit
937 4788 1138 4841 sermo,
1181 4771 1343 4828 simul
1387 4770 1692 4840 copulatur.

148 4835 394 4920 llauca'im
433 4849 591 4920 legati
625 4848 861 4916 perpessi
902 4856 1028 4920 sunt
1071 4835 1264 4920 pridie‘
1276 4835 1537 4920 93190685
1576 4843 1689 4920 li!"-

149 4907 204 4963 υι
219 4915 344 4969 enim
369 4907 542 4975 narrat
569 4907 927 4983 Sdzot'nenus,
952 4917 1041 4972 lib.
1072 4907 1146 4979 iv,
1167 4930 1217 4970 c.
1236 4914 1330 4980 9.5,
1349 4907 1693 4970 Constantius

151 4985 289 5061 totum
314 4987 453 5046 illum
479 4992 620 5047 diem
650 5004 863 5046 necnon
892 4985 1533 5061 maximamginsequentis
1562 4999 1693 5061 noc-

151 5056 204 5103 tis
228 5066 412 5130 parletu
441 5062 774 5130 consumpsit
802 5076 926 5115 curn
956 5058 1244 5130 episcOpis,
1266 5056 1562 5130 disceptans
1591 5056 1689 5110 do-

149 5126 401 5203 nec‘legati,
439 5134 522 5203 qui
563 5152 596 5188 a
623 5126 841 5186 concilio
867 5129 1182 5203 Seleuciensi
1206 5127 1546 5203 advenerant,
1581 5131 1693 5198 for-

152 5197 401 5272 [tgulw‘ﬁdei
423 5197 480 5261 ab
504 5203 816 5259 Arintinensi
846 5201 1039 5272 oppido
1064 5201 1236 5272 allata:
1259 5198 1694 5272 subscripsissent.

154 5260 245 5346 Ηρε
277 5260 441 5346 ipsum
460 5260 731 5346 Sulpicius
759 5260 1080 5346 sicexpouit
1105 5290 1117 5325 :
1152 5269 1234 5325 Ibi
1263 5260 1489 5346 repertos
1517 5267 1698 5346 Seleu-

114 5402 115 5407 η
158 5341 311 5417 ﬂentis
351 5347 526 5415 synodi
562 5341 767 5417 legatos
805 5345 853 5417 vi
894 5341 1421 5417 regiacompellunt,
1467 5341 1699 5417 ecemplo

162 5401 526 5488 Qccidentalium
555 5401 763 5488 prauam
803 5401 1139 5488 illamuﬁdem
1178 5401 1428 5488 accipere}
1460 5401 1703 5488 Plerique

158 5475 392 5560 abnuentes
434 5475 683 5560 iniuriosa
727 5488 960 5543 custodia
984 5475 1057 5540 'ac
1093 5485 1230 5556 {ante
1253 5475 1419 5538 vexati
1445 5475 1703 5553 captivam

159 5554 701 5614 conscientiam'dcdere.

215 5642 280 5714 (ε)
300 5646 472 5720 Ιιιιιιε.
504 5650 627 5707 Vat.
663 5653 778 5706 bas.
808 5649 896 5705 hic
930 5648 1180 5720 adjicitur
1215 5664 1289 5703 se.
1322 5646 1584 5720 Quocirca
1614 5659 1706 5713 pa-

161 5723 261 5768 rum
287 5718 469 5788 abfuit,
499 5722 643 5793 quin
661 5735 783 5776 cum
801 5720 957 5776 Colb.
982 5717 1034 5775 et
1056 5720 1270 5775 Martio.
1297 5717 1704 5793 praeferremus,

164 5796 236 5860 νος
268 5792 498 5849 maximas
523 5791 577 5849 se
609 5791 833 5848 Orientis
878 5793 1101 5846 civitates
1129 5791 1398 5846 haereticos
1444 5792 1708 5860 episcopos

165 5848 539 5926 subrogaturnm,
571 5860 974 5918 communionem
1020 5862 1315 5918 [nauticum
1355 5848 1588 5914 mnn'ivt'l.
1616 5848 1709 5912 ’Ᾱι

1788 1943 2048 2015 scriptum
2077 1959 2340 2014 nusquam
2367 1944 2501 2013 legis
2536 1964 2551 2000 :
2580 1944 2841 2016 numquid
2878 1946 2938 2019 (i)
2964 1963 3029 2002 ex
3060 1947 3164 2004 hoc
3189 1964 3391 2020 negan-

1790 2038 1916 2093 dum
1946 2039 2069 2103 erit,
2092 2039 2215 2108 quia
2240 2052 2436 2092 novum
2460 2048 2542 2109 est
2563 2037 2587 2091 ἲ
2612 2038 2868 2095 Decernis
2891 2040 2973 2113 (j)
2996 2040 3219 2096 similem
3242 2040 3397 2097 Patri

1792 2128 2015 2184 Filium.
2049 2130 2335 2200 Evangelia
2362 2145 2467 2185 non
2497 2130 2793 2199 praedicant
2819 2150 2832 2184 :
2860 2132 2989 2203 quid
3010 2143 3094 2188 est
3125 2133 3268 2203 quod
3292 2150 3401 2190 non

1796 2222 1997 2290 refugis
2027 2218 2164 2275 hanc
2192 2236 2382 2276 vocem
2408 2222 2432 2275 ?
2461 2221 2519 2275 In
2554 2235 2662 2277 uno
2693 2223 2905 2277 novitas
2930 2223 3173 2294 eligitur,
3207 2224 3261 2280 in
3299 2225 3407 2280 alio

1795 2318 2166 2372 submovetur.
2198 2314 2363 2387 576
2389 2314 2490 2369 Ubi
2524 2315 2816 2385 impietatis
2850 2317 3069 2372 occasio
3101 2326 3267 2387 patet,
3300 2336 3403 2373 no-

1797 2410 1934 2465 vitas
1955 2407 2258 2463 admittitur
2283 2425 2295 2460 :
2320 2405 2413 2462 ubi
2440 2418 2619 2462 autem
2646 2407 2928 2479 religionis
2953 2409 3189 2467 maxima
3211 2420 3266 2466 et
3287 2413 3400 2468 sola

1794 2500 2004 2555 cautela
2032 2507 2134 2566 est,
2167 2496 2492 2553 excluditur.

1869 2603 1955 2657 17.
2008 2599 2295 2670 Scriptum
2338 2598 2550 2653 tradunt
2592 2597 2838 2670 atqualem
2882 2596 3031 2654 Patri
3079 2597 3299 2657 Filium.
3328 2633 3398 2642 -—

1795 2695 1905 2751 Sed
1951 2692 2200 2749 diabolici
2243 2691 2445 2763 ingenii
2487 2692 2561 2747 tui
2592 2690 2866 2748 fallentem
2893 2691 3247 2751 subtilitatem
3288 2712 3397 2751 non

1800 2790 2011 2847 tacebo.
2058 2788 2335 2855 Similem,
2379 2786 2524 2857 quod
2555 2788 2813 2858 scriptum
2845 2803 2954 2844 non
2984 2798 3099 2854 est,
3132 2789 3277 2846 Patri
3306 2790 3396 2846 Fi-

1799 2883 1929 2938 lium
1945 2880 2194 2937 decernis
2210 2878 2520 2951 praedicari:
2544 2888 2598 2935 ut
2612 2878 2875 2949 aequalem
2899 2879 3172 2936 Christum
3198 2881 3391 2950 Deum,

1793 3025 1945 3073 certe
1993 3014 2133 3084 quod
2166 3012 2525 3084 comminatus
2578 3022 2717 3084 erat,
2769 3012 2922 3070 brevi
2974 3014 3216 3083 perfecit.
3271 3014 3393 3070 Mox

1794 3089 1938 3143 enim
1964 3082 2298 3148 Macedonio,
2329 3083 2554 3156 Cyrillo,
2576 3082 2773 3140 Basilio
2791 3125 2807 3154 ,
2835 3082 3079 3152 EleuSio,
3106 3093 3240 3154 etc.,
3284 3088 3398 3156 epi—

1795 3162 1943 3230 scopi
1975 3159 2064 3230 alii
2092 3154 2565 3230 fuere_snbrogati_.

1869 3223 1937 3302 (Ϊ)
1967 3229 2041 3302 In;
2063 3242 2195 3284 tuss.
2246 3223 2701 3302 blich.__ét_Colb.,
2738 3227 2853 3302 quis
2880 3228 3148 3302 episcOpus
3179 3227 3398 3302 iubeat?

1799 3296 1965 3370 Magis
1993 3300 2168 3371 placet
2192 3312 2312 3371 cunt
2356 3297 2479 3371 aliis
2508 3296 2682 3371 libris,
2721 3298 2833 3371 quis
2878 3299 3130 3367 ερίεοορίδ
3161 3298 3340 3371 iubeat
3369 3300 3395 3354 '9

1797 3368 1920 3441 quia
1949 3368 2199 3427 nimirum
2228 3368 2532 3441 principum
2562 3368 2982 3441 christianorum
3019 3379 3100 3423 εει
3131 3370 3390 3425 credendi

1799 3438 2027 3503 formam
2054 3441 2122 3496 ab
2153 3438 2423 3509 episcopis
2446 3446 2718 3508 expetere,
2743 3456 2850 3493 non
2884 3439 2989 3494 illis
3013 3441 3386 3509 praescribere.

1798 3513 1954 3571 Unde
1982 3521 2037 3568 et
2065 3511 2324 3566 Athanas.
2346 3508 2429 3565 ad
2446 3508 2606 3565 Solit.
2636 3524 2757 3581 pag.
2778 3510 2929 3581 7845:
2963 3509 3195 3581 Quando
3211 3528 3243 3564 a
3269 3528 3392 3565 con-

1798 3586 1906 3640 dito
1948 3583 2138 3638 sa'culo
2186 3582 2418 3653 auditum
2449 3577 2818 3653 estw-quando
2847 3581 3103 3653 judicium
3147 3577 3395 3653 Ecclesia:

1796 3656 2150 3711 auctoritatem
2177 3669 2322 3707 suam
2350 3652 2413 3706 ab
2440 3652 2747 3723 imperatore
2766 3651 2962 3721 accepit
2985 3651 3136 3723 (etc.
3165 3651 3245 3706 lta
3268 3668 3389 3708 cum

1798 3726 2207 3783 Valentinianus
2256 3721 2719 3778 concertationum
2769 3722 2896 3779 ﬁdei
2945 3721 3150 3778 arbiter
3196 3723 3390 3780 sedere

1796 3799 1981 3865 vellet,
2012 3795 2081 3851 ad
2112 3810 2234 3850 eum
2267 3794 2543 3865 rescripsit
2570 3794 2909 3861 Ambrosius,
2944 3807 3031 3864 ep.
3082 3808 3223 3865 nunc
3258 3810 3384 3863 xxi,

1799 3886 1854 3924 ιι.
1873 3870 1906 3923 4
1931 3886 1944 3921 :
1964 3864 2209 3933 Quando,
2231 3866 2422 3927 audisti
2438 3864 2825 3919 clementissime
2841 3866 3143 3935 imperator,
3160 3864 3213 3918 in
3237 3880 3393 3920 causa

1797 3940 1920 4009 ﬁdei
1948 3940 2106 3992 laicos
2145 3938 2209 3992 de
2238 3938 2474 4009 episcopo
2492 3936 2757 4009 judicasse
2776 3936 2808 4009 ?‘
2836 3935 2990 4009 Quod
3039 3936 3198 4009 igitur
3246 3935 3391 3991 Con-

1797 4006 2027 4066 stantius
2055 4008 2155 4063 sibi
2184 4006 2490 4077 arrogabat,
2532 4006 2659 4077 hoc,
2680 4006 2873 4077 merito
2897 4006 3129 4077 llilat-ius
3158 4014 3389 4063 testatur

1800 4083 1914 4137 ﬁeri
1946 4088 2131 4135 contra
2162 4076 2471 4149 apostOIicte
2517 4076 2918 4149 praedicationis
2948 4076 3179 4149 formant
3212 4094 3226 4130 :
3260 4079 3387 4144 quia

1797 4152 1866 4207 ab
1889 4152 2151 4218 apostolis
2183 4146 2434 4205 traditum
2461 4156 2574 4218 est,
2620 4162 2728 4218 non
2759 4146 2932 4200 solum
2974 4146 3125 4218 laicis
3168 4148 3221 4201 in
3256 4148 3395 4218 cpi-

1799 4215 1995 4292 scopos
2025 4222 2078 4277 in
2108 4222 2269 4276 rebus
2298 4218 2419 4273 ﬁdei
2461 4217 2551 4286 jus
2579 4215 2788 4292 nullum
2817 4230 2939 4272 esse
2963 4257 2978 4281 ,
3011 4216 3107 4271 sed
3129 4215 3395 4292 etadver-

1797 4286 1915 4349 sum
1947 4308 2118 4349 novas
2148 4293 2386 4345 litereses
2419 4302 2555 4342 nova
2586 4286 2822 4351 remedia
2863 4301 2984 4342 esse
3010 4289 3390 4357 excogitanda.

1870 4364 1948 4437 (g)
1976 4365 2033 4419 In
2074 4360 2345 4437 nonnullis
2366 4372 2532 4437 _mss_._
2557 4358 2874 4437 _Itontousion
2905 4374 2924 4413 :
2953 4357 3094 4428 quod
3134 4368 3309 4437 potest
3324 4372 3396 4437 et

1798 4428 1947 4494 recte
1976 4434 2121 4506 poni.
2156 4432 2269 4487 Hoc
2295 4430 2437 4506 enim
2469 4428 2571 4484 sibi
2588 4433 2755 4506 vult:
2788 4431 2830 4485 si
2857 4428 3395 4506 hactenusbteretici

1798 4501 2111 4575 refugerunt
2130 4518 2316 4559 vocem
2337 4501 2676 4575 boutmusion
2700 4504 2927 4575 (quanto
2975 4501 3145 4571 magis
3166 4501 3392 4575 homon-

1803 4572 1954 4634 εἰοιιῖ
1971 4575 2017 4649 ),
2040 4576 2164 4647 quia
2194 4589 2305 4649 rem
2339 4588 2400 4628 ea
2418 4587 2559 4649 voce
2575 4573 3179 4649 signiticatam,_netnpe
3200 4572 3397 4649 Filium

1810 4643 2120 4704 l’atri'esse
2170 4645 2468 4701 substantia
2517 4644 2783 4707 similem,
2817 4643 3120 4713 negabant;
3170 4652 3225 4696 tu
3264 4644 3392 4698 dum

1798 4721 1958 4789 juch
1990 4731 2048 4774 ut
2073 4720 2187 4772 haec
2215 4732 2313 4771 vox
2339 4718 2588 4774 evitetur.
2614 4729 2791 4789 nonne
2812 4712 3171 4789 eis’concedis
3195 4725 3394 4789 utrem

1803 4783 1979 4847 eidem
1995 4791 2108 4844 voci
2136 4788 2434 4857 subjectani
2468 4792 2665 4857 negent
2683 4786 2715 4857 ?7
2732 4783 2941 4857 Eodem
2965 4784 3267 4857 argumenti
3297 4800 3394 4854 ge-

1804 4878 1931 4918 nere
1961 4861 2053 4917 lib.
2079 4859 2145 4915 de
2175 4853 2387 4931 δῃῖιισιιι.Δ
2414 4875 2468 4912 ιι.
2502 4853 2602 4931 83..
2636 4856 2797 4910 habet
2830 4873 2842 4909 :
2873 4853 3122 4926 Displicet
3154 4853 3395 4931 cuiquam

1799 4935 1854 4987 in
1880 4932 2078 5005 synodo
2114 4924 2333 5005 Nica'im
2368 4927 2671 4982 Itontousion
2702 4942 2812 4981 esse
2840 4924 3175 5005 susceptum."
3203 4924 3318 5005 I_I_oc
3351 4928 3397 5005 si

1800 5007 1884 5059 cui
1908 4994 2173 5071 displicet,
2226 5002 2427 5072 placeat
2476 5013 2680 5052 necesse
2727 5005 2799 5051 est
2836 4994 2995 5066 quod
3022 4994 3085 5049 ab
3138 4995 3277 5050 Ariis
3329 4999 3397 5052 sit

1796 5086 2056 5147 ηεθαζυηέτ

1874 5136 1955 5218 '(h)
1993 5140 2411 5218 __Silva:_majo_ris
2438 5152 2541 5195 ms.
2561 5179 2584 5218 ,γ
2606 5136 2712 5218 sed
2745 5146 2793 5218 et
2819 5152 2977 5218 vanas
3008 5153 3027 5193 :
3057 5137 3232 5195 tribus
3271 5138 3395 5195 aliis

1804 5207 2138 5281 faventibus,
2173 5213 2226 5268 in
2257 5207 2453 5281 quibus
2473 5216 2650 5265 exstat
2672 5207 2766 5281 sed
2785 5210 3030 5281 advenas.

1874 5285 1935 5360 (i)
1963 5277 2134 5360 [Itst
2157 5291 2213 5360 e_t
2253 5277 2479 5360 Par._,_e_t
2514 5281 2630 5334 hoc.
2661 5277 2997 5360 Concinnius
3031 5280 3302 5360 a_lii_libri,
3334 5298 3398 5338 ex

1804 5350 1928 5414 hoc:
1965 5350 2135 5413 Porro
2178 5352 2497 5408 innascibilis
2540 5366 2637 5406 seu
2662 5350 2877 5421 ingeniti
2920 5352 3238 5407 vocabulum
3286 5368 3395 5409 non

1806 5427 1969 5487 modo
2010 5426 2306 5496 Scripturis
2351 5422 2708 5496 incognitum,
2748 5421 2947 5496 sedet
2989 5423 3132 5496 apud
3159 5424 3402 5496 gentiles

1804 5500 1962 5557 valde
1989 5492 2295 5570 ambiguum
2309 5510 2430 5550 esse
2446 5492 2628 5550 multis
2654 5493 2888 5550 ostendit
2913 5492 3262 5562 Athanasius,
3289 5494 3391 5552 0r.

1806 5580 2013 5623 neunt.
2048 5572 2141 5623 Ar.
2176 5585 2228 5623 ι).
2259 5567 2387 5623 3'57.

1806 5589 1846 5629 ιι
1866 5580 2013 5629 cont.
2048 5572 2141 5625 Ar.
2176 5585 2228 5629 ι).
2259 5572 2387 5623 3'57.

1881 5585 2417 5718 ξέῗιίζέῑέηξλιιὲῗέιίβ
2447 5635 2524 5718 ab
2567 5634 2819 5718 omnibus
2859 5634 3048 5693 haberi
3065 5636 3364 5718 formulam
3387 5679 3403 5704 ,

1811 5705 1944 5783 (1υὲ
1963 5713 2192 5783 Primum
2233 5709 2461 5765 Arimini
2495 5705 2818 5783 Ρῐοροδίιὲιο
2865 5707 3312 5783 θὲςνίῖδίνΝίθίίῗω
3350 5710 3406 5783 in

1812 5777 2061 5850 Thracia,
2094 5783 2380 5850 Seleuciae,
2406 5789 2465 5839 ct
2487 5777 3053 5853 ConStautinopoli’ab
3078 5780 3292 5839 Arionis
3318 5782 3415 5851 api

1811 5857 2037 5928 probata
2065 5866 2167 5914 CSI.
