3936 6196
551 304 657 361 595

1731 303 1975 361 SANCTI
2017 303 2274 360 HlLMlll
2317 302 2621 364 lLPlSCOPI
3747 312 3832 368 3.96

550 423 696 494 quod
726 422 981 495 scriptum
1014 428 1116 485 est,
1152 428 1348 476 taceas.
1383 417 1596 475 Domini
1628 419 1772 474 enim
1814 420 2005 475 mortis
2031 420 2148 475 hmc
2173 422 2228 484 Α
2326 419 2412 475 19.
2453 418 2522 475 In
2545 420 2723 475 cadent
2760 425 2928 493 forma
2957 432 3000 476 et
3044 424 3232 494 gloria.
3258 453 3328 463 —
3355 422 3525 480 Vetas
3556 424 3717 494 igitur
3742 443 3831 482 non

546 529 710 571 causa
739 524 862 571 est:
911 511 1135 581 Propter
1163 511 1258 566 hoc
1296 511 1462 582 magis
1498 510 1672 565 Judaei
1701 509 1997 579 quwrebant
2035 528 2152 567 eum

550 608 801 671 occidere,
833 605 955 672 quia
981 620 1083 675 non
1112 603 1282 659 solum
1311 603 1534 659 solvebat
1569 602 1856 672 sabbatum,
1884 602 1974 658 sed
2012 604 2151 675 quod

547 708 744 769 patrem
772 712 919 750 suum
956 694 1157 750 dicebat
1196 688 1400 761 Deum,
1442 696 1689 765 aequalem
1730 712 1786 750 se
1811 697 2011 767 faciens
2039 695 2153 750 Deo

548 787 729 860 (Joan.
765 803 817 853 v,
847 785 959 859 18).
991 786 1103 842 lloc
1127 784 1364 841 Joannes
1391 788 1618 856 loquens
1644 801 1836 856 magna
1866 801 2000 843 voce
2029 802 2146 858 pro-

543 878 845 936 clamabat:
878 886 935 933 ut
959 876 1238 950 professus
1266 876 1434 932 Filius
1451 877 1554 933 sibi
1580 887 1787 947 patrem
1809 877 2001 945 Deum,
2026 893 2153 949 pro-

546 971 725 1028 fessus
748 969 825 1042 (a)
856 986 916 1026 se
944 971 1205 1041 aequalem
1235 984 1359 1025 esse
1391 970 1501 1025 Deo
1531 970 1883 1041 intelligatur.
1922 970 2076 1038 Quod
2104 970 2153 1028 si

542 1065 686 1123 forte
707 1063 866 1126 dicis.
884 1064 1250 1135 aequalitatem
1272 1064 1374 1118 sibi
1401 1074 1454 1117 et
1474 1064 1584 1118 Deo
1602 1078 1829 1134 negasse
1851 1064 2148 1130 Christum,

545 1162 669 1231 quia
690 1158 891 1214 dixerit
915 1176 928 1212 :
960 1157 1083 1212 Non
1109 1167 1272 1228 potest
1297 1155 1347 1211 F
1350 1156 1470 1211 ilius
1493 1157 1555 1211 ab
1581 1174 1634 1212 se
1658 1160 1827 1228 facere
1847 1156 2149 1228 quidquam,

541 1254 645 1308 nisi
691 1254 829 1324 quod
856 1253 1039 1308 viderit
1091 1251 1298 1306 Patrem
1326 1253 1602 1320 facientem
1634 1250 1824 1325 (lbid.,
1857 1250 1945 1322 l9)
1981 1267 1995 1306 :
2027 1265 2149 1307 me-

545 1357 734 1403 mento
776 1343 1052 1400 Christum
1100 1352 1155 1399 et
1202 1342 1551 1414 respondisse
1597 1342 1664 1397 de
1709 1343 1957 1410 sabbato,
2006 1341 2150 1413 quod

542 1438 777 1494 violasse
802 1438 1152 1508 arguebatur,
1187 1445 1243 1489 ut
1273 1436 1324 1489 iu
1362 1438 1462 1490 hoc
1488 1436 1610 1507 ipso
1639 1434 1818 1490 Patris
1847 1438 1900 1490 in
1929 1450 1988 1491 se
2015 1450 2149 1506 ope-

546 1532 717 1588 rantis
765 1530 1048 1602 praeferret
1097 1527 1510 1595 auctoritatem,
1550 1538 1605 1585 et
1638 1529 2001 1600 aequalitatem
2048 1528 2151 1584 sibi

540 1623 753 1681 virtutis
786 1623 1119 1694 honorisque
1138 1620 1210 1694 (b)
1241 1621 1541 1690 sumpsisse
1565 1637 1578 1675 :
1607 1620 1796 1675 Omnia
1823 1636 2152 1693 quaecumque

542 1715 701 1771 Pater
730 1716 883 1787 facit,
913 1715 1091 1769 eadem
1129 1722 1175 1768 et
1208 1711 1378 1767 Filius
1420 1712 1544 1785 facit
1587 1712 1825 1768 similiter
1864 1710 2151 1783 (Ibidem);

2256 512 2450 583 scripta
2477 513 2585 568 dici
2609 531 2622 568 :
2646 522 2704 569 et
2728 514 2847 584 ipse
2872 523 3050 573 tamen
3080 531 3186 573 non
3211 517 3426 588 scriptis
3456 515 3632 572 uteris
3650 558 3666 582 ,
3689 532 3835 589 neque

2257 619 2375 675 quae
2402 613 2527 658 sunt
2555 604 2754 676 scripta
2797 605 3055 678 loqueris.
3090 607 3332 664 Similem
3372 608 3458 663 vis
3487 609 3637 665 Patri
3667 607 3833 666 Filium

2255 697 2539 767 praedicari
2566 719 2578 753 :
2609 713 2677 753 ne
2702 699 2770 753 ab
2794 697 3058 769 Apostolo
3080 701 3269 758 audias
3295 719 3310 756 :
3342 701 3445 768 Qui
3473 718 3597 756 cum
3623 702 3677 755 in
3697 705 3837 772 forma

2258 789 2355 844 Dei
2380 800 2536 859 esset,
2584 808 2685 846 non
2716 794 2951 861 rapinam
2983 795 3260 851 arbitratus
3288 806 3361 850 est
3390 813 3507 853 esse
3534 812 3590 851 se
3618 801 3839 865 (equolam

2255 878 2397 947 Deo,
2439 883 2530 938 sed
2558 884 2834 938 exinauivit
2874 903 2928 940 se
2974 890 3192 957 foratum
3227 889 3357 943 serui
3398 888 3670 953 accipiens
3710 887 3842 960 (Plri-

2256 972 2348 1045 lip.
2394 990 2432 1028 ιι
2452 1016 2466 1039 ,
2514 973 2569 1039 6,
2622 973 2697 1045 7).
2731 976 2849 1033 Νοη
2877 980 3017 1049 rapit
3045 978 3188 1051 quod
3214 990 3330 1036 erat
3358 980 3650 1046 Christus,
3676 981 3723 1036 id
3742 991 3839 1049 est,

2256 1065 2308 1119 in
2355 1065 2523 1122 forma
2560 1068 2650 1122 Dei
2681 1083 2822 1124 esse.
2855 1069 2971 1125 Non
3013 1080 3099 1127 est
3127 1073 3409 1143 mqualitas
3451 1072 3555 1128 Dei
3599 1072 3653 1127 in
3691 1072 3840 1131 forma

2257 1157 2351 1213 Dei
2377 1174 2498 1214 esse
2518 1201 2533 1223 ,
2565 1159 2613 1215 si
2637 1176 2745 1215 non
2777 1164 3058 1232 aequalitas
3089 1164 3322 1220 hominis
3349 1176 3436 1221 est
3463 1180 3590 1222 esse
3611 1166 3666 1221 in
3691 1164 3840 1221 forma

2255 1250 2417 1305 servi.
2443 1249 2595 1317 Quod
2623 1254 2667 1307 si
2693 1252 2745 1307 in
2770 1251 2938 1310 forma
2969 1258 3110 1311 servi
3135 1257 3295 1313 homo
3319 1255 3580 1314 Christus
3599 1266 3712 1322 est;
3733 1258 3841 1328 quid

2254 1339 2395 1394 aliud
2419 1341 2470 1395 in
2497 1343 2664 1397 forma
2695 1344 2821 1411 Dei,
2849 1362 3009 1417 quam
3031 1347 3273 1404 Christus
3296 1349 3443 1405 Deus
3470 1349 3591 1405 est’
3615 1349 3836 1406 Similem

2256 1433 2438 1503 itaque
2461 1433 2529 1489 ob
2560 1434 2608 1489 id
2645 1436 2920 1506 praedicari
2948 1441 3059 1503 vis,
3092 1456 3158 1496 ne
3183 1444 3234 1496 in
3264 1441 3366 1496 fide
3396 1448 3490 1495 tua
3518 1443 3591 1496 sit
3620 1460 3633 1494 :
3668 1441 3725 1494 Et
3749 1460 3841 1495 om-

2255 1525 2334 1579 nis
2355 1525 2531 1597 lingua
2549 1529 2870 1599 conﬁteatur,
2896 1533 3138 1602 quoniam
3170 1533 3419 1589 Dominus
3440 1533 3476 1589 Ι
3484 1550 3601 1589 esus
3622 1534 3674 1589 in
3694 1535 3840 1606 gloria

2255 1628 2327 1671 est
2353 1614 2629 1690 Dcipatris
2660 1618 2847 1693 (lbid.,
2878 1621 2991 1696 11).

2325 1709 2410 1767 20.
2456 1710 2655 1767 Dolosa
2692 1725 2764 1769 est
2794 1717 3079 1787 professio,
3111 1717 3304 1773 similis
3334 1717 3641 1776 secundum
3675 1719 3837 1792 Scrip~

470 1810 471 1819 “
537 1822 593 1866 et
624 1811 844 1873 iterum,
883 1808 950 1863 Ut
990 1807 1330 1878 honorificent
1373 1804 1606 1874 Filium,
1638 1805 1773 1860 sicut
1801 1805 2150 1876 honoriﬁcant
2179 1817 2228 1881 Β
2257 1808 2424 1856 iuras.
2450 1833 2519 1842 —
2544 1803 2588 1859 0
2620 1803 2803 1861 Fallax
2834 1806 3261 1864 blandimentum
3295 1812 3484 1865 tuum!
3518 1810 3696 1866 Paleis
3719 1812 3842 1867 enim

545 1902 758 1965 Patrem
801 1900 993 1973 (Ibid.,
1018 1898 1114 1970 ‘23)
1141 1916 1159 1954 .'
1185 1908 1262 1967 et,
1299 1899 1400 1965 Qui
1441 1915 1543 1953 non
1580 1896 1889 1968 honori/ient
1919 1897 2148 1969 Filium,

546 2012 650 2050 non
676 1995 987 2061 honori/icat
1033 1995 1241 2048 Patrem
1284 1993 1371 2063 qui
1418 1993 1556 2047 misit
1600 1992 1750 2046 illum
1791 1990 2060 2064 (Ibidem).
2094 1994 2152 2051 Si

547 2088 719 2144 virtus
751 2086 943 2143 eadem
971 2095 1052 2142 est
1071 2127 1087 2153 ,
1118 2085 1169 2141 si
1200 2085 1376 2141 honor
1406 2083 1549 2140 idem
1575 2095 1695 2150 est;
1744 2100 1927 2155 qumro
1958 2085 2009 2140 in
2045 2101 2151 2157 quo

549 2179 693 2234 desit
723 2177 1003 2248 aequalitas
1030 2178 1053 2230 ‘t

621 2271 708 2325 18.
739 2268 945 2324 Natura
975 2286 1229 2325 unum.—
1249 2268 1357 2325 Sed
1388 2268 1688 2325 similitudo
1717 2269 1813 2326 tibi
1846 2271 2051 2342 placet;
2085 2287 2155 2329 ne

544 2362 756 2429 audias,
788 2360 901 2433 Ego
949 2372 997 2417 et
1047 2361 1207 2416 Pater
1256 2378 1415 2416 unum
1461 2378 1641 2417 sumus
1690 2356 1869 2435 (Joan.
1919 2378 1974 2428 Χ,
2007 2362 2153 2438 50)?

547 2454 819 2525 Numquid
844 2465 898 2509 et
923 2455 1024 2510 hoc
1043 2452 1188 2524 quod
1207 2469 1364 2507 unum
1378 2469 1577 2521 sumus,
1598 2452 1651 2509 in
1674 2468 1780 2525 quo
1799 2469 1978 2524 neque
1998 2456 2151 2525 unio,

550 2564 728 2618 neque
759 2549 1050 2604 diversitas
1080 2547 1509 2619 relinquebatur,
1542 2547 1996 2603 calumniantibus
2032 2565 2151 2604 rur-

548 2654 671 2694 sum
708 2638 912 2695 Judaeis
938 2637 1079 2709 quod
1122 2652 1180 2692 se
1221 2653 1319 2708 per
1348 2637 1451 2692 hoc
1478 2635 1678 2693 dictum
1709 2638 1877 2694 Deum
1908 2638 2111 2695 iaceret
2133 2682 2149 2710 ,

552 2732 815 2787 Dominus
836 2730 1142 2800 denegavit,
1172 2729 1359 2785 dicens
1386 2748 1400 2780 τ
1434 2730 1496 2785 Si
1519 2748 1618 2785 non
1640 2731 1776 2801 facio
1797 2749 1953 2804 opera
1974 2731 2154 2787 Patris

547 2827 669 2893 mei,
701 2825 862 2879 nolite
887 2825 1013 2878 mihi
1039 2820 1247 2879 credere
1276 2840 1295 2878 :
1317 2825 1395 2877 sin
1414 2834 1582 2879 autem
1608 2827 1766 2896 facio,
1796 2835 1847 2880 et
1865 2844 1968 2881 non
1999 2823 2152 2882 vultis

551 2917 676 2972 mihi
694 2918 919 2983 credere,
941 2916 1020 2971 rel
1039 2917 1275 2985 aperibur
1292 2916 1417 2970 meis
1441 2916 1652 2982 credite,
1674 2919 1794 2989 quia
1818 2916 1975 2972 Pater
2001 2919 2052 2972 in
2075 2935 2153 2973 me

551 3024 645 3078 est,
676 3023 722 3067 et
742 3028 833 3080 ego
860 3013 912 3063 in
938 3010 1095 3064 Patre
1125 3008 1290 3082 (Ibid.
1313 3053 1326 3075 ,
1357 3011 1448 3075 57,
1479 3010 1618 3082 58)?
1646 3011 1783 3078 Quid
1812 3026 1944 3081 rugo
1973 3029 2152 3083 aequa.

551 3103 689 3158 litati
722 3104 816 3158 Dei
847 3101 1045 3159 deest?
1073 3094 1155 3156 An
1182 3101 1361 3170 opus?
1391 3116 1457 3155 an
1488 3103 1722 3167 natura?
1748 3120 1811 3156 an
1838 3102 1997 3177 577
2028 3120 2151 3175 pro-

2256 1908 2422 1965 aqnas
2465 1898 2600 1966 togis
2622 1938 2636 1962 ,
2666 1907 2719 1953 et
2754 1897 2937 1955 foveas
2977 1900 3275 1971 cespitibus
3316 1903 3602 1971 occultas,
3640 1912 3693 1960 et
3724 1906 3843 1960 escis

2255 1985 2477 2057 laqueos
2505 1991 2785 2060 supponis.
2814 1990 3139 2049 Satisfacere
3170 2003 3223 2048 te
3265 1993 3648 2065 ignorantibus
3677 2006 3842 2067 putas,

2255 2078 2379 2150 quia
2440 2079 2578 2136 dicis
2621 2076 2696 2154 (c)
2750 2082 2969 2139 similem
3012 2084 3164 2141 Patri
3210 2088 3496 2142 secundum
3546 2087 3840 2160 Scriptum.

2254 2171 2395 2228 Audi
2426 2175 2587 2230 etiam
2612 2190 2755 2231 nunc
2783 2176 3076 2249 impietatis
3105 2191 3208 2235 tute
3227 2188 3427 2236 artem.
3458 2180 3727 2253 Numquid
3750 2197 3838 2237 non

2254 2266 2342 2337 pie
2370 2264 2602 2323 dicimus
2630 2269 2904 2326 hominem
2944 2272 3176 2327 similem
3205 2273 3315 2329 Deo
3342 2273 3647 2331 secundum
3674 2273 3836 2345 Scrip-

2255 2368 2444 2427 turas;
2476 2363 2601 2433 quia
2630 2361 2831 2418 dictum
2862 2373 2947 2420 est
2973 2382 2986 2420 :
3020 2363 3301 2421 Faciamus
3332 2367 3598 2422 hominem
3624 2368 3691 2422 ad
3724 2368 3835 2422 ἱπιαο

2253 2452 2421 2524 ginem
2440 2463 2487 2508 et
2502 2454 2885 2511 similitudinem
2902 2465 3127 2512 nostram
3149 2456 3303 2530 (Gen.
3327 2474 3366 2524 ι,
3388 2457 3518 2532 26)?
3541 2452 3713 2514 Homo
3729 2474 3839 2529 ergo

2255 2545 2323 2602 ad
2354 2547 2641 2618 imaginem
2672 2557 2728 2605 et
2766 2549 3174 2607 similitudinem
3201 2549 3298 2607 Dei
3330 2552 3507 2623 patris
3536 2560 3592 2607 et
3627 2550 3721 2606 Dei
3761 2551 3837 2608 tibi

2257 2640 2333 2712 (d)
2366 2650 2468 2698 est.
2504 2641 2569 2697 Et
2594 2641 2897 2714 cujusmodi
2924 2644 3102 2717 imago
3143 2654 3262 2708 est,
3291 2644 3556 2701 catholici
3594 2643 3665 2717 (ε)
3693 2645 3733 2700 si
3770 2661 3838 2701 re-

2232 2735 2567 2805 ‘quirantur,
2597 2735 2886 2792 docebunt.
2922 2737 3076 2793 Nunc
3102 2749 3281 2793 autem
3313 2736 3484 2791 homo
3513 2737 3582 2793 ad
3613 2738 3836 2793 similitu-

2255 2830 2435 2885 dinem
2464 2838 2518 2885 et
2550 2832 2834 2904 imaginem
2869 2834 2964 2888 Dei
2994 2835 3244 2890 conditur
3272 2851 3286 2890 :
3319 2848 3429 2888 non
3480 2835 3647 2889 etiam
3673 2834 3836 2891 simili-

2254 2922 2383 2977 tudo
2406 2922 2569 2995 578
2597 2922 2664 2996 (f)
2694 2923 2833 2980 intra
2865 2925 3075 2982 Patrem
3107 2937 3162 2983 et
3210 2927 3405 2984 Filium
3437 2929 3767 3002 prmdicatur.
3788 2925 3831 2980 id

2255 3016 2396 3071 enim
2420 3057 2435 3083 ,
2467 3016 2609 3086 quod
2636 3017 2709 3071 ait
2738 3026 2994 3086 nostram,
3024 3021 3352 3091 mqualitatis
3380 3032 3473 3078 est
3520 3022 3833 3077 detuonstra-

2256 3108 2363 3178 tio;
2394 3109 2519 3165 dum
2566 3127 2670 3165 non
2715 3111 2956 3180 diﬂ'erat,
2999 3116 3155 3186 cujus
3194 3113 3271 3189 (g)
3322 3115 3376 3172 in
3433 3124 3764 3172 sacramento
3788 3121 3831 3168 et

551 3195 758 3250 fessio?
783 3195 913 3249 Nam
944 3193 1170 3248 Paterin
1199 3210 1278 3247 me
1298 3203 1393 3259 est,
1421 3204 1468 3247 et
1484 3210 1575 3264 ego
1601 3195 1654 3248 in
1678 3194 1837 3250 Patre
1875 3194 2010 3268 (1b.,
2031 3195 2145 3267 58).
2179 3205 2224 3270 C
2255 3202 2429 3273 imago
2460 3204 2534 3259 sit
2557 3213 2612 3259 et
2639 3205 2954 3262 similitudo.

552 3287 834 3357 inqualitas
864 3296 989 3340 est:
1042 3300 1162 3354 qua:
1204 3285 1628 3341 vicissitudinem
1683 3286 2006 3356 aaquaiitatis
2056 3303 2154 3343 ex-

553 3380 782 3452 pressit,
814 3378 941 3433 dttm
972 3377 1155 3433 inesse
1182 3385 1342 3448 atque
1368 3393 1491 3431 esse
1518 3392 1809 3432 commune
1838 3386 1941 3436 est.
1974 3378 2147 3449 Opera

550 3489 684 3530 vero
717 3474 880 3543 patris
902 3472 982 3526 sui
1016 3469 1214 3535 facere,
1249 3484 1354 3525 non
1382 3468 1527 3523 aliud
1565 3479 1670 3535 est,
1700 3486 1861 3540 quam
1893 3471 2146 3527 virtutem

550 3568 606 3621 in
635 3580 695 3621 se
724 3576 963 3635 paterna:
991 3562 1291 3619 divinitatis
1335 3563 1572 3632 operari.
1620 3562 1794 3617 Unum
1839 3576 1973 3619 vero
2009 3566 2151 3636 quod

554 3666 714 3720 sunt,
745 3655 849 3711 hoc
879 3665 962 3712 est
1001 3670 1107 3712 non
1149 3652 1510 3725 aequalitatem
1540 3652 1804 3720 abnuere,
1851 3655 1943 3710 sed
1976 3657 2151 3713 incre-

557 3758 743 3806 mento
766 3744 1134 3821 intelligentiae
1154 3744 1316 3802 iidem
1345 3743 1667 3817 aequalitatis
1693 3745 1980 3803 instruere.

650 4018 704 4089 a)
735 4017 792 4073 In
820 4015 1001 4081 editis,
1048 4015 1372 4089 professum,
1401 4021 1453 4069 et
1484 4028 1610 4089 mox
1638 4012 1981 4089 desideratur
2012 4017 2143 4076 Deo.

650 4020 704 4089 a)
735 4020 792 4073 In
820 4020 1001 4081 editis,
1048 4020 1337 4087 professum
1358 4055 1372 4079 ,
1401 4021 1453 4069 et
1484 4028 1610 4069 mox
1638 4020 1981 4073 desideratur
2012 4020 2143 4076 Deo.

623 4020 699 4164 ib)
726 4089 975 4158 Plerique
1003 4100 1135 4141 mss.
1169 4085 1488 4164 suntpsisset.
1526 4084 1636 4139 Hoc
1661 4086 1841 4164 potius
1870 4087 1946 4164 ita
1981 4089 2146 4147 lutei.

551 4155 720 4234 ligere
742 4155 1130 4234 esttmemento
1162 4155 1833 4234 Christum...__sumpsisse:
1861 4160 1951 4215 cui
1981 4165 2146 4221 verbo

551 4227 681 4292 editi
709 4228 968 4305 adjiciunt
995 4228 1188 4305 dicens,
1224 4227 1782 4305 refragantibusmss.
1815 4242 1936 4286 cum
1961 4247 2144 4305 grant-

550 4299 945 4372 maticaeleges
974 4299 1256 4372 exigerent
1276 4300 1546 4372 dicentem.

627 4376 696 4448 (c)
740 4370 1000 4448 Apposite
1037 4370 1331 4437 Gregorius
1369 4370 1620 4426 Nazianz.
1649 4371 1742 4426 Or.
1775 4382 1920 4448 διαί
1944 4384 1998 4431 n.
2031 4375 2141 4448 26:

550 4444 684 4518 nec
699 4444 851 4518 verba
868 4484 882 4509 ,
906 4454 1082 4518 SiliLB
1103 4455 1380 4518 secuanpu
1403 4455 1724 4518 semermis
1746 4445 2145 4518 simplicioribus

546 4512 789 4574 illecebra
816 4520 961 4569 erant
990 4512 1268 4580 impietatis
1296 4510 1447 4588 hamo
1475 4510 2033 4588 circumjectajstatua
2076 4518 2144 4573 ad

549 4605 724 4644 omnes
754 4591 1163 4658 pertranseuntes
1183 4598 1291 4635 sese
1317 4583 1605 4658 obverteris,
1638 4583 1744 4639 e'tc.
1768 4628 1781 4652 ,
1811 4595 1869 4640 et
1899 4589 2142 4658 proxime

548 4670 717 4745 aute‘:
750 4653 1013 4730 Impietati
1038 4661 1207 4736 autem
1229 4668 1318 4745 per
1347 4654 1528 4745 scripti
1555 4656 1810 4745 dogmatis
1839 4653 2147 4745 ambiguita-
2171 4653 2225 4714 D

548 4741 650 4785 tem
672 4723 946 4803 fenestram
968 4725 1204 4796 aperuit;
1231 4723 1326 4777 ltoc
1351 4723 1553 4803 quidem
1582 4723 1829 4793 prwtextn
1850 4723 1999 4797 quasi
2020 4733 2147 4785 scri-

552 4795 758 4873 pturam
788 4805 1130 4859 revereretur,
1159 4811 1220 4848 ac
1261 4795 1736 4873 probatissimarum
1779 4795 1959 4873 vocum
2000 4816 2145 4873 usum

552 4867 983 4946 amplecteretur;
1009 4883 1069 4946 re
1098 4876 1279 4946 autem
1309 4881 1428 4946 vera
1459 4867 1975 4946 {irianismnntnullo
2003 4871 2147 4946 S_cri-

550 4935 719 5016 ptura:
749 4944 859 5016 loco
888 4939 1149 5015 proditum
1179 4935 1428 5016 in_ipsius
1455 4937 1622 5016 locum
1655 4937 1982 5016 substituens.
2005 4943 2148 5000 Con-

549 5006 733 5069 stanlii
759 5006 995 5068 edicium
1020 5052 1034 5073 ,
1067 5018 1122 5064 et
1147 5006 1458 5062 violentiam
1489 5016 1549 5062 ut
1597 5007 1721 5066 ltuit:
1753 5006 1875 5066 litlei
1904 5014 2144 5071 subscri-

551 5086 710 5141 batnr
725 5126 741 5151 ,
756 5083 971 5151 tvidesis
994 5080 1125 5134 ibid.
1151 5096 1204 5133 η.
1231 5079 1320 5134 50.

626 5144 805 5229 (αιἸη
838 5152 1096 5226 vulgatis,
1142 5160 1216 5204 est
1252 5155 1442 5221 factus.
1465 5146 1632 5207 Abest
1661 5155 1833 5225 factus
1863 5154 1930 5211 ab
1973 5158 2152 5215 omni-

552 5228 656 5282 bus
683 5241 813 5282 mss.

627 5296 698 5371 (ε)
738 5292 810 5371 lta
847 5294 1246 5371 potioreshmss.
1279 5290 1385 5371 Alli
1426 5298 1555 5348 vero
1591 5296 1873 5371 eulnedit.
1901 5298 1944 5352 si
1976 5302 2147 5371 requi-

552 5362 698 5440 ren't,
728 5362 1067 5440 docebuntur;
1086 5362 1254 5440 Cujus
1278 5367 1457 5440 autem
1481 5365 1628 5420 modi
1649 5364 1821 5422 Filius
1842 5367 2021 5440 imago
2043 5362 2142 5440 tu,

551 5428 711 5494 docet
735 5438 827 5491 lib.
854 5446 905 5490 ix
931 5428 1180 5494 de'l‘rinI
1207 5449 1259 5485 n.
1296 5428 1385 5486 52.
1952 5428 1981 5440 ν
2116 5456 2122 5465 -

624 5490 707 5579 (inv
738 5490 877 5580 Editl
901 5490 1019 5580 soli
1040 5548 1054 5569 ,
1082 5504 1213 5580 inter
1233 5501 1463 5580 Patrem.
1485 5505 1919 5580 Postgsuperiora
1947 5506 2107 5565 verba
2125 5553 2141 5580 ,

553 5574 657 5633 νιοῆ
675 5574 836 5650 etiam
855 5577 1152 5650 similitudo
1171 5615 1194 5650 ,_
1213 5574 1476 5650 religetur
1494 5616 1525 5650 ,κ
1540 5576 1631 5650 sed
1668 5574 1839 5633 unitas
1860 5591 1907 5650 et
1934 5574 2149 5650 aequali;

558 5659 656 5736 tas.
688 5647 924 5736 Utjeni‘u:
958 5648 1010 5700 in
1039 5644 1285 5736 cutitdem
1309 5644 1536 5702 Genesis
1559 5649 1731 5736 locum
1759 5650 1868 5736 jnam
1894 5644 2144 5736 legimus,

558 5716 650 5793 lib.
684 5731 718 5769 v
745 5716 986 5793 de_Triut
1020 5728 1074 5793 tt.
1107 5720 1141 5770 8
1167 5733 1184 5793 :_
1210 5728 1460 5793 ROS’I‘RAI
1489 5730 1545 5772 ut
1574 5736 1676 5793 non
1702 5716 1847 5793 habet
1868 5716 2145 5793 unionem,

554 5785 627 5841 ita
668 5800 773 5840 non
816 5784 963 5839 habet
1001 5786 1382 5855 diversitatem,
1424 5800 1527 5842 non
1578 5789 1727 5845 habet
1767 5784 2142 5852 discretionem:

2327 3295 2419 3351 ﬁt.
2461 3295 2540 3349 De
2568 3297 2709 3353 Filio
2750 3315 3003 3369 nusquam
3028 3302 3342 3373 praedicatur
3378 3318 3525 3357 mera
3554 3302 3826 3357 similitudo.

2257 3418 2329 3427 —
2357 3388 2429 3443 De
2458 3387 2594 3443 Filio
2624 3399 2798 3444 autem
2830 3406 3093 3462 nuSqunm
3134 3392 3551 3449 similitudinem
3597 3390 3825 3462 raperies.

2261 3480 2550 3552 Imaginem
2591 3490 2770 3539 autem
2801 3500 2922 3540 eum
2954 3484 3049 3542 Dei
3080 3502 3202 3557 esse
3232 3488 3530 3557 Apostolus
3571 3486 3721 3552 dicit,
3750 3484 3824 3538 sed

2254 3585 2375 3626 cum
2398 3572 2763 3629 additamento
2780 3574 2905 3630 fidei
2929 3593 2942 3630 :
2962 3592 3030 3631 ne
3053 3575 3135 3649 (ἡ)
3163 3577 3452 3648 imaginem
3476 3578 3827 3635 conformatio-

2255 3678 2379 3717 nem
2410 3667 2660 3720 sentires.
2694 3665 2784 3722 Ait
2825 3667 2970 3723 enim
2999 3687 3011 3722 :
3047 3669 3149 3735 Qui
3171 3678 3243 3725 est
3268 3671 3442 3742 imago
3467 3670 3569 3726 Dei
3589 3668 3825 3726 invisibilis

2256 3753 2477 3828 (Coloss.
2506 3773 2544 3823 ι,
2580 3756 2711 3830 l5):
2745 3768 2801 3814 ut
2831 3761 3004 3833 imago
3050 3763 3334 3821 invisibilis
3376 3765 3513 3834 Dei,
3557 3765 3710 3821 etiam
3750 3779 3825 3835 per

2256 3846 2309 3901 id
2342 3844 2408 3919 (ἱ)
2437 3846 2581 3918 quod
2625 3847 2743 3920 ipse
2768 3851 3053 3911 invisibilis
3080 3864 3191 3924 est,
3222 3856 3514 3916 invisibilis
3558 3857 3650 3915 Dei
3676 3857 3822 3927 imago

2258 4022 2431 4104 Homo
2451 4026 2586 4104 enim
2606 4030 2674 4104 ad
2699 4044 3019 4087 communem
3038 4034 3098 4104 fit
3117 4076 3131 4102 ,
3159 4036 3442 4092 secundum
3465 4039 3714 4094 ueritatem
3733 4054 3820 4092 ser-

2253 4099 2455 4181 monis,
2494 4099 2815 4181 imaginem:
2844 4112 2901 4158 et
2945 4099 3260 4169 mo'x,'Una
3302 4110 3439 4164 enim
3467 4120 3542 4167 est
3576 4110 3816 4181 imaginis,

2252 4168 2323 4221 ad
2351 4185 2502 4238 quant
2527 4168 2681 4226 hoino
2707 4182 2911 4228 creatus
2931 4184 3037 4243 est,
3064 4168 3274 4248 species.

2325 4257 2401 4340 (ρ)
2443 4261 2678 4340 Rursum
2705 4263 2795 4340 hie
2818 4264 2970 4340 locus
3010 4266 3310 4326 illustratur
3340 4272 3423 4330 his
3470 4274 3565 4331 lib.
3596 4290 3656 4340 ν,
3685 4273 3811 4338 n.8,

2251 4331 2470 4417 verbis:
2506 4331 2921 4417 [adissecabilian
2936 4337 3132 4417 decide.
3164 4340 3338 4397 Unum
3365 4347 3505 4417 enim
3540 4331 3679 4405 sunt.
3707 4331 3812 4417 quo:

2252 4416 2369 4526 :‘um
2406 4403 2645 4529 irlnaginis
2682 4416 2730 4461 et
2768 4407 3117 4467 similitudinis
3159 4428 3318 4468 unum
3365 4424 3440 4472 est
3482 4415 3628 4473 homo
3670 4403 3812 4491 factus

2284 4488 2430 4529 centu
2455 4490 2561 4529 um.

2284 4488 2561 4542 xemptum.

2323 4564 2403 4639 (Ῐι)
2444 4564 2579 4652 (Ῑοάς
2607 4567 2763 4652 βομ).
2795 4588 2917 4652 Cum
2948 4574 3190 4652 Martin.,
3210 4595 3282 4652 _ne
3301 4580 3575 4652 imaginem
3597 4596 3809 4651 corpora-

2251 4635 2347 4718 lem
2380 4635 2399 4690 ὲ
2438 4652 2501 4692 ac
2539 4639 2735 4718 deinde
2773 4635 3188 4713 conﬁrmatione:
3210 4649 3331 4704 Vat.
3364 4635 3805 4718 bas.,confdrmo

2253 4704 2389 4797 tione
2411 4723 2430 4762 :
2455 4710 2597 4781 quod
2626 4711 2717 4767 lib.
2733 4728 2835 4797 ivut
2854 4704 2883 4782 ,’
2906 4734 2958 4769 ιι.
2982 4718 3080 4797 49_,
3104 4722 3184 4775 sic
3203 4704 3517 4797 enuntiatur
3535 4704 3805 4797 :vne'fornae

2251 4789 2440 4868 potius”
2462 4797 2615 4868 quam
2653 4796 2850 4867 natura:
2890 4802 2998 4868 esse
3038 4789 3630 4868 imagdintelligeretur.
3655 4789 3802 4868 'Attlea

2251 4851 2375 4932 loco
2402 4850 2554 4932 ﬁdei,
2588 4858 2760 4925 magis
2797 4858 3061 4932 arrideret
3088 4850 3380 4919 inuisibili}.
3412 4850 3520 4921 Sed
3557 4883 3667 4921 cum
3688 4862 3803 4920 Gre-

2250 4921 2412 5009 gorio
2442 4921 2581 5009 Papa
2621 4921 2860 4991 auctore,
2905 4927 3049 5009 honr.
3086 4948 3221 4988 xxvi
3249 4934 3532 5009 in_lj3vang.
3553 4980 3568 5004 ,
3599 4932 3716 4991 lldes
3747 4932 3803 5009 si}

2252 5003 2737 5077 argumentumnon
2765 5003 3175 5077 apparentinm,
3193 5008 3258 5058 ad
3286 5006 3450 5061 ﬁdem
3480 5001 3658 5063 attinet
3683 5001 3799 5076 q'uod

2253 5072 2360 5115 non
2389 5070 2473 5117 est
2498 5067 2739 5144 risibus.
2775 5067 3044 5144 Praeterea
3075 5075 3503 5133 additamentum
3545 5067 3799 5144 illud,'quo

2255 5145 2437 5187 nostra
2478 5136 2547 5191 de
2589 5138 2790 5208 Christi
2831 5140 3112 5200 dlvinitue
3150 5145 3283 5203 tides
3320 5136 3689 5208 conﬂi-matur;
3719 5136 3794 5200 lib.

2252 5218 2343 5279 vui
2366 5248 2379 5270 ,
2409 5207 2685 5279 num.t8.
2719 5218 2824 5265 etc.
2844 5254 2858 5275 ,
2886 5230 2989 5267 non
3020 5215 3074 5269 in
3098 5218 3215 5272 solo
3242 5219 3516 5277 inuisiblis
3543 5207 3794 5279 vocabulo,

2250 5274 2347 5330 sed
2375 5279 2536 5332 etiam
2566 5278 2619 5333 in
2653 5274 2917 5351 adjunctis
2945 5288 3177 5357 apostoli
3209 5274 3645 5363 verbisponitur.

2251 5435 2265 5449 .
2321 5365 2635 5449 (iluéliqmit
2657 5388 2812 5449 ms_s.,
2836 5391 2935 5446 quo
2960 5379 3068 5447 ipse
3086 5379 3355 5438 invisibilis
3376 5395 3470 5440 est.
3494 5383 3621 5449 Tum
3640 5372 3789 5441 llicllu

2245 5432 2698 5529 inuisibilis'hDeus.
2721 5432 2892 5529 imag’o
2938 5432 3085 5504 θέσει.
3822 5478 3823 5481 η

2250 5507 2499 5597 illiganda
2529 5500 2767 5597 ῃειυιτειρε
2807 5500 3792 5597 φρ,ρβέθε-ξδίδ,ξτῖςίῑίιῖῖζςιξιξξῑιέέ-

2251 5584 2651 5665 ςῑαῃὶηξρηιὶιθῃι
2669 5584 2858 5665 _Putri_
2878 5584 3071 5665 Filium
3102 5595 3459 5665 praedicantes
3475 5641 3489 5665 ,
3502 5584 3515 5595 ’
3529 5584 3720 5665 Paulum
3744 5588 3787 5665 in

2252 5649 2459 5740 ἔρξω
2478 5649 3197 5740 ,Ρτκὶνῖεξιὶεβοτίθυβηῗμπς
3222 5649 3646 5740 lambinus
3662 5660 3788 5740 Chr!-

2249 5728 2423 5787 stttm,
2469 5738 2582 5800 qua
2622 5728 2977 5800 invisibitem,
3018 5735 3305 5793 invisibilis
3350 5728 3591 5795 [tei'ess'e
3631 5729 3785 5800 θωπεί-

2249 5800 2403 5862 nem,
2449 5796 2617 5853 neiis
2652 5797 2803 5858 locus
2837 5796 3026 5874 detur,
3074 5806 3162 5877 qui
3208 5807 3424 5868 Patrem
3474 5796 3779 5871 invisibiletit,
