3936 6196
74 266 174 321 597

926 267 1129 326 LIBER
1165 265 1440 327 CONTRA
1479 269 1970 332 CONSTANTIUM
2006 274 2528 335 IMPERATOREM.

3290 285 3394 343 598

75 386 234 433 esset.
261 376 693 436 Similitudinem
737 397 867 438 vero
894 383 977 457 (a)
1004 397 1127 439 cum
1158 383 1389 457 imagine
1414 385 1482 442 ad
1510 385 1679 443 Deum
1708 395 1765 459 Α
1785 391 2061 462 proprium
2090 391 2260 448 Deum
2303 408 2460 463 esse,
2514 391 2813 451 nativitatis
2856 395 3248 457 demonstratio
3287 412 3390 458 est.

74 470 280 530 homini
312 471 601 545 deputavit
631 494 645 529 :
686 491 755 532 ne
802 475 1044 532 veritatis
1071 490 1192 533 esse
1221 478 1525 548 proprietas
1573 479 1686 535 exi-

76 564 426 635 Stimaretur,
473 567 561 623 cui
604 566 671 622 ad
720 566 1005 640 imaginem
1056 569 1351 626 similitudo
1398 580 1546 627 esset
1586 572 1683 629 ad-

72 657 277 727 juncta.
310 654 566 729 Denique
610 657 701 713 ubi
738 657 803 713 ad
849 657 1297 731 signiﬁcationem
1343 660 1557 718 virtutis
1606 662 1683 735 (b)

80 759 355 821 aequatur,
389 759 447 807 et
495 749 792 806 similitudo
837 752 889 806 in
939 751 1078 827 li‘ilio
1108 752 1513 809 demonSIratur
1556 768 1689 826 ope-

80 840 225 897 randi
251 860 264 896 :
296 857 427 898 cum
458 843 734 914 profectus
759 859 889 898 vero
918 844 1287 916 intelligentiae
1324 846 1682 919 praedicatur:

83 949 184 995 tum
213 940 283 994 ita
312 939 520 995 dicitur
553 958 567 996 :
605 939 790 995 Omnia
811 957 1138 1013 quiscumque
1157 942 1280 1014 facit
1308 940 1485 1009 Pater,
1509 941 1687 998 eadem

84 1040 125 1086 rt
147 1028 316 1085 Filius
358 1030 489 1102 facit
514 1032 749 1086 similiter
779 1031 960 1105 (Joan.
992 1048 1046 1100 ν,
1082 1030 1193 1104 19).
1225 1031 1424 1088 Facere
1450 1034 1687 1089 similiter

85 1139 261 1195 parum
294 1124 480 1178 visunt
509 1133 622 1194 est,
647 1123 749 1180 nisi
783 1124 971 1181 eadem
999 1123 1190 1181 fierent
1238 1141 1357 1197 qua:
1386 1125 1456 1197 (c)
1487 1126 1684 1182 similia

86 1216 295 1271 fiebant.
324 1217 511 1288 Atque
536 1217 608 1272 ita
631 1216 926 1272 similitudo
949 1215 1181 1272 faciendi
1214 1216 1297 1288 pie
1319 1217 1685 1275 demonstrata

88 1319 161 1366 est
187 1310 239 1364 in
269 1310 593 1366 earumdem
622 1312 948 1384 proprietate
983 1311 1265 1367 factorum.
1299 1311 1395 1367 Est
1422 1319 1601 1367 autem
1631 1321 1687 1369 et

83 1402 372 1460 similitudo
405 1404 463 1461 in
490 1405 720 1462 Domino
743 1405 921 1461 carnis
967 1406 1173 1476 peccati
1215 1404 1395 1479 (Rom.
1423 1420 1521 1461 Vill
1541 1444 1554 1470 ,
1584 1404 1640 1478 2)
1666 1422 1681 1460 :

83 1495 170 1552 sed
195 1496 271 1551 illi
306 1511 420 1552 non
465 1497 763 1554 similitudo
790 1498 970 1555 carnis
999 1508 1101 1566 est,
1141 1497 1225 1569 (ά)
1253 1498 1348 1555 sed
1391 1498 1685 1555 similitudo

82 1589 250 1645 carnis
279 1589 491 1662 peccati
538 1598 666 1647 est:
699 1598 759 1645 ut
794 1589 939 1662 quod
984 1591 1036 1645 in
1086 1588 1256 1646 forma
1303 1590 1376 1662 (ε)
1415 1590 1512 1647 Dei
1558 1599 1683 1661 est,

84 1682 235 1739 homo
262 1683 372 1751 sit;
400 1682 544 1755 quod
585 1693 766 1739 autem
795 1682 846 1738 in
870 1682 1223 1738 similitudine
1251 1684 1434 1739 carnis
1473 1684 1682 1755 peccati

1790 480 1917 537 Mihi
1945 482 2162 555 quidem
2187 483 2481 541 similitudo
2501 526 2518 554 ,
2547 484 2627 559 (li)
2653 500 2722 544 ne
2747 487 2934 546 unioni
2958 489 3117 548 detur
3139 493 3357 550 occasio
3379 534 3395 559 ,

1789 584 1971 631 sancta
1998 583 2121 631 est:
2152 577 2250 633 sed
2280 576 2433 633 tibia
2463 594 2551 635 me
2595 592 2705 636 non
2731 581 3083 641 concedenda
3107 595 3230 643 est:
3260 587 3389 658 quia

1788 667 2051 738 aequalem
2081 670 2372 739 eumdem,
2413 678 2471 728 et
2519 671 2755 730 similem
2797 685 2985 747 postea
3030 678 3121 749 pie
3158 679 3386 737 fatebor.

1789 760 2031 817 Similem
2062 771 2243 819 autem
2280 763 2465 832 Patri,
2512 765 2743 823 similem
2791 783 3010 840 quoque
3055 772 3119 842 (i)
3149 781 3207 827 et
3246 772 3391 844 Deo,

1789 854 2042 924 religiose
2088 856 2424 927 praedicabo;
2465 859 2699 916 similem
2727 876 2858 918 vero
2895 862 2999 931 ita,
3034 874 3094 921 ut
3131 866 3390 923 similitu-

1789 948 1901 1004 dini
1928 947 2033 1005 hoc
2080 949 2283 1006 dictum
2330 966 2548 1024 semper
2594 955 2940 1013 anteferam:
2980 958 3096 1033 Ego
3140 971 3189 1015 et
3233 960 3395 1016 Pater

1788 1058 1949 1097 unum
1993 1061 2170 1099 sumus
2209 1042 2390 1116 (Joan.
2422 1062 2459 1103 ι
2479 1087 2494 1114 ,
2527 1046 2617 1119 30)
2647 1067 2663 1104 :
2704 1058 2761 1108 tu
2788 1059 2969 1106 autem
3022 1052 3107 1108 his
3135 1054 3388 1110 omnibus

1787 1135 2132 1203 contradicis,
2150 1139 2272 1203 quia
2298 1139 2707 1199 similitudinem
2732 1140 2813 1215 (j)
2832 1143 3181 1201 excusatione
3194 1146 3351 1203 defen
3363 1175 3385 1187 ο

1788 1227 1894 1284 dis.
1923 1227 2101 1300 Negas
2130 1228 2331 1286 Filium
2364 1247 2459 1302 per
2486 1233 2864 1303 nativitatem,
2892 1250 3059 1307 negas
3096 1236 3266 1294 Deum
3298 1255 3394 1309 per

1788 1328 2067 1389 naturam,
2096 1336 2261 1392 negas
2290 1324 2521 1381 similem
2550 1340 2649 1397 per
2675 1327 3045 1398 aequalitatem
3065 1372 3082 1399 ,
3112 1345 3278 1401 negas
3304 1348 3395 1388 ve.

1786 1428 1906 1468 rum
1955 1429 2050 1484 per
2074 1414 2359 1472 unitatem.
2388 1417 2458 1473 Et
2482 1418 2595 1490 jam
2626 1435 2811 1491 quaero
2831 1462 2847 1489 ,
2874 1422 3004 1493 quid
3029 1422 3078 1479 ei
3115 1425 3393 1496 relinquas

1786 1507 2188 1578 similitudinis,
2228 1511 2314 1567 cui
2355 1510 2488 1567 nihil
2513 1511 2582 1568 ad
2619 1514 2762 1584 quod
2805 1514 2946 1572 ﬁlius
2974 1526 3099 1586 est,
3143 1520 3390 1591 proprie-

1789 1602 1914 1656 tatis
1945 1603 2247 1674 impertias.

1858 1695 1950 1752 25.
1980 1695 2269 1753 Constantii
2288 1698 2343 1752 in
2363 1698 2467 1770 ﬁde
2490 1699 2853 1757 inconstantia.
2872 1731 2946 1745 —-
2959 1702 3074 1760 Hoc
3093 1720 3237 1764 nunc
3255 1720 3286 1761 a
3304 1715 3357 1764 te
3372 1749 3387 1773 ,

84 1786 192 1847 est,
220 1776 462 1834 hominis
485 1777 555 1834 sit
582 1778 916 1845 similitudo,
949 1778 1076 1845 dum
1112 1778 1167 1833 in
1199 1777 1431 1834 hominis
1473 1775 1543 1851 (f)
1569 1787 1681 1835 sta-
1719 1798 1765 1861 Β
1791 1784 2104 1855 Constanti,
2147 1790 2399 1860 requiro,
2431 1791 2611 1863 inqua
2649 1792 2870 1849 tandem
2890 1794 2997 1852 ﬁde
3017 1796 3231 1854 credas.
3265 1798 3396 1854 Pcr-

86 1882 194 1927 tura
224 1880 344 1939 est,
379 1879 434 1927 et
462 1879 615 1927 extra
661 1870 898 1927 hominis
929 1881 1206 1942 peccatum
1247 1880 1347 1928 est.
1379 1870 1510 1939 Qua:
1553 1888 1681 1945 ergo

83 1962 267 2020 callida
294 1962 583 2034 religionis
611 1972 716 2020 tua;
754 1962 1017 2035 professio
1056 1973 1170 2027 est,
1218 1962 1449 2021 similem
1490 1979 1683 2022 secun-

88 2054 202 2111 dum
243 2054 555 2127 Scripturas
584 2054 729 2111 Patri
772 2055 969 2111 Filium
1000 2056 1213 2123 dicere;
1243 2071 1367 2113 cum
1391 2057 1459 2112 ad
1490 2057 1680 2129 imagi-

91 2165 198 2206 nem
216 2159 269 2207 et
283 2149 700 2207 similitudinem
719 2149 815 2207 Dei
836 2150 994 2206 homo
1013 2159 1218 2206 tantum
1242 2149 1409 2208 factus
1426 2150 1530 2207 sit?
1545 2150 1683 2222 Quid

93 2245 257 2315 itaque
286 2243 470 2301 verbis
496 2242 670 2298 fallis?
695 2243 832 2312 Quid
857 2251 975 2299 arte
1004 2242 1212 2299 cludis?
1239 2243 1349 2299 Cur
1372 2258 1481 2299 non
1502 2259 1683 2315 acqua-

94 2336 185 2393 lem
219 2336 331 2393 Deo
364 2336 493 2410 (hoc
531 2337 677 2392 enim
703 2337 996 2393 secundum
1026 2336 1354 2408 Scripturas)
1388 2340 1472 2405 pie
1515 2338 1688 2396 dicis?

155 2427 241 2484 22.
283 2425 421 2482 Filii
446 2428 660 2502 praelata
688 2429 977 2501 (equalitate
1005 2428 1289 2484 similitudo
1310 2437 1473 2500 potest
1496 2430 1687 2501 pradi-

97 2525 295 2578 tari.—
314 2523 423 2580 Sed
450 2525 652 2579 vereris
668 2565 683 2591 ,
707 2539 776 2579 ne
801 2524 1059 2595 aequalem
1079 2524 1262 2583 dicens
1278 2568 1293 2594 ,
1312 2524 1685 2582 innascibilem

100 2616 567 2691 5795ignifices?
584 2616 693 2674 Sed
712 2632 896 2672 verum
915 2618 1172 2690 intellige,
1191 2621 1332 2691 quod
1358 2618 1487 2675 hinc
1509 2634 1692 2691 mqua-

102 2712 157 2767 iis
196 2712 307 2770 Deo
347 2726 468 2769 esse
517 2711 822 2767 intellectus
849 2720 962 2779 est,
991 2715 1112 2782 quia
1140 2712 1241 2768 sibi
1283 2712 1358 2786 (g)
1411 2713 1687 2785 proprium

102 2803 256 2862 Deum
285 2806 567 2879 professus
596 2813 680 2862 est
718 2819 873 2872 esse;
914 2811 970 2861 et
1015 2806 1301 2876 protestari
1350 2813 1558 2876 patrem
1588 2806 1691 2863 sibi

110 2942 292 3072 gignit:
312 2943 581 3002 visibilem
600 2986 619 3016 ,
653 2952 841 2999 natura
873 2943 1097 3015 perinde
1122 2943 1432 3014 discrepare
1460 2951 1689 3000 conten-

142 3034 167 3070 0
203 3032 266 3071 an
299 3057 312 3070 .

142 3032 312 3071 ροειηι.

173 3086 244 3160 (a)
285 3085 414 3161 Lips
435 3094 492 3145 et
522 3087 678 3161 Par.,
706 3102 821 3141 cum
847 3083 1140 3161 imaginem.
1171 3084 1393 3161 Rectius
1418 3085 1509 3142 alii
1536 3086 1689 3161 libri,

1785 1896 1855 1952 go
1887 1880 1960 1953 (k)
2011 1882 2155 1938 enim
2195 1898 2341 1941 nunc
2391 1899 2486 1954 per
2528 1884 2917 1943 demutationis
2956 1897 3063 1944 tum
3101 1897 3343 1960 tempora
3366 1931 3384 1955 ,

1789 1974 1988 2045 quibus
2026 1989 2196 2046 usque
2225 1974 2278 2030 in
2324 1975 2492 2031 imum
2539 1976 2889 2048 blasphemiae
2928 1988 3034 2035 tua)
3078 1980 3392 2037 barathrum

1792 2064 2133 2123 descendens
2153 2105 2169 2133 ,
2198 2082 2297 2137 per
2326 2067 2527 2138 gradus
2553 2069 2860 2140 praecipites
2896 2072 3204 2127 cucurristi.
3235 2072 3396 2128 Nam-

1792 2173 1896 2229 que
1921 2167 2044 2227 post
2072 2160 2301 2230 primam
2327 2158 2392 2232 (ι)
2415 2176 2543 2216 vere
2567 2160 2729 2217 ﬁdem
2752 2161 2949 2233 synodi
2973 2163 3206 2220 Nicaeus
3223 2206 3240 2233 ,
3265 2180 3397 2221 cono

1792 2260 2010 2322 gregato
2039 2265 2252 2307 rursum
2294 2252 2411 2323 (an.
2443 2250 2572 2324 5H)
2603 2252 2903 2310 Antiochiae
2933 2255 3199 2325 concilio,
3232 2257 3393 2314 fidem

1797 2340 1892 2397 tibi
1930 2357 2180 2399 renovas.
2206 2342 2312 2400 Sed
2341 2343 2536 2401 accidit
2575 2345 2705 2412 tibi,
2735 2345 2879 2416 quod
2916 2347 3180 2418 imperitis
3225 2350 3395 2406 editi-

1792 2434 2100 2502 catoribus,
2141 2436 2335 2507 quibus
2378 2452 2475 2493 sua
2520 2452 2742 2508 semper
2778 2438 3099 2509 displicent,
3142 2443 3394 2502 accidere

1794 2529 1970 2586 solet:
2010 2537 2067 2586 ut
2112 2543 2327 2601 semper
2364 2530 2645 2599 destruas,
2685 2532 2830 2604 quod
2873 2547 3091 2605 semper
3133 2536 3394 2597 aediﬁces.

1796 2621 1875 2676 Ac
1916 2635 1984 2677 ne
2012 2636 2097 2677 me
2127 2622 2364 2693 iniquum
2410 2624 2701 2680 voluntatis
2746 2631 2853 2683 tute
2893 2623 3128 2695 judicem
3159 2643 3394 2700 arguas,

1796 2713 1922 2785 quid
1950 2714 2045 2770 tibi
2067 2714 2122 2770 in
2144 2714 2330 2772 eadem
2349 2714 2442 2788 (in)
2463 2714 2838 2773 Enczeniorum
2862 2716 2971 2774 ﬁde
2990 2718 3277 2789 displiceat
3301 2737 3391 2778 re-

1796 2808 2073 2864 nuntiabo.
2117 2807 2195 2879 (n)
2240 2808 2301 2864 Ni
2346 2824 2434 2865 me
2473 2809 2636 2876 fallit,
2690 2810 2821 2865 illud
2863 2811 3005 2882 quod
3056 2820 3206 2868 tuum
3260 2823 3389 2873 est:

1802 2945 1914 3018 Deo
1934 2987 1949 3011 ,
1980 2945 2226 3018 proxime
2254 2944 2339 3018 his
2368 2946 2789 3010 subnectuntur,
2818 2948 2957 3018 quod
3000 2958 3199 3018 patrem
3239 2965 3391 3005 suum

1801 3017 1994 3072 dicebat
2016 3016 2216 3090 Deum;
2246 3017 2332 3090 ubi
2365 3028 2559 3089 patrem
2578 3033 2725 3074 suum
2747 3016 3134 3090 interpretatur
3156 3019 3393 3078 Hilarius

1799 3099 1995 3159 patrem
2023 3089 2114 3141 sibi
2143 3088 2431 3159 praprium.

111 3157 487 3241 gum'imagiine,
516 3160 670 3241 quasi
694 3172 813 3241 cum
840 3157 1079 3241 imaginis
1106 3157 1347 3241 vocabulo
1372 3166 1576 3241 :"puta,
1603 3157 1691 3241 ubi
1720 3164 1765 3228 ο
1801 3157 1949 3241 ⁷,,(Ις)
1993 3159 2127 3241 Hinc
2145 3157 2494 3241 manifestam
2516 3173 2638 3241 esse
2659 3160 2770 3241 jam
2796 3160 3218 3241 praemonuimns
3245 3162 3391 3218 Hila-

112 3229 240 3285 Deus
268 3227 404 3286 dixit
435 3227 712 3286 hominem
739 3229 807 3282 ad
836 3227 1107 3302 imaginem
1139 3228 1233 3284 Dei
1259 3227 1567 3296 conditum,
1595 3228 1690 3285 ad-

109 3302 268 3371 junxit
290 3313 339 3358 et
366 3303 436 3356 ad
455 3301 866 3357 similitudinem.

173 3374 245 3443 (li)
282 3373 339 3430 In
363 3373 627 3445 vulgatis,
650 3380 835 3443 wquat.
860 3371 920 3428 In
960 3387 1063 3429 ms.
1092 3371 1246 3427 Colb.
1267 3414 1282 3437 ,
1321 3382 1547 3444 aequetur
1577 3387 1595 3426 :
1625 3387 1689 3427 es

116 3461 207 3512 quo
244 3444 577 3503 confecimus
619 3453 870 3514 aequatur.
913 3445 1047 3499 Tum
1089 3444 1405 3514 particulam
1448 3454 1525 3508 et,
1573 3459 1692 3513 quae

177 3517 324 3574 rinde
369 3528 452 3573 εει
499 3531 563 3572 ac
604 3519 783 3583 etiam,
842 3517 1040 3573 frustra
1088 3526 1396 3572 removerat
1456 3514 1686 3586 Lipsius.

154 3601 290 3644 oSIea
320 3602 420 3660 pro
446 3605 562 3643 cum
596 3588 853 3658 profectus
880 3605 1064 3643 vero...
1095 3601 1231 3653 tum.
1265 3588 1550 3660 legendum
1575 3598 1691 3655 est,

118 3675 216 3732 cum
253 3659 489 3732 profectu
527 3677 646 3715 vero
691 3661 1038 3732 intelligentia
1079 3662 1420 3732 praedicatur,
1463 3659 1586 3732 dum
1624 3660 1696 3715 ita

120 3730 451 3818 dicitur..lloc
475 3733 764 3818 enimnsibi.
790 3730 937 3817 vult,
968 3730 1327 3818 nusquamnde
1360 3732 1450 3816 Dei
1480 3731 1694 3818 [iliosi-

121 3802 453 3875 tnilitudinem
487 3803 765 3875 praedicari
783 3847 799 3872 ,
822 3804 926 3860 nisi
947 3821 1067 3861 cum
1092 3802 1156 3860 iis
1178 3803 1474 3875 anunctis,
1499 3803 1692 3875 quibus

120 3872 268 3942 ipsius
314 3892 435 3932 cum
489 3872 649 3948 Patre
695 3876 974 3948 aequalitas
1024 3872 1394 3948 intelligatur;
1445 3872 1542 3931 sed
1591 3873 1695 3948 hoc

120 3948 336 4015 apertius
356 3947 648 4017 significari
670 3949 915 4017 subjecto
937 3946 1159 4004 Joannis
1192 3946 1310 4003 loco
1330 3989 1345 4012 ,
1378 3948 1430 4003 in
1459 3962 1566 4015 quo
1588 3946 1694 4000 vir-

124 4016 235 4089 tutis
263 4016 538 4089 :equalitas
563 4035 674 4075 non
704 4016 910 4074 tantum
939 4018 1295 4074 similitudine
1324 4017 1692 4086 Operationis,

126 4084 413 4162 sed,nt'ita
444 4092 758 4162 loquamur,
791 4092 1069 4147 identitate
1099 4105 1323 4162 operum
1350 4084 1695 4162 demonstra-

126 4156 391 4230 tuerund
416 4156 688 4217 illustrant
706 4156 980 4234 postrema
1002 4162 1088 4217 illa
1114 4156 1167 4216 ii.
1214 4161 1279 4216 18
1311 4160 1468 4234 verba
1486 4202 1501 4225 ,
1525 4156 1698 4234 Unth

127 4228 420 4305 tero,iquod
444 4242 596 4299 sunt,
626 4228 725 4288 hac
748 4244 817 4289 est
849 4251 948 4289 non
970 4234 1311 4305 aequalitatem
1336 4232 1586 4305 abnuere,
1609 4228 1698 4305 sed

128 4299 412 4376 incremento
437 4305 786 4374 intelligentiw
815 4306 967 4373 ﬁdem
991 4299 1298 4376 aiqualitatis
1326 4304 1594 4376 instruere.
1620 4299 1697 4376 ibi

130 4374 255 4448 enim
286 4372 677 4448 incrementum
706 4372 1073 4448 intelligentiae
1105 4377 1157 4432 id
1187 4387 1301 4443 est,
1331 4374 1472 4445 quod
1504 4372 1592 4428 hic
1617 4373 1699 4427 in-

131 4445 418 4519 telligentia:
448 4447 744 4519 profectus.

190 4515 258 4589 (c)
298 4515 474 4582 Editi'.
503 4518 778 4575 similiter:
810 4517 1160 4573 renitentibus
1192 4532 1321 4572 mss.

300 4589 524 4662 Supple,
550 4592 671 4662 quia
699 4590 747 4644 ei
774 4590 943 4662 carnis
973 4600 1045 4645 est
1066 4589 1281 4662 ueritas.

213 4593 245 4642 d
300 4593 524 4662 Supple,
550 4593 671 4662 quia
699 4593 747 4644 ei
774 4593 943 4645 carnis
973 4600 1045 4645 est
1073 4593 1281 4646 veritas.

191 4593 264 4786 is}
298 4660 415 4727 Er.,
441 4658 588 4728 Min,
621 4660 767 4732 Lips.
799 4671 853 4716 et
883 4661 1030 4727 Par.,
1056 4661 1304 4786 inllorma
1336 4660 1554 4715 hominis
1580 4669 1651 4715 est
1681 4674 1698 4714 :

197 4747 225 4785 u
296 4733 407 4786 scio
449 4750 516 4786 an
561 4748 687 4786 cum
732 4733 1074 4786 auctoritate.
1162 4748 1249 4786 um
1296 4748 1427 4786 mss.
1456 4729 1613 4786 Colb.
1648 4738 1698 4786 et

137 4725 259 4786 haud
296 4725 410 4788 scio
449 4750 516 4789 an
561 4725 702 4789 cum'
732 4725 1074 4790 auctoritate.
1115 4725 1249 4787 Tum
1296 4748 1427 4788 mss.
1456 4729 1613 4788 Colb.
1648 4738 1703 4786 et

133 4796 321 4859 Μαι-ἠν.
353 4803 492 4860 Deus
515 4806 602 4859 sit.

196 4873 259 4946 (ί)
299 4874 650 4933 Recentiores
691 4891 822 4933 mss.
852 4877 907 4931 in
933 4875 1154 4930 hominis
1180 4885 1379 4930 statura
1402 4871 1487 4946 fuel
1508 4881 1703 4946 natura

138 4944 402 5020 FiliiLips.
430 4958 485 5004 et
509 4946 633 5003 Par.
658 4948 713 5002 in
735 4948 954 5002 hominis
974 4959 1159 5020 natura
1179 4956 1252 5020 est
1272 4963 1289 5001 :
1312 4944 1703 5020 tuale._Q_nippe

139 5011 212 5071 hic
229 5011 541 5092 vox-statura
570 5034 869 5092 synonyma
896 5031 976 5073 est
1003 5014 1172 5092 verbo
1195 5018 1439 5092 Apostnli
1466 5011 1701 5092 habitus.

139 5100 227 5157 quo
258 5086 681 5163 significatur'pin
717 5086 934 5163 Christo
956 5089 1283 5163 _simili_tudn_
1312 5089 1567 5163 quidem,
1610 5086 1705 5143 sed

141 5173 228 5214 non
249 5158 445 5219 vei-itas
475 5161 656 5217 carnis
681 5161 907 5230 peccati.
942 5160 1175 5232 Snmpsit
1203 5160 1336 5214 enim
1355 5202 1368 5225 ,
1406 5158 1576 5229 inquit
1594 5173 1709 5232 _a_p-

144 5232 317 5304 positc,
344 5226 861 5304 Angustiuusepist.
892 5226 1236 5304 nnnccmtv,
1272 5248 1326 5287 n.
1361 5232 1428 5287 19
1454 5226 1562 5284 {ex
1594 5226 1711 5283 Vir-

143 5301 240 5372 gine
280 5301 455 5359 ueram
492 5303 697 5373 quidem
737 5301 930 5358 wcarnis
981 5303 1348 5369 substantiam;
1398 5318 1499 5355 non
1545 5309 1711 5355 tamen

145 5375 317 5456 peccati
344 5372 582 5442 carnem,
622 5374 744 5446 quia
781 5391 883 5429 non
911 5390 975 5430 ea:
1002 5374 1172 5456 carnis
1200 5373 1479 5429 substantia
1505 5372 1607 5425 sive
1636 5387 1715 5426 se-

1796 3230 1863 3286 rii
1890 3233 2005 3286 sive
2031 3230 2083 3284 in
2113 3230 2421 3301 recipienda
2450 3231 2567 3286 sive
2588 3231 2639 3286 in
2664 3230 2959 3301 rejicienda
2982 3247 3120 3289 voce
3146 3233 3391 3290 homoeuo

1804 3301 1924 3357 sion
1956 3299 2337 3373 constantiam.
2378 3300 2499 3373 νᾶα,
2533 3302 2629 3359 lib.
2660 3299 2735 3358 de
2758 3301 2962 3373 Synod.
2996 3318 3051 3358 n.
3084 3303 3178 3359 72.

1871 3374 1933 3444 (ε)
1974 3373 2094 3428 Νοιι
2133 3371 2266 3444 satis
2309 3371 2496 3427 habuit
2539 3372 2746 3429 dixisse
2783 3371 3005 3429 similem
3046 3373 3247 3431 Patri:
3291 3376 3407 3433 sed'

1798 3446 2092 3515 prudenter
2131 3443 2362 3528 adjecit,
2392 3444 2610 3528 similem
2647 3454 2921 3528 quoquenet
2942 3445 3061 3528 Deo
3091 3461 3111 3500 :
3138 3448 3261 3528 quia
3293 3461 3389 3528 sn-

1797 3513 1920 3599 pra,
1949 3531 2096 3570 unm.
2125 3514 2213 3579 M,
2234 3514 2302 3597 ab
2322 3513 2464 3598 A.etii
2486 3524 2541 3571 et
2568 3513 2795 3572 Eudoxii
2824 3515 3091 3600 discipulo
3106 3513 3386 3583 audierat,

1797 3584 2057 3642 Christum
2094 3584 2207 3641 Deo
2251 3586 2469 3641 similem
2519 3601 2621 3642 non
2666 3604 2803 3644 esse.
2842 3587 2931 3643 sed
2975 3587 3198 3644 similem
3240 3587 3392 3644 Patri

1794 3675 1904 3714 8888
1910 3701 1922 3714 .

1867 3730 1946 3804 (j)
1992 3729 2121 3786 Bad.
2149 3728 2516 3804 (recusationis.
2546 3728 2828 3804 Editiones
2850 3730 3016 3804 alia,
3050 3732 3389 3804 excusationi.

1797 3799 1936 3856 Mss;
1957 3802 2302 3885 excusatione.
2344 3800 2511 3858 Nobis
2546 3803 2771 3858 omnino
2812 3799 3026 3860 videtur
3063 3802 3390 3874 legendum,

1796 3889 1860 3927 €13
1886 3889 2240 3928 consensione.

1869 3944 1944 4016 (It)
1986 3944 2042 4000 In
2068 3944 2331 4017 vulgatis,
2367 3943 2480 4017 Ego
2505 3945 2643 4000 enim
2682 3960 2817 3999 nunc
2856 3945 3011 4015 ﬁdem
3051 3955 3190 4000 tuam
3211 3946 3394 4016 ignoro

1797 4034 1888 4088 per
1912 4016 2275 4088 demutationis
2300 4024 2401 4071 tua
2420 4016 2651 4081 tempora
2667 4056 2683 4082 ,
2710 4017 2889 4087 quibus
2915 4017 3128 4086 quisque
3154 4018 3207 4070 in
3233 4033 3394 4088 unum

1797 4085 2125 4157 blasphemiae
2136 4101 2244 4142 sua:
2255 4085 2573 4140 barathrum.
2587 4126 2621 4141 ..
2646 4085 2876 4140 cucurrit
2895 4085 3095 4157 {locus
3107 4087 3360 4154 perturba
3375 4114 3393 4129 -

1799 4171 1883 4215 tus
1913 4154 1968 4215 et
2005 4160 2358 4229 ittterpnlatus
2378 4197 2394 4223 ,
2437 4159 2488 4211 in
2519 4171 2627 4226 quo
2651 4156 2918 4227 adjectum
2948 4162 3033 4210 est
3060 4154 3217 4225 ﬁdem
3246 4167 3390 4211 tuam

1797 4232 1976 4304 ignoro
2007 4227 2201 4304 praeter
2230 4227 2391 4283 ﬁdem
2424 4229 2679 4304 omnium.
2696 4241 2827 4283 mss.
2857 4240 3086 4304 quorum
3116 4241 3221 4295 ope
3250 4243 3393 4304 nunc

1798 4297 2109 4372 dastigatnr.
2139 4300 2476 4372 Quamquam
2507 4299 2595 4372 ubi
2629 4297 2683 4352 hi
2725 4313 2837 4367 prae
2864 4312 2926 4354 se
2964 4298 3146 4372 ferunt
3172 4315 3267 4372 ego
3307 4300 3391 4355 vel

1800 4390 1918 4442 ergo
1938 4369 1960 4437 ζ
1981 4371 2369 4427 restituendum
2391 4369 2644 4442 duximus
2670 4386 2826 4441 pergo
2850 4386 2867 4423 :
2901 4384 2999 4425 uec
3026 4369 3396 4442 refrigeremus

1799 4439 1877 4499 eo'.
1910 4442 1967 4498 in
2019 4457 2120 4497 ms.
2155 4453 2335 4496 autem
2374 4441 2589 4497 Martin.
2633 4443 2713 4497 sic
2755 4439 3021 4497 habetur:
3052 4439 3194 4511 Ergo
3237 4456 3400 4511 usque

1805 4531 1939 4569 nunc
1977 4529 2066 4584 per
2104 4512 2466 4568 demutationis
2496 4522 2609 4582 tua:
2646 4521 2873 4586 tempora
2915 4527 3073 4583 usque
3108 4513 3161 4567 in
3198 4512 3395 4580 imum,

1723 4563 1777 4623 Ι)
1802 4563 1909 4643 an;

1877 4656 1939 4728 (ι)
1978 4655 2054 4712 Ita
2080 4653 2249 4728 codex
2285 4655 2437 4728 Colb.
2480 4670 2602 4711 cum
2639 4654 2867 4728 Martin.
2892 4654 3001 4728 Alii
3030 4660 3397 4728 autem,_uerw

1804 4723 2113 4804 ﬁdeinfl‘u‘tn
2155 4727 2254 4782 Soli
2285 4726 2413 4804 editi
2434 4766 2460 4804 ,_
2481 4726 2907 4804 synodicm,_ubi
2955 4726 3007 4779 in
3049 4739 3154 4804 ms.
3194 4723 3394 4804 Hicin,

1805 4795 1990 4873 synodi
2021 4799 2289 4873 Maenia,
2330 4800 2384 4853 in
2424 4795 2584 4855 Cain.
2625 4798 2810 4868 synodi
2849 4797 3040 4863 uicem,
3073 4795 3125 4849 in
3176 4795 3399 4864 reliquis

1805 4871 1989 4944 synodi
2024 4871 2071 4944 Ν
2077 4871 2245 4944 ictrni.

1881 4941 2179 5016 (m)AEditi,
2213 4941 2267 4994 in
2305 4940 2483 4995 eadem
2520 4939 2817 4994 Nicworum
2859 4938 2960 5007 ﬁde
2992 4956 3011 4994 :
3047 4938 3404 4996 emendantur

1808 5031 1873 5073 ex
1899 5014 2135 5092 scriptis.
2265 5080 2311 5092 ﬂ
2434 5082 2447 5092 _
2590 5082 2626 5092 Ἀ
2699 5080 2710 5092 _
2797 5081 2807 5092 ~
2910 5082 2919 5092 .

1889 5086 1966 5158 (η)
2006 5080 2079 5139 lta
2124 5099 2224 5136 ms.
2265 5080 2388 5137 Vat.
2434 5082 2548 5137 bas.
2588 5080 2811 5136 Probari
2850 5082 3011 5136 etiam
3054 5090 3231 5152 potest
3275 5095 3399 5135 cum

1814 5158 1964 5214 Colb.
1998 5164 2053 5234 et
2078 5152 2894 5234 illartin..iiempel_illn‘d.diibus
2918 5153 3075 5234 ‘beue
3102 5162 3282 5234 autem
3309 5151 3402 5234 alii

1816 5243 1936 5283 cum
1965 5225 2123 5281 editis
2143 5268 2159 5285 .
2188 5224 2396 5277 minime
2416 5223 2551 5294 fallit
2578 5223 2731 5294 illud.
2768 5223 2966 5278 Deinde
2992 5226 3126 5294 quod
3150 5233 3292 5278 tuum
3330 5230 3404 5277 est

1819 5298 1942 5355 ideo
1970 5297 2099 5353 dicit
2124 5294 2356 5350 Hilarius
2378 5335 2393 5357 ,
2417 5292 2549 5365 quia
2577 5292 2898 5350 Constantio
2926 5292 3196 5364 praesente
3223 5303 3279 5349 et
3307 5308 3406 5363 np-

1823 5370 2083 5441 probante
2114 5367 2358 5441 exposita
2396 5376 2481 5422 est.
2517 5366 2856 5441 Antiochena
2893 5366 3062 5441 ﬁdes,
3103 5367 3412 5441 cujus_sttnt

150 5434 372 5501 'minatam
400 5450 502 5501 sive
526 5434 860 5516 conceptam;
892 5450 1156 5500 mortalem
1184 5461 1308 5501 sane
1333 5462 1393 5499 ac
1425 5460 1513 5513 per
1541 5452 1715 5516 letales
1822 5434 1986 5497 verba
2013 5438 2325 5516 sequentia,
2355 5454 2472 5507 quae
2505 5441 2557 5493 in
2589 5437 2737 5516 prius
2764 5437 2987 5507 vulgatis
3025 5434 3224 5507 praeter
3249 5434 3411 5491 ﬁdem

151 5516 421 5589 mutabilem
442 5559 461 5589 ,
493 5509 751 5589 tamquam
782 5509 924 5571 carni
952 5518 1147 5589 peccati
1175 5518 1284 5589 sine
1311 5509 1515 5585 peccato
1554 5513 1723 5589 simil—
1827 5528 1956 5589 mss.
1983 5509 2404 5589 siginterp-olata
2431 5517 2625 5589 erant:
2661 5509 3177 5589 Pat_res_generatsmt
3208 5522 3415 5589 essenec:

155 5583 335 5716 ξιηαῖἕι.
364 5583 577 5645 Videsis
611 5583 911 5661 ipsummet

225 5728 301 5813 (θ)
335 5728 409 5813 Ls

1007 5590 1241 5656 ilarium,
1272 5588 1365 5644 lib.
1402 5604 1435 5642 x
1473 5589 1541 5644 de
1568 5585 1717 5641 Trin.

478 5730 644 5789 udum
675 5730 763 5803 hic
799 5730 1043 5795 videtur,
1075 5731 1193 5803 quia
1231 5730 1325 5803 sibi
1369 5741 1564 5802 patrem
1603 5744 1727 5803 pro-

1834 5582 1990 5638 Patre
2015 5579 2212 5635 Filium
2235 5581 2507 5647 dixerunt,
2537 5581 2701 5636 Deum
2732 5581 2796 5633 de
2836 5577 2979 5644 Deo,
3008 5591 3114 5636 etc.
3144 5582 3286 5634 Sane
3316 5577 3414 5633 lli-

1833 5656 1998 5710 larius
2037 5650 2354 5708 Constantio
2380 5655 2681 5720 Spondens,
2724 5666 2785 5705 se
2813 5654 3244 5707 reuuntiaturum
3271 5648 3416 5720 (ιιιοᾲ

1836 5726 1979 5781 illius
2014 5733 2127 5788 est,
2157 5723 2288 5776 nihil
2324 5719 2513 5779 debuit
2548 5724 2654 5779 alio
2680 5725 2898 5778 nomine
2923 5727 3255 5779 renuntiare.
3287 5719 3419 5788 Quis

225 5746 301 5813 t9)
335 5746 409 5788 Le
446 5746 644 5789 enaum
675 5746 763 5787 mc
799 5746 1043 5795 Vlaetur,
1075 5748 1193 5803 quia
1231 5746 1325 5786 um
1369 5746 1564 5802 patrem
1603 5746 1727 5810 ηνο·
1836 5746 1979 5807 tutus
2014 5746 2127 5788 est,
2157 5746 2288 5802 nuru
2324 5746 2513 5779 ucuust
2538 5746 2654 5807 .auu
2680 5746 2898 5778 tinuum:
2924 5746 3255 5809 renuntiare.
3287 5746 3418 5788 quis

172 5815 339 5869 prtum.
370 5746 468 5861 ilia
504 5803 649 5862 enim
686 5800 910 5861 Joannis
944 5804 1135 5871 verba,
1162 5802 1407 5874 (aqualem
1437 5818 1501 5876 se
1537 5803 1731 5872 faciem
1835 5809 2000 5854 etiam
2023 5793 2211 5852 credat
2235 5792 2388 5849 illum
2418 5796 2654 5869 glorioso
2682 5793 2902 5851 Patrum
2930 5810 3152 5854 nomine
3183 5795 3418 5851 honora-
