3936 6196
496 277 601 338 599

1698 268 1942 329 SANCTI
1981 265 2235 325 HILARII
2278 265 2581 323 EPISCOl'l

3716 266 3811 325 600

508 414 529 449 ι
563 395 665 464 Qui
704 400 990 464 generatus
1020 399 1105 445 est
1141 403 1208 443 ex
1239 388 1403 460 580
1430 387 1618 452 Patre,
1653 385 1820 440 Deum
1850 380 1919 440 de
1947 382 2091 449 Deo,
2123 385 2173 442 Α
2234 432 2239 435 ς
2268 380 2361 435 2i.
2412 380 2570 434 Fides
2614 379 2791 447 nulla,
2833 382 2914 437 ubi
2956 400 3059 438 non
3110 399 3325 438 una.-—-
3352 348 3471 436 Non
3513 378 3813 435 calumnia-

502 497 676 544 totum
702 485 770 541 de
799 493 939 548 toto,
971 496 1134 537 unum
1162 479 1231 535 de
1270 496 1378 536 uno
1396 520 1410 543 ,
1437 476 1732 549 perlectum
1760 492 1789 530 a
1823 475 2060 547 perfecto
2081 517 2097 543 ,

504 593 686 650 regem
725 576 792 630 de
836 588 981 644 rege,
1014 572 1092 645 (a)
1132 570 1635 635 inconvertibilem,
1679 568 1978 624 divinitatis
2009 583 2099 623 es-

504 670 833 739 sentiaeque,
858 665 1071 721 virtutis
1110 674 1162 720 ct
1200 664 1386 736 gloriae
1431 661 1930 719 incommutabilem
1970 660 2104 715 ima-

504 764 705 835 ginem.
744 780 763 812 ι
803 758 896 814 llis
932 757 1148 828 quidem
1188 772 1321 828 ego,
1364 762 1505 812 intra
1545 754 1778 810 Nicccam
1828 754 2028 822 scripta
2074 766 2102 804 a

507 853 751 928 patribus
790 851 894 906 ﬁde
941 850 1196 906 fundatus
1244 849 1321 921 (b)
1368 862 1733 917 manensque,
1774 861 1882 901 non
1925 860 2104 915 egeo:

505 949 602 1005 sed
628 958 806 1002 tamen
837 946 953 1003 hsce
981 954 1038 999 tu
1063 942 1402 1000 emandando
1429 940 1713 1009 rescindis,
1749 954 1812 996 ac
1838 940 1956 995 sine
1982 938 2107 994 ﬁdei

509 1060 645 1101 mea:
671 1044 871 1100 damno
904 1043 996 1097 tibi
1030 1040 1260 1113 requiris
1292 1037 1533 1111 perﬁdiae
1575 1036 1937 1093 occasionem.
1981 1034 2110 1089 Post

508 1136 776 1209 synodum
802 1134 998 1191 deinde
1018 1132 1393 1189 Sardicensem
1418 1131 1528 1203 (an.
1556 1127 1684 1200 δεῖ)
1707 1170 1720 1194 ,
1748 1142 1964 1182 omnem
1990 1141 2112 1181 rur-

508 1247 630 1288 sum
663 1230 945 1286 adversum
979 1228 1266 1282 Photinum
1311 1225 1424 1299 (an.
1457 1224 1588 1293 551)
1618 1222 1875 1278 Sirmium
1920 1220 2108 1275 catho-

509 1320 631 1377 lica:
659 1320 923 1376 doctrinae
951 1329 1055 1374 tuae
1091 1330 1401 1372 commoves
1426 1329 1634 1369 curam.
1668 1312 1899 1369 Sed‘tibi
1929 1312 2110 1367 statim

508 1410 649 1479 hoc,
680 1410 825 1482 quod
865 1408 938 1482 (ε)
970 1419 1197 1478 utraque
1228 1402 1784 1471 ﬁde’continebatur,
1814 1408 2071 1461 exhorret
2098 1423 2111 1459 :

520 1522 539 1554 ι
575 1502 682 1557 Eos
709 1512 920 1568 autem,
953 1501 1042 1572 qni
1066 1500 1254 1555 dicunt
1278 1498 1346 1554 de
1370 1514 1478 1554 non
1505 1498 1846 1554 exstantibus
1875 1512 1999 1553 esse
2028 1496 2116 1551 Fi-

515 1595 647 1650 lium
677 1594 808 1661 Dei,
841 1594 924 1649 vel
958 1610 1022 1649 ex
1062 1593 1165 1648 alia
1204 1592 1505 1648 substantia
1529 1634 1542 1657 ,
1570 1601 1624 1647 et
1652 1607 1757 1647 non
1779 1607 1844 1647 ex
1876 1593 2020 1656 Deo,
2062 1601 2116 1647 et

516 1687 660 1759 quod
685 1696 802 1743 erat
820 1686 1111 1757 aliquando
1141 1695 1352 1752 tempus
1373 1693 1465 1738 aut
1490 1682 1750 1738 sarculum
1772 1681 1986 1752 quando
2008 1697 2116 1737 non

2204 490 2327 530 mur
2351 475 2420 530 de
2441 476 2691 533 rescissis
2711 517 2726 543 ,
2760 476 2827 532 de
2847 477 3043 548 quibus
3065 477 3235 547 magis
3261 485 3385 547 post
3410 474 3708 531 Nicaenam
3734 489 3816 548 sy-

2205 567 2403 623 nodum
2434 566 2501 639 (f)
2552 566 2812 623 institutis
2859 568 3262 640 conquerimur.
3306 566 3437 622 Nam
3494 567 3726 621 etiamsi
3769 568 3814 623 in

2206 661 2291 716 his
2335 660 2587 716 omnibus
2634 659 2768 715 nihil
2824 660 3076 716 vitiorum
3132 659 3418 729 suhjaccre
3468 658 3818 726 alﬁrmetur,

2206 753 2367 826 581
2399 770 2505 809 non
2537 761 2717 809 tamen
2744 769 2904 810 causa
2932 754 3199 824 religiosm
3230 753 3539 808 voluntatis
3566 754 3779 809 inesset
3805 771 3819 806 :

2207 849 2331 920 quia
2355 848 2477 903 mali
2508 847 2787 904 meditatio
2811 857 2928 915 est,
2958 847 3223 901 bonorum
3250 845 3565 902 demutatio
3592 861 3608 908 ;
3642 853 3701 900 et
3726 859 3826 898 non

2211 941 2513 997 necessaria
2555 940 2864 996 emendatio
2883 981 2896 1005 ,
2931 938 3303 1010 pcrversitatis
3331 937 3567 993 occasio
3595 945 3705 992 est.
3731 936 3828 991 Ta-

2210 1049 2309 1090 ceo
2339 1048 2435 1089 cur
2460 1041 2644 1089 nostra
2673 1031 2815 1103 apud
2839 1031 3072 1087 Nicaeam
3100 1046 3131 1085 a
3160 1028 3405 1101 patribus
3429 1037 3597 1101 gesta
3630 1027 3832 1082 rescin-

2212 1126 2329 1193 dis;
2372 1141 2480 1182 non
2528 1125 2675 1181 enim
2703 1139 2828 1181 cum
2872 1124 2956 1179 his
2986 1122 3079 1179 tibi
3105 1122 3361 1179 convenit
3405 1121 3568 1177 :hoc
3619 1130 3831 1176 tantum

2214 1234 2400 1290 quacro
2429 1218 2504 1292 (g)
2519 1261 2532 1285 ,
2548 1234 2647 1274 cur
2662 1230 2747 1272 tua
2765 1217 3026 1273 damnas?
3047 1216 3234 1272 Fidem
3248 1215 3394 1271 enim
3410 1231 3586 1271 unam
3599 1223 3657 1269 et
3671 1229 3831 1268 unum

2216 1312 2483 1382 baptisma
2528 1310 2822 1381 Apostolus
2871 1309 3129 1382 praedicat
3174 1307 3396 1381 (Ephes.
3439 1324 3532 1373 Iv,
3570 1305 3683 1379 5):
3726 1308 3833 1377 jam

2215 1404 2472 1476 quidquid
2486 1404 2627 1474 apttd
2646 1414 2697 1459 te
2713 1412 2906 1474 praeter
2933 1402 3089 1458 ﬁdem
3115 1417 3276 1456 unam
3304 1410 3410 1468 est,
3440 1400 3708 1472 perﬁdia,
3734 1415 3835 1453 nou

2220 1498 2351 1554 ﬁdes
2368 1508 2469 1553 est.
2489 1496 2619 1552 Nam
2648 1498 2734 1567 qui
2759 1496 2916 1551 ﬁdem
2934 1493 3271 1551 emendando
3296 1492 3674 1557 condemnas,
3691 1491 3838 1547 dam-

2222 1591 2491 1645 nationem
2517 1588 2637 1645 ﬁdei
2662 1604 2782 1645 esse
2799 1588 3113 1655 constituis;
3145 1586 3272 1642 dum
3302 1586 3448 1656 apud
3490 1596 3548 1642 te
3590 1585 3839 1639 aboletur

2223 1700 2318 1755 per
2342 1685 2563 1741 alteram
2584 1727 2599 1751 ,
2625 1700 2744 1756 qua:
2771 1698 2867 1753 per
2891 1683 3113 1738 alteram
3142 1696 3328 1737 rursus
3355 1679 3636 1737 abolenda
3663 1688 3770 1735 est.

518 1791 671 1849 erat,
712 1780 920 1837 alienos
963 1781 1116 1834 novit
1156 1788 1342 1834 sancta
1382 1785 1438 1833 et
1482 1776 1748 1832 catholica
1797 1775 2060 1831 Ecclesia.
2103 1797 2121 1829 ι
2155 1778 2203 1839 Β
2302 1778 2393 1834 25.
2450 1776 2650 1833 Nullus
2679 1778 2839 1848 juxta
2863 1776 3084 1831 Arianas
3121 1779 3237 1849 jam
3267 1792 3371 1829 non
3397 1791 3542 1829 reus.
3568 1804 3648 1814 —
3678 1770 3839 1843 Cujus

519 1875 603 1946 (ά)
635 1875 766 1930 Tuis
804 1874 938 1943 ipsis
966 1872 1198 1928 dissides
1221 1914 1235 1936 ,
1272 1880 1329 1926 et
1365 1870 1625 1926 adversus
1667 1879 1786 1924 tuos
1824 1868 1997 1925 hostis
2040 1884 2125 1926 re-

519 1968 711 2022 bellas.
741 1965 906 2020 Novis
934 1972 1115 2020 vetera
1146 1962 1450 2027 subvertis,
1484 1976 1622 2016 nova
1654 1960 1767 2031 ipsa
1793 1976 2006 2016 rursum
2040 1961 2125 2015 in»

523 2066 718 2115 novata
748 2056 1130 2113 emendatione
1168 2054 1463 2119 rescindis,
1497 2053 1783 2123 emendata
1811 2061 1991 2109 autem
2023 2053 2126 2108 ite-

523 2166 646 2207 rum
692 2146 1032 2205 emendando
1070 2146 1422 2203 condemnas.
1452 2144 1698 2216 Suscipis
1740 2145 1903 2201 etiam
1935 2144 2130 2200 adver-

530 2257 649 2298 sum
691 2240 1046 2296 deliramenta
1091 2238 1205 2295 Osii
1229 2247 1284 2294 et
1329 2239 1664 2293 incrementa
1690 2236 1898 2294 Ursacii
1928 2250 1992 2292 ac
2020 2235 2127 2291 Va-

531 2333 691 2390 lentis
706 2374 720 2400 ,
747 2331 1186 2389 emendationum
1210 2339 1422 2385 tuarum
1448 2329 1861 2385 damnationes:
1884 2328 1981 2385 sed
2005 2343 2129 2384 mox

532 2426 606 2499 (e)
635 2424 970 2481 emendanda
999 2433 1088 2478 tua
1112 2423 1292 2478 omnia
1318 2435 1471 2488 esse,
1505 2421 1588 2477 vel
1619 2422 1793 2490 potius
1824 2420 2131 2475 damnanda

531 2518 839 2575 constituis.
870 2516 1173 2573 Oﬁ'endcris
1202 2515 1350 2572 enim
1395 2514 1479 2569 bis
1510 2513 1695 2584 paucis
1741 2513 2132 2570 inimicissimis

532 2612 629 2669 tibi
658 2612 878 2668 verbis:
923 2629 945 2663 ι
980 2609 1046 2666 Et
1087 2610 1133 2665 si
1159 2608 1281 2680 quis
1319 2607 1591 2663 seniorem
1635 2615 1878 2677 tempore
1917 2607 2131 2663 Patrem

536 2705 680 2762 dicat
706 2705 844 2761 Filio
889 2719 1011 2761 esse
1057 2701 1361 2774 unigenito,
1406 2700 1678 2772 iuniorem
1711 2709 1889 2757 autem
1935 2699 2130 2757 Filium

536 2798 732 2867 Patre,
761 2797 1050 2854 anathema
1080 2795 1170 2852 sit.
1200 2814 1219 2849 ι

537 2954 716 2999 turum
730 2942 897 2998 fuisse
908 2958 1024 3010 eos,
1039 2941 1128 3012 qui
1152 2939 1458 3012 Antiochia:
1484 2935 1894 3012 convenerunt?
1914 2935 2021 2991 Sed
2049 2936 2139 3007 qui

534 3015 688 3084 prius
720 3012 1017 3069 Nicaeorum
1049 3009 1168 3068 loco
1199 3010 1568 3067 Encamiarum
1607 3009 1768 3079 legit,
1800 3017 2028 3065 conatus
2057 3015 2142 3063 est

539 3085 630 3157 hic
659 3085 769 3157 sibi
791 3100 1115 3157 congruere.

611 3155 688 3227 (a)
731 3150 1341 3227 Editi,"inconvertibilis.
1370 3153 1581 3227 Verius
1608 3165 1739 3206 mss.
1784 3150 2140 3227 inconvertibi-

542 3223 1440 3316 ἐςιῆξ.ςξιοιιξετξθεψ-[εειέῖρςςφ
1466 3223 1853 3316 {stamen
1884 3224 2139 3316 iaenrs-
2162 3253 2208 3316 ρ

541 3295 779 3352 tioribus
816 3295 1165 3351 Antiochense
1187 3295 1429 3350 formula:
1466 3295 1644 3349 verbis
1672 3302 1876 3353 exs1at.
1905 3308 2010 3348 non
2041 3307 2138 3346 au-

548 3377 655 3439 tem
683 3367 750 3439 ad
778 3367 1086 3439 itttaginent.
1117 3366 1196 3420 uti
1221 3366 1387 3437 liquet
1415 3381 1479 3420 ex
1509 3364 1602 3421 lib.
1631 3364 1698 3418 de
1722 3363 1928 3433 Synod.
1955 3380 2014 3439 _n.
2043 3362 2135 3418 29.

614 3438 691 3512 (b)
732 3434 911 3493 Prima
941 3437 1108 3493 editio
1137 3439 1259 3491 Par.
1277 3434 1565 3512 'maneoque
1593 3451 1697 3489 non
1723 3450 1844 3512 ego,
1877 3434 1966 3488 sed
1986 3476 2000 3497 ,
2030 3445 2136 3488 etc.

545 3504 721 3575 Aliae,
765 3526 975 3575 maneo,
1007 3523 1121 3577 qua:
1163 3525 1266 3562 non
1307 3524 1430 3577 ego.
1470 3505 1592 3571 sed,
1630 3516 1737 3577 etc.
1767 3504 2138 3577 Omnesmss.

545 3524 721 3575 Αιιω,
765 3526 975 3575 mattea,
1007 3524 1121 3577 qua:
1163 3525 1266 3562 non
1307 3524 1334 3561 ε
1371 3524 1430 3567 ο.
1470 3524 1592 3571 sea,
1630 3524 1737 3560 etc.
1767 3524 1969 3558 Utttttes
2008 3524 2138 3560 mss.

545 3597 857 3650 monensque
899 3596 1000 3634 non
1030 3596 1149 3650 ego,
1182 3580 1291 3634 sed.
1321 3524 1528 3633 "famen
1557 3576 1782 3650 evidens
1808 3583 1893 3630 est
1923 3576 1991 3629 ibi
2020 3592 2142 3648 egeo

547 3666 648 3722 pro
674 3648 779 3723 ego
808 3648 1091 3723 legendum
1118 3665 1270 3716 esse,
1309 3658 1367 3723 ut
1396 3650 1567 3717 ipsum
1610 3648 1770 3723 etiam
1790 3656 2140 3723 _textum_non

549 3716 782 3790 amplius
824 3716 985 3776 sénsu
1026 3716 1593 3790 destituendutncsse
1615 3717 1945 3790 duxerimus.
1989 3716 2142 3790 Quod

550 3787 838 3846 conﬁrmat
864 3791 1099 3846 illudlib.
1131 3806 1169 3845 ιι
1194 3791 1262 3845 ad
1286 3789 1536 3845 eumdem
1554 3787 1951 3855 Constantium,
1983 3805 2036 3842 n.
2067 3788 2139 3843 8:

552 3861 666 3933 Ego
684 3862 831 3933 enim
861 3877 1012 3929 penes
1039 3877 1118 3916 me
1143 3861 1301 3933 habeo
1338 3860 1494 3931 ﬁdem
1513 3902 1528 3925 ,
1561 3862 1807 3933 exteriore
1832 3874 2102 3933 auulsam
2127 3876 2141 3913 :

552 3929 692 4005 quod
720 3932 894 4005 accepi
933 3942 1107 3998 teneo,
1138 3948 1228 4005 nec
1270 3929 1474 4005 dentato
1513 3932 1649 4005 quod
1681 3929 1912 4005 Deiest.
1940 3930 2142 4005 Eadem

552 4001 763 4060 ratione
790 4004 949 4070 intra,
971 4017 1117 4057 num.
1142 4001 1342 4068 25,ubi
1370 4002 1721 4071 exprobravit
1750 4001 1984 4056 Hilarius
2002 4003 2146 4056 Con-

552 4074 790 4140 stantio,
822 4076 963 4145 quod
1012 4075 1349 4128 hommusion
1377 4073 1446 4128 ab
1474 4073 1540 4127 iis
1580 4071 2017 4145 anathematizari
2059 4073 2149 4141 ju-

554 4146 792 4217 beatpa
834 4144 1028 4217 quibus
1072 4155 1387 4217 usurpatum
1435 4151 1556 4217 est;
1603 4159 1711 4217 quo
1757 4158 1924 4217 sensu
1970 4144 2071 4196 hoc
2097 4144 2145 4217 ei

554 4212 876 4287 exprobret,
899 4214 1127 4287 subinde
1149 4212 1387 4287 declarat
1407 4215 1494 4270 his
1513 4212 1722 4271 verbis:
1746 4214 1881 4285 quod
1901 4212 2147 4287 (nomen)

557 4286 758 4342 tametsi
820 4286 964 4342 nobis
1019 4288 1089 4340 ad
1154 4286 1308 4357 ﬁdem
1350 4287 1568 4342 otiosum
1628 4294 1788 4358 atque
1830 4286 2148 4356 supervacui-

556 4374 720 4413 neum
743 4398 757 4421 ,
789 4365 894 4412 etc.

629 4428 704 4498 (ε)
746 4428 861 4483 Duo
889 4441 1018 4482 mss.
1044 4443 1183 4483 vera.
1212 4428 1438 4494 Caneri,
1467 4437 1755 4499 utrumque.
1788 4428 1951 4499 Magis
1978 4429 2152 4499 placet

558 4513 680 4555 cum
713 4498 939 4567 vulgatis
968 4508 1216 4569 utraque,
1250 4499 1368 4553 scil.
1402 4509 1456 4553 et
1484 4498 2019 4569 pseudovSardieensi
2042 4543 2055 4565 ,
2097 4511 2154 4557 et

458 4602 461 4603 ν
561 4570 845 4640 Sirmiensi
891 4580 1077 4625 contra
1132 4568 1440 4640 Pltotinum.
1488 4568 1780 4640 Utriusque
1832 4572 1977 4626 enim
2026 4572 2151 4629 ﬁdei

2228 1873 2373 1929 enim
2422 1882 2476 1927 tn
2526 1870 2724 1927 exinde
2772 1871 3011 1940 episcopi
3055 1884 3274 1924 manum
3319 1869 3681 1924 innocentem
3723 1865 3844 1923 reli-

2229 1964 2436 2034 quisi?
2477 1963 2646 2033 Quam
2681 1962 2915 2033 linguam
2945 1976 3053 2017 non
3084 1978 3151 2016 an
3182 1959 3557 2033 falsiloquium
3590 1958 3844 2029 coegisti?

2230 2057 2386 2125 Quod
2414 2071 2510 2111 cor
2552 2072 2659 2111 non
2688 2056 2757 2110 ad
2786 2055 3194 2110 damnationem
3222 2054 3514 2109 auterioris
3548 2053 3841 2110 sententia:

2232 2147 2558 2205 demntasti‘!
2629 2149 2896 2205 Damnare
2935 2148 3257 2204 homousion
3306 2148 3565 2203 decernis
3599 2146 3711 2221 (lt),
3752 2164 3840 2201 an-

2233 2240 2495 2312 tiquitatis
2540 2240 2745 2307 ﬁdem,
2796 2248 2851 2295 et
2901 2238 3117 2310 pietatis
3162 2239 3538 2295 securitatem.
3606 2237 3839 2293 Anatha-

2235 2333 2477 2389 matizari
2511 2332 2572 2405 (ἱ)
2618 2332 2956 2389 ιιοιηωιιεὶοιι
2997 2333 3066 2388 ab
3106 2332 3190 2387 his
3219 2332 3374 2403 ipsis,
3404 2349 3435 2387 a
3463 2333 3672 2404 quibus
3698 2347 3840 2387 usur-

2237 2434 2418 2496 patum
2441 2434 2547 2490 est,
2569 2425 2897 2481 constituisti
2922 2444 2934 2480 :
2968 2427 3113 2497 quod
3143 2425 3356 2480 tametsi
3389 2424 3551 2480 nobis
3580 2424 3653 2479 ad
3688 2423 3835 2478 ﬁdem

2239 2515 2317 2591 (j)
2346 2517 2583 2573 otiosum
2640 2525 2761 2584 est,
2820 2526 2998 2573 tamen
3050 2517 3487 2574 rescindentibus
3545 2517 3678 2573 ﬁdei
3734 2531 3837 2571 sua:

2236 2612 2511 2668 damnatio
2536 2622 2641 2667 est.
2694 2611 2927 2667 Damnas
2956 2609 3031 2682 (ιε)
3077 2625 3290 2682 quoque
3316 2622 3372 2666 et
3404 2611 3733 2666 substantia:
3751 2622 3838 2664 no-

2238 2720 2361 2760 men
2390 2746 2406 2773 ,
2454 2720 2562 2775 quo
2608 2713 2660 2760 te
2707 2714 2763 2760 et
2787 2703 3096 2760 Sardicensi
3143 2702 3351 2775 synodo
3373 2712 3430 2759 et
3462 2702 3833 2772 Sirmiensiﬂ)

2238 2796 2388 2866 pium
2418 2810 2540 2853 esse
2566 2794 3009 2853 Occidentalibus
3036 2794 3388 2853 mentiebaris
3415 2813 3427 2849 :
3480 2796 3632 2869 quod
3668 2805 3833 2851 tamen

2243 2935 2629 3009 deﬁnitiones:
2663 2952 2784 3008 quze
2811 2953 2930 3009 mos
2954 2937 3345 3009 emendantur,
3386 2951 3498 2993 non
3529 2937 3697 3009 longo
3727 2944 3834 3006 post

2245 3008 2528 3065 intervallo
2550 3007 2693 3064 edita
2722 3011 2881 3064 tertia
2908 3007 3193 3064 Sirmiensi
3222 3009 3454 3063 formula
3476 3051 3491 3073 ,
3524 3007 3650 3077 (μιεὲ
3684 3010 3829 3064 etiam

2245 3094 2351 3134 non
2391 3080 2522 3135 nihil
2552 3081 2832 3135 immutata
2865 3080 3163 3134 Ariminum
3196 3080 3375 3135 delata
3398 3090 3501 3136 cst.
3541 3080 3720 3137 Verba
3743 3094 3829 3133 au-

2244 3151 2620 3277 temuinl'erizi:
2664 3151 2912 3218 laudata,
2959 3160 3085 3206 sunt
3120 3151 3393 3224 Ancyrani
3439 3162 3742 3208 conventus
3779 3150 3830 3204 in

2244 3236 2343 3276 ana
2389 3238 2515 3277 tem.
2628 3264 2640 3277 .

2243 3231 2515 3278 anathem.
2553 3231 2575 3276 ‘l
2593 3231 2613 3277 ι
2628 3264 2640 3279 .

2316 3292 2387 3364 (ί)
2431 3295 2483 3349 In
2513 3309 2644 3348 mss.
2676 3294 2888 3367 Martio.
2919 3303 2973 3350 et
2996 3291 3179 3361 Colb.,
3211 3295 3414 3349 institui
3441 3295 3708 3367 conqueri.
3740 3292 3828 3348 Ex-

2241 3372 2349 3434 stat
2376 3380 2590 3434 quoque
2618 3368 2671 3419 in
2700 3366 2916 3421 emeris
2945 3367 3166 3421 institui.

2316 3433 2830 3509 S_ic_ms.AColb.
2853 3436 3142 3509 Aliigvero.
3185 3454 3391 3509 queror.
3439 3436 3605 3503 Editi,
3636 3452 3824 3509 querar.

2318 3505 2398 3579 (It)
2438 3507 2571 3563 Scil.
2602 3507 2725 3565 ﬁdei
2751 3507 3088 3577 professione
3110 3505 3305 3565 Acacio
3330 3519 3553 3565 auctore
3584 3505 3829 3565 in’Seleu-

2243 3578 2413 3650 ciensi
2440 3580 2919 3650 synodoperlecta,
2945 3579 2997 3633 iu
3028 3597 3130 3649 qua
3162 3580 3482 3635 homousion
3514 3591 3567 3635 et
3599 3581 3827 3650 homme

2245 3649 2362 3720 sion
2388 3648 2722 3719 rejiciuntnr.
2772 3650 2866 3705 His
2908 3648 3057 3705 haud
3082 3651 3298 3706 dissona
3329 3662 3457 3706 sunt
3482 3652 3570 3706 illa
3598 3648 3823 3720 Gregorii

2247 3718 2497 3773 Nazianz.
2524 3720 2617 3774 0r.
2646 3737 2741 3776 xx:
2765 3739 2778 3775 :
2831 3720 2981 3774 Piam
3000 3723 3132 3776 enim
3154 3732 3201 3776 et
3230 3733 3446 3776 veterem
3472 3718 3755 3777 doctrinam
3777 3734 3827 3773 ac

2250 3788 2514 3865 Trinitatis
2532 3801 2824 3859 patronam,
2839 3796 2995 3865 jartor
3014 3794 3171 3859 vallo,
3187 3810 3247 3846 ac
3276 3793 3527 3850 machinis
3554 3794 3771 3864 impulsa
3786 3799 3825 3844 et

2248 3859 2556 3930 labefactata
2577 3859 3024 3917 cattsubsta'ntialis
3045 3880 3164 3920 uoce
3192 3865 3424 3919 sustulit.

2321 3931 2386 4006 (i)_
2428 3932 2577 4006 H_anc
2616 3949 2801 4006 vocem
2853 3949 2885 3988 a
2915 3935 3229 3990 Macedonio
3278 3937 3634 4006 excogitatam
3680 3934 3824 3991 fuisse

2251 4004 2416 4057 tradit
2443 4004 2840 4070 Theodoretus,
2877 4007 2913 4060 l.
2948 4021 2997 4060 tv
3026 4006 3226 4061 Haeret.
3255 4006 3388 4062 Fab.
3420 4004 3471 4060 ἶ).
3500 4006 3556 4060 5.
3600 4011 3666 4062 At
3694 4010 3821 4061 certe

2249 4084 2466 4148 constat
2522 4076 2590 4129 ab
2619 4077 2681 4131 iis
2710 4085 3021 4145 usurpatam
3067 4092 3212 4143 esse,
3244 4077 3333 4148 qui
3366 4078 3444 4132 illi
3466 4079 3817 4148 adhaerebant.

2249 4144 2435 4220 [Seque
2496 4148 2673 4202 minus
2701 4157 2785 4203 est
2830 4144 3035 4202 eertum
3064 4190 3078 4214 ,
3147 4144 3275 4220 eosg'
3301 4149 3451 4218 ipsos
3507 4147 3821 4220 postmodum

2250 4214 2714 4290 Constantinopoli
2745 4227 2966 4274 coactos
2993 4234 3135 4287 esse,
3165 4228 3224 4275 ut
3247 4214 3388 4276 hanc
3411 4214 3601 4277 vocem
3623 4220 3819 4277 damna-

2251 4298 2395 4343 rent.

2325 4359 2410 4431 (j)
2436 4361 2514 4415 lta
2545 4362 2814 4420 ms.Colb.
2846 4380 2971 4420 cum
2999 4362 3214 4418 Martln.
3248 4361 3304 4418 In
3327 4362 3449 4419 aliis
3467 4376 3643 4419 autem
3668 4360 3816 4431 libris,

2254 4430 2492 4505 uitiosum
2530 4441 2607 4487 est
2652 4451 2671 4490 :
2716 4434 2861 4505 quod
2910 4450 3015 4490 non
3043 4434 3216 4505 solum
3247 4444 3447 4505 pugnat
3475 4449 3596 4491 eum
3634 4430 3818 4505 lib._de

2257 4500 2461 4574 Synod.
2496 4520 2548 4557 n.
2581 4505 2650 4558 72
2675 4547 2689 4566 .
2735 4500 2838 4560 sed
2886 4518 2941 4560 et
2988 4520 3111 4560 cum
3154 4504 3237 4561 his
3263 4500 3491 4574 hujusce
3513 4506 3634 4562 libri
3656 4523 3706 4561 n.
3728 4501 3816 4557 22:

2258 4517 2461 4624 alynou.
2496 4520 2548 4557 ιι.
2583 4517 2650 4558 '12
2675 4547 2689 4566 ,
2745 4517 2838 4560 sed
2886 4518 2941 4560 et
2988 4520 3111 4560 cum
3155 4517 3237 4561 his
3263 4517 3491 4574 hujusce
3514 4517 3634 4562 lthri
3656 4523 3706 4561 n.
3728 4517 3815 4557 zz:

2258 4571 2289 4625 ll
2319 4569 2390 4625 illi
2405 4574 2607 4644 quidem
2627 4578 2930 4644 similitudo,
2961 4593 3024 4632 ne
3045 4577 3223 4630 uniom'
3246 4576 3399 4631 detur
3422 4579 3643 4641 occasio,
3663 4581 3815 4644 sancta

560 4650 687 4721 sunt
720 4639 887 4721 verba
928 4640 1187 4696 subnexa.
1239 4636 1782 4721 Philippopolitanitm
1826 4652 2147 4698 conventum
2177 4636 2229 4695 D
2254 4652 2362 4721 est:
2390 4636 2443 4699 e't
2467 4661 2615 4721 num.
2648 4646 2756 4702 24:
2803 4636 3044 4721 Etiamsi
3068 4649 3123 4702 in
3157 4648 3251 4721 liis
3303 4648 3542 4721 omnibus
3574 4636 3815 4721 (formulis

558 4712 687 4767 licet
719 4710 1094 4767 Sardicenscm
1126 4712 1367 4766 nominet
1395 4710 1660 4777 Hilarius,
1689 4727 1811 4767 cum
1845 4721 2022 4767 tamen
2055 4728 2152 4770 no-

561 4792 639 4838 tet
662 4798 731 4839 ex
756 4797 819 4838 ea
842 4782 1151 4838 constitisse
1171 4781 1401 4838 factione
1420 4781 1506 4836 cui
1524 4781 1870 4837 Constantius
1901 4782 2147 4850 favebat,

559 4853 863 4978 nonfviidcri
906 4853 1067 4910 debet
1113 4869 1235 4911 cum
1278 4853 1545 4909 catholica
1594 4854 1900 4911 Sardicensi
1945 4856 2151 4926 synodo

559 4941 661 4978 con
692 4941 721 4978 u
766 4939 892 4978 isse.

559 4939 892 4980 COIiIUGISSB.

634 4994 721 5067 (ά)
752 4995 1040 5067 ApudgEr.
1066 5037 1082 5061 ,
1130 4995 1288 5064 Min,
1329 4994 1476 5066 Lips.
1511 5003 1566 5050 et
1606 4994 1763 5062 Par.,
1790 5005 1845 5049 tu
1884 4996 1963 5050 Itis
2005 4997 2150 5063 ipsis.

560 5065 890 5137 Conciunius
917 5065 1049 5123 Bad.
1080 5083 1201 5123 cum
1230 5082 1358 5123 mss.
1383 5065 1410 5133 ,ί
1430 5068 1532 5121 tuis
1560 5067 1706 5137 ipsis.

637 5136 806 5209 (σλιπ
835 5138 1046 5209 duobus
1086 5152 1217 5194 mss.
1272 5136 1918 5194 emendata.’Formulant
1972 5138 2156 5196 Sirmii

563 5208 657 5264 an;
686 5208 1022 5282 557_editam
1049 5217 1205 5263 vocat
1232 5209 1464 5265 Hilarius
1489 5209 1833 5282 deliramenta
1858 5210 1970 5265 Osii
1987 5253 2001 5275 ,
2032 5212 2154 5282 quia

564 5294 685 5334 eam
729 5278 1123 5347 subscriptione
1160 5295 1255 5334 sua
1299 5289 1471 5335 ratam
1514 5279 1672 5348 fecit,
1705 5296 1770 5337 ac
1810 5279 1950 5336 forte
1993 5278 2153 5337 etiam

565 5350 922 5415 quorumdam
953 5351 1238 5405 verborum
1281 5352 1423 5406 illius
1448 5360 1637 5406 auctor
1678 5351 1815 5407 fuit:
1848 5354 2158 5407 incrementa

570 5419 773 5475 Ursacii
800 5431 844 5475 et
881 5419 1147 5486 Valentis;
1174 5422 1295 5492 quia
1325 5436 1443 5476 eam
1476 5437 1572 5491 pro
1600 5438 1749 5477 more
1772 5436 1871 5478 suo
1892 5425 2158 5492 ambiguis

566 5492 887 5560 quihusdam
913 5491 1570 5548 sententiis'adauxerint:
1602 5494 1974 5548 emendationes
2024 5491 2159 5548 Con-

566 5562 741 5636 stantii
760 5564 925 5636 ;_quia
948 5578 1066 5617 eam
1084 5563 1451 5636 approbando,
1466 5565 1771 5620 emendavit
1795 5565 1937 5636 quod
1964 5566 2154 5622 Antio-

567 5631 744 5706 chia},
781 5631 1221 5706 Philippopoli'ct
1254 5631 1435 5688 Sirmii
1471 5645 1658 5706 contra
1701 5631 1989 5691 Plio-tinum
2032 5651 2155 5706 pro-

572 5699 830 5778 baveratt.
867 5699 1235 5778 pamn‘ationes
1262 5717 1438 5759 autem
1470 5705 1740 5778 praedictae
1771 5699 2045 5773 formulas,
2074 5711 2154 5763 in-

571 5767 765 5837 telligit
792 5769 1141 5828 Orientalium
1169 5779 1396 5844 Ancyra:
1439 5767 1529 5829 ait.
1563 5776 1667 5832 558
1701 5767 2150 5849 congregatarum

2262 4716 2600 4855 Ιιῆἐηωιέςίοιι
2663 4716 3054 4789 asserentibus)
3116 4718 3245 4773 nihil
3298 4720 3544 4774 vitiorum
3584 4716 3817 4791 subjacere

2262 4802 2291 4839 α
2347 4802 2452 4840 rme
2479 4803 2562 4841 ur.

2260 4798 2371 4842 amr
2377 4798 2562 4842 inetur.

2332 4855 2408 4930 (k)
2433 4859 2562 4930 Eam
2596 4862 2847 4919 nimirum
2880 4859 3224 4922 suscipiendo
3272 4859 3395 4915 ﬁdei
3425 4862 3811 4930 expositionem.

2260 4927 2419 5001 quam
2447 4929 2795 4996 Athanasius,
2818 4933 2910 4987 lib.
2936 4931 3003 4986 de
3031 4929 3264 5000 Synod.,
3298 4938 3357 4985 ut
3386 4927 3685 5001 praelectam
3713 4927 3816 4987 Ari-

2260 4999 2415 5072 mini,
2442 5016 2710 5072 quamque
2729 4999 3124 5065 Theodoretus,
3156 5001 3246 5057 lib.
3278 5018 3339 5068 tt,
3366 4999 3417 5058 c.
3444 5002 3535 5070 21,
3571 5013 3627 5059 ut
3654 5002 3815 5058 Nicaea:

2261 5069 2315 5145 inn
2338 5069 2569 5127 Thracia
2596 5069 2975 5145 subscriptam,
3007 5082 3061 5127 et
3088 5072 3361 5145 Socrates,
3391 5074 3487 5129 lib.
3516 5069 3576 5143 tl,
3607 5073 3747 5139 c.4l,
3771 5075 3817 5123 ιιι

2257 5138 2724 5216 Constantinopoli
2754 5138 3102 5216 approbatam
3129 5138 3395 5216 referunt.

2331 5210 2395 5283 (Ι)
2442 5213 2497 5268 ld
2522 5205 2635 5278 est;
2663 5205 2803 5270 cum'
2826 5205 3141 5285 approbasti
3172 5226 3225 5270 ct
3269 5215 3544 5283 professus
3600 5232 3657 5272 es
3698 5205 3812 5285 quod

2261 5282 2312 5335 in
2344 5282 2971 5358 pseudo-Sardicensi'et
3009 5282 3288 5358 Sirmiensi
3328 5289 3540 5358 synodo
3569 5282 3812 5358 deﬁnitum

2259 5361 2364 5426 est.
2394 5354 2495 5408 Eos
2513 5365 2682 5410 autem
2712 5358 2797 5426 qui
2822 5358 2996 5411 dicunt
3017 5356 3081 5410 de
3102 5372 3205 5412 non
3224 5354 3543 5413 exstantibus
3571 5374 3672 5412 esse
3682 5355 3810 5425 ﬁlim

2270 5423 2384 5498 ρεὶ,
2428 5427 2506 5480 vel
2536 5423 2734 5498 exalia
2749 5428 3053 5491 substantia,
3082 5435 3184 5498 etc.
3259 5428 3516 5497 Adeoque
3570 5423 3809 5498 perperam

2265 5493 2530 5550 Baronius
2562 5497 2631 5551 ad
2675 5513 2764 5552 an.
2795 5500 2922 5564 547,
2959 5514 3013 5553 n.
3044 5497 3143 5561 42,
3196 5500 3266 5554 ob
3292 5493 3439 5554 hunc
3462 5493 3643 5554 Hilarii
3667 5493 3810 5552 locum

2264 5566 2522 5641 quasdam
2570 5568 3218 5641 excogitavitConstantii
3254 5571 3459 5624 litteras
3495 5570 3559 5624 ad
3584 5567 3808 5641 synodum

2266 5637 2638 5693 Sardicenscm
2667 5680 2682 5704 ,
2712 5634 2922 5708 'quihus
2963 5638 3156 5695 Filium
3194 5641 3354 5695 unius
3389 5656 3513 5696 cum
3540 5634 3692 5695 Paire
3712 5634 3812 5692 sub-

2262 5712 2475 5763 sutntia:
2525 5711 2886 5784 proﬁteretur.
2962 5711 3131 5765 Etiam
3168 5720 3287 5781 post
3326 5711 3671 5784 Ancyranum
3711 5724 3810 5764 con-

2263 5788 2481 5838 ventum
2514 5781 2828 5840 substantia:
2858 5797 3052 5840 nomen
3081 5791 3298 5840 tuentur
3337 5781 3577 5855 ejusdem
3611 5783 3805 5854 impera-
