  <div class='ocr_page' id='page_1' title='image "/cluster/home/n/w/nwhite01/storage/ocr_20150623/10/uva.x000826522/309.png"; bbox 0 0 3936 6196; ppageno 0'>
   <div class='ocr_carea' id='block_1_1' title="bbox 521 261 644 318">
    <p class='ocr_par' dir='ltr' id='par_1_1' title="bbox 521 261 644 318">
     <span class='ocr_line' id='line_1_1' title="bbox 521 261 644 318; baseline 0.049 -7"><span class='ocrx_word' id='word_1_1' title='bbox 521 261 644 318; x_wconf 77' lang='lat'><strong>.603</strong></span> 
     </span>
    </p>
   </div>
   <div class='ocr_carea' id='block_1_2' title="bbox 1248 224 3023 323">
    <p class='ocr_par' dir='ltr' id='par_1_2' title="bbox 1248 224 3023 323">
     <span class='ocr_line' id='line_1_2' title="bbox 1248 224 3023 323; baseline -0.001 -12"><span class='ocrx_word' id='word_1_2' title='bbox 1248 224 1503 312; x_wconf 42' lang='lat' dir='ltr'><strong>sANCTt&#39;</strong></span> <span class='ocrx_word' id='word_1_3' title='bbox 1537 251 1792 311; x_wconf 78' lang='lat' dir='ltr'><strong>HlLARll</strong></span> <span class='ocrx_word' id='word_1_4' title='bbox 1831 246 2138 308; x_wconf 86' lang='lat' dir='ltr'><strong>EPISCOPI</strong></span> <span class='ocrx_word' id='word_1_5' title='bbox 2174 248 2555 323; x_wconf 59' lang='lat' dir='ltr'><strong>necom,</strong></span> <span class='ocrx_word' id='word_1_6' title='bbox 2591 252 2837 312; x_wconf 82' lang='lat' dir='ltr'><strong>CONST.</strong></span> <span class='ocrx_word' id='word_1_7' title='bbox 2886 253 3023 312; x_wconf 81' lang='lat' dir='ltr'><strong>utr.</strong></span> 
     </span>
    </p>
   </div>
   <div class='ocr_carea' id='block_1_3' title="bbox 3729 263 3832 318">
    <p class='ocr_par' dir='ltr' id='par_1_3' title="bbox 3729 263 3832 318">
     <span class='ocr_line' id='line_1_3' title="bbox 3729 263 3832 318; baseline 0.019 -2"><span class='ocrx_word' id='word_1_8' title='bbox 3729 263 3832 318; x_wconf 68' lang='grc' dir='ltr'><strong>(ιοᾶ</strong></span> 
     </span>
    </p>
   </div>
   <div class='ocr_carea' id='block_1_4' title="bbox 541 365 3828 451">
    <p class='ocr_par' dir='ltr' id='par_1_4' title="bbox 541 365 3828 451">
     <span class='ocr_line' id='line_1_4' title="bbox 541 365 3828 451; baseline -0.002 -16"><span class='ocrx_word' id='word_1_9' title='bbox 541 381 833 451; x_wconf 89' lang='lat' dir='ltr'><strong>vinumque</strong></span> <span class='ocrx_word' id='word_1_10' title='bbox 855 374 1118 448; x_wconf 83' lang='lat' dir='ltr'><strong>judicium</strong></span> <span class='ocrx_word' id='word_1_11' title='bbox 1149 387 1271 427; x_wconf 89' lang='lat' dir='ltr'><strong>cum</strong></span> <span class='ocrx_word' id='word_1_12' title='bbox 1300 371 1485 443; x_wconf 84' lang='lat' dir='ltr'><strong>paucis</strong></span> <span class='ocrx_word' id='word_1_13' title='bbox 1514 368 1836 426; x_wconf 74' lang='lat' dir='ltr'><strong>satellitibus</strong></span> <span class='ocrx_word' id='word_1_14' title='bbox 1867 366 1974 424; x_wconf 93' lang='lat' dir='ltr'><strong>tuis</strong></span> <span class='ocrx_word' id='word_1_15' title='bbox 2004 381 2133 438; x_wconf 93' lang='lat' dir='ltr'><strong>pro-</strong></span> <span class='ocrx_word' id='word_1_16' title='bbox 2156 368 2213 428; x_wconf 77' lang='grc' dir='ltr'><strong>Α</strong></span> <span class='ocrx_word' id='word_1_17' title='bbox 2237 365 2614 424; x_wconf 80' lang='lat' dir='ltr'><strong>inenarrabilis</strong></span> <span class='ocrx_word' id='word_1_18' title='bbox 2638 369 2994 445; x_wconf 84' lang='lat' dir='ltr'><strong>doceremur:</strong></span> <span class='ocrx_word' id='word_1_19' title='bbox 3036 384 3160 426; x_wconf 89' lang='lat' dir='ltr'><strong>cum</strong></span> <span class='ocrx_word' id='word_1_20' title='bbox 3186 384 3325 441; x_wconf 84' lang='lat' dir='ltr'><strong>aqua</strong></span> <span class='ocrx_word' id='word_1_21' title='bbox 3355 370 3415 426; x_wconf 92' lang='lat' dir='ltr'><strong>ﬁt</strong></span> <span class='ocrx_word' id='word_1_22' title='bbox 3443 371 3627 427; x_wconf 87' lang='lat' dir='ltr'><strong>vinum</strong></span> <span class='ocrx_word' id='word_1_23' title='bbox 3652 410 3670 438; x_wconf 89' lang='lat'><strong>,</strong></span> <span class='ocrx_word' id='word_1_24' title='bbox 3711 387 3828 429; x_wconf 87' lang='lat' dir='ltr'><strong>cum</strong></span> 
     </span>
    </p>
   </div>
   <div class='ocr_carea' id='block_1_5' title="bbox 541 460 2133 544">
    <p class='ocr_par' dir='ltr' id='par_1_5' title="bbox 541 460 2133 544">
     <span class='ocr_line' id='line_1_5' title="bbox 541 460 2133 544; baseline -0.007 -17"><span class='ocrx_word' id='word_1_25' title='bbox 541 469 683 527; x_wconf 90' lang='lat' dir='ltr'><strong>fanis</strong></span> <span class='ocrx_word' id='word_1_26' title='bbox 709 468 781 544; x_wconf 84' lang='grc' dir='ltr'><strong>(α)</strong></span> <span class='ocrx_word' id='word_1_27' title='bbox 828 468 1131 539; x_wconf 75' lang='lat' dir='ltr'><strong>impugnas.</strong></span> <span class='ocrx_word' id='word_1_28' title='bbox 1196 462 1304 520; x_wconf 85' lang='lat' dir='ltr'><strong>Sed</strong></span> <span class='ocrx_word' id='word_1_29' title='bbox 1345 479 1450 519; x_wconf 88' lang='lat' dir='ltr'><strong>non</strong></span> <span class='ocrx_word' id='word_1_30' title='bbox 1496 461 1623 519; x_wconf 91' lang='lat' dir='ltr'><strong>licet</strong></span> <span class='ocrx_word' id='word_1_31' title='bbox 1666 460 1763 518; x_wconf 84' lang='lat' dir='ltr'><strong>tibi</strong></span> <span class='ocrx_word' id='word_1_32' title='bbox 1798 474 1939 516; x_wconf 90' lang='lat' dir='ltr'><strong>nunc</strong></span> <span class='ocrx_word' id='word_1_33' title='bbox 1965 474 2133 531; x_wconf 87' lang='lat' dir='ltr'><strong>regno</strong></span> 
     </span>
    </p>
   </div>
   <div class='ocr_carea' id='block_1_6' title="bbox 542 554 2136 639">
    <p class='ocr_par' dir='ltr' id='par_1_6' title="bbox 542 554 2136 639">
     <span class='ocr_line' id='line_1_6' title="bbox 542 554 2136 639; baseline -0.009 -16"><span class='ocrx_word' id='word_1_34' title='bbox 542 565 744 639; x_wconf 89' lang='lat' dir='ltr'><strong>potenti</strong></span> <span class='ocrx_word' id='word_1_35' title='bbox 775 563 937 618; x_wconf 91' lang='lat' dir='ltr'><strong>etiam</strong></span> <span class='ocrx_word' id='word_1_36' title='bbox 968 559 1023 616; x_wconf 89' lang='lat' dir='ltr'><strong>in</strong></span> <span class='ocrx_word' id='word_1_37' title='bbox 1057 568 1330 631; x_wconf 91' lang='lat' dir='ltr'><strong>posterum</strong></span> <span class='ocrx_word' id='word_1_38' title='bbox 1353 556 1726 629; x_wconf 68' lang='lat' dir='ltr'><strong>przejudicare.</strong></span> <span class='ocrx_word' id='word_1_39' title='bbox 1750 554 2136 612; x_wconf 84' lang='lat' dir='ltr'><strong>Exstantenim</strong></span> 
     </span>
    </p>
   </div>
   <div class='ocr_carea' id='block_1_7' title="bbox 544 646 2136 724">
    <p class='ocr_par' dir='ltr' id='par_1_7' title="bbox 544 646 2136 724">
     <span class='ocr_line' id='line_1_7' title="bbox 544 646 2136 724; baseline -0.006 -11"><span class='ocrx_word' id='word_1_40' title='bbox 544 659 741 713; x_wconf 70' lang='lat' dir='ltr'><strong>litterae</strong></span> <span class='ocrx_word' id='word_1_41' title='bbox 765 694 781 720; x_wconf 94' lang='lat'><strong>,</strong></span> <span class='ocrx_word' id='word_1_42' title='bbox 833 652 1029 723; x_wconf 85' lang='lat' dir='ltr'><strong>quibus</strong></span> <span class='ocrx_word' id='word_1_43' title='bbox 1058 650 1133 717; x_wconf 91' lang='lat' dir='ltr'><strong>id,</strong></span> <span class='ocrx_word' id='word_1_44' title='bbox 1166 650 1309 724; x_wconf 85' lang='lat' dir='ltr'><strong>quod</strong></span> <span class='ocrx_word' id='word_1_45' title='bbox 1332 663 1388 705; x_wconf 91' lang='lat' dir='ltr'><strong>tu</strong></span> <span class='ocrx_word' id='word_1_46' title='bbox 1419 649 1771 706; x_wconf 90' lang='lat' dir='ltr'><strong>criminosum</strong></span> <span class='ocrx_word' id='word_1_47' title='bbox 1802 660 1959 720; x_wconf 90' lang='lat' dir='ltr'><strong>putas</strong></span> <span class='ocrx_word' id='word_1_48' title='bbox 1982 689 1996 714; x_wconf 95' lang='lat'><strong>,</strong></span> <span class='ocrx_word' id='word_1_49' title='bbox 2047 646 2136 719; x_wconf 89' lang='lat' dir='ltr'><strong>pie</strong></span> 
     </span>
    </p>
   </div>
   <div class='ocr_carea' id='block_1_8' title="bbox 540 740 2135 815">
    <p class='ocr_par' dir='ltr' id='par_1_8' title="bbox 540 740 2135 815">
     <span class='ocr_line' id='line_1_8' title="bbox 540 740 2135 815; baseline -0.006 -12"><span class='ocrx_word' id='word_1_50' title='bbox 540 757 667 804; x_wconf 91' lang='lat' dir='ltr'><strong>tunc</strong></span> <span class='ocrx_word' id='word_1_51' title='bbox 713 761 835 802; x_wconf 69' lang='lat' dir='ltr'><strong>esse</strong></span> <span class='ocrx_word' id='word_1_52' title='bbox 888 753 1195 814; x_wconf 89' lang='lat' dir='ltr'><strong>susceptum</strong></span> <span class='ocrx_word' id='word_1_53' title='bbox 1229 744 1305 815; x_wconf 88' lang='lat' dir='ltr'><strong>(b)</strong></span> <span class='ocrx_word' id='word_1_54' title='bbox 1353 742 1597 797; x_wconf 77' lang='lat' dir='ltr'><strong>docetur.</strong></span> <span class='ocrx_word' id='word_1_55' title='bbox 1678 740 1816 796; x_wconf 89' lang='lat' dir='ltr'><strong>Audi</strong></span> <span class='ocrx_word' id='word_1_56' title='bbox 1846 740 2135 797; x_wconf 81' lang='lat' dir='ltr'><strong>verborum</strong></span> 
     </span>
    </p>
   </div>
   <div class='ocr_carea' id='block_1_9' title="bbox 540 831 2134 910">
    <p class='ocr_par' dir='ltr' id='par_1_9' title="bbox 540 831 2134 910">
     <span class='ocr_line' id='line_1_9' title="bbox 540 831 2134 910; baseline -0.006 -13"><span class='ocrx_word' id='word_1_57' title='bbox 540 849 781 898; x_wconf 89' lang='lat' dir='ltr'><strong>sanctam</strong></span> <span class='ocrx_word' id='word_1_58' title='bbox 806 838 1222 910; x_wconf 89' lang='lat' dir='ltr'><strong>intelligentiam</strong></span> <span class='ocrx_word' id='word_1_59' title='bbox 1248 880 1264 905; x_wconf 94' lang='lat'><strong>,</strong></span> <span class='ocrx_word' id='word_1_60' title='bbox 1320 836 1446 892; x_wconf 89' lang='lat' dir='ltr'><strong>audi</strong></span> <span class='ocrx_word' id='word_1_61' title='bbox 1481 835 1740 891; x_wconf 83' lang='lat' dir='ltr'><strong>Ecclesia:</strong></span> <span class='ocrx_word' id='word_1_62' title='bbox 1771 831 2134 905; x_wconf 89' lang='lat' dir='ltr'><strong>imperturba-</strong></span> 
     </span>
    </p>
   </div>
   <div class='ocr_carea' id='block_1_10' title="bbox 540 927 2136 1002">
    <p class='ocr_par' dir='ltr' id='par_1_10' title="bbox 540 927 2136 1002">
     <span class='ocr_line' id='line_1_10' title="bbox 540 927 2136 1002; baseline -0.007 -11"><span class='ocrx_word' id='word_1_63' title='bbox 540 945 646 991; x_wconf 87' lang='lat' dir='ltr'><strong>tam</strong></span> <span class='ocrx_word' id='word_1_64' title='bbox 678 933 1141 999; x_wconf 80' lang='lat' dir='ltr'><strong>constitutionem,</strong></span> <span class='ocrx_word' id='word_1_65' title='bbox 1174 928 1297 985; x_wconf 89' lang='lat' dir='ltr'><strong>audi</strong></span> <span class='ocrx_word' id='word_1_66' title='bbox 1330 930 1500 1002; x_wconf 80' lang='lat' dir='ltr'><strong>patris</strong></span> <span class='ocrx_word' id='word_1_67' title='bbox 1533 928 1606 982; x_wconf 92' lang='lat' dir='ltr'><strong>tui</strong></span> <span class='ocrx_word' id='word_1_68' title='bbox 1628 931 1923 1000; x_wconf 77' lang='lat' dir='ltr'><strong>professam</strong></span> <span class='ocrx_word' id='word_1_69' title='bbox 1952 927 2136 996; x_wconf 87' lang='lat' dir='ltr'><strong>fidem,</strong></span> 
     </span>
    </p>
   </div>
   <div class='ocr_carea' id='block_1_11' title="bbox 542 1022 2136 1096">
    <p class='ocr_par' dir='ltr' id='par_1_11' title="bbox 542 1022 2136 1096">
     <span class='ocr_line' id='line_1_11' title="bbox 542 1022 2136 1096; baseline -0.003 -14"><span class='ocrx_word' id='word_1_70' title='bbox 542 1030 667 1085; x_wconf 87' lang='lat' dir='ltr'><strong>audi</strong></span> <span class='ocrx_word' id='word_1_71' title='bbox 721 1022 972 1084; x_wconf 84' lang='lat' dir='ltr'><strong>humanae</strong></span> <span class='ocrx_word' id='word_1_72' title='bbox 1009 1027 1127 1096; x_wconf 79' lang='lat' dir='ltr'><strong>Spei</strong></span> <span class='ocrx_word' id='word_1_73' title='bbox 1174 1024 1542 1082; x_wconf 85' lang='lat' dir='ltr'><strong>conﬁdentem</strong></span> <span class='ocrx_word' id='word_1_74' title='bbox 1594 1025 1966 1089; x_wconf 86' lang='lat' dir='ltr'><strong>securitatem,</strong></span> <span class='ocrx_word' id='word_1_75' title='bbox 2015 1023 2136 1079; x_wconf 90' lang='lat' dir='ltr'><strong>audi</strong></span> 
     </span>
    </p>
   </div>
   <div class='ocr_carea' id='block_1_12' title="bbox 542 1119 2141 1192">
    <p class='ocr_par' dir='ltr' id='par_1_12' title="bbox 542 1119 2141 1192">
     <span class='ocr_line' id='line_1_12' title="bbox 542 1119 2141 1192; baseline -0.005 -14"><span class='ocrx_word' id='word_1_76' title='bbox 542 1123 811 1179; x_wconf 68' lang='lat' dir='ltr'><strong>haeretica:</strong></span> <span class='ocrx_word' id='word_1_77' title='bbox 844 1121 1208 1177; x_wconf 80' lang='lat' dir='ltr'><strong>damnationis</strong></span> <span class='ocrx_word' id='word_1_78' title='bbox 1242 1120 1514 1192; x_wconf 85' lang='lat' dir='ltr'><strong>publicum</strong></span> <span class='ocrx_word' id='word_1_79' title='bbox 1544 1136 1799 1184; x_wconf 85' lang='lat' dir='ltr'><strong>sensum,</strong></span> <span class='ocrx_word' id='word_1_80' title='bbox 1832 1119 2141 1190; x_wconf 84' lang='lat' dir='ltr'><strong>etintcllige</strong></span> 
     </span>
    </p>
   </div>
   <div class='ocr_carea' id='block_1_13' title="bbox 543 1212 2142 1285">
    <p class='ocr_par' dir='ltr' id='par_1_13' title="bbox 543 1212 2142 1285">
     <span class='ocr_line' id='line_1_13' title="bbox 543 1212 2142 1285; baseline -0.003 -16"><span class='ocrx_word' id='word_1_81' title='bbox 543 1223 597 1270; x_wconf 90' lang='lat' dir='ltr'><strong>te</strong></span> <span class='ocrx_word' id='word_1_82' title='bbox 626 1215 824 1270; x_wconf 66' lang='lat' dir='ltr'><strong>divina:</strong></span> <span class='ocrx_word' id='word_1_83' title='bbox 879 1212 1159 1285; x_wconf 79' lang='lat' dir='ltr'><strong>religionis</strong></span> <span class='ocrx_word' id='word_1_84' title='bbox 1199 1212 1439 1280; x_wconf 83' lang='lat' dir='ltr'><strong>hostem,</strong></span> <span class='ocrx_word' id='word_1_85' title='bbox 1470 1220 1525 1268; x_wconf 92' lang='lat' dir='ltr'><strong>et</strong></span> <span class='ocrx_word' id='word_1_86' title='bbox 1554 1212 1831 1267; x_wconf 92' lang='lat' dir='ltr'><strong>inimicum</strong></span> <span class='ocrx_word' id='word_1_87' title='bbox 1864 1212 2142 1266; x_wconf 83' lang='lat' dir='ltr'><strong>memoriis</strong></span> 
     </span>
    </p>
   </div>
   <div class='ocr_carea' id='block_1_14' title="bbox 545 1304 2143 1381">
    <p class='ocr_par' dir='ltr' id='par_1_14' title="bbox 545 1304 2143 1381">
     <span class='ocr_line' id='line_1_14' title="bbox 545 1304 2143 1381; baseline -0.001 -19"><span class='ocrx_word' id='word_1_88' title='bbox 545 1306 618 1381; x_wconf 92' lang='lat' dir='ltr'><strong>(c)</strong></span> <span class='ocrx_word' id='word_1_89' title='bbox 652 1316 998 1374; x_wconf 90' lang='lat' dir='ltr'><strong>sanctorum,</strong></span> <span class='ocrx_word' id='word_1_90' title='bbox 1056 1314 1111 1361; x_wconf 88' lang='lat' dir='ltr'><strong>ct</strong></span> <span class='ocrx_word' id='word_1_91' title='bbox 1142 1316 1380 1377; x_wconf 73' lang='lat' dir='ltr'><strong>paternae</strong></span> <span class='ocrx_word' id='word_1_92' title='bbox 1419 1305 1634 1376; x_wconf 87' lang='lat' dir='ltr'><strong>pietatis</strong></span> <span class='ocrx_word' id='word_1_93' title='bbox 1659 1304 1931 1362; x_wconf 66' lang='lat' dir='ltr'><strong>hieredem</strong></span> <span class='ocrx_word' id='word_1_94' title='bbox 1964 1304 2143 1361; x_wconf 89' lang='lat' dir='ltr'><strong>rebel-</strong></span> 
     </span>
    </p>
   </div>
   <div class='ocr_carea' id='block_1_15' title="bbox 546 1398 788 1473">
    <p class='ocr_par' dir='ltr' id='par_1_15' title="bbox 546 1398 788 1473">
     <span class='ocr_line' id='line_1_15' title="bbox 546 1398 788 1473; baseline -0.004 -18"><span class='ocrx_word' id='word_1_95' title='bbox 546 1400 672 1456; x_wconf 91' lang='lat' dir='ltr'><strong>lem.</strong></span> <span class='ocrx_word' id='word_1_96' title='bbox 706 1398 788 1473; x_wconf 81' lang='grc' dir='ltr'><strong>(ἀ)</strong></span> 
     </span>
    </p>
   </div>
   <div class='ocr_carea' id='block_1_16' title="bbox 829 1533 1868 1592">
    <p class='ocr_par' dir='ltr' id='par_1_16' title="bbox 829 1533 1868 1592">
     <span class='ocr_line' id='line_1_16' title="bbox 829 1533 1868 1592; baseline 0.001 -1"><span class='ocrx_word' id='word_1_97' title='bbox 829 1536 1242 1592; x_wconf 77' lang='lat' dir='ltr'><strong>Additamentum</strong></span> <span class='ocrx_word' id='word_1_98' title='bbox 1262 1537 1330 1590; x_wconf 74' lang='lat' dir='ltr'><strong>ea:</strong></span> <span class='ocrx_word' id='word_1_99' title='bbox 1351 1534 1496 1591; x_wconf 82' lang='lat' dir='ltr'><strong>libris</strong></span> <span class='ocrx_word' id='word_1_100' title='bbox 1514 1534 1578 1589; x_wconf 73' lang='lat' dir='ltr'><strong>de</strong></span> <span class='ocrx_word' id='word_1_101' title='bbox 1603 1533 1868 1592; x_wconf 80' lang='lat' dir='ltr'><strong>Trinitate.</strong></span> 
     </span>
    </p>
   </div>
   <div class='ocr_carea' id='block_1_17' title="bbox 615 1668 2144 1743">
    <p class='ocr_par' dir='ltr' id='par_1_17' title="bbox 615 1668 2144 1743">
     <span class='ocr_line' id='line_1_17' title="bbox 615 1668 2144 1743; baseline 0 -14"><span class='ocrx_word' id='word_1_102' title='bbox 615 1672 707 1729; x_wconf 73' lang='lat'><strong>28.</strong></span> <span class='ocrx_word' id='word_1_103' title='bbox 743 1670 827 1726; x_wconf 83' lang='lat' dir='ltr'><strong>Ea:</strong></span> <span class='ocrx_word' id='word_1_104' title='bbox 847 1671 934 1727; x_wconf 85' lang='lat' dir='ltr'><strong>lib.</strong></span> <span class='ocrx_word' id='word_1_105' title='bbox 971 1687 1009 1726; x_wconf 85' lang='grc' dir='ltr'><strong>ιι</strong></span> <span class='ocrx_word' id='word_1_106' title='bbox 1055 1670 1119 1726; x_wconf 86' lang='lat' dir='ltr'><strong>de</strong></span> <span class='ocrx_word' id='word_1_107' title='bbox 1149 1668 1321 1732; x_wconf 86' lang='lat' dir='ltr'><strong>Trin.,</strong></span> <span class='ocrx_word' id='word_1_108' title='bbox 1352 1686 1495 1724; x_wconf 83' lang='lat' dir='ltr'><strong>nam.</strong></span> <span class='ocrx_word' id='word_1_109' title='bbox 1527 1669 1581 1724; x_wconf 91' lang='lat'><strong>6.</strong></span> <span class='ocrx_word' id='word_1_110' title='bbox 1617 1669 1776 1725; x_wconf 86' lang='lat' dir='ltr'><strong>Pater</strong></span> <span class='ocrx_word' id='word_1_111' title='bbox 1800 1677 1915 1737; x_wconf 90' lang='lat' dir='ltr'><strong>est,</strong></span> <span class='ocrx_word' id='word_1_112' title='bbox 1946 1685 2011 1727; x_wconf 82' lang='lat' dir='ltr'><strong>ex</strong></span> <span class='ocrx_word' id='word_1_113' title='bbox 2035 1688 2144 1743; x_wconf 92' lang='lat' dir='ltr'><strong>quo</strong></span> 
     </span>
    </p>
   </div>
   <div class='ocr_carea' id='block_1_18' title="bbox 2238 459 3828 534">
    <p class='ocr_par' dir='ltr' id='par_1_18' title="bbox 2238 459 3828 534">
     <span class='ocr_line' id='line_1_18' title="bbox 2238 459 3828 534; baseline 0.006 -22"><span class='ocrx_word' id='word_1_114' title='bbox 2238 459 2477 532; x_wconf 86' lang='lat' dir='ltr'><strong>quinque</strong></span> <span class='ocrx_word' id='word_1_115' title='bbox 2510 475 2697 531; x_wconf 91' lang='lat' dir='ltr'><strong>panes,</strong></span> <span class='ocrx_word' id='word_1_116' title='bbox 2740 462 2997 517; x_wconf 86' lang='lat' dir='ltr'><strong>saturatis</strong></span> <span class='ocrx_word' id='word_1_117' title='bbox 3035 466 3274 534; x_wconf 89' lang='lat' dir='ltr'><strong>quinque</strong></span> <span class='ocrx_word' id='word_1_118' title='bbox 3301 463 3545 521; x_wconf 89' lang='lat' dir='ltr'><strong>millibus</strong></span> <span class='ocrx_word' id='word_1_119' title='bbox 3574 464 3828 533; x_wconf 83' lang='lat' dir='ltr'><strong>virorum,</strong></span> 
     </span>
    </p>
   </div>
   <div class='ocr_carea' id='block_1_19' title="bbox 2239 553 3822 628">
    <p class='ocr_par' dir='ltr' id='par_1_19' title="bbox 2239 553 3822 628">
     <span class='ocr_line' id='line_1_19' title="bbox 2239 553 3822 628; baseline 0.005 -21"><span class='ocrx_word' id='word_1_120' title='bbox 2239 559 2470 622; x_wconf 80' lang='lat' dir='ltr'><strong>excepto</strong></span> <span class='ocrx_word' id='word_1_121' title='bbox 2496 567 2629 608; x_wconf 84' lang='lat' dir='ltr'><strong>sexu</strong></span> <span class='ocrx_word' id='word_1_122' title='bbox 2659 562 2713 609; x_wconf 92' lang='lat' dir='ltr'><strong>et</strong></span> <span class='ocrx_word' id='word_1_123' title='bbox 2744 562 2905 610; x_wconf 78' lang='lat' dir='ltr'><strong>aetate</strong></span> <span class='ocrx_word' id='word_1_124' title='bbox 2944 553 3151 626; x_wconf 88' lang='lat' dir='ltr'><strong>reliqua</strong></span> <span class='ocrx_word' id='word_1_125' title='bbox 3172 597 3187 622; x_wconf 88' lang='lat'><strong>,</strong></span> <span class='ocrx_word' id='word_1_126' title='bbox 3243 556 3461 627; x_wconf 88' lang='lat' dir='ltr'><strong>replent</strong></span> <span class='ocrx_word' id='word_1_127' title='bbox 3516 555 3822 628; x_wconf 76' lang='lat' dir='ltr'><strong>fragmentis</strong></span> 
     </span>
    </p>
   </div>
   <div class='ocr_carea' id='block_1_20' title="bbox 2236 645 3831 720">
    <p class='ocr_par' dir='ltr' id='par_1_20' title="bbox 2236 645 3831 720">
     <span class='ocr_line' id='line_1_20' title="bbox 2236 645 3831 720; baseline 0.004 -19"><span class='ocrx_word' id='word_1_128' title='bbox 2236 646 2498 717; x_wconf 87' lang='lat' dir='ltr'><strong>cophinos</strong></span> <span class='ocrx_word' id='word_1_129' title='bbox 2527 645 2835 704; x_wconf 89' lang='lat' dir='ltr'><strong>duodecim.</strong></span> <span class='ocrx_word' id='word_1_130' title='bbox 2888 647 2995 705; x_wconf 73' lang='lat' dir='ltr'><strong>lies</strong></span> <span class='ocrx_word' id='word_1_131' title='bbox 3015 648 3280 715; x_wconf 89' lang='lat' dir='ltr'><strong>cernitur,</strong></span> <span class='ocrx_word' id='word_1_132' title='bbox 3331 659 3386 706; x_wconf 88' lang='lat' dir='ltr'><strong>et</strong></span> <span class='ocrx_word' id='word_1_133' title='bbox 3439 652 3714 717; x_wconf 85' lang='lat' dir='ltr'><strong>nescitur;</strong></span> <span class='ocrx_word' id='word_1_134' title='bbox 3757 654 3831 720; x_wconf 87' lang='lat' dir='ltr'><strong>ﬁt,</strong></span> 
     </span>
    </p>
   </div>
   <div class='ocr_carea' id='block_1_21' title="bbox 2240 739 3833 814">
    <p class='ocr_par' dir='ltr' id='par_1_21' title="bbox 2240 739 3833 814">
     <span class='ocr_line' id='line_1_21' title="bbox 2240 739 3833 814; baseline 0.005 -21"><span class='ocrx_word' id='word_1_135' title='bbox 2240 745 2295 793; x_wconf 89' lang='lat' dir='ltr'><strong>et</strong></span> <span class='ocrx_word' id='word_1_136' title='bbox 2325 754 2429 793; x_wconf 92' lang='lat' dir='ltr'><strong>non</strong></span> <span class='ocrx_word' id='word_1_137' title='bbox 2462 739 2814 812; x_wconf 76' lang='lat' dir='ltr'><strong>intelligitur;</strong></span> <span class='ocrx_word' id='word_1_138' title='bbox 2869 741 3009 797; x_wconf 81' lang='lat' dir='ltr'><strong>ratio</strong></span> <span class='ocrx_word' id='word_1_139' title='bbox 3059 756 3167 797; x_wconf 89' lang='lat' dir='ltr'><strong>non</strong></span> <span class='ocrx_word' id='word_1_140' title='bbox 3210 741 3673 814; x_wconf 82' lang='lat' dir='ltr'><strong>apprehenditur,</strong></span> <span class='ocrx_word' id='word_1_141' title='bbox 3713 744 3833 801; x_wconf 82' lang='lat' dir='ltr'><strong>effe-</strong></span> 
     </span>
    </p>
   </div>
   <div class='ocr_carea' id='block_1_22' title="bbox 2239 833 3826 905">
    <p class='ocr_par' dir='ltr' id='par_1_22' title="bbox 2239 833 3826 905">
     <span class='ocr_line' id='line_1_22' title="bbox 2239 833 3826 905; baseline 0.007 -18"><span class='ocrx_word' id='word_1_142' title='bbox 2239 841 2357 888; x_wconf 92' lang='lat' dir='ltr'><strong>ctus</strong></span> <span class='ocrx_word' id='word_1_143' title='bbox 2391 833 2676 905; x_wconf 83' lang='lat' dir='ltr'><strong>ingeritur.</strong></span> <span class='ocrx_word' id='word_1_144' title='bbox 2710 835 2948 892; x_wconf 89' lang='lat' dir='ltr'><strong>Stultum</strong></span> <span class='ocrx_word' id='word_1_145' title='bbox 2981 846 3064 893; x_wconf 88' lang='lat' dir='ltr'><strong>est</strong></span> <span class='ocrx_word' id='word_1_146' title='bbox 3091 848 3292 904; x_wconf 86' lang='lat' dir='ltr'><strong>autem,</strong></span> <span class='ocrx_word' id='word_1_147' title='bbox 3325 838 3657 895; x_wconf 86' lang='lat' dir='ltr'><strong>calumniam</strong></span> <span class='ocrx_word' id='word_1_148' title='bbox 3688 840 3741 897; x_wconf 88' lang='lat' dir='ltr'><strong>in</strong></span> <span class='ocrx_word' id='word_1_149' title='bbox 3766 857 3826 898; x_wconf 84' lang='lat' dir='ltr'><strong>eo</strong></span> 
     </span>
    </p>
   </div>
   <div class='ocr_carea' id='block_1_23' title="bbox 2242 926 3834 1003">
    <p class='ocr_par' dir='ltr' id='par_1_23' title="bbox 2242 926 3834 1003">
     <span class='ocr_line' id='line_1_23' title="bbox 2242 926 3834 1003; baseline 0.008 -23"><span class='ocrx_word' id='word_1_150' title='bbox 2242 926 2605 998; x_wconf 72' lang='lat' dir='ltr'><strong>inquisitionis</strong></span> <span class='ocrx_word' id='word_1_151' title='bbox 2635 929 2933 995; x_wconf 85' lang='lat' dir='ltr'><strong>intendere,</strong></span> <span class='ocrx_word' id='word_1_152' title='bbox 2981 932 3031 986; x_wconf 90' lang='lat' dir='ltr'><strong>in</strong></span> <span class='ocrx_word' id='word_1_153' title='bbox 3055 946 3162 1002; x_wconf 91' lang='lat' dir='ltr'><strong>quo</strong></span> <span class='ocrx_word' id='word_1_154' title='bbox 3192 932 3583 1003; x_wconf 79' lang='lat' dir='ltr'><strong>comprehendi</strong></span> <span class='ocrx_word' id='word_1_155' title='bbox 3616 934 3671 988; x_wconf 84' lang='lat' dir='ltr'><strong>id</strong></span> <span class='ocrx_word' id='word_1_156' title='bbox 3700 935 3834 991; x_wconf 88' lang='lat' dir='ltr'><strong>unde</strong></span> 
     </span>
    </p>
   </div>
   <div class='ocr_carea' id='block_1_24' title="bbox 2241 1019 3831 1094">
    <p class='ocr_par' dir='ltr' id='par_1_24' title="bbox 2241 1019 3831 1094">
     <span class='ocr_line' id='line_1_24' title="bbox 2241 1019 3831 1094; baseline 0.006 -22"><span class='ocrx_word' id='word_1_157' title='bbox 2241 1019 2498 1089; x_wconf 74' lang='lat' dir='ltr'><strong>quau-itur</strong></span> <span class='ocrx_word' id='word_1_158' title='bbox 2551 1036 2647 1090; x_wconf 88' lang='lat' dir='ltr'><strong>per</strong></span> <span class='ocrx_word' id='word_1_159' title='bbox 2686 1033 2932 1078; x_wconf 88' lang='lat' dir='ltr'><strong>naturam</strong></span> <span class='ocrx_word' id='word_1_160' title='bbox 2984 1038 3137 1079; x_wconf 90' lang='lat' dir='ltr'><strong>suam</strong></span> <span class='ocrx_word' id='word_1_161' title='bbox 3196 1039 3302 1079; x_wconf 90' lang='lat' dir='ltr'><strong>non</strong></span> <span class='ocrx_word' id='word_1_162' title='bbox 3331 1032 3529 1094; x_wconf 87' lang='lat' dir='ltr'><strong>potest.</strong></span> <span class='ocrx_word' id='word_1_163' title='bbox 3583 1022 3656 1082; x_wconf 88' lang='lat' dir='ltr'><strong>Ut</strong></span> <span class='ocrx_word' id='word_1_164' title='bbox 3696 1028 3831 1083; x_wconf 82' lang='lat' dir='ltr'><strong>enim</strong></span> 
     </span>
    </p>
   </div>
   <div class='ocr_carea' id='block_1_25' title="bbox 2244 1110 3829 1188">
    <p class='ocr_par' dir='ltr' id='par_1_25' title="bbox 2244 1110 3829 1188">
     <span class='ocr_line' id='line_1_25' title="bbox 2244 1110 3829 1188; baseline 0.007 -23"><span class='ocrx_word' id='word_1_165' title='bbox 2244 1110 2620 1167; x_wconf 86' lang='lat' dir='ltr'><strong>inenarrabilis</strong></span> <span class='ocrx_word' id='word_1_166' title='bbox 2648 1122 2732 1168; x_wconf 88' lang='lat' dir='ltr'><strong>cst</strong></span> <span class='ocrx_word' id='word_1_167' title='bbox 2762 1112 2922 1169; x_wconf 86' lang='lat' dir='ltr'><strong>Pater</strong></span> <span class='ocrx_word' id='word_1_168' title='bbox 2951 1115 3000 1168; x_wconf 94' lang='lat' dir='ltr'><strong>in</strong></span> <span class='ocrx_word' id='word_1_169' title='bbox 3025 1130 3092 1171; x_wconf 92' lang='lat' dir='ltr'><strong>eo</strong></span> <span class='ocrx_word' id='word_1_170' title='bbox 3131 1118 3274 1186; x_wconf 89' lang='lat' dir='ltr'><strong>quod</strong></span> <span class='ocrx_word' id='word_1_171' title='bbox 3306 1116 3581 1188; x_wconf 76' lang='lat' dir='ltr'><strong>ingenitus</strong></span> <span class='ocrx_word' id='word_1_172' title='bbox 3609 1126 3692 1172; x_wconf 90' lang='lat' dir='ltr'><strong>est</strong></span> <span class='ocrx_word' id='word_1_173' title='bbox 3721 1135 3736 1184; x_wconf 87' lang='lat'><strong>;</strong></span> <span class='ocrx_word' id='word_1_174' title='bbox 3762 1120 3829 1176; x_wconf 90' lang='lat' dir='ltr'><strong>ita</strong></span> 
     </span>
    </p>
   </div>
   <div class='ocr_carea' id='block_1_26' title="bbox 2244 1204 3828 1283">
    <p class='ocr_par' dir='ltr' id='par_1_26' title="bbox 2244 1204 3828 1283">
     <span class='ocr_line' id='line_1_26' title="bbox 2244 1204 3828 1283; baseline 0.004 -22"><span class='ocrx_word' id='word_1_175' title='bbox 2244 1208 2480 1262; x_wconf 86' lang='lat' dir='ltr'><strong>enarrari</strong></span> <span class='ocrx_word' id='word_1_176' title='bbox 2516 1204 2684 1262; x_wconf 87' lang='lat' dir='ltr'><strong>Filius</strong></span> <span class='ocrx_word' id='word_1_177' title='bbox 2714 1208 2766 1262; x_wconf 90' lang='lat' dir='ltr'><strong>in</strong></span> <span class='ocrx_word' id='word_1_178' title='bbox 2798 1223 2864 1265; x_wconf 91' lang='lat' dir='ltr'><strong>eo</strong></span> <span class='ocrx_word' id='word_1_179' title='bbox 2877 1208 3021 1280; x_wconf 84' lang='lat' dir='ltr'><strong>quod</strong></span> <span class='ocrx_word' id='word_1_180' title='bbox 3054 1209 3358 1280; x_wconf 89' lang='lat' dir='ltr'><strong>unigenitus</strong></span> <span class='ocrx_word' id='word_1_181' title='bbox 3388 1221 3594 1265; x_wconf 89' lang='lat' dir='ltr'><strong>estnon</strong></span> <span class='ocrx_word' id='word_1_182' title='bbox 3618 1221 3828 1283; x_wconf 84' lang='lat' dir='ltr'><strong>potest;</strong></span> 
     </span>
    </p>
   </div>
   <div class='ocr_carea' id='block_1_27' title="bbox 2244 1301 3832 1375">
    <p class='ocr_par' dir='ltr' id='par_1_27' title="bbox 2244 1301 3832 1375">
     <span class='ocr_line' id='line_1_27' title="bbox 2244 1301 3832 1375; baseline 0.003 -20"><span class='ocrx_word' id='word_1_183' title='bbox 2244 1303 2369 1372; x_wconf 89' lang='lat' dir='ltr'><strong>quia</strong></span> <span class='ocrx_word' id='word_1_184' title='bbox 2396 1301 2616 1372; x_wconf 86' lang='lat' dir='ltr'><strong>ingeniti</strong></span> <span class='ocrx_word' id='word_1_185' title='bbox 2659 1313 2741 1357; x_wconf 91' lang='lat' dir='ltr'><strong>cst</strong></span> <span class='ocrx_word' id='word_1_186' title='bbox 2772 1303 2947 1373; x_wconf 89' lang='lat' dir='ltr'><strong>imago</strong></span> <span class='ocrx_word' id='word_1_187' title='bbox 2972 1303 3062 1375; x_wconf 89' lang='lat' dir='ltr'><strong>qui</strong></span> <span class='ocrx_word' id='word_1_188' title='bbox 3089 1304 3304 1374; x_wconf 88' lang='lat' dir='ltr'><strong>genitus</strong></span> <span class='ocrx_word' id='word_1_189' title='bbox 3327 1312 3433 1360; x_wconf 88' lang='lat' dir='ltr'><strong>est.</strong></span> <span class='ocrx_word' id='word_1_190' title='bbox 3509 1302 3646 1359; x_wconf 91' lang='lat' dir='ltr'><strong>Cum</strong></span> <span class='ocrx_word' id='word_1_191' title='bbox 3696 1305 3832 1361; x_wconf 90' lang='lat' dir='ltr'><strong>enim</strong></span> 
     </span>
    </p>
   </div>
   <div class='ocr_carea' id='block_1_28' title="bbox 2244 1394 3840 1468">
    <p class='ocr_par' dir='ltr' id='par_1_28' title="bbox 2244 1394 3840 1468">
     <span class='ocr_line' id='line_1_28' title="bbox 2244 1394 3840 1468; baseline 0.003 -20"><span class='ocrx_word' id='word_1_192' title='bbox 2244 1408 2408 1449; x_wconf 89' lang='lat' dir='ltr'><strong>sensu</strong></span> <span class='ocrx_word' id='word_1_193' title='bbox 2440 1404 2600 1465; x_wconf 90' lang='lat' dir='ltr'><strong>atque</strong></span> <span class='ocrx_word' id='word_1_194' title='bbox 2632 1394 2817 1451; x_wconf 85' lang='lat' dir='ltr'><strong>verbis</strong></span> <span class='ocrx_word' id='word_1_195' title='bbox 2862 1394 3148 1466; x_wconf 77' lang='lat' dir='ltr'><strong>imaginem</strong></span> <span class='ocrx_word' id='word_1_196' title='bbox 3194 1394 3656 1468; x_wconf 88' lang='lat' dir='ltr'><strong>apprehendimus</strong></span> <span class='ocrx_word' id='word_1_197' title='bbox 3682 1436 3697 1460; x_wconf 85' lang='lat'><strong>,</strong></span> <span class='ocrx_word' id='word_1_198' title='bbox 3754 1413 3840 1453; x_wconf 88' lang='lat' dir='ltr'><strong>ne-</strong></span> 
     </span>
    </p>
   </div>
   <div class='ocr_carea' id='block_1_29' title="bbox 2245 1486 3833 1562">
    <p class='ocr_par' dir='ltr' id='par_1_29' title="bbox 2245 1486 3833 1562">
     <span class='ocr_line' id='line_1_29' title="bbox 2245 1486 3833 1562; baseline 0.001 -19"><span class='ocrx_word' id='word_1_199' title='bbox 2245 1502 2400 1543; x_wconf 89' lang='lat' dir='ltr'><strong>cesse</strong></span> <span class='ocrx_word' id='word_1_200' title='bbox 2429 1495 2512 1542; x_wconf 85' lang='lat' dir='ltr'><strong>est</strong></span> <span class='ocrx_word' id='word_1_201' title='bbox 2533 1486 2613 1562; x_wconf 75' lang='lat' dir='ltr'><strong>(It)</strong></span> <span class='ocrx_word' id='word_1_202' title='bbox 2642 1488 2805 1543; x_wconf 89' lang='lat' dir='ltr'><strong>etiam</strong></span> <span class='ocrx_word' id='word_1_203' title='bbox 2845 1504 2967 1544; x_wconf 92' lang='lat' dir='ltr'><strong>eum</strong></span> <span class='ocrx_word' id='word_1_204' title='bbox 2997 1488 3149 1560; x_wconf 89' lang='lat' dir='ltr'><strong>cujus</strong></span> <span class='ocrx_word' id='word_1_205' title='bbox 3181 1489 3356 1559; x_wconf 84' lang='lat' dir='ltr'><strong>imago</strong></span> <span class='ocrx_word' id='word_1_206' title='bbox 3403 1499 3489 1545; x_wconf 89' lang='lat' dir='ltr'><strong>est</strong></span> <span class='ocrx_word' id='word_1_207' title='bbox 3540 1503 3833 1560; x_wconf 86' lang='lat' dir='ltr'><strong>consequa-</strong></span> 
     </span>
    </p>
   </div>
   <div class='ocr_carea' id='block_1_30' title="bbox 2248 1578 3832 1651">
    <p class='ocr_par' dir='ltr' id='par_1_30' title="bbox 2248 1578 3832 1651">
     <span class='ocr_line' id='line_1_30' title="bbox 2248 1578 3832 1651; baseline 0.003 -19"><span class='ocrx_word' id='word_1_208' title='bbox 2248 1593 2389 1633; x_wconf 88' lang='lat' dir='ltr'><strong>mur.</strong></span> <span class='ocrx_word' id='word_1_209' title='bbox 2445 1578 2549 1634; x_wconf 88' lang='lat' dir='ltr'><strong>Sed</strong></span> <span class='ocrx_word' id='word_1_210' title='bbox 2582 1578 2872 1635; x_wconf 82' lang='lat' dir='ltr'><strong>invisibilia</strong></span> <span class='ocrx_word' id='word_1_211' title='bbox 2905 1580 3304 1651; x_wconf 81' lang='lat' dir='ltr'><strong>persequimur,</strong></span> <span class='ocrx_word' id='word_1_212' title='bbox 3340 1589 3397 1636; x_wconf 89' lang='lat' dir='ltr'><strong>et</strong></span> <span class='ocrx_word' id='word_1_213' title='bbox 3423 1579 3832 1650; x_wconf 62' lang='lat' dir='ltr'><strong>incomprehem</strong></span> 
     </span>
    </p>
   </div>
   <div class='ocr_carea' id='block_1_31' title="bbox 2250 1670 3836 1745">
    <p class='ocr_par' dir='ltr' id='par_1_31' title="bbox 2250 1670 3836 1745">
     <span class='ocr_line' id='line_1_31' title="bbox 2250 1670 3836 1745; baseline 0.004 -22"><span class='ocrx_word' id='word_1_214' title='bbox 2250 1670 2426 1725; x_wconf 88' lang='lat' dir='ltr'><strong>sibilia</strong></span> <span class='ocrx_word' id='word_1_215' title='bbox 2469 1680 2761 1741; x_wconf 86' lang='lat' dir='ltr'><strong>tentamus,</strong></span> <span class='ocrx_word' id='word_1_216' title='bbox 2818 1672 3013 1743; x_wconf 89' lang='lat' dir='ltr'><strong>quibus</strong></span> <span class='ocrx_word' id='word_1_217' title='bbox 3063 1673 3418 1745; x_wconf 87' lang='lat' dir='ltr'><strong>intelligentia</strong></span> <span class='ocrx_word' id='word_1_218' title='bbox 3469 1674 3536 1729; x_wconf 90' lang='lat' dir='ltr'><strong>ad</strong></span> <span class='ocrx_word' id='word_1_219' title='bbox 3561 1675 3836 1745; x_wconf 83' lang='lat' dir='ltr'><strong>conspica-</strong></span> 
     </span>
    </p>
   </div>
   <div class='ocr_carea' id='block_1_32' title="bbox 547 1762 3837 1837">
    <p class='ocr_par' dir='ltr' id='par_1_32' title="bbox 547 1762 3837 1837">
     <span class='ocr_line' id='line_1_32' title="bbox 547 1762 3837 1837; baseline 0.001 -16"><span class='ocrx_word' id='word_1_220' title='bbox 547 1781 709 1821; x_wconf 91' lang='lat' dir='ltr'><strong>omne</strong></span> <span class='ocrx_word' id='word_1_221' title='bbox 731 1764 873 1836; x_wconf 89' lang='lat' dir='ltr'><strong>quod</strong></span> <span class='ocrx_word' id='word_1_222' title='bbox 905 1773 989 1820; x_wconf 90' lang='lat' dir='ltr'><strong>est</strong></span> <span class='ocrx_word' id='word_1_223' title='bbox 1013 1763 1283 1819; x_wconf 89' lang='lat' dir='ltr'><strong>consistit.</strong></span> <span class='ocrx_word' id='word_1_224' title='bbox 1310 1763 1431 1834; x_wconf 90' lang='lat' dir='ltr'><strong>Ipse</strong></span> <span class='ocrx_word' id='word_1_225' title='bbox 1460 1763 1512 1818; x_wconf 91' lang='lat' dir='ltr'><strong>in</strong></span> <span class='ocrx_word' id='word_1_226' title='bbox 1535 1762 1753 1818; x_wconf 87' lang='lat' dir='ltr'><strong>Christo</strong></span> <span class='ocrx_word' id='word_1_227' title='bbox 1783 1774 1839 1820; x_wconf 91' lang='lat' dir='ltr'><strong>et</strong></span> <span class='ocrx_word' id='word_1_228' title='bbox 1870 1780 1966 1835; x_wconf 91' lang='lat' dir='ltr'><strong>per</strong></span> <span class='ocrx_word' id='word_1_229' title='bbox 1988 1764 2147 1823; x_wconf 84' lang='lat' dir='ltr'><strong>Cliri-</strong></span> <span class='ocrx_word' id='word_1_230' title='bbox 2174 1762 2224 1825; x_wconf 88' lang='lat' dir='ltr'><strong>B</strong></span> <span class='ocrx_word' id='word_1_231' title='bbox 2253 1763 2386 1819; x_wconf 88' lang='lat' dir='ltr'><strong>biles</strong></span> <span class='ocrx_word' id='word_1_232' title='bbox 2415 1781 2502 1821; x_wconf 88' lang='lat' dir='ltr'><strong>res</strong></span> <span class='ocrx_word' id='word_1_233' title='bbox 2549 1778 2603 1820; x_wconf 91' lang='lat' dir='ltr'><strong>et</strong></span> <span class='ocrx_word' id='word_1_234' title='bbox 2648 1780 2937 1837; x_wconf 90' lang='lat' dir='ltr'><strong>corporcas</strong></span> <span class='ocrx_word' id='word_1_235' title='bbox 2965 1774 3292 1832; x_wconf 87' lang='lat' dir='ltr'><strong>coarctatur;</strong></span> <span class='ocrx_word' id='word_1_236' title='bbox 3328 1781 3436 1822; x_wconf 90' lang='lat' dir='ltr'><strong>non</strong></span> <span class='ocrx_word' id='word_1_237' title='bbox 3480 1766 3837 1825; x_wconf 72' lang='lat' dir='ltr'><strong>erubescimus</strong></span> 
     </span>
    </p>
   </div>
   <div class='ocr_carea' id='block_1_33' title="bbox 547 1854 2146 1928">
    <p class='ocr_par' dir='ltr' id='par_1_33' title="bbox 547 1854 2146 1928">
     <span class='ocr_line' id='line_1_33' title="bbox 547 1854 2146 1928; baseline 0.001 -15"><span class='ocrx_word' id='word_1_238' title='bbox 547 1867 688 1913; x_wconf 89' lang='lat' dir='ltr'><strong>stum</strong></span> <span class='ocrx_word' id='word_1_239' title='bbox 719 1856 870 1926; x_wconf 80' lang='lat' dir='ltr'><strong>origo</strong></span> <span class='ocrx_word' id='word_1_240' title='bbox 901 1856 1161 1911; x_wconf 90' lang='lat' dir='ltr'><strong>omnium.</strong></span> <span class='ocrx_word' id='word_1_241' title='bbox 1215 1854 1484 1910; x_wconf 73' lang='lat' dir='ltr'><strong>Cmterum</strong></span> <span class='ocrx_word' id='word_1_242' title='bbox 1518 1855 1586 1927; x_wconf 88' lang='lat' dir='ltr'><strong>(e)</strong></span> <span class='ocrx_word' id='word_1_243' title='bbox 1616 1870 1738 1911; x_wconf 86' lang='lat' dir='ltr'><strong>esse</strong></span> <span class='ocrx_word' id='word_1_244' title='bbox 1782 1856 1898 1928; x_wconf 87' lang='lat' dir='ltr'><strong>ejus</strong></span> <span class='ocrx_word' id='word_1_245' title='bbox 1941 1860 1994 1912; x_wconf 91' lang='lat' dir='ltr'><strong>in</strong></span> <span class='ocrx_word' id='word_1_246' title='bbox 2025 1873 2146 1915; x_wconf 87' lang='lat' dir='ltr'><strong>sese</strong></span> 
     </span>
    </p>
   </div>
   <div class='ocr_carea' id='block_1_34' title="bbox 552 1948 2143 2021">
    <p class='ocr_par' dir='ltr' id='par_1_34' title="bbox 552 1948 2143 2021">
     <span class='ocr_line' id='line_1_34' title="bbox 552 1948 2143 2021; baseline -0.001 -12"><span class='ocrx_word' id='word_1_247' title='bbox 552 1961 635 2009; x_wconf 90' lang='lat' dir='ltr'><strong>est</strong></span> <span class='ocrx_word' id='word_1_248' title='bbox 674 1971 687 2005; x_wconf 92' lang='lat'><strong>:</strong></span> <span class='ocrx_word' id='word_1_249' title='bbox 720 1967 827 2007; x_wconf 92' lang='lat' dir='ltr'><strong>non</strong></span> <span class='ocrx_word' id='word_1_250' title='bbox 854 1949 1075 2006; x_wconf 90' lang='lat' dir='ltr'><strong>aliunde</strong></span> <span class='ocrx_word' id='word_1_251' title='bbox 1105 1948 1247 2021; x_wconf 90' lang='lat' dir='ltr'><strong>quod</strong></span> <span class='ocrx_word' id='word_1_252' title='bbox 1275 1960 1359 2006; x_wconf 90' lang='lat' dir='ltr'><strong>est</strong></span> <span class='ocrx_word' id='word_1_253' title='bbox 1384 1964 1640 2015; x_wconf 89' lang='lat' dir='ltr'><strong>sumens,</strong></span> <span class='ocrx_word' id='word_1_254' title='bbox 1665 1949 1760 2006; x_wconf 90' lang='lat' dir='ltr'><strong>sed</strong></span> <span class='ocrx_word' id='word_1_255' title='bbox 1791 1949 1843 2006; x_wconf 90' lang='lat' dir='ltr'><strong>id</strong></span> <span class='ocrx_word' id='word_1_256' title='bbox 1867 1951 2011 2021; x_wconf 89' lang='lat' dir='ltr'><strong>quod</strong></span> <span class='ocrx_word' id='word_1_257' title='bbox 2039 1963 2143 2019; x_wconf 84' lang='lat' dir='ltr'><strong>est,</strong></span> 
     </span>
    </p>
   </div>
   <div class='ocr_carea' id='block_1_35' title="bbox 551 2041 2149 2117">
    <p class='ocr_par' dir='ltr' id='par_1_35' title="bbox 551 2041 2149 2117">
     <span class='ocr_line' id='line_1_35' title="bbox 551 2041 2149 2117; baseline -0.001 -15"><span class='ocrx_word' id='word_1_258' title='bbox 551 2063 617 2102; x_wconf 80' lang='lat' dir='ltr'><strong>ex</strong></span> <span class='ocrx_word' id='word_1_259' title='bbox 635 2061 692 2101; x_wconf 90' lang='lat' dir='ltr'><strong>se</strong></span> <span class='ocrx_word' id='word_1_260' title='bbox 722 2053 883 2117; x_wconf 89' lang='lat' dir='ltr'><strong>atque</strong></span> <span class='ocrx_word' id='word_1_261' title='bbox 909 2044 962 2100; x_wconf 89' lang='lat' dir='ltr'><strong>in</strong></span> <span class='ocrx_word' id='word_1_262' title='bbox 987 2058 1047 2099; x_wconf 84' lang='lat' dir='ltr'><strong>se</strong></span> <span class='ocrx_word' id='word_1_263' title='bbox 1076 2043 1358 2108; x_wconf 88' lang='lat' dir='ltr'><strong>obtinens;</strong></span> <span class='ocrx_word' id='word_1_264' title='bbox 1415 2041 1659 2098; x_wconf 91' lang='lat' dir='ltr'><strong>inﬁnitus</strong></span> <span class='ocrx_word' id='word_1_265' title='bbox 1686 2084 1701 2109; x_wconf 90' lang='lat'><strong>,</strong></span> <span class='ocrx_word' id='word_1_266' title='bbox 1749 2043 1873 2113; x_wconf 91' lang='lat' dir='ltr'><strong>quia</strong></span> <span class='ocrx_word' id='word_1_267' title='bbox 1904 2058 2008 2100; x_wconf 92' lang='lat' dir='ltr'><strong>non</strong></span> <span class='ocrx_word' id='word_1_268' title='bbox 2034 2044 2149 2115; x_wconf 88' lang='lat' dir='ltr'><strong>ipse</strong></span> 
     </span>
    </p>
   </div>
   <div class='ocr_carea' id='block_1_36' title="bbox 551 2134 2148 2209">
    <p class='ocr_par' dir='ltr' id='par_1_36' title="bbox 551 2134 2148 2209">
     <span class='ocr_line' id='line_1_36' title="bbox 551 2134 2148 2209; baseline -0.002 -15"><span class='ocrx_word' id='word_1_269' title='bbox 551 2140 605 2194; x_wconf 91' lang='lat' dir='ltr'><strong>in</strong></span> <span class='ocrx_word' id='word_1_270' title='bbox 638 2138 848 2209; x_wconf 85' lang='lat' dir='ltr'><strong>aliquo.</strong></span> <span class='ocrx_word' id='word_1_271' title='bbox 907 2134 1003 2193; x_wconf 87' lang='lat' dir='ltr'><strong>sed</strong></span> <span class='ocrx_word' id='word_1_272' title='bbox 1034 2136 1175 2191; x_wconf 89' lang='lat' dir='ltr'><strong>intra</strong></span> <span class='ocrx_word' id='word_1_273' title='bbox 1202 2151 1325 2191; x_wconf 92' lang='lat' dir='ltr'><strong>eum</strong></span> <span class='ocrx_word' id='word_1_274' title='bbox 1350 2135 1572 2204; x_wconf 90' lang='lat' dir='ltr'><strong>omnia;</strong></span> <span class='ocrx_word' id='word_1_275' title='bbox 1631 2148 1851 2206; x_wconf 87' lang='lat' dir='ltr'><strong>semper</strong></span> <span class='ocrx_word' id='word_1_276' title='bbox 1880 2145 2031 2190; x_wconf 86' lang='lat' dir='ltr'><strong>extra</strong></span> <span class='ocrx_word' id='word_1_277' title='bbox 2066 2135 2148 2191; x_wconf 88' lang='lat' dir='ltr'><strong>lo-</strong></span> 
     </span>
    </p>
   </div>
   <div class='ocr_carea' id='block_1_37' title="bbox 552 2226 2151 2302">
    <p class='ocr_par' dir='ltr' id='par_1_37' title="bbox 552 2226 2151 2302">
     <span class='ocr_line' id='line_1_37' title="bbox 552 2226 2151 2302; baseline -0.001 -15"><span class='ocrx_word' id='word_1_278' title='bbox 552 2246 698 2297; x_wconf 88' lang='lat' dir='ltr'><strong>cum,</strong></span> <span class='ocrx_word' id='word_1_279' title='bbox 731 2229 856 2302; x_wconf 88' lang='lat' dir='ltr'><strong>quia</strong></span> <span class='ocrx_word' id='word_1_280' title='bbox 886 2243 992 2284; x_wconf 92' lang='lat' dir='ltr'><strong>non</strong></span> <span class='ocrx_word' id='word_1_281' title='bbox 1015 2228 1324 2284; x_wconf 87' lang='lat' dir='ltr'><strong>continetur</strong></span> <span class='ocrx_word' id='word_1_282' title='bbox 1347 2226 1401 2283; x_wconf 93' lang='lat' dir='ltr'><strong>in</strong></span> <span class='ocrx_word' id='word_1_283' title='bbox 1434 2226 1588 2293; x_wconf 88' lang='lat' dir='ltr'><strong>loco;</strong></span> <span class='ocrx_word' id='word_1_284' title='bbox 1637 2243 1853 2299; x_wconf 90' lang='lat' dir='ltr'><strong>semper</strong></span> <span class='ocrx_word' id='word_1_285' title='bbox 1904 2239 2031 2284; x_wconf 87' lang='lat' dir='ltr'><strong>ante</strong></span> <span class='ocrx_word' id='word_1_286' title='bbox 2078 2244 2151 2285; x_wconf 68' lang='lat' dir='ltr'><strong>az-</strong></span> 
     </span>
    </p>
   </div>
   <div class='ocr_carea' id='block_1_38' title="bbox 554 2319 2149 2393">
    <p class='ocr_par' dir='ltr' id='par_1_38' title="bbox 554 2319 2149 2393">
     <span class='ocr_line' id='line_1_38' title="bbox 554 2319 2149 2393; baseline 0.001 -16"><span class='ocrx_word' id='word_1_287' title='bbox 554 2338 679 2378; x_wconf 91' lang='lat' dir='ltr'><strong>vum</strong></span> <span class='ocrx_word' id='word_1_288' title='bbox 705 2364 720 2389; x_wconf 91' lang='lat'><strong>,</strong></span> <span class='ocrx_word' id='word_1_289' title='bbox 763 2322 887 2393; x_wconf 89' lang='lat' dir='ltr'><strong>quia</strong></span> <span class='ocrx_word' id='word_1_290' title='bbox 940 2330 1154 2393; x_wconf 89' lang='lat' dir='ltr'><strong>tempus</strong></span> <span class='ocrx_word' id='word_1_291' title='bbox 1196 2320 1279 2389; x_wconf 12' lang='lat' dir='ltr'><strong>ah,</strong></span> <span class='ocrx_word' id='word_1_292' title='bbox 1304 2336 1372 2378; x_wconf 91' lang='lat' dir='ltr'><strong>eo</strong></span> <span class='ocrx_word' id='word_1_293' title='bbox 1398 2330 1500 2376; x_wconf 90' lang='lat' dir='ltr'><strong>est.</strong></span> <span class='ocrx_word' id='word_1_294' title='bbox 1553 2319 1727 2378; x_wconf 87' lang='lat' dir='ltr'><strong>Curre</strong></span> <span class='ocrx_word' id='word_1_295' title='bbox 1754 2336 1917 2377; x_wconf 92' lang='lat' dir='ltr'><strong>sensu</strong></span> <span class='ocrx_word' id='word_1_296' title='bbox 1946 2321 1991 2377; x_wconf 90' lang='lat' dir='ltr'><strong>si</strong></span> <span class='ocrx_word' id='word_1_297' title='bbox 2021 2321 2149 2393; x_wconf 88' lang='lat' dir='ltr'><strong>quid</strong></span> 
     </span>
    </p>
   </div>
   <div class='ocr_carea' id='block_1_39' title="bbox 553 2416 2151 2490">
    <p class='ocr_par' dir='ltr' id='par_1_39' title="bbox 553 2416 2151 2490">
     <span class='ocr_line' id='line_1_39' title="bbox 553 2416 2151 2490; baseline -0.001 -16"><span class='ocrx_word' id='word_1_298' title='bbox 553 2418 602 2474; x_wconf 92' lang='lat' dir='ltr'><strong>ei</strong></span> <span class='ocrx_word' id='word_1_299' title='bbox 635 2427 792 2490; x_wconf 90' lang='lat' dir='ltr'><strong>putas</strong></span> <span class='ocrx_word' id='word_1_300' title='bbox 828 2418 1072 2472; x_wconf 88' lang='lat' dir='ltr'><strong>ultimum</strong></span> <span class='ocrx_word' id='word_1_301' title='bbox 1121 2431 1267 2485; x_wconf 87' lang='lat' dir='ltr'><strong>esse,</strong></span> <span class='ocrx_word' id='word_1_302' title='bbox 1297 2433 1421 2472; x_wconf 92' lang='lat' dir='ltr'><strong>eum</strong></span> <span class='ocrx_word' id='word_1_303' title='bbox 1458 2431 1675 2489; x_wconf 90' lang='lat' dir='ltr'><strong>semper</strong></span> <span class='ocrx_word' id='word_1_304' title='bbox 1705 2416 1949 2473; x_wconf 83' lang='lat' dir='ltr'><strong>invenies</strong></span> <span class='ocrx_word' id='word_1_305' title='bbox 1980 2435 1993 2471; x_wconf 89' lang='lat'><strong>:</strong></span> <span class='ocrx_word' id='word_1_306' title='bbox 2026 2417 2151 2487; x_wconf 87' lang='lat' dir='ltr'><strong>quia</strong></span> 
     </span>
    </p>
   </div>
   <div class='ocr_carea' id='block_1_40' title="bbox 554 2509 2149 2582">
    <p class='ocr_par' dir='ltr' id='par_1_40' title="bbox 554 2509 2149 2582">
     <span class='ocr_line' id='line_1_40' title="bbox 554 2509 2149 2582; baseline -0.001 -15"><span class='ocrx_word' id='word_1_307' title='bbox 554 2527 677 2567; x_wconf 91' lang='lat' dir='ltr'><strong>cum</strong></span> <span class='ocrx_word' id='word_1_308' title='bbox 726 2526 940 2581; x_wconf 88' lang='lat' dir='ltr'><strong>semper</strong></span> <span class='ocrx_word' id='word_1_309' title='bbox 984 2510 1234 2566; x_wconf 88' lang='lat' dir='ltr'><strong>intendas</strong></span> <span class='ocrx_word' id='word_1_310' title='bbox 1264 2553 1277 2576; x_wconf 93' lang='lat'><strong>,</strong></span> <span class='ocrx_word' id='word_1_311' title='bbox 1338 2525 1553 2580; x_wconf 87' lang='lat' dir='ltr'><strong>semper</strong></span> <span class='ocrx_word' id='word_1_312' title='bbox 1592 2509 1846 2582; x_wconf 89' lang='lat' dir='ltr'><strong>estquod</strong></span> <span class='ocrx_word' id='word_1_313' title='bbox 1876 2509 2149 2566; x_wconf 90' lang='lat' dir='ltr'><strong>intendas.</strong></span> 
     </span>
    </p>
   </div>
   <div class='ocr_carea' id='block_1_41' title="bbox 557 2599 2154 2675">
    <p class='ocr_par' dir='ltr' id='par_1_41' title="bbox 557 2599 2154 2675">
     <span class='ocr_line' id='line_1_41' title="bbox 557 2599 2154 2675; baseline -0.002 -16"><span class='ocrx_word' id='word_1_314' title='bbox 557 2603 784 2672; x_wconf 90' lang='lat' dir='ltr'><strong>Semper</strong></span> <span class='ocrx_word' id='word_1_315' title='bbox 829 2610 1006 2656; x_wconf 89' lang='lat' dir='ltr'><strong>autem</strong></span> <span class='ocrx_word' id='word_1_316' title='bbox 1057 2601 1234 2658; x_wconf 89' lang='lat' dir='ltr'><strong>locum</strong></span> <span class='ocrx_word' id='word_1_317' title='bbox 1265 2600 1382 2673; x_wconf 84' lang='lat' dir='ltr'><strong>ejus</strong></span> <span class='ocrx_word' id='word_1_318' title='bbox 1413 2601 1697 2657; x_wconf 89' lang='lat' dir='ltr'><strong>intendere</strong></span> <span class='ocrx_word' id='word_1_319' title='bbox 1741 2599 1904 2675; x_wconf 64' lang='lat'><strong>585</strong></span> <span class='ocrx_word' id='word_1_320' title='bbox 1952 2600 2026 2657; x_wconf 89' lang='lat' dir='ltr'><strong>ita</strong></span> <span class='ocrx_word' id='word_1_321' title='bbox 2057 2599 2154 2656; x_wconf 91' lang='lat' dir='ltr'><strong>tibi</strong></span> 
     </span>
    </p>
   </div>
   <div class='ocr_carea' id='block_1_42' title="bbox 557 2689 2152 2770">
    <p class='ocr_par' dir='ltr' id='par_1_42' title="bbox 557 2689 2152 2770">
     <span class='ocr_line' id='line_1_42' title="bbox 557 2689 2152 2770; baseline -0.001 -19"><span class='ocrx_word' id='word_1_322' title='bbox 557 2704 657 2764; x_wconf 89' lang='lat' dir='ltr'><strong>cst,</strong></span> <span class='ocrx_word' id='word_1_323' title='bbox 690 2702 747 2751; x_wconf 87' lang='lat' dir='ltr'><strong>ut</strong></span> <span class='ocrx_word' id='word_1_324' title='bbox 774 2697 821 2751; x_wconf 91' lang='lat' dir='ltr'><strong>ei</strong></span> <span class='ocrx_word' id='word_1_325' title='bbox 844 2689 1063 2770; x_wconf 73' lang='lat' dir='ltr'><strong>essem</strong></span> <span class='ocrx_word' id='word_1_326' title='bbox 1092 2697 1210 2752; x_wconf 87' lang='lat' dir='ltr'><strong>sine</strong></span> <span class='ocrx_word' id='word_1_327' title='bbox 1252 2696 1359 2751; x_wconf 86' lang='lat' dir='ltr'><strong>ﬁne</strong></span> <span class='ocrx_word' id='word_1_328' title='bbox 1390 2706 1491 2752; x_wconf 92' lang='lat' dir='ltr'><strong>est.</strong></span> <span class='ocrx_word' id='word_1_329' title='bbox 1518 2696 1710 2751; x_wconf 88' lang='lat' dir='ltr'><strong>Sermo</strong></span> <span class='ocrx_word' id='word_1_330' title='bbox 1740 2697 1792 2751; x_wconf 90' lang='lat' dir='ltr'><strong>in</strong></span> <span class='ocrx_word' id='word_1_331' title='bbox 1825 2712 1892 2751; x_wconf 91' lang='lat' dir='ltr'><strong>eo</strong></span> <span class='ocrx_word' id='word_1_332' title='bbox 1916 2695 2152 2763; x_wconf 90' lang='lat' dir='ltr'><strong>deﬁciet,</strong></span> 
     </span>
    </p>
   </div>
   <div class='ocr_carea' id='block_1_43' title="bbox 557 2788 2156 2859">
    <p class='ocr_par' dir='ltr' id='par_1_43' title="bbox 557 2788 2156 2859">
     <span class='ocr_line' id='line_1_43' title="bbox 557 2788 2156 2859; baseline 0.001 -15"><span class='ocrx_word' id='word_1_333' title='bbox 557 2803 665 2844; x_wconf 91' lang='lat' dir='ltr'><strong>non</strong></span> <span class='ocrx_word' id='word_1_334' title='bbox 696 2797 884 2844; x_wconf 88' lang='lat' dir='ltr'><strong>natura</strong></span> <span class='ocrx_word' id='word_1_335' title='bbox 915 2788 1212 2844; x_wconf 86' lang='lat' dir='ltr'><strong>claudetur.</strong></span> <span class='ocrx_word' id='word_1_336' title='bbox 1263 2789 1460 2845; x_wconf 89' lang='lat' dir='ltr'><strong>Iterum</strong></span> <span class='ocrx_word' id='word_1_337' title='bbox 1495 2789 1712 2845; x_wconf 89' lang='lat' dir='ltr'><strong>revolve</strong></span> <span class='ocrx_word' id='word_1_338' title='bbox 1738 2797 2003 2859; x_wconf 87' lang='lat' dir='ltr'><strong>tempora,</strong></span> <span class='ocrx_word' id='word_1_339' title='bbox 2035 2804 2156 2845; x_wconf 88' lang='lat' dir='ltr'><strong>esse</strong></span> 
     </span>
    </p>
   </div>
   <div class='ocr_carea' id='block_1_44' title="bbox 556 2882 2155 2954">
    <p class='ocr_par' dir='ltr' id='par_1_44' title="bbox 556 2882 2155 2954">
     <span class='ocr_line' id='line_1_44' title="bbox 556 2882 2155 2954; baseline -0.001 -15"><span class='ocrx_word' id='word_1_340' title='bbox 556 2897 773 2954; x_wconf 85' lang='lat' dir='ltr'><strong>semper</strong></span> <span class='ocrx_word' id='word_1_341' title='bbox 804 2883 1079 2938; x_wconf 82' lang='lat' dir='ltr'><strong>invenies:</strong></span> <span class='ocrx_word' id='word_1_342' title='bbox 1132 2892 1188 2938; x_wconf 89' lang='lat' dir='ltr'><strong>et</strong></span> <span class='ocrx_word' id='word_1_343' title='bbox 1231 2897 1354 2937; x_wconf 88' lang='lat' dir='ltr'><strong>cum</strong></span> <span class='ocrx_word' id='word_1_344' title='bbox 1411 2882 1607 2938; x_wconf 87' lang='lat' dir='ltr'><strong>calculi</strong></span> <span class='ocrx_word' id='word_1_345' title='bbox 1660 2896 1921 2939; x_wconf 84' lang='lat' dir='ltr'><strong>numerus</strong></span> <span class='ocrx_word' id='word_1_346' title='bbox 1950 2882 2003 2937; x_wconf 92' lang='lat' dir='ltr'><strong>in</strong></span> <span class='ocrx_word' id='word_1_347' title='bbox 2035 2898 2155 2938; x_wconf 82' lang='lat' dir='ltr'><strong>ser-</strong></span> 
     </span>
    </p>
   </div>
   <div class='ocr_carea' id='block_1_45' title="bbox 560 2973 2154 3046">
    <p class='ocr_par' dir='ltr' id='par_1_45' title="bbox 560 2973 2154 3046">
     <span class='ocr_line' id='line_1_45' title="bbox 560 2973 2154 3046; baseline 0 -15"><span class='ocrx_word' id='word_1_348' title='bbox 560 2990 721 3031; x_wconf 89' lang='lat' dir='ltr'><strong>mone</strong></span> <span class='ocrx_word' id='word_1_349' title='bbox 742 2974 1023 3042; x_wconf 84' lang='lat' dir='ltr'><strong>defecerit,</strong></span> <span class='ocrx_word' id='word_1_350' title='bbox 1057 2975 1168 3031; x_wconf 89' lang='lat' dir='ltr'><strong>Deo</strong></span> <span class='ocrx_word' id='word_1_351' title='bbox 1197 2985 1375 3031; x_wconf 89' lang='lat' dir='ltr'><strong>tamen</strong></span> <span class='ocrx_word' id='word_1_352' title='bbox 1406 2989 1622 3046; x_wconf 88' lang='lat' dir='ltr'><strong>semper</strong></span> <span class='ocrx_word' id='word_1_353' title='bbox 1647 2989 1770 3031; x_wconf 90' lang='lat' dir='ltr'><strong>esse</strong></span> <span class='ocrx_word' id='word_1_354' title='bbox 1801 2989 1909 3030; x_wconf 92' lang='lat' dir='ltr'><strong>non</strong></span> <span class='ocrx_word' id='word_1_355' title='bbox 1947 2973 2154 3031; x_wconf 90' lang='lat' dir='ltr'><strong>deﬁcit.</strong></span> 
     </span>
    </p>
   </div>
   <div class='ocr_carea' id='block_1_46' title="bbox 558 3066 2158 3138">
    <p class='ocr_par' dir='ltr' id='par_1_46' title="bbox 558 3066 2158 3138">
     <span class='ocr_line' id='line_1_46' title="bbox 558 3066 2158 3138; baseline 0 -15"><span class='ocrx_word' id='word_1_356' title='bbox 558 3066 972 3138; x_wconf 87' lang='lat' dir='ltr'><strong>Intelligentiam</strong></span> <span class='ocrx_word' id='word_1_357' title='bbox 1005 3081 1308 3135; x_wconf 87' lang='lat' dir='ltr'><strong>commove,</strong></span> <span class='ocrx_word' id='word_1_358' title='bbox 1339 3074 1395 3122; x_wconf 91' lang='lat' dir='ltr'><strong>et</strong></span> <span class='ocrx_word' id='word_1_359' title='bbox 1447 3075 1617 3123; x_wconf 86' lang='lat' dir='ltr'><strong>totum</strong></span> <span class='ocrx_word' id='word_1_360' title='bbox 1663 3076 1843 3123; x_wconf 88' lang='lat' dir='ltr'><strong>mente</strong></span> <span class='ocrx_word' id='word_1_361' title='bbox 1886 3067 2158 3137; x_wconf 89' lang='lat' dir='ltr'><strong>complec-</strong></span> 
     </span>
    </p>
   </div>
   <div class='ocr_carea' id='block_1_47' title="bbox 2248 1856 3835 1932">
    <p class='ocr_par' dir='ltr' id='par_1_47' title="bbox 2248 1856 3835 1932">
     <span class='ocr_line' id='line_1_47' title="bbox 2248 1856 3835 1932; baseline 0.003 -22"><span class='ocrx_word' id='word_1_362' title='bbox 2248 1856 2514 1923; x_wconf 72' lang='lat' dir='ltr'><strong>stultitiae,</strong></span> <span class='ocrx_word' id='word_1_363' title='bbox 2568 1872 2676 1912; x_wconf 77' lang='lat' dir='ltr'><strong>non</strong></span> <span class='ocrx_word' id='word_1_364' title='bbox 2706 1858 3066 1930; x_wconf 86' lang='lat' dir='ltr'><strong>nosmetipsos</strong></span> <span class='ocrx_word' id='word_1_365' title='bbox 3105 1859 3524 1932; x_wconf 85' lang='lat' dir='ltr'><strong>irrcligiositatis</strong></span> <span class='ocrx_word' id='word_1_366' title='bbox 3553 1860 3835 1932; x_wconf 88' lang='lat' dir='ltr'><strong>arguimus,</strong></span> 
     </span>
    </p>
   </div>
   <div class='ocr_carea' id='block_1_48' title="bbox 2252 1948 3837 2021">
    <p class='ocr_par' dir='ltr' id='par_1_48' title="bbox 2252 1948 3837 2021">
     <span class='ocr_line' id='line_1_48' title="bbox 2252 1948 3837 2021; baseline 0.003 -18"><span class='ocrx_word' id='word_1_367' title='bbox 2252 1948 2346 2004; x_wconf 86' lang='lat' dir='ltr'><strong>Dei</strong></span> <span class='ocrx_word' id='word_1_368' title='bbox 2372 1949 2607 2017; x_wconf 89' lang='lat' dir='ltr'><strong>arcanis,</strong></span> <span class='ocrx_word' id='word_1_369' title='bbox 2664 1950 2753 2006; x_wconf 85' lang='lat' dir='ltr'><strong>Dei</strong></span> <span class='ocrx_word' id='word_1_370' title='bbox 2783 1949 3072 2008; x_wconf 89' lang='lat' dir='ltr'><strong>virtutibus</strong></span> <span class='ocrx_word' id='word_1_371' title='bbox 3097 1952 3511 2009; x_wconf 89' lang='lat' dir='ltr'><strong>calumniantes.</strong></span> <span class='ocrx_word' id='word_1_372' title='bbox 3567 1953 3837 2021; x_wconf 84' lang='lat' dir='ltr'><strong>Quomodo</strong></span> 
     </span>
    </p>
   </div>
   <div class='ocr_carea' id='block_1_49' title="bbox 2251 2041 3834 2119">
    <p class='ocr_par' dir='ltr' id='par_1_49' title="bbox 2251 2041 3834 2119">
     <span class='ocr_line' id='line_1_49' title="bbox 2251 2041 3834 2119; baseline 0.003 -20"><span class='ocrx_word' id='word_1_373' title='bbox 2251 2041 2442 2109; x_wconf 87' lang='lat' dir='ltr'><strong>Filius,</strong></span> <span class='ocrx_word' id='word_1_374' title='bbox 2472 2054 2527 2100; x_wconf 89' lang='lat' dir='ltr'><strong>et</strong></span> <span class='ocrx_word' id='word_1_375' title='bbox 2550 2044 2692 2100; x_wconf 88' lang='lat' dir='ltr'><strong>unde</strong></span> <span class='ocrx_word' id='word_1_376' title='bbox 2716 2044 2907 2111; x_wconf 81' lang='lat' dir='ltr'><strong>Filius,</strong></span> <span class='ocrx_word' id='word_1_377' title='bbox 2964 2055 3146 2119; x_wconf 86' lang='lat' dir='ltr'><strong>etquo</strong></span> <span class='ocrx_word' id='word_1_378' title='bbox 3175 2045 3374 2103; x_wconf 88' lang='lat' dir='ltr'><strong>damno</strong></span> <span class='ocrx_word' id='word_1_379' title='bbox 3398 2047 3607 2115; x_wconf 89' lang='lat' dir='ltr'><strong>Patris,</strong></span> <span class='ocrx_word' id='word_1_380' title='bbox 3654 2047 3737 2103; x_wconf 83' lang='lat' dir='ltr'><strong>vel</strong></span> <span class='ocrx_word' id='word_1_381' title='bbox 3775 2064 3834 2103; x_wconf 79' lang='lat' dir='ltr'><strong>ex</strong></span> 
     </span>
    </p>
   </div>
   <div class='ocr_carea' id='block_1_50' title="bbox 2251 2139 3828 2212">
    <p class='ocr_par' dir='ltr' id='par_1_50' title="bbox 2251 2139 3828 2212">
     <span class='ocr_line' id='line_1_50' title="bbox 2251 2139 3828 2212; baseline 0.003 -20"><span class='ocrx_word' id='word_1_382' title='bbox 2251 2152 2355 2207; x_wconf 90' lang='lat' dir='ltr'><strong>qua</strong></span> <span class='ocrx_word' id='word_1_383' title='bbox 2408 2139 2478 2193; x_wconf 89' lang='lat' dir='ltr'><strong>sit</strong></span> <span class='ocrx_word' id='word_1_384' title='bbox 2532 2139 2782 2209; x_wconf 88' lang='lat' dir='ltr'><strong>portione</strong></span> <span class='ocrx_word' id='word_1_385' title='bbox 2827 2147 2986 2195; x_wconf 87' lang='lat' dir='ltr'><strong>natus</strong></span> <span class='ocrx_word' id='word_1_386' title='bbox 3038 2140 3384 2212; x_wconf 89' lang='lat' dir='ltr'><strong>inquirimus.</strong></span> <span class='ocrx_word' id='word_1_387' title='bbox 3467 2139 3741 2197; x_wconf 83' lang='lat' dir='ltr'><strong>Habueras</strong></span> <span class='ocrx_word' id='word_1_388' title='bbox 3784 2143 3828 2197; x_wconf 91' lang='lat' dir='ltr'><strong>in</strong></span> 
     </span>
    </p>
   </div>
   <div class='ocr_carea' id='block_1_51' title="bbox 2253 2229 3835 2301">
    <p class='ocr_par' dir='ltr' id='par_1_51' title="bbox 2253 2229 3835 2301">
     <span class='ocr_line' id='line_1_51' title="bbox 2253 2229 3835 2301; baseline 0.004 -16"><span class='ocrx_word' id='word_1_389' title='bbox 2253 2229 2501 2300; x_wconf 86' lang='lat' dir='ltr'><strong>exemplo</strong></span> <span class='ocrx_word' id='word_1_390' title='bbox 2551 2231 2951 2301; x_wconf 83' lang='lat' dir='ltr'><strong>Operationum,</strong></span> <span class='ocrx_word' id='word_1_391' title='bbox 3020 2241 3078 2287; x_wconf 92' lang='lat' dir='ltr'><strong>ut</strong></span> <span class='ocrx_word' id='word_1_392' title='bbox 3122 2232 3374 2290; x_wconf 79' lang='lat' dir='ltr'><strong>crederes</strong></span> <span class='ocrx_word' id='word_1_393' title='bbox 3416 2234 3583 2290; x_wconf 89' lang='lat' dir='ltr'><strong>Deum</strong></span> <span class='ocrx_word' id='word_1_394' title='bbox 3635 2234 3835 2292; x_wconf 82' lang='lat' dir='ltr'><strong>efficere</strong></span> 
     </span>
    </p>
   </div>
   <div class='ocr_carea' id='block_1_52' title="bbox 2254 2322 3750 2398">
    <p class='ocr_par' dir='ltr' id='par_1_52' title="bbox 2254 2322 3750 2398">
     <span class='ocr_line' id='line_1_52' title="bbox 2254 2322 3750 2398; baseline 0.005 -22"><span class='ocrx_word' id='word_1_395' title='bbox 2254 2336 2436 2392; x_wconf 89' lang='lat' dir='ltr'><strong>posse,</strong></span> <span class='ocrx_word' id='word_1_396' title='bbox 2466 2336 2695 2392; x_wconf 91' lang='lat' dir='ltr'><strong>quorum</strong></span> <span class='ocrx_word' id='word_1_397' title='bbox 2726 2323 3031 2394; x_wconf 87' lang='lat' dir='ltr'><strong>intelligere</strong></span> <span class='ocrx_word' id='word_1_398' title='bbox 3061 2322 3408 2381; x_wconf 87' lang='lat' dir='ltr'><strong>eflicientiam</strong></span> <span class='ocrx_word' id='word_1_399' title='bbox 3433 2342 3539 2381; x_wconf 91' lang='lat' dir='ltr'><strong>non</strong></span> <span class='ocrx_word' id='word_1_400' title='bbox 3566 2328 3750 2398; x_wconf 89' lang='lat' dir='ltr'><strong>possis.</strong></span> 
     </span>
    </p>
   </div>
   <div class='ocr_carea' id='block_1_53' title="bbox 2327 2412 3830 2490">
    <p class='ocr_par' dir='ltr' id='par_1_53' title="bbox 2327 2412 3830 2490">
     <span class='ocr_line' id='line_1_53' title="bbox 2327 2412 3830 2490; baseline 0.002 -21"><span class='ocrx_word' id='word_1_401' title='bbox 2327 2414 2416 2470; x_wconf 80' lang='lat'><strong>50.</strong></span> <span class='ocrx_word' id='word_1_402' title='bbox 2474 2412 2559 2470; x_wconf 81' lang='lat' dir='ltr'><strong>Ea:</strong></span> <span class='ocrx_word' id='word_1_403' title='bbox 2586 2432 2726 2469; x_wconf 83' lang='lat' dir='ltr'><strong>num.</strong></span> <span class='ocrx_word' id='word_1_404' title='bbox 2760 2415 2826 2469; x_wconf 79' lang='lat' dir='ltr'><strong>i9</strong></span> <span class='ocrx_word' id='word_1_405' title='bbox 2852 2416 3082 2489; x_wconf 80' lang='lat' dir='ltr'><strong>ejusdem</strong></span> <span class='ocrx_word' id='word_1_406' title='bbox 3114 2416 3252 2473; x_wconf 80' lang='lat' dir='ltr'><strong>libri.</strong></span> <span class='ocrx_word' id='word_1_407' title='bbox 3314 2418 3528 2486; x_wconf 71' lang='lat' dir='ltr'><strong>Qumris</strong></span> <span class='ocrx_word' id='word_1_408' title='bbox 3577 2418 3830 2490; x_wconf 88' lang='lat' dir='ltr'><strong>quomodo</strong></span> 
     </span>
    </p>
   </div>
   <div class='ocr_carea' id='block_1_54' title="bbox 2253 2508 3830 2585">
    <p class='ocr_par' dir='ltr' id='par_1_54' title="bbox 2253 2508 3830 2585">
     <span class='ocr_line' id='line_1_54' title="bbox 2253 2508 3830 2585; baseline 0.001 -18"><span class='ocrx_word' id='word_1_409' title='bbox 2253 2508 2547 2567; x_wconf 88' lang='lat' dir='ltr'><strong>secundum</strong></span> <span class='ocrx_word' id='word_1_410' title='bbox 2587 2508 2845 2581; x_wconf 88' lang='lat' dir='ltr'><strong>Spiritum</strong></span> <span class='ocrx_word' id='word_1_411' title='bbox 2878 2521 3036 2567; x_wconf 90' lang='lat' dir='ltr'><strong>natus</strong></span> <span class='ocrx_word' id='word_1_412' title='bbox 3068 2512 3137 2567; x_wconf 89' lang='lat' dir='ltr'><strong>sit</strong></span> <span class='ocrx_word' id='word_1_413' title='bbox 3182 2511 3348 2567; x_wconf 87' lang='lat' dir='ltr'><strong>Filius</strong></span> <span class='ocrx_word' id='word_1_414' title='bbox 3383 2530 3396 2566; x_wconf 92' lang='lat'><strong>:</strong></span> <span class='ocrx_word' id='word_1_415' title='bbox 3426 2528 3528 2585; x_wconf 85' lang='lat' dir='ltr'><strong>ego</strong></span> <span class='ocrx_word' id='word_1_416' title='bbox 3557 2524 3607 2569; x_wconf 88' lang='lat' dir='ltr'><strong>te</strong></span> <span class='ocrx_word' id='word_1_417' title='bbox 3635 2514 3697 2568; x_wconf 89' lang='lat' dir='ltr'><strong>de</strong></span> <span class='ocrx_word' id='word_1_418' title='bbox 3723 2528 3830 2568; x_wconf 86' lang='lat' dir='ltr'><strong>cor-</strong></span> 
     </span>
    </p>
   </div>
   <div class='ocr_carea' id='block_1_55' title="bbox 2257 2604 3830 2678">
    <p class='ocr_par' dir='ltr' id='par_1_55' title="bbox 2257 2604 3830 2678">
     <span class='ocr_line' id='line_1_55' title="bbox 2257 2604 3830 2678; baseline 0.006 -22"><span class='ocrx_word' id='word_1_419' title='bbox 2257 2604 2436 2675; x_wconf 87' lang='lat' dir='ltr'><strong>poreis</strong></span> <span class='ocrx_word' id='word_1_420' title='bbox 2466 2604 2625 2659; x_wconf 88' lang='lat' dir='ltr'><strong>rebus</strong></span> <span class='ocrx_word' id='word_1_421' title='bbox 2670 2604 2966 2675; x_wconf 85' lang='lat' dir='ltr'><strong>interrogo.</strong></span> <span class='ocrx_word' id='word_1_422' title='bbox 3021 2605 3138 2661; x_wconf 87' lang='lat' dir='ltr'><strong>Non</strong></span> <span class='ocrx_word' id='word_1_423' title='bbox 3166 2621 3354 2678; x_wconf 67' lang='lat' dir='ltr'><strong>quaero</strong></span> <span class='ocrx_word' id='word_1_424' title='bbox 3381 2607 3651 2677; x_wconf 86' lang='lat' dir='ltr'><strong>quomodo</strong></span> <span class='ocrx_word' id='word_1_425' title='bbox 3689 2617 3830 2665; x_wconf 82' lang='lat' dir='ltr'><strong>natus</strong></span> 
     </span>
    </p>
   </div>
   <div class='ocr_carea' id='block_1_56' title="bbox 2255 2684 3827 2771">
    <p class='ocr_par' dir='ltr' id='par_1_56' title="bbox 2255 2684 3827 2771">
     <span class='ocr_line' id='line_1_56' title="bbox 2255 2684 3827 2771; baseline 0 -19"><span class='ocrx_word' id='word_1_426' title='bbox 2255 2713 2323 2752; x_wconf 83' lang='lat' dir='ltr'><strong>ex</strong></span> <span class='ocrx_word' id='word_1_427' title='bbox 2348 2695 2553 2766; x_wconf 85' lang='lat' dir='ltr'><strong>virgine</strong></span> <span class='ocrx_word' id='word_1_428' title='bbox 2581 2694 2651 2751; x_wconf 89' lang='lat' dir='ltr'><strong>sit</strong></span> <span class='ocrx_word' id='word_1_429' title='bbox 2687 2713 2698 2748; x_wconf 95' lang='lat'><strong>:</strong></span> <span class='ocrx_word' id='word_1_430' title='bbox 2748 2711 2816 2750; x_wconf 90' lang='lat' dir='ltr'><strong>an</strong></span> <span class='ocrx_word' id='word_1_431' title='bbox 2858 2696 3241 2753; x_wconf 87' lang='lat' dir='ltr'><strong>detrimentum</strong></span> <span class='ocrx_word' id='word_1_432' title='bbox 3273 2698 3357 2752; x_wconf 91' lang='lat' dir='ltr'><strong>sui</strong></span> <span class='ocrx_word' id='word_1_433' title='bbox 3386 2684 3513 2754; x_wconf 71' lang='lat' dir='ltr'><strong>caro</strong></span> <span class='ocrx_word' id='word_1_434' title='bbox 3558 2697 3827 2771; x_wconf 87' lang='lat' dir='ltr'><strong>perfectam</strong></span> 
     </span>
    </p>
   </div>
   <div class='ocr_carea' id='block_1_57' title="bbox 2256 2786 3828 2862">
    <p class='ocr_par' dir='ltr' id='par_1_57' title="bbox 2256 2786 3828 2862">
     <span class='ocr_line' id='line_1_57' title="bbox 2256 2786 3828 2862; baseline 0 -17"><span class='ocrx_word' id='word_1_435' title='bbox 2256 2804 2323 2845; x_wconf 84' lang='lat' dir='ltr'><strong>ex</strong></span> <span class='ocrx_word' id='word_1_436' title='bbox 2353 2804 2410 2845; x_wconf 92' lang='lat' dir='ltr'><strong>se</strong></span> <span class='ocrx_word' id='word_1_437' title='bbox 2441 2804 2656 2844; x_wconf 80' lang='lat' dir='ltr'><strong>Carnem</strong></span> <span class='ocrx_word' id='word_1_438' title='bbox 2689 2786 2851 2862; x_wconf 74' lang='lat'><strong>585</strong></span> <span class='ocrx_word' id='word_1_439' title='bbox 2881 2803 3146 2859; x_wconf 77' lang='lat' dir='ltr'><strong>generatis</strong></span> <span class='ocrx_word' id='word_1_440' title='bbox 3175 2805 3431 2861; x_wconf 86' lang='lat' dir='ltr'><strong>perpessa</strong></span> <span class='ocrx_word' id='word_1_441' title='bbox 3462 2791 3551 2846; x_wconf 89' lang='lat' dir='ltr'><strong>sit.</strong></span> <span class='ocrx_word' id='word_1_442' title='bbox 3612 2788 3677 2846; x_wconf 84' lang='lat' dir='ltr'><strong>Et</strong></span> <span class='ocrx_word' id='word_1_443' title='bbox 3699 2800 3828 2846; x_wconf 88' lang='lat' dir='ltr'><strong>certe</strong></span> 
     </span>
    </p>
   </div>
   <div class='ocr_carea' id='block_1_58' title="bbox 2260 2882 3829 2953">
    <p class='ocr_par' dir='ltr' id='par_1_58' title="bbox 2260 2882 3829 2953">
     <span class='ocr_line' id='line_1_58' title="bbox 2260 2882 3829 2953; baseline -0.001 -14"><span class='ocrx_word' id='word_1_444' title='bbox 2260 2898 2365 2939; x_wconf 92' lang='lat' dir='ltr'><strong>non</strong></span> <span class='ocrx_word' id='word_1_445' title='bbox 2398 2884 2635 2953; x_wconf 89' lang='lat' dir='ltr'><strong>suscepit</strong></span> <span class='ocrx_word' id='word_1_446' title='bbox 2658 2884 2801 2953; x_wconf 89' lang='lat' dir='ltr'><strong>quod</strong></span> <span class='ocrx_word' id='word_1_447' title='bbox 2828 2882 3031 2937; x_wconf 85' lang='lat' dir='ltr'><strong>edidit:</strong></span> <span class='ocrx_word' id='word_1_448' title='bbox 3062 2882 3159 2939; x_wconf 90' lang='lat' dir='ltr'><strong>sed</strong></span> <span class='ocrx_word' id='word_1_449' title='bbox 3183 2898 3311 2939; x_wconf 88' lang='lat' dir='ltr'><strong>caro</strong></span> <span class='ocrx_word' id='word_1_450' title='bbox 3337 2896 3560 2939; x_wconf 89' lang='lat' dir='ltr'><strong>carnem</strong></span> <span class='ocrx_word' id='word_1_451' title='bbox 3589 2884 3698 2939; x_wconf 85' lang='lat' dir='ltr'><strong>sine</strong></span> <span class='ocrx_word' id='word_1_452' title='bbox 3727 2883 3829 2938; x_wconf 87' lang='lat' dir='ltr'><strong>ele-</strong></span> 
     </span>
    </p>
   </div>
   <div class='ocr_carea' id='block_1_59' title="bbox 2258 2975 3823 3049">
    <p class='ocr_par' dir='ltr' id='par_1_59' title="bbox 2258 2975 3823 3049">
     <span class='ocr_line' id='line_1_59' title="bbox 2258 2975 3823 3049; baseline 0 -17"><span class='ocrx_word' id='word_1_453' title='bbox 2258 2987 2561 3033; x_wconf 85' lang='lat' dir='ltr'><strong>mentorum</strong></span> <span class='ocrx_word' id='word_1_454' title='bbox 2595 2987 2901 3032; x_wconf 89' lang='lat' dir='ltr'><strong>nostrorum</strong></span> <span class='ocrx_word' id='word_1_455' title='bbox 2926 2975 3135 3049; x_wconf 90' lang='lat' dir='ltr'><strong>pudore</strong></span> <span class='ocrx_word' id='word_1_456' title='bbox 3167 2979 3434 3049; x_wconf 80' lang='lat' dir='ltr'><strong>provexit,</strong></span> <span class='ocrx_word' id='word_1_457' title='bbox 3469 2988 3524 3034; x_wconf 91' lang='lat' dir='ltr'><strong>et</strong></span> <span class='ocrx_word' id='word_1_458' title='bbox 3552 2978 3823 3049; x_wconf 88' lang='lat' dir='ltr'><strong>perfectum</strong></span> 
     </span>
    </p>
   </div>
   <div class='ocr_carea' id='block_1_60' title="bbox 2260 3068 3826 3142">
    <p class='ocr_par' dir='ltr' id='par_1_60' title="bbox 2260 3068 3826 3142">
     <span class='ocr_line' id='line_1_60' title="bbox 2260 3068 3826 3142; baseline -0.002 -16"><span class='ocrx_word' id='word_1_459' title='bbox 2260 3071 2375 3141; x_wconf 90' lang='lat' dir='ltr'><strong>ipsa</strong></span> <span class='ocrx_word' id='word_1_460' title='bbox 2398 3069 2465 3125; x_wconf 88' lang='lat' dir='ltr'><strong>de</strong></span> <span class='ocrx_word' id='word_1_461' title='bbox 2489 3070 2601 3125; x_wconf 91' lang='lat' dir='ltr'><strong>suis</strong></span> <span class='ocrx_word' id='word_1_462' title='bbox 2625 3085 2730 3125; x_wconf 91' lang='lat' dir='ltr'><strong>nou</strong></span> <span class='ocrx_word' id='word_1_463' title='bbox 2763 3070 3040 3125; x_wconf 87' lang='lat' dir='ltr'><strong>imminuta</strong></span> <span class='ocrx_word' id='word_1_464' title='bbox 3066 3070 3366 3141; x_wconf 86' lang='lat' dir='ltr'><strong>generavit.</strong></span> <span class='ocrx_word' id='word_1_465' title='bbox 3415 3070 3480 3125; x_wconf 86' lang='lat' dir='ltr'><strong>Et</strong></span> <span class='ocrx_word' id='word_1_466' title='bbox 3510 3071 3719 3142; x_wconf 87' lang='lat' dir='ltr'><strong>quidem</strong></span> <span class='ocrx_word' id='word_1_467' title='bbox 3758 3068 3826 3123; x_wconf 83' lang='lat' dir='ltr'><strong>fas</strong></span> 
     </span>
    </p>
   </div>
   <div class='ocr_carea' id='block_1_61' title="bbox 563 3155 3824 3233">
    <p class='ocr_par' dir='ltr' id='par_1_61' title="bbox 563 3155 3824 3233">
     <span class='ocr_line' id='line_1_61' title="bbox 563 3155 3824 3233; baseline -0.004 -20"><span class='ocrx_word' id='word_1_468' title='bbox 563 3168 717 3224; x_wconf 89' lang='lat' dir='ltr'><strong>tere;</strong></span> <span class='ocrx_word' id='word_1_469' title='bbox 777 3156 908 3212; x_wconf 84' lang='lat' dir='ltr'><strong>nihil</strong></span> <span class='ocrx_word' id='word_1_470' title='bbox 945 3167 1118 3213; x_wconf 88' lang='lat' dir='ltr'><strong>tenes.</strong></span> <span class='ocrx_word' id='word_1_471' title='bbox 1170 3156 1366 3212; x_wconf 87' lang='lat' dir='ltr'><strong>Totum</strong></span> <span class='ocrx_word' id='word_1_472' title='bbox 1410 3155 1514 3212; x_wconf 89' lang='lat' dir='ltr'><strong>hoc</strong></span> <span class='ocrx_word' id='word_1_473' title='bbox 1542 3155 1705 3215; x_wconf 86' lang='lat' dir='ltr'><strong>habet</strong></span> <span class='ocrx_word' id='word_1_474' title='bbox 1729 3156 2019 3229; x_wconf 88' lang='lat' dir='ltr'><strong>reliquum,</strong></span> <span class='ocrx_word' id='word_1_475' title='bbox 2071 3173 2157 3214; x_wconf 87' lang='lat' dir='ltr'><strong>re-</strong></span> <span class='ocrx_word' id='word_1_476' title='bbox 2184 3157 2230 3222; x_wconf 92' lang='lat' dir='ltr'>C</span> <span class='ocrx_word' id='word_1_477' title='bbox 2260 3173 2425 3227; x_wconf 88' lang='lat' dir='ltr'><strong>esset,</strong></span> <span class='ocrx_word' id='word_1_478' title='bbox 2480 3176 2585 3217; x_wconf 91' lang='lat' dir='ltr'><strong>non</strong></span> <span class='ocrx_word' id='word_1_479' title='bbox 2618 3159 2953 3232; x_wconf 87' lang='lat' dir='ltr'><strong>impossibile</strong></span> <span class='ocrx_word' id='word_1_480' title='bbox 2977 3161 3031 3216; x_wconf 90' lang='lat' dir='ltr'><strong>in</strong></span> <span class='ocrx_word' id='word_1_481' title='bbox 3058 3162 3171 3216; x_wconf 89' lang='lat' dir='ltr'><strong>Deo</strong></span> <span class='ocrx_word' id='word_1_482' title='bbox 3190 3162 3423 3232; x_wconf 87' lang='lat' dir='ltr'><strong>opinari,</strong></span> <span class='ocrx_word' id='word_1_483' title='bbox 3451 3161 3596 3233; x_wconf 88' lang='lat' dir='ltr'><strong>quod</strong></span> <span class='ocrx_word' id='word_1_484' title='bbox 3625 3161 3824 3233; x_wconf 65' lang='grc' dir='ltr'><strong>βου-π.</strong></span> 
     </span>
    </p>
   </div>
   <div class='ocr_carea' id='block_1_62' title="bbox 559 3249 2160 3321">
    <p class='ocr_par' dir='ltr' id='par_1_62' title="bbox 559 3249 2160 3321">
     <span class='ocr_line' id='line_1_62' title="bbox 559 3249 2160 3321; baseline 0 -15"><span class='ocrx_word' id='word_1_485' title='bbox 559 3251 765 3320; x_wconf 87' lang='lat' dir='ltr'><strong>liquum</strong></span> <span class='ocrx_word' id='word_1_486' title='bbox 802 3260 981 3304; x_wconf 87' lang='lat' dir='ltr'><strong>autem</strong></span> <span class='ocrx_word' id='word_1_487' title='bbox 1012 3249 1132 3304; x_wconf 87' lang='lat' dir='ltr'><strong>hoc</strong></span> <span class='ocrx_word' id='word_1_488' title='bbox 1166 3264 1382 3319; x_wconf 87' lang='lat' dir='ltr'><strong>semper</strong></span> <span class='ocrx_word' id='word_1_489' title='bbox 1424 3249 1476 3304; x_wconf 89' lang='lat' dir='ltr'><strong>in</strong></span> <span class='ocrx_word' id='word_1_490' title='bbox 1524 3259 1639 3305; x_wconf 93' lang='lat' dir='ltr'><strong>toto</strong></span> <span class='ocrx_word' id='word_1_491' title='bbox 1664 3258 1767 3306; x_wconf 89' lang='lat' dir='ltr'><strong>est.</strong></span> <span class='ocrx_word' id='word_1_492' title='bbox 1820 3251 1962 3321; x_wconf 79' lang='lat' dir='ltr'><strong>Ergo</strong></span> <span class='ocrx_word' id='word_1_493' title='bbox 1984 3264 2160 3321; x_wconf 85' lang='lat' dir='ltr'><strong>neque</strong></span> 
     </span>
    </p>
   </div>
   <div class='ocr_carea' id='block_1_63' title="bbox 562 3342 2154 3415">
    <p class='ocr_par' dir='ltr' id='par_1_63' title="bbox 562 3342 2154 3415">
     <span class='ocr_line' id='line_1_63' title="bbox 562 3342 2154 3415; baseline 0 -18"><span class='ocrx_word' id='word_1_494' title='bbox 562 3350 731 3398; x_wconf 90' lang='lat' dir='ltr'><strong>totum</strong></span> <span class='ocrx_word' id='word_1_495' title='bbox 775 3351 897 3410; x_wconf 90' lang='lat' dir='ltr'><strong>est,</strong></span> <span class='ocrx_word' id='word_1_496' title='bbox 953 3343 1038 3397; x_wconf 87' lang='lat' dir='ltr'><strong>cui</strong></span> <span class='ocrx_word' id='word_1_497' title='bbox 1093 3342 1359 3415; x_wconf 89' lang='lat' dir='ltr'><strong>reliquum</strong></span> <span class='ocrx_word' id='word_1_498' title='bbox 1391 3352 1504 3409; x_wconf 84' lang='lat' dir='ltr'><strong>est;</strong></span> <span class='ocrx_word' id='word_1_499' title='bbox 1551 3358 1726 3413; x_wconf 90' lang='lat' dir='ltr'><strong>neque</strong></span> <span class='ocrx_word' id='word_1_500' title='bbox 1753 3342 2017 3414; x_wconf 88' lang='lat' dir='ltr'><strong>reliquum</strong></span> <span class='ocrx_word' id='word_1_501' title='bbox 2050 3351 2154 3411; x_wconf 89' lang='lat' dir='ltr'><strong>est,</strong></span> 
     </span>
    </p>
   </div>
   <div class='ocr_carea' id='block_1_64' title="bbox 559 3435 2158 3507">
    <p class='ocr_par' dir='ltr' id='par_1_64' title="bbox 559 3435 2158 3507">
     <span class='ocr_line' id='line_1_64' title="bbox 559 3435 2158 3507; baseline 0.001 -16"><span class='ocrx_word' id='word_1_502' title='bbox 559 3436 647 3491; x_wconf 92' lang='lat' dir='ltr'><strong>cui</strong></span> <span class='ocrx_word' id='word_1_503' title='bbox 678 3443 763 3491; x_wconf 90' lang='lat' dir='ltr'><strong>est</strong></span> <span class='ocrx_word' id='word_1_504' title='bbox 791 3451 952 3491; x_wconf 90' lang='lat' dir='ltr'><strong>omne</strong></span> <span class='ocrx_word' id='word_1_505' title='bbox 973 3435 1115 3506; x_wconf 90' lang='lat' dir='ltr'><strong>quod</strong></span> <span class='ocrx_word' id='word_1_506' title='bbox 1148 3444 1315 3490; x_wconf 93' lang='lat' dir='ltr'><strong>totum</strong></span> <span class='ocrx_word' id='word_1_507' title='bbox 1336 3445 1440 3491; x_wconf 91' lang='lat' dir='ltr'><strong>est.</strong></span> <span class='ocrx_word' id='word_1_508' title='bbox 1473 3435 1761 3507; x_wconf 83' lang='lat' dir='ltr'><strong>Reliquum</strong></span> <span class='ocrx_word' id='word_1_509' title='bbox 1789 3437 1956 3503; x_wconf 89' lang='lat' dir='ltr'><strong>cnim,</strong></span> <span class='ocrx_word' id='word_1_510' title='bbox 1982 3436 2158 3507; x_wconf 89' lang='lat' dir='ltr'><strong>portio</strong></span> 
     </span>
    </p>
   </div>
   <div class='ocr_carea' id='block_1_65' title="bbox 561 3529 2162 3600">
    <p class='ocr_par' dir='ltr' id='par_1_65' title="bbox 561 3529 2162 3600">
     <span class='ocr_line' id='line_1_65' title="bbox 561 3529 2162 3600; baseline -0.001 -14"><span class='ocrx_word' id='word_1_511' title='bbox 561 3539 677 3596; x_wconf 82' lang='lat' dir='ltr'><strong>est;</strong></span> <span class='ocrx_word' id='word_1_512' title='bbox 730 3544 892 3584; x_wconf 91' lang='lat' dir='ltr'><strong>omne</strong></span> <span class='ocrx_word' id='word_1_513' title='bbox 925 3544 1055 3585; x_wconf 86' lang='lat' dir='ltr'><strong>vero</strong></span> <span class='ocrx_word' id='word_1_514' title='bbox 1080 3568 1097 3595; x_wconf 90' lang='lat'><strong>,</strong></span> <span class='ocrx_word' id='word_1_515' title='bbox 1148 3529 1290 3600; x_wconf 89' lang='lat' dir='ltr'><strong>quod</strong></span> <span class='ocrx_word' id='word_1_516' title='bbox 1326 3539 1492 3584; x_wconf 87' lang='lat' dir='ltr'><strong>totum</strong></span> <span class='ocrx_word' id='word_1_517' title='bbox 1547 3536 1651 3585; x_wconf 88' lang='lat' dir='ltr'><strong>est.</strong></span> <span class='ocrx_word' id='word_1_518' title='bbox 1711 3530 1854 3585; x_wconf 89' lang='lat' dir='ltr'><strong>Deus</strong></span> <span class='ocrx_word' id='word_1_519' title='bbox 1890 3539 2070 3585; x_wconf 87' lang='lat' dir='ltr'><strong>autem</strong></span> <span class='ocrx_word' id='word_1_520' title='bbox 2107 3538 2162 3585; x_wconf 90' lang='lat' dir='ltr'><strong>et</strong></span> 
     </span>
    </p>
   </div>
   <div class='ocr_carea' id='block_1_66' title="bbox 565 3621 2159 3697">
    <p class='ocr_par' dir='ltr' id='par_1_66' title="bbox 565 3621 2159 3697">
     <span class='ocr_line' id='line_1_66' title="bbox 565 3621 2159 3697; baseline 0.003 -22"><span class='ocrx_word' id='word_1_521' title='bbox 565 3621 762 3693; x_wconf 86' lang='lat' dir='ltr'><strong>ubique</strong></span> <span class='ocrx_word' id='word_1_522' title='bbox 810 3631 927 3690; x_wconf 91' lang='lat' dir='ltr'><strong>est,</strong></span> <span class='ocrx_word' id='word_1_523' title='bbox 973 3631 1029 3679; x_wconf 90' lang='lat' dir='ltr'><strong>et</strong></span> <span class='ocrx_word' id='word_1_524' title='bbox 1061 3631 1203 3678; x_wconf 89' lang='lat' dir='ltr'><strong>totus</strong></span> <span class='ocrx_word' id='word_1_525' title='bbox 1233 3623 1429 3693; x_wconf 82' lang='lat' dir='ltr'><strong>ubique</strong></span> <span class='ocrx_word' id='word_1_526' title='bbox 1456 3632 1557 3679; x_wconf 90' lang='lat' dir='ltr'><strong>est.</strong></span> <span class='ocrx_word' id='word_1_527' title='bbox 1638 3621 1714 3678; x_wconf 85' lang='lat' dir='ltr'><strong>ita</strong></span> <span class='ocrx_word' id='word_1_528' title='bbox 1748 3622 1826 3697; x_wconf 70' lang='grc' dir='ltr'><strong>(θ)</strong></span> <span class='ocrx_word' id='word_1_529' title='bbox 1879 3624 2159 3695; x_wconf 83' lang='lat' dir='ltr'><strong>regionem</strong></span> 
     </span>
    </p>
   </div>
   <div class='ocr_carea' id='block_1_67' title="bbox 566 3713 2160 3789">
    <p class='ocr_par' dir='ltr' id='par_1_67' title="bbox 566 3713 2160 3789">
     <span class='ocr_line' id='line_1_67' title="bbox 566 3713 2160 3789; baseline 0.003 -21"><span class='ocrx_word' id='word_1_530' title='bbox 566 3713 935 3784; x_wconf 78' lang='lat' dir='ltr'><strong>intelligentiae</strong></span> <span class='ocrx_word' id='word_1_531' title='bbox 965 3714 1202 3781; x_wconf 82' lang='lat' dir='ltr'><strong>excedit,</strong></span> <span class='ocrx_word' id='word_1_532' title='bbox 1250 3724 1404 3771; x_wconf 78' lang='lat' dir='ltr'><strong>extra</strong></span> <span class='ocrx_word' id='word_1_533' title='bbox 1433 3730 1593 3786; x_wconf 89' lang='lat' dir='ltr'><strong>quem</strong></span> <span class='ocrx_word' id='word_1_534' title='bbox 1620 3716 1752 3772; x_wconf 90' lang='lat' dir='ltr'><strong>nihil</strong></span> <span class='ocrx_word' id='word_1_535' title='bbox 1781 3726 1885 3786; x_wconf 91' lang='lat' dir='ltr'><strong>est,</strong></span> <span class='ocrx_word' id='word_1_536' title='bbox 1920 3724 1976 3772; x_wconf 88' lang='lat' dir='ltr'><strong>et</strong></span> <span class='ocrx_word' id='word_1_537' title='bbox 2006 3717 2160 3789; x_wconf 89' lang='lat' dir='ltr'><strong>cujus</strong></span> 
     </span>
    </p>
   </div>
   <div class='ocr_carea' id='block_1_68' title="bbox 571 3810 2164 3878">
    <p class='ocr_par' dir='ltr' id='par_1_68' title="bbox 571 3810 2164 3878">
     <span class='ocr_line' id='line_1_68' title="bbox 571 3810 2164 3878; baseline 0.001 -14"><span class='ocrx_word' id='word_1_538' title='bbox 571 3815 655 3864; x_wconf 88' lang='lat' dir='ltr'><strong>est</strong></span> <span class='ocrx_word' id='word_1_539' title='bbox 679 3822 901 3878; x_wconf 87' lang='lat' dir='ltr'><strong>semper</strong></span> <span class='ocrx_word' id='word_1_540' title='bbox 920 3816 978 3865; x_wconf 92' lang='lat' dir='ltr'><strong>ut</strong></span> <span class='ocrx_word' id='word_1_541' title='bbox 1002 3823 1219 3878; x_wconf 83' lang='lat' dir='ltr'><strong>semper</strong></span> <span class='ocrx_word' id='word_1_542' title='bbox 1243 3811 1335 3864; x_wconf 86' lang='lat' dir='ltr'><strong>sit.</strong></span> <span class='ocrx_word' id='word_1_543' title='bbox 1358 3810 1485 3864; x_wconf 74' lang='lat' dir='ltr'><strong>Hzrc</strong></span> <span class='ocrx_word' id='word_1_544' title='bbox 1511 3811 1710 3866; x_wconf 86' lang='lat' dir='ltr'><strong>veritas</strong></span> <span class='ocrx_word' id='word_1_545' title='bbox 1729 3820 1813 3867; x_wconf 81' lang='lat' dir='ltr'><strong>est</strong></span> <span class='ocrx_word' id='word_1_546' title='bbox 1840 3810 2164 3866; x_wconf 85' lang='lat' dir='ltr'><strong>sacramenti</strong></span> 
     </span>
    </p>
   </div>
   <div class='ocr_carea' id='block_1_69' title="bbox 565 3897 2163 3969">
    <p class='ocr_par' dir='ltr' id='par_1_69' title="bbox 565 3897 2163 3969">
     <span class='ocr_line' id='line_1_69' title="bbox 565 3897 2163 3969; baseline 0.002 -15"><span class='ocrx_word' id='word_1_547' title='bbox 565 3899 682 3965; x_wconf 89' lang='lat' dir='ltr'><strong>Dei,</strong></span> <span class='ocrx_word' id='word_1_548' title='bbox 700 3900 803 3955; x_wconf 87' lang='lat' dir='ltr'><strong>hoc</strong></span> <span class='ocrx_word' id='word_1_549' title='bbox 828 3897 899 3953; x_wconf 89' lang='lat' dir='ltr'><strong>im</strong></span> <span class='ocrx_word' id='word_1_550' title='bbox 910 3901 1281 3969; x_wconf 86' lang='lat' dir='ltr'><strong>perspicabilis</strong></span> <span class='ocrx_word' id='word_1_551' title='bbox 1297 3908 1500 3956; x_wconf 71' lang='lat' dir='ltr'><strong>natura:</strong></span> <span class='ocrx_word' id='word_1_552' title='bbox 1519 3916 1715 3957; x_wconf 89' lang='lat' dir='ltr'><strong>nomen</strong></span> <span class='ocrx_word' id='word_1_553' title='bbox 1738 3902 1791 3959; x_wconf 92' lang='lat' dir='ltr'><strong>in</strong></span> <span class='ocrx_word' id='word_1_554' title='bbox 1809 3901 1989 3958; x_wconf 88' lang='lat' dir='ltr'><strong>Patre.</strong></span> <span class='ocrx_word' id='word_1_555' title='bbox 2021 3902 2163 3958; x_wconf 87' lang='lat' dir='ltr'><strong>Deus</strong></span> 
     </span>
    </p>
   </div>
   <div class='ocr_carea' id='block_1_70' title="bbox 571 3990 2166 4066">
    <p class='ocr_par' dir='ltr' id='par_1_70' title="bbox 571 3990 2166 4066">
     <span class='ocr_line' id='line_1_70' title="bbox 571 3990 2166 4066; baseline 0.001 -18"><span class='ocrx_word' id='word_1_556' title='bbox 571 3991 880 4059; x_wconf 83' lang='lat' dir='ltr'><strong>invisibilis,</strong></span> <span class='ocrx_word' id='word_1_557' title='bbox 921 3990 1228 4061; x_wconf 82' lang='lat' dir='ltr'><strong>ineffabilis,</strong></span> <span class='ocrx_word' id='word_1_558' title='bbox 1253 3992 1492 4050; x_wconf 89' lang='lat' dir='ltr'><strong>inﬁnitus</strong></span> <span class='ocrx_word' id='word_1_559' title='bbox 1514 4012 1527 4048; x_wconf 91' lang='lat'><strong>:</strong></span> <span class='ocrx_word' id='word_1_560' title='bbox 1552 3993 1623 4050; x_wconf 90' lang='lat' dir='ltr'><strong>ad</strong></span> <span class='ocrx_word' id='word_1_561' title='bbox 1643 4011 1800 4066; x_wconf 90' lang='lat' dir='ltr'><strong>quem</strong></span> <span class='ocrx_word' id='word_1_562' title='bbox 1829 4002 1886 4051; x_wconf 86' lang='lat' dir='ltr'><strong>et</strong></span> <span class='ocrx_word' id='word_1_563' title='bbox 1904 3995 2166 4065; x_wconf 87' lang='lat' dir='ltr'><strong>eloquen-</strong></span> 
     </span>
    </p>
   </div>
   <div class='ocr_carea' id='block_1_71' title="bbox 565 4086 2159 4159">
    <p class='ocr_par' dir='ltr' id='par_1_71' title="bbox 565 4086 2159 4159">
     <span class='ocr_line' id='line_1_71' title="bbox 565 4086 2159 4159; baseline 0.001 -17"><span class='ocrx_word' id='word_1_564' title='bbox 565 4086 692 4143; x_wconf 92' lang='lat' dir='ltr'><strong>dum</strong></span> <span class='ocrx_word' id='word_1_565' title='bbox 715 4100 897 4142; x_wconf 87' lang='lat' dir='ltr'><strong>sermo</strong></span> <span class='ocrx_word' id='word_1_566' title='bbox 917 4087 1094 4155; x_wconf 88' lang='lat' dir='ltr'><strong>sileat,</strong></span> <span class='ocrx_word' id='word_1_567' title='bbox 1149 4096 1204 4143; x_wconf 88' lang='lat' dir='ltr'><strong>et</strong></span> <span class='ocrx_word' id='word_1_568' title='bbox 1251 4087 1685 4159; x_wconf 85' lang='lat' dir='ltr'><strong>investigandum</strong></span> <span class='ocrx_word' id='word_1_569' title='bbox 1728 4103 1924 4145; x_wconf 88' lang='lat' dir='ltr'><strong>sensus</strong></span> <span class='ocrx_word' id='word_1_570' title='bbox 1945 4088 2159 4156; x_wconf 77' lang='lat' dir='ltr'><strong>hebent,</strong></span> 
     </span>
    </p>
   </div>
   <div class='ocr_carea' id='block_1_72' title="bbox 565 4182 1857 4255">
    <p class='ocr_par' dir='ltr' id='par_1_72' title="bbox 565 4182 1857 4255">
     <span class='ocr_line' id='line_1_72' title="bbox 565 4182 1857 4255; baseline 0.001 -16"><span class='ocrx_word' id='word_1_571' title='bbox 565 4191 620 4239; x_wconf 92' lang='lat' dir='ltr'><strong>et</strong></span> <span class='ocrx_word' id='word_1_572' title='bbox 647 4182 1117 4255; x_wconf 78' lang='lat' dir='ltr'><strong>complectentium</strong></span> <span class='ocrx_word' id='word_1_573' title='bbox 1150 4182 1500 4254; x_wconf 88' lang='lat' dir='ltr'><strong>intelligentia</strong></span> <span class='ocrx_word' id='word_1_574' title='bbox 1527 4192 1857 4240; x_wconf 89' lang='lat' dir='ltr'><strong>coarctetur.</strong></span> 
     </span>
    </p>
   </div>
   <div class='ocr_carea' id='block_1_73' title="bbox 636 4275 2165 4347">
    <p class='ocr_par' dir='ltr' id='par_1_73' title="bbox 636 4275 2165 4347">
     <span class='ocr_line' id='line_1_73' title="bbox 636 4275 2165 4347; baseline 0.001 -16"><span class='ocrx_word' id='word_1_575' title='bbox 636 4275 728 4333; x_wconf 72' lang='lat'><strong>29.</strong></span> <span class='ocrx_word' id='word_1_576' title='bbox 784 4276 865 4332; x_wconf 83' lang='lat' dir='ltr'><strong>Ea:</strong></span> <span class='ocrx_word' id='word_1_577' title='bbox 888 4276 976 4331; x_wconf 83' lang='lat' dir='ltr'><strong>lib.</strong></span> <span class='ocrx_word' id='word_1_578' title='bbox 1005 4293 1060 4345; x_wconf 76' lang='lat' dir='ltr'><strong>ill</strong></span> <span class='ocrx_word' id='word_1_579' title='bbox 1111 4277 1174 4332; x_wconf 86' lang='lat' dir='ltr'><strong>de</strong></span> <span class='ocrx_word' id='word_1_580' title='bbox 1213 4276 1387 4345; x_wconf 85' lang='lat' dir='ltr'><strong>Trin.,</strong></span> <span class='ocrx_word' id='word_1_581' title='bbox 1428 4295 1570 4332; x_wconf 83' lang='lat' dir='ltr'><strong>nam.</strong></span> <span class='ocrx_word' id='word_1_582' title='bbox 1606 4277 1692 4334; x_wconf 78' lang='lat' dir='ltr'><strong>i8.</strong></span> <span class='ocrx_word' id='word_1_583' title='bbox 1737 4276 1936 4333; x_wconf 84' lang='lat' dir='ltr'><strong>Volcns</strong></span> <span class='ocrx_word' id='word_1_584' title='bbox 1981 4275 2165 4347; x_wconf 84' lang='lat' dir='ltr'><strong>itaque</strong></span> 
     </span>
    </p>
   </div>
   <div class='ocr_carea' id='block_1_74' title="bbox 566 4370 2166 4441">
    <p class='ocr_par' dir='ltr' id='par_1_74' title="bbox 566 4370 2166 4441">
     <span class='ocr_line' id='line_1_74' title="bbox 566 4370 2166 4441; baseline 0 -14"><span class='ocrx_word' id='word_1_585' title='bbox 566 4371 738 4427; x_wconf 86' lang='lat' dir='ltr'><strong>Filius</strong></span> <span class='ocrx_word' id='word_1_586' title='bbox 762 4371 922 4441; x_wconf 83' lang='lat' dir='ltr'><strong>hujus</strong></span> <span class='ocrx_word' id='word_1_587' title='bbox 951 4371 1246 4427; x_wconf 84' lang='lat' dir='ltr'><strong>nativitatis</strong></span> <span class='ocrx_word' id='word_1_588' title='bbox 1275 4387 1387 4427; x_wconf 73' lang='lat' dir='ltr'><strong>sua:</strong></span> <span class='ocrx_word' id='word_1_589' title='bbox 1415 4371 1577 4428; x_wconf 79' lang='lat' dir='ltr'><strong>fidem</strong></span> <span class='ocrx_word' id='word_1_590' title='bbox 1622 4371 1802 4428; x_wconf 88' lang='lat' dir='ltr'><strong>facere</strong></span> <span class='ocrx_word' id='word_1_591' title='bbox 1826 4413 1841 4437; x_wconf 93' lang='lat'><strong>,</strong></span> <span class='ocrx_word' id='word_1_592' title='bbox 1901 4370 2166 4427; x_wconf 90' lang='lat' dir='ltr'><strong>factorum</strong></span> 
     </span>
    </p>
   </div>
   <div class='ocr_carea' id='block_1_75' title="bbox 567 4463 2164 4536">
    <p class='ocr_par' dir='ltr' id='par_1_75' title="bbox 567 4463 2164 4536">
     <span class='ocr_line' id='line_1_75' title="bbox 567 4463 2164 4536; baseline -0.003 -15"><span class='ocrx_word' id='word_1_593' title='bbox 567 4479 788 4521; x_wconf 88' lang='lat' dir='ltr'><strong>suorum</strong></span> <span class='ocrx_word' id='word_1_594' title='bbox 819 4464 975 4520; x_wconf 89' lang='lat' dir='ltr'><strong>nobis</strong></span> <span class='ocrx_word' id='word_1_595' title='bbox 1003 4465 1185 4535; x_wconf 88' lang='lat' dir='ltr'><strong>posuit</strong></span> <span class='ocrx_word' id='word_1_596' title='bbox 1212 4465 1482 4536; x_wconf 83' lang='lat' dir='ltr'><strong>exempla,</strong></span> <span class='ocrx_word' id='word_1_597' title='bbox 1521 4475 1579 4520; x_wconf 92' lang='lat' dir='ltr'><strong>ut</strong></span> <span class='ocrx_word' id='word_1_598' title='bbox 1605 4480 1700 4536; x_wconf 88' lang='lat' dir='ltr'><strong>per</strong></span> <span class='ocrx_word' id='word_1_599' title='bbox 1720 4463 2164 4521; x_wconf 85' lang='lat' dir='ltr'><strong>inenarrabilium</strong></span> 
     </span>
    </p>
   </div>
   <div class='ocr_carea' id='block_1_76' title="bbox 2261 3251 3773 3324">
    <p class='ocr_par' dir='ltr' id='par_1_76' title="bbox 2261 3251 3773 3324">
     <span class='ocr_line' id='line_1_76' title="bbox 2261 3251 3773 3324; baseline -0.003 -14"><span class='ocrx_word' id='word_1_600' title='bbox 2261 3262 2425 3310; x_wconf 84' lang='lat' dir='ltr'><strong>tutetn</strong></span> <span class='ocrx_word' id='word_1_601' title='bbox 2457 3254 2573 3322; x_wconf 85' lang='lat' dir='ltr'><strong>ejus</strong></span> <span class='ocrx_word' id='word_1_602' title='bbox 2602 3253 2859 3323; x_wconf 88' lang='lat' dir='ltr'><strong>possibile</strong></span> <span class='ocrx_word' id='word_1_603' title='bbox 2887 3252 3050 3309; x_wconf 72' lang='lat' dir='ltr'><strong>lineae</strong></span> <span class='ocrx_word' id='word_1_604' title='bbox 3080 3253 3132 3307; x_wconf 92' lang='lat' dir='ltr'><strong>in</strong></span> <span class='ocrx_word' id='word_1_605' title='bbox 3155 3251 3374 3309; x_wconf 89' lang='lat' dir='ltr'><strong>homine</strong></span> <span class='ocrx_word' id='word_1_606' title='bbox 3398 3251 3773 3324; x_wconf 89' lang='lat' dir='ltr'><strong>cognoscimus.</strong></span> 
     </span>
    </p>
   </div>
   <div class='ocr_carea' id='block_1_77' title="bbox 2330 3343 3825 3416">
    <p class='ocr_par' dir='ltr' id='par_1_77' title="bbox 2330 3343 3825 3416">
     <span class='ocr_line' id='line_1_77' title="bbox 2330 3343 3825 3416; baseline -0.004 -14"><span class='ocrx_word' id='word_1_607' title='bbox 2330 3346 2420 3402; x_wconf 79' lang='lat' dir='ltr'><strong>3i.</strong></span> <span class='ocrx_word' id='word_1_608' title='bbox 2452 3343 2535 3400; x_wconf 75' lang='lat' dir='ltr'><em>Ex</em></span> <span class='ocrx_word' id='word_1_609' title='bbox 2583 3361 2724 3399; x_wconf 83' lang='lat' dir='ltr'><strong>nam.</strong></span> <span class='ocrx_word' id='word_1_610' title='bbox 2771 3344 2860 3401; x_wconf 78' lang='lat'><strong>20.</strong></span> <span class='ocrx_word' id='word_1_611' title='bbox 2895 3344 3001 3400; x_wconf 87' lang='lat' dir='ltr'><strong>Sed</strong></span> <span class='ocrx_word' id='word_1_612' title='bbox 3033 3354 3085 3400; x_wconf 92' lang='lat' dir='ltr'><strong>te</strong></span> <span class='ocrx_word' id='word_1_613' title='bbox 3110 3387 3125 3412; x_wconf 90' lang='lat'><strong>,</strong></span> <span class='ocrx_word' id='word_1_614' title='bbox 3160 3345 3404 3416; x_wconf 84' lang='lat' dir='ltr'><strong>quisquis</strong></span> <span class='ocrx_word' id='word_1_615' title='bbox 3436 3360 3517 3409; x_wconf 89' lang='lat' dir='ltr'><strong>es,</strong></span> <span class='ocrx_word' id='word_1_616' title='bbox 3569 3343 3825 3413; x_wconf 83' lang='lat' dir='ltr'><strong>investiga-</strong></span> 
     </span>
    </p>
   </div>
   <div class='ocr_carea' id='block_1_78' title="bbox 2263 3437 3824 3505">
    <p class='ocr_par' dir='ltr' id='par_1_78' title="bbox 2263 3437 3824 3505">
     <span class='ocr_line' id='line_1_78' title="bbox 2263 3437 3824 3505; baseline -0.004 -10"><span class='ocrx_word' id='word_1_617' title='bbox 2263 3440 2387 3495; x_wconf 89' lang='lat' dir='ltr'><strong>bilia</strong></span> <span class='ocrx_word' id='word_1_618' title='bbox 2436 3450 2753 3505; x_wconf 83' lang='lat' dir='ltr'><strong>sectantem,</strong></span> <span class='ocrx_word' id='word_1_619' title='bbox 2822 3447 2877 3495; x_wconf 91' lang='lat' dir='ltr'><strong>et</strong></span> <span class='ocrx_word' id='word_1_620' title='bbox 2939 3437 3246 3493; x_wconf 87' lang='lat' dir='ltr'><strong>divinorum</strong></span> <span class='ocrx_word' id='word_1_621' title='bbox 3300 3445 3634 3493; x_wconf 87' lang='lat' dir='ltr'><strong>secretorum</strong></span> <span class='ocrx_word' id='word_1_622' title='bbox 3692 3445 3824 3504; x_wconf 85' lang='lat' dir='ltr'><strong>atque</strong></span> 
     </span>
    </p>
   </div>
   <div class='ocr_carea' id='block_1_79' title="bbox 2264 3528 3827 3600">
    <p class='ocr_par' dir='ltr' id='par_1_79' title="bbox 2264 3528 3827 3600">
     <span class='ocr_line' id='line_1_79' title="bbox 2264 3528 3827 3600; baseline -0.006 -13"><span class='ocrx_word' id='word_1_623' title='bbox 2264 3532 2529 3587; x_wconf 89' lang='lat' dir='ltr'><strong>virtutum</strong></span> <span class='ocrx_word' id='word_1_624' title='bbox 2572 3545 2794 3600; x_wconf 83' lang='lat' dir='ltr'><strong>gravem</strong></span> <span class='ocrx_word' id='word_1_625' title='bbox 2837 3529 3097 3584; x_wconf 90' lang='lat' dir='ltr'><strong>arbitrum</strong></span> <span class='ocrx_word' id='word_1_626' title='bbox 3140 3529 3387 3594; x_wconf 85' lang='lat' dir='ltr'><strong>consulo,</strong></span> <span class='ocrx_word' id='word_1_627' title='bbox 3440 3537 3498 3584; x_wconf 93' lang='lat' dir='ltr'><strong>ut</strong></span> <span class='ocrx_word' id='word_1_628' title='bbox 3534 3528 3661 3584; x_wconf 87' lang='lat' dir='ltr'><strong>mihi</strong></span> <span class='ocrx_word' id='word_1_629' title='bbox 3688 3528 3827 3598; x_wconf 82' lang='lat' dir='ltr'><strong>impe-</strong></span> 
     </span>
    </p>
   </div>
   <div class='ocr_carea' id='block_1_80' title="bbox 2267 3618 3824 3689">
    <p class='ocr_par' dir='ltr' id='par_1_80' title="bbox 2267 3618 3824 3689">
     <span class='ocr_line' id='line_1_80' title="bbox 2267 3618 3824 3689; baseline -0.002 -12"><span class='ocrx_word' id='word_1_630' title='bbox 2267 3624 2393 3689; x_wconf 91' lang='lat' dir='ltr'><strong>rito,</strong></span> <span class='ocrx_word' id='word_1_631' title='bbox 2423 3632 2476 3678; x_wconf 88' lang='lat' dir='ltr'><strong>et</strong></span> <span class='ocrx_word' id='word_1_632' title='bbox 2509 3631 2717 3678; x_wconf 90' lang='lat' dir='ltr'><strong>tantum</strong></span> <span class='ocrx_word' id='word_1_633' title='bbox 2750 3620 2819 3678; x_wconf 92' lang='lat' dir='ltr'><strong>de</strong></span> <span class='ocrx_word' id='word_1_634' title='bbox 2844 3620 3095 3677; x_wconf 89' lang='lat' dir='ltr'><strong>omnibus</strong></span> <span class='ocrx_word' id='word_1_635' title='bbox 3118 3619 3233 3676; x_wconf 92' lang='lat' dir='ltr'><strong>Deo</strong></span> <span class='ocrx_word' id='word_1_636' title='bbox 3262 3629 3322 3675; x_wconf 90' lang='lat' dir='ltr'><strong>ut</strong></span> <span class='ocrx_word' id='word_1_637' title='bbox 3368 3627 3495 3676; x_wconf 89' lang='lat' dir='ltr'><strong>sunt</strong></span> <span class='ocrx_word' id='word_1_638' title='bbox 3536 3621 3604 3675; x_wconf 89' lang='lat' dir='ltr'><strong>ab</strong></span> <span class='ocrx_word' id='word_1_639' title='bbox 3626 3635 3687 3677; x_wconf 88' lang='lat' dir='ltr'><strong>co</strong></span> <span class='ocrx_word' id='word_1_640' title='bbox 3710 3618 3824 3674; x_wconf 83' lang='lat' dir='ltr'><strong>dicta</strong></span> 
     </span>
    </p>
   </div>
   <div class='ocr_carea' id='block_1_81' title="bbox 2265 3709 3825 3779">
    <p class='ocr_par' dir='ltr' id='par_1_81' title="bbox 2265 3709 3825 3779">
     <span class='ocr_line' id='line_1_81' title="bbox 2265 3709 3825 3779; baseline -0.004 -8"><span class='ocrx_word' id='word_1_641' title='bbox 2265 3713 2527 3779; x_wconf 84' lang='lat' dir='ltr'><strong>credenti,</strong></span> <span class='ocrx_word' id='word_1_642' title='bbox 2577 3714 2841 3769; x_wconf 88' lang='lat' dir='ltr'><strong>rationem</strong></span> <span class='ocrx_word' id='word_1_643' title='bbox 2887 3711 3073 3769; x_wconf 89' lang='lat' dir='ltr'><strong>saltem</strong></span> <span class='ocrx_word' id='word_1_644' title='bbox 3101 3710 3225 3768; x_wconf 92' lang='lat' dir='ltr'><strong>facti</strong></span> <span class='ocrx_word' id='word_1_645' title='bbox 3254 3711 3408 3767; x_wconf 89' lang='lat' dir='ltr'><strong>istius</strong></span> <span class='ocrx_word' id='word_1_646' title='bbox 3436 3709 3825 3768; x_wconf 78' lang='lat' dir='ltr'><strong>atfcras.Domi-</strong></span> 
     </span>
    </p>
   </div>
   <div class='ocr_carea' id='block_1_82' title="bbox 2265 3801 3824 3875">
    <p class='ocr_par' dir='ltr' id='par_1_82' title="bbox 2265 3801 3824 3875">
     <span class='ocr_line' id='line_1_82' title="bbox 2265 3801 3824 3875; baseline -0.003 -14"><span class='ocrx_word' id='word_1_647' title='bbox 2265 3821 2390 3862; x_wconf 92' lang='lat' dir='ltr'><strong>num</strong></span> <span class='ocrx_word' id='word_1_648' title='bbox 2416 3805 2598 3870; x_wconf 84' lang='lat' dir='ltr'><strong>audio,</strong></span> <span class='ocrx_word' id='word_1_649' title='bbox 2630 3814 2685 3860; x_wconf 88' lang='lat' dir='ltr'><strong>et</strong></span> <span class='ocrx_word' id='word_1_650' title='bbox 2711 3806 2839 3875; x_wconf 87' lang='lat' dir='ltr'><strong>quia</strong></span> <span class='ocrx_word' id='word_1_651' title='bbox 2867 3804 2952 3859; x_wconf 81' lang='lat' dir='ltr'><strong>liis</strong></span> <span class='ocrx_word' id='word_1_652' title='bbox 2976 3803 3142 3860; x_wconf 88' lang='lat' dir='ltr'><strong>credo</strong></span> <span class='ocrx_word' id='word_1_653' title='bbox 3169 3818 3290 3873; x_wconf 77' lang='lat' dir='ltr'><strong>qua:</strong></span> <span class='ocrx_word' id='word_1_654' title='bbox 3313 3803 3511 3874; x_wconf 85' lang='lat' dir='ltr'><strong>scripta</strong></span> <span class='ocrx_word' id='word_1_655' title='bbox 3559 3811 3698 3870; x_wconf 80' lang='lat' dir='ltr'><strong>sunt,</strong></span> <span class='ocrx_word' id='word_1_656' title='bbox 3736 3801 3824 3857; x_wconf 83' lang='lat' dir='ltr'><strong>scio</strong></span> 
     </span>
    </p>
   </div>
   <div class='ocr_carea' id='block_1_83' title="bbox 2260 3895 3821 3969">
    <p class='ocr_par' dir='ltr' id='par_1_83' title="bbox 2260 3895 3821 3969">
     <span class='ocr_line' id='line_1_83' title="bbox 2260 3895 3821 3969; baseline -0.004 -16"><span class='ocrx_word' id='word_1_657' title='bbox 2260 3898 2371 3969; x_wconf 87' lang='lat' dir='ltr'><strong>jam</strong></span> <span class='ocrx_word' id='word_1_658' title='bbox 2420 3906 2541 3968; x_wconf 91' lang='lat' dir='ltr'><strong>post</strong></span> <span class='ocrx_word' id='word_1_659' title='bbox 2570 3897 3027 3954; x_wconf 88' lang='lat' dir='ltr'><strong>resurrectionem</strong></span> <span class='ocrx_word' id='word_1_660' title='bbox 3061 3895 3376 3967; x_wconf 84' lang='lat' dir='ltr'><strong>frequenter</strong></span> <span class='ocrx_word' id='word_1_661' title='bbox 3400 3896 3684 3952; x_wconf 87' lang='lat' dir='ltr'><strong>videndum</strong></span> <span class='ocrx_word' id='word_1_662' title='bbox 3708 3908 3759 3950; x_wconf 88' lang='lat' dir='ltr'><strong>se</strong></span> <span class='ocrx_word' id='word_1_663' title='bbox 3783 3896 3821 3948; x_wconf 88' lang='lat' dir='ltr'><strong>in</strong></span> 
     </span>
    </p>
   </div>
   <div class='ocr_carea' id='block_1_84' title="bbox 2265 3987 3823 4063">
    <p class='ocr_par' dir='ltr' id='par_1_84' title="bbox 2265 3987 3823 4063">
     <span class='ocr_line' id='line_1_84' title="bbox 2265 3987 3823 4063; baseline -0.004 -16"><span class='ocrx_word' id='word_1_664' title='bbox 2265 4007 2494 4063; x_wconf 87' lang='lat' dir='ltr'><strong>corpore</strong></span> <span class='ocrx_word' id='word_1_665' title='bbox 2526 3989 2821 4060; x_wconf 73' lang='lat' dir='ltr'><strong>prmbuisse</strong></span> <span class='ocrx_word' id='word_1_666' title='bbox 2863 3987 3044 4044; x_wconf 89' lang='lat' dir='ltr'><strong>multis</strong></span> <span class='ocrx_word' id='word_1_667' title='bbox 3074 4005 3180 4045; x_wconf 91' lang='lat' dir='ltr'><strong>non</strong></span> <span class='ocrx_word' id='word_1_668' title='bbox 3212 3987 3594 4053; x_wconf 86' lang='lat' dir='ltr'><strong>credentibus;</strong></span> <span class='ocrx_word' id='word_1_669' title='bbox 3625 3987 3683 4060; x_wconf 88' lang='lat' dir='ltr'><strong>(i)</strong></span> <span class='ocrx_word' id='word_1_670' title='bbox 3708 3994 3823 4043; x_wconf 87' lang='lat' dir='ltr'><strong>certe</strong></span> 
     </span>
    </p>
   </div>
   <div class='ocr_carea' id='block_1_85' title="bbox 2269 4078 3823 4152">
    <p class='ocr_par' dir='ltr' id='par_1_85' title="bbox 2269 4078 3823 4152">
     <span class='ocr_line' id='line_1_85' title="bbox 2269 4078 3823 4152; baseline -0.006 -9"><span class='ocrx_word' id='word_1_671' title='bbox 2269 4086 2493 4143; x_wconf 74' lang='lat' dir='ltr'><strong>Thema:</strong></span> <span class='ocrx_word' id='word_1_672' title='bbox 2531 4099 2641 4140; x_wconf 87' lang='lat' dir='ltr'><strong>non</strong></span> <span class='ocrx_word' id='word_1_673' title='bbox 2670 4085 2773 4141; x_wconf 83' lang='lat' dir='ltr'><strong>nisi</strong></span> <span class='ocrx_word' id='word_1_674' title='bbox 2801 4082 3152 4140; x_wconf 88' lang='lat' dir='ltr'><strong>contrectatis</strong></span> <span class='ocrx_word' id='word_1_675' title='bbox 3197 4083 3316 4152; x_wconf 81' lang='lat' dir='ltr'><strong>ejus</strong></span> <span class='ocrx_word' id='word_1_676' title='bbox 3344 4081 3658 4138; x_wconf 82' lang='lat' dir='ltr'><strong>vulneribus</strong></span> <span class='ocrx_word' id='word_1_677' title='bbox 3682 4078 3823 4136; x_wconf 89' lang='lat' dir='ltr'><strong>credi-</strong></span> 
     </span>
    </p>
   </div>
   <div class='ocr_carea' id='block_1_86' title="bbox 2271 4173 3824 4249">
    <p class='ocr_par' dir='ltr' id='par_1_86' title="bbox 2271 4173 3824 4249">
     <span class='ocr_line' id='line_1_86' title="bbox 2271 4173 3824 4249; baseline -0.008 -12"><span class='ocrx_word' id='word_1_678' title='bbox 2271 4192 2391 4237; x_wconf 88' lang='lat' dir='ltr'><strong>turo</strong></span> <span class='ocrx_word' id='word_1_679' title='bbox 2412 4225 2427 4249; x_wconf 90' lang='lat'><strong>,</strong></span> <span class='ocrx_word' id='word_1_680' title='bbox 2458 4180 2598 4235; x_wconf 88' lang='lat' dir='ltr'><strong>sicut</strong></span> <span class='ocrx_word' id='word_1_681' title='bbox 2622 4180 2697 4233; x_wconf 85' lang='lat' dir='ltr'><strong>ait</strong></span> <span class='ocrx_word' id='word_1_682' title='bbox 2725 4196 2738 4235; x_wconf 90' lang='lat'><strong>:</strong></span> <span class='ocrx_word' id='word_1_683' title='bbox 2788 4178 2909 4233; x_wconf 86' lang='lat' dir='ltr'><strong>Nisi</strong></span> <span class='ocrx_word' id='word_1_684' title='bbox 2936 4175 3110 4232; x_wconf 82' lang='lat' dir='ltr'><strong>videro</strong></span> <span class='ocrx_word' id='word_1_685' title='bbox 3134 4175 3189 4231; x_wconf 86' lang='lat' dir='ltr'><strong>in</strong></span> <span class='ocrx_word' id='word_1_686' title='bbox 3214 4175 3451 4230; x_wconf 80' lang='lat' dir='ltr'><strong>manibus</strong></span> <span class='ocrx_word' id='word_1_687' title='bbox 3495 4177 3605 4248; x_wconf 82' lang='lat' dir='ltr'><strong>ejus</strong></span> <span class='ocrx_word' id='word_1_688' title='bbox 3629 4175 3693 4248; x_wconf 83' lang='lat' dir='ltr'><strong>(j)</strong></span> <span class='ocrx_word' id='word_1_689' title='bbox 3717 4173 3824 4243; x_wconf 76' lang='lat' dir='ltr'><strong>ﬁgu-</strong></span> 
     </span>
    </p>
   </div>
   <div class='ocr_carea' id='block_1_87' title="bbox 2268 4263 3822 4342">
    <p class='ocr_par' dir='ltr' id='par_1_87' title="bbox 2268 4263 3822 4342">
     <span class='ocr_line' id='line_1_87' title="bbox 2268 4263 3822 4342; baseline -0.008 -13"><span class='ocrx_word' id='word_1_690' title='bbox 2268 4291 2380 4329; x_wconf 87' lang='lat' dir='ltr'><strong>ram</strong></span> <span class='ocrx_word' id='word_1_691' title='bbox 2411 4274 2695 4338; x_wconf 83' lang='lat' dir='ltr'><strong>clavorum,</strong></span> <span class='ocrx_word' id='word_1_692' title='bbox 2728 4280 2778 4328; x_wconf 86' lang='lat' dir='ltr'><strong>et</strong></span> <span class='ocrx_word' id='word_1_693' title='bbox 2821 4273 3008 4327; x_wconf 88' lang='lat' dir='ltr'><strong>misero</strong></span> <span class='ocrx_word' id='word_1_694' title='bbox 3034 4270 3255 4342; x_wconf 83' lang='lat' dir='ltr'><strong>digitum</strong></span> <span class='ocrx_word' id='word_1_695' title='bbox 3276 4283 3445 4323; x_wconf 86' lang='lat' dir='ltr'><strong>meum</strong></span> <span class='ocrx_word' id='word_1_696' title='bbox 3489 4272 3541 4323; x_wconf 84' lang='lat' dir='ltr'><strong>in</strong></span> <span class='ocrx_word' id='word_1_697' title='bbox 3569 4266 3719 4322; x_wconf 81' lang='lat' dir='ltr'><strong>locant</strong></span> <span class='ocrx_word' id='word_1_698' title='bbox 3739 4263 3822 4319; x_wconf 81' lang='lat' dir='ltr'><strong>cla-</strong></span> 
     </span>
    </p>
   </div>
   <div class='ocr_carea' id='block_1_88' title="bbox 2269 4361 3822 4432">
    <p class='ocr_par' dir='ltr' id='par_1_88' title="bbox 2269 4361 3822 4432">
     <span class='ocr_line' id='line_1_88' title="bbox 2269 4361 3822 4432; baseline -0.007 -10"><span class='ocrx_word' id='word_1_699' title='bbox 2269 4383 2466 4432; x_wconf 78' lang='lat' dir='ltr'><strong>vorum,</strong></span> <span class='ocrx_word' id='word_1_700' title='bbox 2514 4374 2566 4422; x_wconf 90' lang='lat' dir='ltr'><strong>et</strong></span> <span class='ocrx_word' id='word_1_701' title='bbox 2609 4365 2809 4421; x_wconf 78' lang='lat' dir='ltr'><strong>mittant</strong></span> <span class='ocrx_word' id='word_1_702' title='bbox 2855 4380 3065 4419; x_wconf 72' lang='lat' dir='ltr'><strong>trionum</strong></span> <span class='ocrx_word' id='word_1_703' title='bbox 3100 4379 3265 4420; x_wconf 78' lang='lat' dir='ltr'><strong>meam</strong></span> <span class='ocrx_word' id='word_1_704' title='bbox 3292 4362 3347 4417; x_wconf 86' lang='lat' dir='ltr'><strong>in</strong></span> <span class='ocrx_word' id='word_1_705' title='bbox 3386 4361 3524 4417; x_wconf 84' lang='lat' dir='ltr'><strong>latus</strong></span> <span class='ocrx_word' id='word_1_706' title='bbox 3570 4362 3694 4432; x_wconf 76' lang='lat' dir='ltr'><strong>ejus,</strong></span> <span class='ocrx_word' id='word_1_707' title='bbox 3743 4374 3822 4412; x_wconf 75' lang='lat' dir='ltr'><strong>non</strong></span> 
     </span>
    </p>
   </div>
   <div class='ocr_carea' id='block_1_89' title="bbox 2270 4449 3820 4528">
    <p class='ocr_par' dir='ltr' id='par_1_89' title="bbox 2270 4449 3820 4528">
     <span class='ocr_line' id='line_1_89' title="bbox 2270 4449 3820 4528; baseline -0.007 -14"><span class='ocrx_word' id='word_1_708' title='bbox 2270 4458 2475 4514; x_wconf 85' lang='lat' dir='ltr'><strong>credam</strong></span> <span class='ocrx_word' id='word_1_709' title='bbox 2506 4456 2687 4528; x_wconf 78' lang='lat' dir='ltr'><strong>(loca.</strong></span> <span class='ocrx_word' id='word_1_710' title='bbox 2722 4473 2813 4523; x_wconf 80' lang='lat' dir='ltr'><strong>xx,</strong></span> <span class='ocrx_word' id='word_1_711' title='bbox 2846 4454 2965 4527; x_wconf 74' lang='lat'><strong>25).</strong></span> <span class='ocrx_word' id='word_1_712' title='bbox 3000 4456 3261 4510; x_wconf 88' lang='lat' dir='ltr'><strong>Dominus</strong></span> <span class='ocrx_word' id='word_1_713' title='bbox 3288 4469 3350 4509; x_wconf 87' lang='lat' dir='ltr'><strong>se</strong></span> <span class='ocrx_word' id='word_1_714' title='bbox 3392 4453 3460 4509; x_wconf 76' lang='lat' dir='ltr'><strong>ad</strong></span> <span class='ocrx_word' id='word_1_715' title='bbox 3514 4464 3713 4508; x_wconf 87' lang='lat' dir='ltr'><strong>omnem</strong></span> <span class='ocrx_word' id='word_1_716' title='bbox 3756 4449 3820 4503; x_wconf 87' lang='lat' dir='ltr'><strong>in-</strong></span> 
     </span>
    </p>
   </div>
   <div class='ocr_carea' id='block_1_90' title="bbox 566 4541 3820 4635">
    <p class='ocr_par' dir='ltr' id='par_1_90' title="bbox 566 4541 3820 4635">
     <span class='ocr_line' id='line_1_90' title="bbox 566 4541 3820 4635; baseline -0.005 -22"><span class='ocrx_word' id='word_1_717' title='bbox 566 4566 840 4635; x_wconf 85' lang='lat' dir='ltr'><strong>gestorum</strong></span> <span class='ocrx_word' id='word_1_718' title='bbox 882 4570 1102 4612; x_wconf 87' lang='lat' dir='ltr'><strong>suorum</strong></span> <span class='ocrx_word' id='word_1_719' title='bbox 1147 4554 1493 4613; x_wconf 89' lang='lat' dir='ltr'><strong>efﬁcientiam</strong></span> <span class='ocrx_word' id='word_1_720' title='bbox 1521 4554 1590 4613; x_wconf 88' lang='lat' dir='ltr'><strong>de</strong></span> <span class='ocrx_word' id='word_1_721' title='bbox 1634 4556 1833 4613; x_wconf 90' lang='lat' dir='ltr'><strong>virtute</strong></span> <span class='ocrx_word' id='word_1_722' title='bbox 1872 4554 2166 4613; x_wconf 87' lang='lat' dir='ltr'><strong>nativitatis</strong></span> <span class='ocrx_word' id='word_1_723' title='bbox 2191 4547 2244 4609; x_wconf 87' lang='lat' dir='ltr'><strong>D</strong></span> <span class='ocrx_word' id='word_1_724' title='bbox 2271 4551 2589 4626; x_wconf 68' lang='lat' dir='ltr'><strong>telligentite</strong></span> <span class='ocrx_word' id='word_1_725' title='bbox 2618 4560 2818 4608; x_wconf 85' lang='lat' dir='ltr'><strong>nostra:</strong></span> <span class='ocrx_word' id='word_1_726' title='bbox 2848 4547 3271 4606; x_wconf 86' lang='lat' dir='ltr'><strong>imbecillitatem</strong></span> <span class='ocrx_word' id='word_1_727' title='bbox 3287 4541 3820 4610; x_wconf 85' lang='lat' dir='ltr'><strong>accommodat,etdu-</strong></span> 
     </span>
    </p>
   </div>
   <div class='ocr_carea' id='block_1_91' title="bbox 644 4716 2160 4789">
    <p class='ocr_par' dir='ltr' id='par_1_91' title="bbox 644 4716 2160 4789">
     <span class='ocr_line' id='line_1_91' title="bbox 644 4716 2160 4789; baseline 0.001 -20"><span class='ocrx_word' id='word_1_728' title='bbox 644 4716 723 4789; x_wconf 80' lang='grc' dir='ltr'><strong>(η)</strong></span> <span class='ocrx_word' id='word_1_729' title='bbox 750 4716 805 4773; x_wconf 91' lang='lat' dir='ltr'><strong>lu</strong></span> <span class='ocrx_word' id='word_1_730' title='bbox 848 4732 979 4773; x_wconf 89' lang='lat' dir='ltr'><strong>mss.</strong></span> <span class='ocrx_word' id='word_1_731' title='bbox 1006 4716 1219 4773; x_wconf 77' lang='lat' dir='ltr'><strong>Martin.</strong></span> <span class='ocrx_word' id='word_1_732' title='bbox 1251 4725 1307 4773; x_wconf 91' lang='lat' dir='ltr'><strong>et</strong></span> <span class='ocrx_word' id='word_1_733' title='bbox 1348 4716 1505 4773; x_wconf 87' lang='lat' dir='ltr'><strong>Colb.</strong></span> <span class='ocrx_word' id='word_1_734' title='bbox 1561 4717 1854 4789; x_wconf 58' lang='lat' dir='ltr'><strong>profutura:</strong></span> <span class='ocrx_word' id='word_1_735' title='bbox 1908 4724 1971 4789; x_wconf 77' lang='lat' dir='ltr'><strong>et</strong></span> <span class='ocrx_word' id='word_1_736' title='bbox 2006 4731 2160 4783; x_wconf 79' lang='lat' dir='ltr'><strong>mox,</strong></span> 
     </span>
    </p>
   </div>
   <div class='ocr_carea' id='block_1_92' title="bbox 568 4785 2164 4861">
    <p class='ocr_par' dir='ltr' id='par_1_92' title="bbox 568 4785 2164 4861">
     <span class='ocr_line' id='line_1_92' title="bbox 568 4785 2164 4861; baseline 0.001 -19"><span class='ocrx_word' id='word_1_737' title='bbox 568 4785 705 4861; x_wconf 76' lang='lat' dir='ltr'><strong>nunc</strong></span> <span class='ocrx_word' id='word_1_738' title='bbox 715 4791 860 4861; x_wconf 72' lang='lat' dir='ltr'><strong>regni</strong></span> <span class='ocrx_word' id='word_1_739' title='bbox 880 4790 1154 4857; x_wconf 83' lang='lat' dir='ltr'><strong>potentiam</strong></span> <span class='ocrx_word' id='word_1_740' title='bbox 1174 4790 1226 4844; x_wconf 84' lang='lat' dir='ltr'><strong>in</strong></span> <span class='ocrx_word' id='word_1_741' title='bbox 1258 4798 1534 4859; x_wconf 83' lang='lat' dir='ltr'><strong>posterum,</strong></span> <span class='ocrx_word' id='word_1_742' title='bbox 1550 4785 1683 4856; x_wconf 85' lang='lat' dir='ltr'><strong>etc.,</strong></span> <span class='ocrx_word' id='word_1_743' title='bbox 1703 4785 1793 4843; x_wconf 92' lang='lat' dir='ltr'><strong>ubi</strong></span> <span class='ocrx_word' id='word_1_744' title='bbox 1809 4786 2081 4845; x_wconf 83' lang='lat' dir='ltr'><strong>Bandinus</strong></span> <span class='ocrx_word' id='word_1_745' title='bbox 2101 4803 2164 4844; x_wconf 89' lang='lat' dir='ltr'><strong>ac</strong></span> 
     </span>
    </p>
   </div>
   <div class='ocr_carea' id='block_1_93' title="bbox 571 4860 1555 4932">
    <p class='ocr_par' dir='ltr' id='par_1_93' title="bbox 571 4860 1555 4932">
     <span class='ocr_line' id='line_1_93' title="bbox 571 4860 1555 4932; baseline -0.004 -15"><span class='ocrx_word' id='word_1_746' title='bbox 571 4860 810 4917; x_wconf 88' lang='lat' dir='ltr'><strong>Latinius</strong></span> <span class='ocrx_word' id='word_1_747' title='bbox 842 4861 1114 4916; x_wconf 73' lang='lat' dir='ltr'><strong>malebant</strong></span> <span class='ocrx_word' id='word_1_748' title='bbox 1140 4878 1295 4932; x_wconf 80' lang='lat' dir='ltr'><strong>regno</strong></span> <span class='ocrx_word' id='word_1_749' title='bbox 1326 4861 1555 4931; x_wconf 83' lang='lat' dir='ltr'><strong>patienti.</strong></span> 
     </span>
    </p>
   </div>
   <div class='ocr_carea' id='block_1_94' title="bbox 641 4949 2166 5022">
    <p class='ocr_par' dir='ltr' id='par_1_94' title="bbox 641 4949 2166 5022">
     <span class='ocr_line' id='line_1_94' title="bbox 641 4949 2166 5022; baseline 0 -17"><span class='ocrx_word' id='word_1_750' title='bbox 641 4949 720 5022; x_wconf 81' lang='lat' dir='ltr'><strong>(b)</strong></span> <span class='ocrx_word' id='word_1_751' title='bbox 749 4950 913 5007; x_wconf 86' lang='lat' dir='ltr'><strong>Iidem</strong></span> <span class='ocrx_word' id='word_1_752' title='bbox 944 4966 1078 5008; x_wconf 89' lang='lat' dir='ltr'><strong>mss.</strong></span> <span class='ocrx_word' id='word_1_753' title='bbox 1104 4952 1310 5006; x_wconf 81' lang='lat' dir='ltr'><strong>doccor.</strong></span> <span class='ocrx_word' id='word_1_754' title='bbox 1361 4949 1459 5005; x_wconf 85' lang='lat' dir='ltr'><strong>llic</strong></span> <span class='ocrx_word' id='word_1_755' title='bbox 1489 4951 1721 5005; x_wconf 78' lang='lat' dir='ltr'><strong>maxime</strong></span> <span class='ocrx_word' id='word_1_756' title='bbox 1746 4950 2037 5022; x_wconf 86' lang='lat' dir='ltr'><strong>respicitur</strong></span> <span class='ocrx_word' id='word_1_757' title='bbox 2069 4965 2166 5005; x_wconf 77' lang='lat' dir='ltr'><strong>vo-</strong></span> 
     </span>
    </p>
   </div>
   <div class='ocr_carea' id='block_1_95' title="bbox 572 5021 2166 5093">
    <p class='ocr_par' dir='ltr' id='par_1_95' title="bbox 572 5021 2166 5093">
     <span class='ocr_line' id='line_1_95' title="bbox 572 5021 2166 5093; baseline 0.001 -15"><span class='ocrx_word' id='word_1_758' title='bbox 572 5021 821 5078; x_wconf 76' lang='lat' dir='ltr'><strong>cabUlum</strong></span> <span class='ocrx_word' id='word_1_759' title='bbox 855 5023 1197 5088; x_wconf 84' lang='lat' dir='ltr'><strong>hutnousion,</strong></span> <span class='ocrx_word' id='word_1_760' title='bbox 1253 5022 1406 5088; x_wconf 85' lang='lat' dir='ltr'><strong>cujus</strong></span> <span class='ocrx_word' id='word_1_761' title='bbox 1427 5022 1839 5093; x_wconf 85' lang='lat' dir='ltr'><strong>ambiguitatem</strong></span> <span class='ocrx_word' id='word_1_762' title='bbox 1876 5021 2166 5093; x_wconf 87' lang='lat' dir='ltr'><strong>objectare</strong></span> 
     </span>
    </p>
   </div>
   <div class='ocr_carea' id='block_1_96' title="bbox 573 5092 2159 5165">
    <p class='ocr_par' dir='ltr' id='par_1_96' title="bbox 573 5092 2159 5165">
     <span class='ocr_line' id='line_1_96' title="bbox 573 5092 2159 5165; baseline 0.001 -17"><span class='ocrx_word' id='word_1_763' title='bbox 573 5095 815 5165; x_wconf 65' lang='lat' dir='ltr'><strong>haeretici</strong></span> <span class='ocrx_word' id='word_1_764' title='bbox 846 5095 1127 5156; x_wconf 86' lang='lat' dir='ltr'><strong>solebant.</strong></span> <span class='ocrx_word' id='word_1_765' title='bbox 1156 5103 1216 5150; x_wconf 91' lang='lat' dir='ltr'><strong>ut</strong></span> <span class='ocrx_word' id='word_1_766' title='bbox 1241 5103 1388 5165; x_wconf 84' lang='lat' dir='ltr'><strong>patet</strong></span> <span class='ocrx_word' id='word_1_767' title='bbox 1414 5109 1481 5148; x_wconf 82' lang='lat' dir='ltr'><strong>ex</strong></span> <span class='ocrx_word' id='word_1_768' title='bbox 1509 5092 1599 5149; x_wconf 83' lang='lat' dir='ltr'><strong>his</strong></span> <span class='ocrx_word' id='word_1_769' title='bbox 1626 5093 1745 5148; x_wconf 88' lang='lat' dir='ltr'><strong>libri</strong></span> <span class='ocrx_word' id='word_1_770' title='bbox 1772 5094 1840 5148; x_wconf 87' lang='lat' dir='ltr'><strong>de</strong></span> <span class='ocrx_word' id='word_1_771' title='bbox 1865 5092 2087 5165; x_wconf 56' lang='lat' dir='ltr'><strong>Synod.</strong></span> <span class='ocrx_word' id='word_1_772' title='bbox 2104 5109 2159 5149; x_wconf 91' lang='lat' dir='ltr'><strong>n.</strong></span> 
     </span>
    </p>
   </div>
   <div class='ocr_carea' id='block_1_97' title="bbox 574 5164 2167 5235">
    <p class='ocr_par' dir='ltr' id='par_1_97' title="bbox 574 5164 2167 5235">
     <span class='ocr_line' id='line_1_97' title="bbox 574 5164 2167 5235; baseline -0.001 -14"><span class='ocrx_word' id='word_1_773' title='bbox 574 5167 635 5221; x_wconf 89' lang='lat'><strong>9|</strong></span> <span class='ocrx_word' id='word_1_774' title='bbox 669 5185 682 5219; x_wconf 87' lang='lat'><strong>:</strong></span> <span class='ocrx_word' id='word_1_775' title='bbox 728 5164 1064 5229; x_wconf 82' lang='lat' dir='ltr'><strong>Interpretati</strong></span> <span class='ocrx_word' id='word_1_776' title='bbox 1101 5166 1282 5222; x_wconf 82' lang='lat' dir='ltr'><strong>Patres</strong></span> <span class='ocrx_word' id='word_1_777' title='bbox 1311 5167 1474 5221; x_wconf 82' lang='lat' dir='ltr'><strong>nostri</strong></span> <span class='ocrx_word' id='word_1_778' title='bbox 1499 5176 1620 5222; x_wconf 83' lang='lat' dir='ltr'><strong>sunt</strong></span> <span class='ocrx_word' id='word_1_779' title='bbox 1645 5175 1761 5235; x_wconf 82' lang='lat' dir='ltr'><strong>post</strong></span> <span class='ocrx_word' id='word_1_780' title='bbox 1778 5165 2031 5235; x_wconf 76' lang='lat' dir='ltr'><strong>synodum</strong></span> <span class='ocrx_word' id='word_1_781' title='bbox 2060 5164 2167 5219; x_wconf 81' lang='lat' dir='ltr'><strong>Ni-</strong></span> 
     </span>
    </p>
   </div>
   <div class='ocr_carea' id='block_1_98' title="bbox 574 5236 2167 5319">
    <p class='ocr_par' dir='ltr' id='par_1_98' title="bbox 574 5236 2167 5319">
     <span class='ocr_line' id='line_1_98' title="bbox 574 5236 2167 5319; baseline 0 -29"><span class='ocrx_word' id='word_1_782' title='bbox 574 5252 769 5291; x_wconf 80' lang='lat' dir='ltr'><strong>camom</strong></span> <span class='ocrx_word' id='word_1_783' title='bbox 794 5237 1048 5319; x_wconf 75' lang='lat' dir='ltr'><strong>ltomousii</strong></span> <span class='ocrx_word' id='word_1_784' title='bbox 1082 5240 1444 5309; x_wconf 84' lang='lat' dir='ltr'><strong>proprietatem</strong></span> <span class='ocrx_word' id='word_1_785' title='bbox 1466 5238 1722 5313; x_wconf 79' lang='lat' dir='ltr'><strong>religiose.</strong></span> <span class='ocrx_word' id='word_1_786' title='bbox 1782 5236 2004 5293; x_wconf 75' lang='lat' dir='ltr'><strong>Exstant</strong></span> <span class='ocrx_word' id='word_1_787' title='bbox 2024 5236 2167 5305; x_wconf 86' lang='lat' dir='ltr'><strong>libri,</strong></span> 
     </span>
    </p>
   </div>
   <div class='ocr_carea' id='block_1_99' title="bbox 574 5310 1091 5364">
    <p class='ocr_par' dir='ltr' id='par_1_99' title="bbox 574 5310 1091 5364">
     <span class='ocr_line' id='line_1_99' title="bbox 574 5310 1091 5364; baseline 0.002 -2"><span class='ocrx_word' id='word_1_788' title='bbox 574 5320 743 5363; x_wconf 85' lang='lat' dir='ltr'><strong>manet</strong></span> <span class='ocrx_word' id='word_1_789' title='bbox 761 5310 1091 5364; x_wconf 80' lang='lat' dir='ltr'><strong>conscientia.</strong></span> 
     </span>
    </p>
   </div>
   <div class='ocr_carea' id='block_1_100' title="bbox 605 5399 2173 5483">
    <p class='ocr_par' dir='ltr' id='par_1_100' title="bbox 605 5399 2173 5483">
     <span class='ocr_line' id='line_1_100' title="bbox 605 5399 2173 5483; baseline 0.002 -31"><span class='ocrx_word' id='word_1_790' title='bbox 605 5472 616 5483; x_wconf 77' lang='lat'>_</span> <span class='ocrx_word' id='word_1_791' title='bbox 647 5399 719 5483; x_wconf 64' lang='grc' dir='ltr'><strong>(ε)</strong></span> <span class='ocrx_word' id='word_1_792' title='bbox 765 5399 892 5455; x_wconf 84' lang='lat' dir='ltr'><strong>Bad.</strong></span> <span class='ocrx_word' id='word_1_793' title='bbox 925 5408 980 5454; x_wconf 91' lang='lat' dir='ltr'><strong>et</strong></span> <span class='ocrx_word' id='word_1_794' title='bbox 1007 5402 1120 5467; x_wconf 83' lang='lat' dir='ltr'><strong>Er.,</strong></span> <span class='ocrx_word' id='word_1_795' title='bbox 1154 5412 1441 5483; x_wconf 76' lang='lat' dir='ltr'><strong>auctorum.</strong></span> <span class='ocrx_word' id='word_1_796' title='bbox 1474 5405 1612 5483; x_wconf 83' lang='lat' dir='ltr'><strong>Lud.</strong></span> <span class='ocrx_word' id='word_1_797' title='bbox 1637 5403 1851 5461; x_wconf 71' lang='lat' dir='ltr'><strong>Mirazus</strong></span> <span class='ocrx_word' id='word_1_798' title='bbox 1876 5403 2173 5483; x_wconf 46' lang='lat' dir='ltr'><strong>atque_1_.a§</strong></span> 
     </span>
    </p>
   </div>
   <div class='ocr_carea' id='block_1_101' title="bbox 581 5474 2177 5546">
    <p class='ocr_par' dir='ltr' id='par_1_101' title="bbox 581 5474 2177 5546">
     <span class='ocr_line' id='line_1_101' title="bbox 581 5474 2177 5546; baseline 0.002 -21"><span class='ocrx_word' id='word_1_799' title='bbox 581 5474 787 5537; x_wconf 89' lang='lat' dir='ltr'><strong>tinius,</strong></span> <span class='ocrx_word' id='word_1_800' title='bbox 848 5487 1098 5529; x_wconf 86' lang='lat' dir='ltr'><strong>avorum:</strong></span> <span class='ocrx_word' id='word_1_801' title='bbox 1143 5478 1480 5546; x_wconf 87' lang='lat' dir='ltr'><strong>superiorum</strong></span> <span class='ocrx_word' id='word_1_802' title='bbox 1539 5478 1920 5540; x_wconf 88' lang='lat' dir='ltr'><strong>immemores,</strong></span> <span class='ocrx_word' id='word_1_803' title='bbox 1950 5474 2177 5545; x_wconf 34' lang='lat' dir='ltr'><strong>’quibns</strong></span> 
     </span>
    </p>
   </div>
   <div class='ocr_carea' id='block_1_102' title="bbox 579 5546 2178 5666">
    <p class='ocr_par' dir='ltr' id='par_1_102' title="bbox 579 5546 2178 5666">
     <span class='ocr_line' id='line_1_102' title="bbox 579 5546 2178 5666; baseline 0.008 -72"><span class='ocrx_word' id='word_1_804' title='bbox 579 5554 878 5666; x_wconf 55' lang='lat' dir='ltr'><strong>squctfrum</strong></span> <span class='ocrx_word' id='word_1_805' title='bbox 919 5546 1177 5601; x_wconf 76' lang='lat' dir='ltr'><strong>memoriis</strong></span> <span class='ocrx_word' id='word_1_806' title='bbox 1213 5546 1646 5605; x_wconf 77' lang='lat' dir='ltr'><strong>communicandi</strong></span> <span class='ocrx_word' id='word_1_807' title='bbox 1699 5558 2027 5620; x_wconf 65' lang='lat' dir='ltr'><strong>praeceptum</strong></span> <span class='ocrx_word' id='word_1_808' title='bbox 2084 5562 2178 5607; x_wconf 54' lang='lat' dir='ltr'><strong>ex:</strong></span> 
     </span>
     <span class='ocr_line' id='line_1_103' title="bbox 582 5626 830 5666; baseline 0 0"><span class='ocrx_word' id='word_1_809' title='bbox 582 5628 617 5666; x_wconf 76' lang='grc' dir='ltr'><strong>ι)</strong></span> <span class='ocrx_word' id='word_1_810' title='bbox 642 5628 720 5666; x_wconf 86' lang='lat' dir='ltr'><strong>ica</strong></span> <span class='ocrx_word' id='word_1_811' title='bbox 751 5626 830 5666; x_wconf 89' lang='lat' dir='ltr'><strong>ur.</strong></span> 
     </span>
    </p>
   </div>
   <div class='ocr_carea' id='block_1_103' title="bbox 582 5626 830 5680">
    <p class='ocr_par' dir='ltr' id='par_1_103' title="bbox 582 5626 830 5680">
     <span class='ocr_line' id='line_1_104' title="bbox 582 5626 830 5680; baseline 0.008 -14"><span class='ocrx_word' id='word_1_812' title='bbox 582 5626 830 5680; x_wconf 86' lang='lat' dir='ltr'><strong>pucatur.</strong></span> 
     </span>
    </p>
   </div>
   <div class='ocr_carea' id='block_1_104' title="bbox 665 5701 2183 5783">
    <p class='ocr_par' dir='ltr' id='par_1_104' title="bbox 665 5701 2183 5783">
     <span class='ocr_line' id='line_1_105' title="bbox 665 5701 2183 5783; baseline -0.007 -9"><span class='ocrx_word' id='word_1_813' title='bbox 665 5701 742 5783; x_wconf 20' lang='grc' dir='ltr'><strong>(νά)</strong></span> <span class='ocrx_word' id='word_1_814' title='bbox 761 5702 1049 5783; x_wconf 65' lang='lat' dir='ltr'><strong>1n,c_odi_cp</strong></span> <span class='ocrx_word' id='word_1_815' title='bbox 1088 5707 1339 5780; x_wconf 65' lang='lat' dir='ltr'><strong>basilicae</strong></span> <span class='ocrx_word' id='word_1_816' title='bbox 1367 5711 1640 5771; x_wconf 70' lang='lat' dir='ltr'><strong>Vaticana:</strong></span> <span class='ocrx_word' id='word_1_817' title='bbox 1682 5712 1769 5783; x_wconf 81' lang='lat' dir='ltr'><strong>hic</strong></span> <span class='ocrx_word' id='word_1_818' title='bbox 1792 5710 2090 5783; x_wconf 70' lang='lat' dir='ltr'><strong>absolvitur</strong></span> <span class='ocrx_word' id='word_1_819' title='bbox 2119 5708 2183 5765; x_wconf 81' lang='lat' dir='ltr'><strong>li-</strong></span> 
     </span>
    </p>
   </div>
   <div class='ocr_carea' id='block_1_105' title="bbox 597 5769 2184 5868">
    <p class='ocr_par' dir='ltr' id='par_1_105' title="bbox 597 5769 2184 5868">
     <span class='ocr_line' id='line_1_106' title="bbox 597 5769 2184 5868; baseline 0.007 -41"><span class='ocrx_word' id='word_1_820' title='bbox 597 5769 732 5827; x_wconf 57' lang='lat' dir='ltr'><strong>ber.</strong></span> <span class='ocrx_word' id='word_1_821' title='bbox 757 5769 1025 5844; x_wconf 84' lang='lat' dir='ltr'><strong>Quidquid</strong></span> <span class='ocrx_word' id='word_1_822' title='bbox 1056 5769 1235 5836; x_wconf 72' lang='lat' dir='ltr'><strong>autem</strong></span> <span class='ocrx_word' id='word_1_823' title='bbox 1267 5793 1517 5853; x_wconf 80' lang='lat' dir='ltr'><strong>superest</strong></span> <span class='ocrx_word' id='word_1_824' title='bbox 1544 5769 1795 5842; x_wconf 28' lang='lat' dir='ltr'><strong>ex&#39;libris</strong></span> <span class='ocrx_word' id='word_1_825' title='bbox 1825 5784 1893 5840; x_wconf 90' lang='lat' dir='ltr'><strong>de</strong></span> <span class='ocrx_word' id='word_1_826' title='bbox 1922 5782 2184 5868; x_wconf 82' lang='lat' dir='ltr'><strong>Trinitate</strong></span> 
     </span>
    </p>
   </div>
   <div class='ocr_carea' id='block_1_106' title="bbox 2266 4704 3813 4781">
    <p class='ocr_par' dir='ltr' id='par_1_106' title="bbox 2266 4704 3813 4781">
     <span class='ocr_line' id='line_1_107' title="bbox 2266 4704 3813 4781; baseline -0.008 -10"><span class='ocrx_word' id='word_1_827' title='bbox 2266 4714 2372 4771; x_wconf 90' lang='lat' dir='ltr'><strong>huc</strong></span> <span class='ocrx_word' id='word_1_828' title='bbox 2398 4712 2713 4770; x_wconf 87' lang='lat' dir='ltr'><strong>translatum</strong></span> <span class='ocrx_word' id='word_1_829' title='bbox 2742 4722 2857 4775; x_wconf 83' lang='lat' dir='ltr'><strong>est.</strong></span> <span class='ocrx_word' id='word_1_830' title='bbox 2909 4725 3013 4767; x_wconf 89' lang='lat' dir='ltr'><strong>nec</strong></span> <span class='ocrx_word' id='word_1_831' title='bbox 3038 4709 3171 4766; x_wconf 81' lang='lat' dir='ltr'><strong>satis</strong></span> <span class='ocrx_word' id='word_1_832' title='bbox 3210 4718 3337 4781; x_wconf 87' lang='lat' dir='ltr'><strong>apte</strong></span> <span class='ocrx_word' id='word_1_833' title='bbox 3377 4707 3646 4781; x_wconf 74' lang='lat' dir='ltr'><strong>adsutum.</strong></span> <span class='ocrx_word' id='word_1_834' title='bbox 3699 4704 3813 4776; x_wconf 85' lang='lat' dir='ltr'><strong>Quo-</strong></span> 
     </span>
    </p>
   </div>
   <div class='ocr_carea' id='block_1_107' title="bbox 2269 4780 3705 4856">
    <p class='ocr_par' dir='ltr' id='par_1_107' title="bbox 2269 4780 3705 4856">
     <span class='ocr_line' id='line_1_108' title="bbox 2269 4780 3705 4856; baseline -0.008 -12"><span class='ocrx_word' id='word_1_835' title='bbox 2269 4788 2407 4843; x_wconf 86' lang='lat' dir='ltr'><strong>circa</strong></span> <span class='ocrx_word' id='word_1_836' title='bbox 2450 4800 2637 4856; x_wconf 90' lang='lat' dir='ltr'><strong>parum</strong></span> <span class='ocrx_word' id='word_1_837' title='bbox 2668 4783 2838 4839; x_wconf 87' lang='lat' dir='ltr'><strong>abfuit</strong></span> <span class='ocrx_word' id='word_1_838' title='bbox 2863 4780 2990 4854; x_wconf 87' lang='lat' dir='ltr'><strong>quin</strong></span> <span class='ocrx_word' id='word_1_839' title='bbox 3023 4780 3255 4837; x_wconf 85' lang='lat' dir='ltr'><strong>omnino</strong></span> <span class='ocrx_word' id='word_1_840' title='bbox 3268 4780 3705 4853; x_wconf 88' lang='lat' dir='ltr'><strong>supprimeretur.</strong></span> 
     </span>
    </p>
   </div>
   <div class='ocr_carea' id='block_1_108' title="bbox 2343 4877 2969 4954">
    <p class='ocr_par' dir='ltr' id='par_1_108' title="bbox 2343 4877 2969 4954">
     <span class='ocr_line' id='line_1_109' title="bbox 2343 4877 2969 4954; baseline -0.006 -19"><span class='ocrx_word' id='word_1_841' title='bbox 2343 4877 2416 4954; x_wconf 75' lang='grc' dir='ltr'><strong>(ο)</strong></span> <span class='ocrx_word' id='word_1_842' title='bbox 2452 4877 2623 4935; x_wconf 84' lang='lat' dir='ltr'><strong>Abest</strong></span> <span class='ocrx_word' id='word_1_843' title='bbox 2647 4893 2758 4933; x_wconf 74' lang='lat' dir='ltr'><strong>esse</strong></span> <span class='ocrx_word' id='word_1_844' title='bbox 2780 4892 2810 4931; x_wconf 84' lang='lat' dir='ltr'><strong>a</strong></span> <span class='ocrx_word' id='word_1_845' title='bbox 2838 4890 2969 4932; x_wconf 83' lang='lat' dir='ltr'><strong>mss.</strong></span> 
     </span>
    </p>
   </div>
   <div class='ocr_carea' id='block_1_109' title="bbox 2341 4960 3816 5047">
    <p class='ocr_par' dir='ltr' id='par_1_109' title="bbox 2341 4960 3816 5047">
     <span class='ocr_line' id='line_1_110' title="bbox 2341 4960 3816 5047; baseline -0.007 -20"><span class='ocrx_word' id='word_1_846' title='bbox 2341 4972 2411 5047; x_wconf 68' lang='grc' dir='ltr'><strong>(ί)</strong></span> <span class='ocrx_word' id='word_1_847' title='bbox 2452 4969 2650 5026; x_wconf 81' lang='lat' dir='ltr'><strong>Excusi</strong></span> <span class='ocrx_word' id='word_1_848' title='bbox 2698 4969 2785 5026; x_wconf 89' lang='lat' dir='ltr'><strong>hic</strong></span> <span class='ocrx_word' id='word_1_849' title='bbox 2832 4968 3158 5041; x_wconf 86' lang='lat' dir='ltr'><strong>adjiciebant</strong></span> <span class='ocrx_word' id='word_1_850' title='bbox 3190 4982 3428 5041; x_wconf 81' lang='lat' dir='ltr'><strong>semper:</strong></span> <span class='ocrx_word' id='word_1_851' title='bbox 3474 4960 3816 5035; x_wconf 85' lang='lat' dir='ltr'><strong>refragantibus</strong></span> 
     </span>
    </p>
   </div>
   <div class='ocr_carea' id='block_1_110' title="bbox 2272 5060 3814 5227">
    <p class='ocr_par' dir='ltr' id='par_1_110' title="bbox 2272 5060 3814 5227">
     <span class='ocr_line' id='line_1_111' title="bbox 2272 5060 3814 5227; baseline -0.014 -23"><span class='ocrx_word' id='word_1_852' title='bbox 2567 5133 2697 5195; x_wconf 83' lang='lat' dir='ltr'><strong>Bad.</strong></span> <span class='ocrx_word' id='word_1_853' title='bbox 2727 5148 2782 5195; x_wconf 89' lang='lat' dir='ltr'><strong>et</strong></span> <span class='ocrx_word' id='word_1_854' title='bbox 2812 5135 2905 5194; x_wconf 83' lang='lat' dir='ltr'><strong>Er.</strong></span> <span class='ocrx_word' id='word_1_855' title='bbox 2932 5145 2991 5193; x_wconf 90' lang='lat' dir='ltr'><strong>ut</strong></span> <span class='ocrx_word' id='word_1_856' title='bbox 3012 5136 3108 5191; x_wconf 85' lang='lat' dir='ltr'><strong>lib.</strong></span> <span class='ocrx_word' id='word_1_857' title='bbox 3138 5133 3205 5192; x_wconf 87' lang='lat' dir='ltr'><strong>de</strong></span> <span class='ocrx_word' id='word_1_858' title='bbox 3235 5132 3388 5191; x_wconf 88' lang='lat' dir='ltr'><strong>Trin.</strong></span> <span class='ocrx_word' id='word_1_859' title='bbox 3419 5134 3525 5191; x_wconf 79' lang='lat' dir='ltr'><strong>Alii</strong></span> <span class='ocrx_word' id='word_1_860' title='bbox 3563 5145 3681 5188; x_wconf 79' lang='lat' dir='ltr'><strong>vero</strong></span> <span class='ocrx_word' id='word_1_861' title='bbox 3707 5126 3814 5192; x_wconf 87' lang='lat' dir='ltr'><strong>libri,</strong></span> 
     </span>
    </p>
   </div>
   <div class='ocr_carea' id='block_1_111' title="bbox 2276 5215 2594 5285">
    <p class='ocr_par' dir='ltr' id='par_1_111' title="bbox 2276 5215 2594 5285">
     <span class='ocr_line' id='line_1_112' title="bbox 2276 5215 2594 5285; baseline -0.006 -17"><span class='ocrx_word' id='word_1_862' title='bbox 2276 5215 2594 5285; x_wconf 82' lang='lat' dir='ltr'><strong>religionem.</strong></span> 
     </span>
    </p>
   </div>
   <div class='ocr_carea' id='block_1_112' title="bbox 2352 5297 3818 5378">
    <p class='ocr_par' dir='ltr' id='par_1_112' title="bbox 2352 5297 3818 5378">
     <span class='ocr_line' id='line_1_113' title="bbox 2352 5297 3818 5378; baseline -0.009 -19"><span class='ocrx_word' id='word_1_863' title='bbox 2352 5306 2432 5378; x_wconf 79' lang='lat' dir='ltr'><strong>(It)</strong></span> <span class='ocrx_word' id='word_1_864' title='bbox 2466 5307 2618 5371; x_wconf 83' lang='lat' dir='ltr'><strong>Mss.,</strong></span> <span class='ocrx_word' id='word_1_865' title='bbox 2644 5309 2939 5378; x_wconf 61' lang='lat' dir='ltr'><strong>necesscest</strong></span> <span class='ocrx_word' id='word_1_866' title='bbox 2966 5315 3083 5355; x_wconf 88' lang='lat' dir='ltr'><strong>cum</strong></span> <span class='ocrx_word' id='word_1_867' title='bbox 3109 5314 3168 5353; x_wconf 89' lang='lat' dir='ltr'><strong>eo</strong></span> <span class='ocrx_word' id='word_1_868' title='bbox 3192 5298 3344 5378; x_wconf 62' lang='lat' dir='ltr'><strong>cujus</strong></span> <span class='ocrx_word' id='word_1_869' title='bbox 3368 5297 3545 5378; x_wconf 60' lang='grc' dir='ltr'><strong>ἱ-τζιαρο</strong></span> <span class='ocrx_word' id='word_1_870' title='bbox 3573 5304 3660 5377; x_wconf 71' lang='lat' dir='ltr'><strong>est.</strong></span> <span class='ocrx_word' id='word_1_871' title='bbox 3673 5306 3818 5378; x_wconf 59' lang='grc' dir='ltr'><strong>ξοκῴ</strong></span> 
     </span>
    </p>
   </div>
   <div class='ocr_carea' id='block_1_113' title="bbox 2283 5356 3815 5448">
    <p class='ocr_par' dir='ltr' id='par_1_113' title="bbox 2283 5356 3815 5448">
     <span class='ocr_line' id='line_1_114' title="bbox 2283 5356 3815 5448; baseline -0.011 -17"><span class='ocrx_word' id='word_1_872' title='bbox 2283 5356 2926 5448; x_wconf 28' lang='lat' dir='ltr'><strong>quat—ursinaelvl’ejus</strong></span> <span class='ocrx_word' id='word_1_873' title='bbox 2948 5381 3133 5448; x_wconf 76' lang='lat' dir='ltr'><strong>autem</strong></span> <span class='ocrx_word' id='word_1_874' title='bbox 3173 5356 3301 5448; x_wconf 73' lang='lat' dir='ltr'><strong>editi</strong></span> <span class='ocrx_word' id='word_1_875' title='bbox 3334 5409 3348 5433; x_wconf 93' lang='lat'><strong>,</strong></span> <span class='ocrx_word' id='word_1_876' title='bbox 3378 5356 3515 5423; x_wconf 67' lang='lat' dir='ltr'><strong>Tum</strong></span> <span class='ocrx_word' id='word_1_877' title='bbox 3553 5356 3815 5448; x_wconf 50' lang='lat' dir='ltr'><strong>mitiﬁcant</strong></span> 
     </span>
    </p>
   </div>
   <div class='ocr_carea' id='block_1_114' title="bbox 2283 5442 3814 5520">
    <p class='ocr_par' dir='ltr' id='par_1_114' title="bbox 2283 5442 3814 5520">
     <span class='ocr_line' id='line_1_115' title="bbox 2283 5442 3814 5520; baseline -0.014 -14"><span class='ocrx_word' id='word_1_878' title='bbox 2283 5442 2435 5520; x_wconf 77' lang='lat' dir='ltr'><strong>atque</strong></span> <span class='ocrx_word' id='word_1_879' title='bbox 2460 5450 2625 5504; x_wconf 74' lang='lat' dir='ltr'><strong>verbis</strong></span> <span class='ocrx_word' id='word_1_880' title='bbox 2650 5442 2925 5517; x_wconf 80' lang='lat' dir='ltr'><strong>imaginem</strong></span> <span class='ocrx_word' id='word_1_881' title='bbox 2949 5442 3395 5511; x_wconf 62' lang='lat' dir='ltr'><strong>apprehenderat“</strong></span> <span class='ocrx_word' id='word_1_882' title='bbox 3415 5452 3616 5495; x_wconf 66' lang='lat' dir='ltr'><strong>necesse</strong></span> <span class='ocrx_word' id='word_1_883' title='bbox 3640 5445 3814 5498; x_wconf 54' lang='lat' dir='ltr'><strong>catmum</strong></span> 
     </span>
    </p>
   </div>
   <div class='ocr_carea' id='block_1_115' title="bbox 2283 5522 3280 5595">
    <p class='ocr_par' dir='ltr' id='par_1_115' title="bbox 2283 5522 3280 5595">
     <span class='ocr_line' id='line_1_116' title="bbox 2283 5522 3280 5595; baseline -0.01 -20"><span class='ocrx_word' id='word_1_884' title='bbox 2283 5537 2397 5575; x_wconf 82' lang='lat' dir='ltr'><strong>eum</strong></span> <span class='ocrx_word' id='word_1_885' title='bbox 2419 5524 2570 5595; x_wconf 86' lang='lat' dir='ltr'><strong>cujus</strong></span> <span class='ocrx_word' id='word_1_886' title='bbox 2593 5522 2765 5590; x_wconf 75' lang='lat' dir='ltr'><strong>imago</strong></span> <span class='ocrx_word' id='word_1_887' title='bbox 2791 5526 2864 5573; x_wconf 78' lang='lat' dir='ltr'><strong>est</strong></span> <span class='ocrx_word' id='word_1_888' title='bbox 2892 5526 3280 5585; x_wconf 73' lang='lat' dir='ltr'><strong>consequemur.</strong></span> 
     </span>
    </p>
   </div>
   <div class='ocr_carea' id='block_1_116' title="bbox 2360 5602 3813 5688">
    <p class='ocr_par' dir='ltr' id='par_1_116' title="bbox 2360 5602 3813 5688">
     <span class='ocr_line' id='line_1_117' title="bbox 2360 5602 3813 5688; baseline -0.01 -19"><span class='ocrx_word' id='word_1_889' title='bbox 2360 5614 2422 5688; x_wconf 92' lang='lat' dir='ltr'><strong>(i)</strong></span> <span class='ocrx_word' id='word_1_890' title='bbox 2472 5615 2642 5682; x_wconf 86' lang='lat' dir='ltr'><strong>Editi,</strong></span> <span class='ocrx_word' id='word_1_891' title='bbox 2689 5611 2852 5688; x_wconf 77' lang='lat' dir='ltr'><strong>Credo</strong></span> <span class='ocrx_word' id='word_1_892' title='bbox 2901 5607 3446 5688; x_wconf 71' lang='lat' dir='ltr'><strong>Thomaz,__ctc.Mss_.,</strong></span> <span class='ocrx_word' id='word_1_893' title='bbox 3477 5607 3619 5663; x_wconf 75' lang='lat' dir='ltr'><strong>Certe</strong></span> <span class='ocrx_word' id='word_1_894' title='bbox 3638 5602 3813 5688; x_wconf 63' lang='lat' dir='ltr'><strong>Thomas</strong></span> 
     </span>
    </p>
   </div>
   <div class='ocr_carea' id='block_1_117' title="bbox 2285 5674 3750 5755">
    <p class='ocr_par' dir='ltr' id='par_1_117' title="bbox 2285 5674 3750 5755">
     <span class='ocr_line' id='line_1_118' title="bbox 2285 5674 3750 5755; baseline -0.01 -12"><span class='ocrx_word' id='word_1_895' title='bbox 2285 5674 2515 5743; x_wconf 60' lang='lat' dir='ltr'><strong>uou&#39;nisl</strong></span> <span class='ocrx_word' id='word_1_896' title='bbox 2546 5674 2791 5741; x_wconf 65' lang='lat' dir='ltr'><strong>contactis</strong></span> <span class='ocrx_word' id='word_1_897' title='bbox 2818 5689 2927 5751; x_wconf 82' lang='lat' dir='ltr'><strong>cius</strong></span> <span class='ocrx_word' id='word_1_898' title='bbox 2954 5674 3249 5738; x_wconf 79' lang='lat' dir='ltr'><strong>vulneribus</strong></span> <span class='ocrx_word' id='word_1_899' title='bbox 3275 5680 3584 5738; x_wconf 77' lang='lat' dir='ltr'><strong>crediturum</strong></span> <span class='ocrx_word' id='word_1_900' title='bbox 3608 5692 3657 5755; x_wconf 71' lang='lat' dir='ltr'><strong>se</strong></span> <span class='ocrx_word' id='word_1_901' title='bbox 3678 5674 3750 5729; x_wconf 83' lang='lat' dir='ltr'><strong>ait.</strong></span> 
     </span>
    </p>
   </div>
   <div class='ocr_carea' id='block_1_118' title="bbox 2355 5778 2975 5857">
    <p class='ocr_par' dir='ltr' id='par_1_118' title="bbox 2355 5778 2975 5857">
     <span class='ocr_line' id='line_1_119' title="bbox 2355 5778 2975 5857; baseline -0.044 1"><span class='ocrx_word' id='word_1_902' title='bbox 2355 5779 2427 5857; x_wconf 66' lang='grc' dir='ltr'><strong>(Ι)</strong></span> <span class='ocrx_word' id='word_1_903' title='bbox 2454 5778 2511 5841; x_wconf 73' lang='lat' dir='ltr'><strong>In</strong></span> <span class='ocrx_word' id='word_1_904' title='bbox 2542 5795 2701 5856; x_wconf 65' lang='lat' dir='ltr'><strong>mss,,</strong></span> <span class='ocrx_word' id='word_1_905' title='bbox 2729 5779 2975 5853; x_wconf 67' lang='lat' dir='ltr'><strong>ﬁxuram.</strong></span> 
     </span>
    </p>
   </div>
  </div>
