3936 6196
81 313 175 368 605

1016 307 1393 366 ADMONITIU
1431 308 1495 366 IN
1536 309 1664 365 LIB.
1708 309 1911 368 CONT.
1955 311 2382 375 AUXENTIUM.

3250 327 3354 381 (illi

81 424 302 483 hitationi
354 422 652 479 inﬁdelium
707 421 1105 495 satisfacturos,
1153 439 1409 481 arcanum
1449 424 1661 480 virtutis
1685 431 1738 495 Α
1764 428 2006 500 perfecto
2028 432 2137 503 Deo
2161 444 2313 505 patre
2337 436 2643 508 unigenitus
2671 448 2726 495 et
2757 440 3023 511 perlectus
3050 433 3188 499 tili‘ns
3217 443 3358 501 Deus

83 514 345 576 invisibilis
369 527 665 587 operatur:
700 515 828 572 l‘aeti
854 515 1141 587 rationem,
1175 518 1419 589 quisquis
1448 516 1523 590 (α)
1555 517 1662 572 eris

81 611 365 671 caelestium
401 626 584 666 rerum
617 620 907 679 scrutator,
946 626 1177 682 expone.
1210 610 1382 668 Erant
1411 608 1660 683 discipuli

83 705 273 770 inclusi,
321 712 377 760 et
419 716 634 762 secreto
663 718 782 779 post
810 708 1115 778 passionem
1143 706 1358 763 Domini
1386 708 1661 777 conjuncti

84 798 439 855 consederant.
470 798 734 855 Dominus
766 800 989 856 Thomas
1020 802 1179 856 [idem
1212 800 1504 874 propositis
1530 816 1661 857 con-

83 892 350 948 ditionibus
377 891 793 948 conﬁrmaturus
821 894 1049 962 assistit,
1104 895 1356 966 palpandi
1387 896 1657 967 corporis,

83 996 130 1041 et
156 984 513 1040 contrectandi
543 984 782 1041 vulneris
808 987 1001 1043 obtulit
1020 986 1325 1042 facultatem
1353 1004 1367 1042 :
1397 997 1450 1042 et
1480 987 1661 1058 utique

83 1078 158 1149 qui
184 1088 535 1147 compunctus
563 1080 1032 1149 recognoscendus
1074 1082 1164 1147 sit,
1216 1096 1440 1137 necesse
1475 1089 1558 1137 est
1604 1094 1661 1138 ut

84 1188 259 1245 corpus
287 1173 338 1228 in
371 1188 479 1243 quo
510 1184 592 1229 est
620 1186 971 1245 compunctus
996 1176 1256 1231 attulerit.
1288 1176 1485 1244 Qner
1531 1192 1660 1247 ergo

83 1282 165 1337 per
198 1280 326 1337 quas
350 1265 551 1320 elausm
580 1266 772 1322 domus
806 1277 984 1338 partes
1008 1284 1130 1325 sese
1175 1284 1471 1339 corporeus
1517 1268 1661 1325 intu-

84 1359 214 1415 lerit.
237 1358 532 1430 Diligenter
560 1359 703 1415 enim
732 1358 1074 1432 EVangelista
1105 1358 1389 1432 expressit,
1424 1362 1610 1418 dicens
1642 1378 1656 1415 :

88 1454 218 1508 Venit
260 1451 414 1508 Iesus
431 1455 611 1526 januis
657 1454 865 1522 clausis,
893 1465 938 1509 et
969 1454 1102 1509 stetit
1131 1456 1183 1509 in
1222 1456 1387 1510 medio
1431 1455 1660 1527 discipu-

83 1550 226 1604 lorum
251 1546 320 1621 (ὁ)
341 1565 553 1603 suorum
580 1542 771 1621 (lbid.,
798 1547 916 1621 ‘26).
949 1551 1032 1605 An
1056 1558 1361 1605 constructa
1394 1549 1658 1620 parietum

85 1653 374 1714 penetrans,
415 1642 644 1697 solidam
679 1642 945 1713 lignorum
977 1651 1222 1698 naturam
1267 1641 1658 1714 impenetrabi-

83 1738 172 1791 lein
203 1733 554 1791 transcurrit?
594 1734 754 1790 Stetit
786 1749 1017 1805 namque
1062 1750 1375 1804 corporeus,
1431 1749 1541 1790 non
1587 1733 1661 1788 si—

1764 530 1922 577 natns
1952 526 2040 593 sit,
2072 526 2194 596 quia
2224 541 2441 586 sensum
2469 538 2523 585 et
2544 546 2850 589 sermonem
2877 534 3128 590 humana:
3154 546 3359 593 natura:

1763 615 1933 670 virtus
1961 619 2326 687 generationis
2354 622 2600 681 excedat.

1833 708 1924 764 δί.
1959 709 2045 766 Ea:
2093 730 2236 768 num.
2283 714 2375 772 21.
2412 717 2481 772 Et
2508 718 2691 775 omnia
2714 719 2927 790 quidem
2957 722 3178 794 insuper
3208 740 3364 780 mun-

1763 798 1821 855 di
1871 816 2037 873 opera
2084 805 2275 862 adesse
2304 807 2460 863 nobis
2507 810 2560 864 in
2600 811 2965 869 testimonium
2997 826 3241 885 possent,
3291 834 3360 874 ne

1762 893 2037 965 ambigere
2082 896 2149 952 de
2181 896 2274 952 Dei
2307 899 2467 955 rebus
2487 911 2646 970 atque
2675 903 2960 960 virtutibus
2990 905 3072 961 l'as
3102 909 3357 965 credere-

1764 1000 1905 1039 mus.
1939 985 2047 1042 Sed
2077 989 2127 1042 in
2175 989 2347 1056 ipsam
2379 993 2655 1048 veritatem
2692 996 2981 1052 inﬁdelitas
3005 1008 3183 1055 nostra
3231 1016 3357 1070 pro-

1762 1078 1955 1141 currit,
1986 1087 2039 1132 et
2069 1078 2288 1135 violenti
2316 1082 2368 1136 in
2408 1084 2674 1140 excidium
2713 1085 2807 1145 Dei
2840 1090 3116 1158 potestatis
3160 1090 3358 1147 irrum-

1763 1167 1959 1241 pimus.
2011 1170 2067 1226 Si
2114 1170 2325 1241 liceret,
2371 1185 2425 1231 et
2474 1190 2699 1246 corpora
2746 1186 2800 1232 et
2847 1194 3039 1236 manus
3067 1181 3132 1237 ad
3160 1183 3357 1238 coelum

1763 1261 2091 1332 levaremus,
2122 1264 2292 1323 solem
2323 1277 2575 1339 astraque
2604 1279 2798 1325 emtera
2840 1271 3006 1326 annui
3032 1288 3223 1331 cursiis
3249 1276 3361 1329 suis

1763 1355 2025 1414 limitibus
2087 1360 2550 1431 proturbaremus,
2604 1365 3053 1432 permisceremus
3105 1366 3362 1423 decessus

1762 1449 1962 1507 Oceani
1992 1461 2047 1508 et
2090 1467 2360 1520 accessus,
2395 1454 2590 1511 ﬂuenta
2639 1457 2801 1512 etiam
2835 1459 3057 1514 fontium
3089 1459 3361 1517 inhibere-

1762 1559 1905 1613 mus,
1934 1553 1988 1601 et
2017 1554 2232 1602 naturas
2257 1546 2541 1603 ﬂuminum
2571 1548 2920 1618 referremus,
2942 1562 3360 1610 concuterenius

1761 1635 2108 1693 fundamenta
2141 1650 2319 1706 terra,
2352 1650 2406 1696 et
2447 1651 2561 1695 toto
2589 1641 2641 1698 in
2692 1642 2810 1699 haec
2853 1659 3014 1716 opera
3058 1645 3151 1703 Dei
3193 1648 3358 1717 parri.

1762 1729 1903 1784 citlio
1951 1729 2356 1787 deszeviremus.
2410 1732 2520 1788 Sed
2565 1733 2707 1790 bene
2752 1743 2856 1801 est,
2904 1736 3046 1807 quod
3095 1752 3194 1792 nos
3219 1741 3357 1796 intra

81 1834 288 1888 mulalus
318 1841 411 1888 aut
446 1831 635 1889 fallax,
668 1832 974 1904 Sequuntur
1000 1847 1131 1903 ergo
1159 1830 1301 1887 oculi
1328 1831 1523 1887 mentis
1552 1840 1657 1885 tum
1687 1824 1735 1886 B
1763 1823 1901 1878 lianc
1940 1822 2220 1879 modestia:
2250 1830 2629 1884 necessitatem
2660 1839 2851 1885 natura
2887 1845 3172 1902 corporum
3219 1833 3359 1888 deti-

80 1928 392 1999 penetrantis
432 1926 758 1998 ingressum,
788 1936 843 1982 et
885 1941 1007 1982 cum
1047 1940 1113 1979 eo
1153 1926 1388 1980 clausam
1433 1921 1655 1979 domum

83 2022 430 2093 intelligentia}
461 2031 564 2077 tuac
602 2022 749 2078 visus
781 2021 1032 2077 introeat.
1062 2021 1275 2091 Integra
1321 2028 1446 2075 sunt
1476 2018 1657 2074 omnia

78 2124 123 2171 et
161 2115 443 2171 obserata:
493 2113 588 2170 sed
621 2128 748 2171 ecce
773 2115 975 2170 assistit
1021 2113 1252 2180 medius,
1296 2111 1382 2166 cui
1428 2126 1521 2181 per
1547 2112 1658 2166 vir-

83 2217 228 2263 tutem
269 2222 424 2263 suam
471 2207 721 2264 universa
766 2215 893 2262 sunt
921 2206 1126 2278 pervia.
1174 2202 1533 2259 lnvisibilibus
1561 2217 1656 2257 ca-

78 2299 381 2355 lumniaris:
428 2314 530 2371 ego
579 2316 611 2355 a
659 2309 710 2355 te
758 2299 1047 2355 visibilium
1096 2313 1329 2369 exposco
1368 2296 1652 2354 rationem.

74 2394 194 2449 Nihil
219 2393 362 2451 cedit
389 2409 458 2453 ex
491 2393 691 2461 solido,
741 2409 915 2467 neque
960 2408 1057 2464 per
1098 2400 1339 2446 naturam
1370 2406 1523 2447 suam
1554 2388 1655 2444 ali-

77 2490 182 2559 quid
229 2499 497 2560 tamquam
545 2489 697 2560 lapsu
744 2487 1046 2544 insensibili
1077 2487 1217 2558 ligna
1243 2497 1295 2542 ct
1325 2485 1527 2556 lapides
1561 2484 1657 2538 atl-

77 2585 290 2640 niittunt.
322 2581 534 2655 Corpus
566 2582 778 2639 Domini
808 2598 838 2638 a
884 2597 1008 2638 sese
1038 2596 1145 2637 non
1175 2580 1381 2646 deiicit,
1428 2588 1485 2635 ut
1534 2594 1656 2635 sese

75 2687 289 2734 resumat
329 2693 399 2739 ex
447 2676 619 2735 nihilo
665 2695 679 2731 :
729 2685 784 2732 et
830 2676 970 2732 unde
1001 2676 1090 2747 qui
1133 2675 1336 2731 assistit
1378 2674 1430 2728 in
1475 2673 1656 2731 medio

76 2772 177 2827 est?
202 2771 355 2829 Cedit
380 2770 447 2827 ad
480 2770 600 2827 hanc
632 2780 689 2827 et
716 2786 909 2829 sensus
929 2778 985 2826 et
1013 2785 1214 2834 sermo,
1233 2767 1399 2842 586
1422 2777 1477 2824 et
1502 2777 1655 2825 extra

73 2867 312 2922 rationem
357 2865 649 2921 humanam
678 2872 763 2920 est
806 2864 1005 2919 veritas
1030 2862 1178 2918 facti.
1207 2862 1412 2918 Idcirco
1442 2850 1570 2932 ergo
1598 2870 1656 2917 ut

72 2957 128 3015 de
150 2959 419 3015 nativitate
447 2956 527 3031 (c)
561 2957 817 3025 fallimus,
852 2957 925 3013 ita
954 2968 1006 3011 et
1033 2957 1103 3013 de
1150 2956 1395 3028 ingressu
1442 2957 1652 3013 Domini

75 3053 394 3107 mentiamur.
451 3050 705 3105 Dicamus
752 3049 951 3105 factum
994 3066 1100 3105 non
1129 3050 1313 3115 tuisse,
1343 3049 1466 3119 quia
1498 3048 1657 3104 intel-

72 3144 319 3215 ligentiam
372 3143 501 3199 facti
557 3159 664 3199 non
726 3142 1244 3213 apprehendimus;
1304 3150 1358 3197 et
1407 3149 1654 3197 cessante

1762 1926 1873 1972 net.
1907 1914 2069 1974 Certe
2115 1934 2224 1974 non
2269 1918 2526 1991 fallimus,
2574 1921 2724 1993 quid,
2766 1923 2813 1978 si
2857 1924 3069 1991 liceret,
3116 1941 3358 1982 essemus

1760 2013 1930 2068 acturi
1959 2030 1972 2067 :
2000 2028 2236 2085 namque
2280 2014 2402 2084 quia
2433 2013 2503 2089 (ε)
2555 2029 2863 2084 possumus,
2913 2014 3137 2087 profana
3168 2016 3360 2072 volun-

1760 2106 1883 2160 tatis
1912 2105 2133 2161 audacia
2161 2116 2404 2162 naturam
2447 2109 2692 2164 veritatis
2720 2108 3096 2179 convellimus,
3142 2117 3201 2167 et
3243 2110 3359 2166 bel-

1760 2196 1869 2252 lum
1902 2196 2063 2251 dietis
2092 2199 2185 2253 Dei
2213 2213 2613 2269 comparamus.
3160 2192 3163 2195 ¹

1828 2289 1917 2344 55.
1947 2287 2030 2344 Ex
2061 2290 2150 2345 lib.
2190 2306 2226 2345 ll
2273 2292 2336 2345 de
2378 2290 2526 2346 Trin.
2566 2310 2619 2347 n.
2653 2294 2706 2350 9.
2740 2293 2929 2349 Cesset
2957 2293 3118 2351 dolor
3164 2311 3358 2368 quere-

1758 2381 1952 2439 larum.
1984 2382 2117 2440 Nam
2153 2394 2225 2453 te,
2264 2386 2506 2456 quisquis
2547 2402 2605 2443 es
2635 2386 2724 2458 qui
2771 2386 2889 2442 haec
2938 2390 3201 2459 requires,
3248 2405 3357 2446 non

1759 2491 1954 2533 revoco
1998 2478 2049 2532 in
2097 2478 2394 2545 excelsum,
2448 2495 2556 2537 non
2607 2479 2659 2535 in
2713 2478 3119 2550 amplitudinem
3169 2482 3354 2551 tendo,

1759 2588 1867 2628 non
1889 2572 2095 2628 deduco
2124 2574 2175 2628 in
2200 2573 2544 2644 profundum.
2577 2572 2768 2629 Nonne
2790 2575 3161 2645 aequanimiter
3204 2577 3358 2647 igno-

1759 2664 1903 2721 rabis
1928 2665 2201 2722 Creatoris
2230 2666 2588 2734 nativitatem,
2615 2666 2868 2738 ignorans
2893 2667 3156 2741 originem
3204 2683 3356 2725 crea-

1759 2759 1933 2814 tura?
1980 2758 2093 2815 Hoc
2138 2759 2328 2816 saltem
2374 2760 2613 2829 requiro,
2647 2760 2885 2817 sentisne
2914 2769 2965 2817 te
2993 2763 3257 2832 genitum,
3301 2771 3358 2818 et

1760 2866 1878 2921 qum
1910 2865 1974 2906 ex
2004 2860 2054 2906 te
2081 2861 2408 2923 generentur
2436 2851 2728 2921 intelligis?
2754 2851 2870 2907 Non
2897 2868 3102 2923 quaero,
3134 2869 3352 2909 sensum

1757 2944 1900 3000 unde
1947 2943 2212 3010 hauseris,
2263 2942 2428 2999 vitam
2476 2944 2618 3001 unde
2663 2944 2884 3000 sortitus
2922 2945 3016 3014 sis,
3048 2945 3355 3018 intelligen—

1759 3037 1885 3090 tiam
1915 3036 2056 3094 unde
2084 3037 2309 3109 adeptus
2341 3037 2437 3103 sis,
2461 3038 2620 3109 quale
2647 3038 2716 3093 sit
2743 3038 2886 3110 quod
2912 3039 2965 3094 in
2995 3049 3045 3095 te
3074 3050 3176 3107 est,
3194 3041 3348 3108 odor,

1757 3144 1974 3197 sensus,
2010 3131 2180 3196 visus,
2207 3131 2448 3197 auditus;
2478 3141 2625 3187 certe
2651 3147 2812 3187 nemo
2834 3133 2974 3201 quod
2994 3132 3121 3189 facit
3146 3136 3312 3189 nescit
3336 3151 3349 3187 :

74 3253 216 3296 sensu
245 3248 458 3305 nostro,
507 3237 635 3293 facti
681 3236 851 3308 ipsius
878 3245 1055 3294 cesset
1080 3234 1323 3305 effectus.
1352 3234 1457 3291 Sed
1497 3249 1653 3289 men-
1679 3214 1724 3277 C
1758 3240 1944 3297 (ιιιίῐδνο
1972 3225 2111 3280 unde
2137 3225 2235 3280 ista
2271 3226 2351 3280 his
2381 3226 2449 3298 (fl
2483 3241 2618 3297 quos
2652 3241 2879 3297 generas
2903 3225 3198 3296 indulgeas,
3222 3242 3355 3297 qua-

78 3332 267 3387 daciuni
297 3342 543 3387 nostrum
575 3328 699 3385 facti
728 3329 861 3384 ﬁdes
901 3329 1087 3383 vineit.
1134 3327 1353 3383 Adstitit
1400 3327 1654 3382 Dominus

76 3427 237 3483 clausa
279 3426 442 3483 domo
491 3428 545 3480 in
594 3424 773 3480 medio
818 3424 1246 3492 discipulorum:
1280 3430 1336 3476 et
1374 3420 1545 3477 Filius
1572 3429 1656 3475 cst

74 3532 212 3576 natus
257 3535 323 3576 ex
370 3519 550 3575 Patre.
599 3516 717 3572 Noli
751 3531 947 3588 negare
976 3516 1118 3586 quod
1147 3513 1376 3579 steterit,
1405 3512 1529 3583 quia
1560 3528 1655 3582 per

74 3613 414 3682 intelligentiae
458 3609 824 3666 inﬁrmitatem
874 3607 1221 3664 consistentis
1259 3619 1367 3659 non
1397 3604 1476 3677 (ά)
1521 3618 1655 3660 con-

76 3706 296 3775 sequaris
315 3705 599 3761 introitum
643 3719 657 3757 :
692 3701 800 3758 noli
825 3698 1036 3757 nescire
1063 3697 1205 3771 quod
1236 3698 1304 3753 ab
1333 3697 1568 3769 ingenito
1596 3705 1651 3753 et

132 3840 201 3912 (α)
234 3840 382 3908 Mss.,
412 3838 642 3912 quisquis
672 3836 854 3912 Intres.

133 3908 202 3980 (ὁ)
242 3914 332 3968 llic
358 3927 387 3966 a
415 3908 550 3966 mss.
583 3910 739 3965 abest
761 3908 1042 3964 dumtaxat
1071 3923 1307 3980 suorum.

129 3978 194 4055 (ei
225 3982 453 4041 Rursum
485 3981 573 4039 hic
606 3979 737 4039 edit.
790 3980 1024 4054 fallimur
1064 3994 1086 4035 :
1127 3978 1306 4036 denuo
1358 3979 1649 4038 emendan-

76 4060 148 4126 tur
163 4070 231 4109 ex
256 4055 487 4126 scriptis.

133 4124 207 4197 (ά)
236 4126 289 4181 In
320 4124 476 4195 mss.,
509 4124 759 4197 sequaris.

83 4255 2776 4282 W—

1759 3320 1885 3374 liter
1910 3333 2125 3374 sensum
2158 3319 2386 3385 inseras,
2439 3319 2624 3373 oculos
2671 3317 2956 3386 aceendas,
3005 3333 3099 3373 cor
3142 3318 3350 3388 alligas.

1759 3412 1907 3480 lianc,
1939 3413 1984 3468 si
2024 3422 2196 3483 potes,
2240 3427 2452 3468 enarra.
2502 3412 2679 3468 Habes
2713 3426 2845 3483 ergo
2873 3412 3012 3479 quod
3061 3412 3257 3473 neseis,
3301 3420 3356 3466 et

1762 3506 1951 3561 tribuis
1994 3522 2116 3577 qua:
2164 3522 2271 3562 non
2305 3504 2602 3576 intelligis:
2660 3504 3030 3575 aequanimiter
3071 3502 3353 3574 imperitus

1758 3598 1813 3654 in
1842 3599 1970 3666 tuis,
2000 3598 2297 3655 insolenter
2326 3599 2379 3653 in
2415 3598 2506 3654 Dei
2535 3597 2695 3653 rebus
2720 3597 2956 3668 ignarus.

1827 3838 1902 3911 (e)
1929 3836 2131 3911 Etgblc
2169 3837 2300 3894 editi
2340 3837 2655 3909 particulam
2696 3838 2981 3903 negantem
3031 3829 3347 3902 prmﬁgunt;

1753 3909 2111 3967 renitentibus
2137 3926 2268 3966 mss.

1826 3982 1899 4055 (ί)
1933 3981 2150 4053 Aliquot
2180 3996 2330 4055 mss._
2352 3980 2536 4052 quibus
2564 3978 2805 4037 retinet-is
2833 3993 2851 4032 :
2888 3991 3014 4032 mox
3059 3974 3220 4033 bliclt.
3267 3988 3355 4028 cor

1752 4048 1960 4127 afﬂigat;
1983 4094 2000 4124 ,
2024 4048 2129 4108 non
2157 4048 2448 4127 cora/ﬁgas.

2778 4237 3318 4267 ___________.__

1148 4355 2219 4489 ADMONITIO

688 4557 811 4640 IN
878 4556 1340 4642 LIBRUM
1398 4558 1879 4645 CONTRA
1944 4559 2708 4646 AUXENTIUM.

138 4807 174 4862 l.
206 4808 359 4866 Libro
390 4809 518 4877 hoc,
563 4817 617 4867 ut
645 4824 767 4866 cum
813 4809 1142 4882 Hieronymo
1175 4809 1262 4882 (de
1291 4809 1467 4880 Scrip.
1493 4812 1644 4885 eccl.)
1672 4817 1727 4879 1)
1754 4812 1991 4883 priorum
2023 4814 2321 4873 editionum
2356 4814 2608 4881 lectione,
2637 4830 2740 4887 qua
2773 4813 3074 4871 Auxentins
3118 4815 3190 4869 ita
3220 4814 3356 4870 scri-

78 4900 355 4972 loquamur,
399 4905 672 4975 elegante,
708 4903 939 4959 Hilarius
982 4903 1051 4960 de
1080 4903 1191 4959 suis
1221 4920 1344 4961 cum
1379 4904 1649 4961 Auxentio

82 4991 339 5054 Mediolani
386 4998 556 5068 gestis
620 4995 919 5053 catholicos
970 4997 1231 5055 certiores
1295 4999 1442 5055 facit.
1492 4998 1651 5055 Illum

84 5083 375 5145 Constantii
407 5099 675 5160 tempore,
721 5103 785 5143 ac
844 5089 1069 5159 proinde
1112 5098 1239 5146 ante
1281 5106 1479 5145 annum
1524 5091 1652 5156 561,

81 5175 263 5235 editum
306 5197 428 5239 esse
478 5190 776 5253 repugnat;
806 5184 1053 5253 quamvis
1087 5181 1192 5239 hoc
1217 5197 1412 5238 sonare
1438 5183 1657 5240 videan-

87 5278 162 5325 tur
209 5274 555 5347 expendenda
607 5278 707 5331 ‘suo
763 5275 883 5331 loco
956 5275 1195 5335 Facundi
1250 5277 1656 5335 Hermianensis

82 5363 221 5422 verba
249 5366 572 5441 (Facundos,
617 5379 655 5422 t.
687 5383 746 5427 tu
776 5367 989 5439 Spicil.,
1023 5387 1073 5442 ρ.
1112 5370 1259 5443 118).
1304 5369 1488 5442 Neque
1534 5388 1653 5429 ma-

83 5454 151 5522 gis
177 5458 377 5523 veritati
404 5467 771 5527 consentanea
800 5469 886 5519 est
910 5461 1127 5525 Baronii
1147 5476 1213 5518 ac
1238 5462 1503 5535 Blondelli
1525 5478 1652 5521 sen-

86 5547 247 5616 tentia,
292 5566 396 5623 qua
436 5565 563 5609 eum
588 5566 730 5609 anno
784 5552 894 5609 569
935 5552 1198 5625 scriptum
1231 5554 1419 5611 volunt
1465 5574 1479 5610 :
1530 5572 1652 5619 cum

90 5653 145 5695 eo
169 5651 394 5719 tempore
425 5645 676 5717 Hilarius,
711 5645 1064 5721 Hieronymo,
1110 5648 1350 5717 Sulpicio
1376 5650 1578 5709 Severo
1606 5658 1660 5708 et

91 5729 324 5807 Gregorio
366 5739 671 5815 Turonensi
715 5739 1049 5809 auctoribus,
1094 5756 1126 5799 e
1175 5742 1319 5799 vivis
1362 5745 1663 5802 excessisse

96 5831 468 5900 comprobetur.
518 5830 785 5905 Deceptus
830 5842 1059 5906 uterque
1121 5834 1224 5893 fuit
1270 5850 1338 5893 ex
1402 5836 1663 5897 mendosa

1755 4906 1916 4963 bebat
1944 4924 2092 4964 num.
2126 4908 2228 4965 12:
2260 4926 2361 4964 non
2404 4918 2637 4978 oportere
2687 4908 2792 4965 600
2834 4910 3189 4978 episcoporum
3232 4908 3357 4961 uni-

1758 5008 1913 5056 tatem
1958 5012 2074 5073 post
2134 5011 2302 5057 tantas
2348 5001 2550 5057 labores
2593 5018 2656 5056 ea:
2702 5001 3020 5059 contentione
3072 5016 3354 5070 paucarum

1758 5095 2020 5151 hominum
2051 5097 2291 5168 refricari
2335 5110 2584 5153 Λωεοτιε
2620 5109 2883 5151 οεοιιετιε
2911 5104 3029 5149 ante
3079 5111 3241 5149 annos
3271 5094 3359 5149 de-

1759 5204 1890 5254 cem,
1946 5196 2006 5242 ut
2048 5186 2115 5243 de
2162 5197 2474 5258 eontemptu
2541 5186 2961 5243 Ariminensium
3011 5187 3357 5243 decretorum

1760 5292 1885 5337 ante
1906 5295 2076 5337 annos
2107 5281 2585 5359 decein‘editorum
2632 5280 2892 5351 conqueri
2920 5280 3216 5336 videretur.
3253 5279 3356 5336 Ve-

1760 5388 1881 5431 rum
1928 5389 1994 5429 ex
2040 5389 2102 5430 ea
2149 5374 2262 5444 ipsa
2314 5372 2546 5433 lectione
2583 5372 2697 5443 jam
2756 5373 3013 5444 castigata
3062 5372 3359 5428 internosci

1762 5468 1943 5525 verius
1975 5476 2151 5537 potest
2183 5466 2338 5537 hujus
2384 5467 2565 5537 operis
2610 5472 2844 5535 tempus.
2889 5463 3024 5521 Cum
3073 5466 3217 5523 enim
3262 5478 3359 5535 pro

1765 5558 1976 5634 objectis
2019 5558 2233 5615 decretis
2272 5568 2391 5617 ante
2428 5573 2591 5613 annos
2637 5557 2829 5622 decent,
2879 5556 3161 5633 legendum
3199 5556 3275 5617 sit
3300 5555 3363 5617 ab

1764 5653 1983 5727 objectis
2009 5663 2134 5711 ante
2170 5670 2332 5709 annos
2370 5654 2578 5721 decem,‘
2621 5667 2852 5721 cumque
2882 5651 3181 5719 Auxentius
3225 5664 3363 5723 quos

1778 5746 1901 5803 illos
1930 5747 2175 5821 abiectos
2202 5749 2485 5821 intelligat,
2516 5749 2745 5806 subinde
2773 5748 3014 5807 declaret
3042 5746 3127 5804 his
3152 5755 3336 5819 postre

1785 5842 1890 5900 mis
1919 5843 2164 5916 epistola:
2195 5859 2307 5903 suae
2340 5844 2558 5904 verbis:
2592 5843 2685 5903 Sir
2730 5843 2865 5902 enim
2913 5850 3180 5916 cognoscet
3218 5840 3372 5897 Sere-
