3936 6196
591 342 694 401 607

1795 340 2039 400 SANCTI
2071 337 2327 396 IIILARII
2368 338 2673 397 EPISCOPI
3773 352 3855 409 603

593 464 728 518 nitas
773 431 961 530 vestra,
1010 460 1132 532 quia
1175 462 1262 531 qui
1305 459 1619 534 jamdudum
1661 460 1882 531 depositi
1932 467 2070 525 sunt,
2102 457 2196 511 hoc
2221 458 2274 518 Α
2302 455 2736 525 interpellatione
2763 461 3050 530 suggessit,
3081 458 3406 516 Auxentium
3449 461 3612 516 aliter
3651 462 3853 533 credere,

596 565 690 620 est,
744 554 984 609 Hilarius
1030 562 1077 607 et
1135 551 1409 620 Eusebius,
1464 552 1777 608 contendunt
1807 552 1991 618 ubique
2017 549 2192 603 scitis-

597 656 736 701 mata
781 646 953 713 facere
980 660 999 699 :
1028 643 1154 699 hinc
1197 653 1400 699 tantum
1451 645 1695 715 sequitur
1719 686 1733 711 ,
1785 642 2039 714 scriptam
2071 655 2194 696 esse

594 736 846 794 Auxentii
873 736 1184 806 epistolam,
1234 746 1290 792 et
1330 737 1554 808 perinde
1599 737 1864 807 reliquum
1905 749 2060 804 Opus,
2103 733 2197 790 de-

597 843 716 885 cem
766 843 939 884 annos
987 839 1106 900 post
1153 845 1314 900 quam
1343 831 1450 884 duo
1495 829 1572 885 illi
1611 829 1890 885 fortissimi
1931 827 2196 883 Prassules

592 922 788 992 abjecti
822 921 991 978 fuere.
1024 924 1092 978 At
1119 938 1246 978 vero
1275 924 1564 979 Eusebium
1593 938 1622 976 a
1667 923 1898 978 concilio
1941 921 2197 976 Mediola-

601 1015 755 1070 nensi
796 1014 923 1070 anni
953 1015 1082 1080 555,
1111 1030 1140 1069 a
1184 1015 1476 1070 Biterrensi
1516 1025 1694 1072 autem
1738 1015 1863 1070 anni
1894 1015 2023 1081 556,
2054 1013 2198 1068 Hila-

597 1107 734 1163 rium
766 1106 820 1161 in
853 1108 1102 1163 exsilium
1135 1108 1367 1178 ejectum
1401 1109 1565 1164 fuisse
1595 1124 1756 1164 nemo
1787 1111 2014 1180 ignorat.

667 1197 732 1253 Il.
767 1199 1031 1255 Praeterea
1082 1209 1141 1254 ut
1184 1201 1364 1270 operis
1410 1201 1571 1270 hujus
1620 1210 1831 1271 tempus
1872 1200 2074 1255 certius
2117 1196 2200 1253 di-

602 1303 912 1363 gnoscatur,
950 1292 1236 1363 explorare
1285 1293 1486 1364 juverit
1515 1294 1731 1364 quando
1776 1293 2191 1350 Valentinianus

597 1386 881 1443 Mediolani
931 1395 1178 1442 versatus
1227 1389 1316 1442 sit.
1363 1387 1550 1443 Hilarii
1596 1389 1738 1443 enim
1769 1402 1890 1442 cum
1936 1386 2199 1440 Auxentio

596 1492 967 1548 congressum,
1003 1478 1094 1534 illo
1128 1479 1196 1534 ibi
1222 1489 1610 1547 commorante,
1639 1479 1877 1534 habitum
1899 1479 2063 1534 fuisse
2079 1493 2188 1533 ma-

599 1571 854 1625 nifestum
883 1578 991 1626 est.
1024 1570 1310 1626 Mediolani
1353 1581 1534 1628 autem
1579 1571 2008 1626 Valentinianum
2056 1583 2199 1624 anno

596 1662 723 1728 565,
779 1662 1072 1718 identidem
1121 1672 1394 1719 versatum
1462 1679 1604 1732 esse,
1654 1663 1812 1718 ﬁdem
1866 1663 2065 1717 faciunt
2113 1678 2199 1716 re-

595 1757 795 1827 scripta
827 1757 955 1813 inde
982 1757 1087 1814 hnc
1117 1759 1234 1829 ipso
1279 1774 1422 1814 anno
1463 1757 1587 1813 data
1629 1758 1874 1814 kalendis
1917 1759 2198 1828 juniis,15

2299 564 2460 620 quam
2505 565 2601 606 rex
2645 552 2761 622 ipse
2805 561 2897 607 aut
2939 569 3131 609 omnes
3180 555 3270 608 alii
3317 554 3710 611 existimarent.
3754 559 3856 618 llinc

2299 656 2646 713 congressus,
2697 643 2850 715 cujus
2877 656 3026 716 gesta
3079 647 3179 702 hoc
3225 645 3364 703 libro
3393 657 3706 716 narrantur,
3731 652 3852 720 jussu

2300 739 2441 806 regis
2473 736 2708 793 habitus.
2742 739 2806 794 Et
2860 740 2974 795 lucc
3000 741 3215 811 quidem
3248 741 3450 809 omnia,
3504 757 3627 812 qua:
3671 759 3730 799 ex
3763 746 3860 816 ipsis

2302 830 2490 886 Hilarii
2539 833 2717 887 verbis
2767 835 2982 904 assequi
3015 844 3106 888 aut
3149 843 3298 890 certe
3337 835 3660 891 subodorari
3699 850 3790 901 est,
3825 842 3861 893 in

2301 923 2354 977 id
2396 931 2631 993 tempus,
2665 939 2770 994 quo
2799 924 3212 981 Valentinianus
3258 925 3625 982 Mediolanum
3670 929 3863 1000 primum

2304 1020 2570 1089 pervenit,
2624 1033 2688 1074 ac
2729 1020 2953 1089 proinde
2995 1021 3048 1074 in
3095 1035 3296 1075 annum
3344 1019 3473 1088 564,
3527 1019 3686 1091 longe
3731 1027 3867 1095 magis

2303 1125 2464 1182 quam
2500 1111 2553 1165 in
2586 1113 3004 1182 subsequentem
3037 1114 3384 1169 conveniunt.

2377 1205 2465 1259 IV.
2501 1205 2609 1260 Nec
2639 1221 2857 1262 movere
2882 1207 3064 1273 debet,
3095 1206 3236 1278 quod
3277 1208 3586 1263 Auxentius
3616 1207 3865 1265 Eusebium

2303 1308 2355 1355 et
2386 1299 2648 1356 Hilarium
2671 1311 2798 1356 ante
2825 1317 2996 1357 annos
3027 1302 3214 1358 decem
3245 1303 3494 1373 abjectos
3511 1318 3608 1358 seu
3637 1304 3870 1374 depositus

2303 1401 2478 1447 vom-t.
2514 1393 2589 1448 Ea
2622 1393 2764 1448 enim
2796 1395 2956 1449 verba
2984 1394 3225 1449 haeretici
3254 1405 3381 1449 sunt
3407 1395 3464 1448 in
3499 1406 3636 1451 mslu
3667 1397 3867 1468 disputa-

2306 1486 2486 1550 tionis,
2519 1487 2608 1558 qui
2641 1504 2748 1558 quo
2795 1489 3071 1544 meliorem
3103 1503 3319 1543 causam
3372 1504 3529 1543 suam
3584 1489 3757 1556 faciat,
3797 1492 3871 1564 hy-

2304 1577 2576 1646 perbolice
2591 1579 2852 1650 loquitur:
2869 1581 3138 1650 quomodo
3157 1581 3402 1650 proxime
3414 1589 3547 1637 ante
3561 1585 3596 1636 Α
3609 1583 3869 1639 riminensis

2303 1671 2527 1726 Concilii
2548 1671 2676 1743 (quo
2707 1672 2944 1741 Sulpicio
2968 1683 3126 1744 teste,
3165 1675 3321 1744 eique
3343 1675 3720 1730 consentiente
3739 1675 3870 1732 Atha-

2304 1765 2454 1818 nasio
2484 1763 2662 1836 (Sulp.
2714 1782 2833 1837 pag.
2867 1765 2994 1830 252,
3039 1767 3285 1821 Athanas.
3321 1769 3385 1821 de
3410 1753 3573 1839 'Syu.
3607 1787 3656 1839 p.
3685 1769 3794 1826 874,
3835 1781 3867 1824 et

597 1847 706 1904 kal.
735 1849 868 1917 Jul.,
900 1851 966 1906 Η
1000 1850 1108 1904 kal.
1156 1859 1321 1921 sept.,
1372 1851 1509 1922 prid.
1563 1866 1692 1907 non.
1743 1851 2019 1918 novemb.,
2066 1867 2193 1908 nec-
2226 1860 2274 1920 B
2301 1856 2446 1925 epist.
2479 1857 2547 1909 ad
2575 1856 2738 1926 Αρκ),
2767 1872 2872 1910 non
2923 1857 3076 1912 multi
3122 1872 3280 1928 supra
3323 1859 3762 1942 quadringentos,
3787 1861 3869 1915 imo

598 1959 706 1999 non
737 1943 803 1997 15
835 1952 890 1998 et
916 1945 948 1997 7
989 1943 1096 1998 kal.
1151 1943 1270 2000 dec.
1322 1943 1512 2016 Neque
1545 1946 1722 2000 tninns
1752 1944 1924 2015 liquet
1949 1961 2011 2000 ex
2039 1944 2198 2000 variis
2296 1950 2453 2019 juxta
2480 1950 2823 2006 Maximinum
2847 1951 3102 2006 Arianum
3129 1953 3289 2023 (apud
3311 1953 3597 2025 Augustin.
3629 1954 3741 2008 colt.
3770 1972 3859 2007 cum

603 2034 906 2105 rescriptis,
940 2050 1061 2090 eum
1111 2036 1162 2089 in
1193 2036 1381 2091 eadem
1409 2037 1543 2094 urbe
1586 2039 1875 2092 maximam
1905 2035 2034 2092 anni
2069 2037 2197 2091 sub-

607 2128 885 2197 sequentis
915 2136 1124 2198 partem
1160 2129 1506 2200 transegisse.
1554 2130 1720 2185 Porro
1761 2130 2034 2186 Ammiani
2084 2130 2198 2200 (lib.

609 2233 757 2284 xxvi,
790 2235 836 2272 c.
888 2218 944 2286 6)
976 2220 1286 2274 testimonio
1309 2235 1370 2275 ac
1402 2221 1647 2290 pluribus
1673 2220 1793 2277 aliis
1837 2224 2198 2276 monumentis

607 2322 844 2376 constat,
893 2309 1326 2368 Valentinianum
1358 2328 1547 2370 mense
1593 2314 1872 2370 novembri
1913 2313 2041 2368 anni
2069 2314 2195 2382 565,

607 2405 821 2459 venisse
853 2404 1108 2469 Parisios.
1143 2422 1318 2478 neque
1347 2408 1505 2463 annis
1531 2407 1986 2478 subsequentibus
2014 2423 2042 2462 a
2075 2407 2200 2464 Gal-

609 2497 694 2551 liis
721 2497 1041 2554 decessisse.
1095 2498 1248 2556 Unde
1287 2516 1410 2556 cum
1456 2503 1800 2572 perspicuum
1831 2501 1922 2565 sit.
1974 2501 2198 2571 prazdic-

603 2599 717 2646 tum
746 2607 1093 2663 congressum
1121 2603 1247 2650 ante
1275 2609 1516 2650 mensem
1543 2595 1893 2651 novembrem
1913 2609 2040 2650 ann.
2068 2593 2194 2661 565,

603 2685 771 2742 fuisse
818 2687 1092 2750 habitum;
1139 2687 1517 2759 inquirendum
1549 2691 1829 2745 dumtaxat
1873 2697 2060 2756 restat,
2105 2690 2200 2744 ha-

604 2779 821 2836 bitusne
849 2781 919 2835 sit
942 2795 1088 2836 anno
1117 2781 1244 2846 365,
1272 2798 1339 2836 an
1365 2781 1489 2837 56L
1519 2782 1778 2838 Neutrum
1806 2783 2021 2854 quidem
2050 2793 2200 2838 certo

605 2871 833 2928 deﬁnire
857 2874 1020 2930 licet:
1069 2882 1399 2945 postremum
1440 2886 1642 2941 tamen,
1688 2876 2023 2931 considerata
2071 2889 2201 2930 con-

603 2979 823 3036 gressus
852 2967 1012 3036 hujus
1043 2969 1348 3030 occasione,
1399 2977 1452 3023 et
1493 2984 1673 3024 rerum
1719 2969 1769 3023 in
1815 2983 1883 3023 eo
1925 2979 2197 3039 gestarum

605 3061 748 3114 serie
773 3061 1061 3130 explicata,
1092 3061 1250 3132 longe
1286 3061 1615 3132 probabilius
1639 3063 1938 3134 apparebit.

675 3153 758 3206 ΙΙΙ.
795 3153 1061 3208 Eusebius
1087 3153 1682 3221 Vercellensisﬁulino
1712 3165 1866 3223 teste,
1900 3155 1994 3212 lib.
2021 3172 2034 3210 I
2057 3155 2195 3210 Hist.

2300 2041 2478 2096 eodem
2527 2039 2742 2097 Maxim.
2784 2060 2836 2096 η.
2889 2042 2945 2114 2)
2991 2044 3214 2099 trecenti
3262 2053 3317 2099 et
3365 2045 3586 2114 triginta
3625 2044 3867 2098 dumtaxat

2300 2134 2626 2208 convenere)
2669 2147 3024 2190 sexcentarum
3069 2147 3232 2207 (num.
3279 2136 3371 2206 12)
3403 2137 3748 2208 episcoporum
3778 2140 3867 2190 uni-

2303 2237 2458 2281 tatem
2479 2227 2728 2298 jactitare
2760 2245 2866 2284 non
2897 2229 3190 2285 erubescit.
3226 2229 3331 2285 Sed
3361 2238 3420 2284 et
3450 2229 3594 2284 hanc
3619 2230 3862 2301 synodum,

2301 2336 2422 2391 quae
2449 2321 2681 2377 subinde
2718 2323 2786 2376 ab
2817 2324 3067 2378 omnibus
3098 2323 3320 2391 explosa
3350 2332 3458 2389 est,
3508 2323 3648 2378 haud
3686 2325 3784 2378 seio
3813 2341 3861 2378 an

2304 2410 2530 2467 ﬁdenter
2558 2412 2693 2468 adeo
2718 2429 2860 2468 anno
2890 2415 3000 2469 365
3029 2413 3247 2470 laudare
3273 2427 3442 2470 ausus
3475 2424 3623 2470 esset
3651 2415 3794 2470 homo
3818 2416 3861 2467 ti-

2302 2503 2387 2559 dei
2413 2503 2730 2558 simulanda:
2761 2504 3057 2560 studiosus.

2379 2596 2444 2652 V.
2477 2595 2558 2651 Ad
2591 2595 2750 2667 hujus
2791 2597 3074 2653 Tractatus
3117 2597 3583 2668 complementum
3623 2596 3855 2653 desidera-

2304 2698 2391 2744 tnr
2413 2689 2647 2757 libellus,
2672 2705 2830 2760 quem
2855 2691 2966 2760 regi
3008 2704 3130 2746 sese
3156 2690 3421 2745 obtulisse
3441 2700 3498 2746 et
3525 2683 3751 2759 epistolae
3773 2704 3854 2743 sum

2303 2783 2648 2838 subtexuisse
2678 2792 2904 2838 testatur
2934 2783 3168 2838 Hilarius
3184 2784 3349 2852 (nam.
3376 2783 3436 2853 6)
3456 2801 3468 2837 :
3486 2782 3798 2839 desideratur
3819 2791 3855 2835 et

2303 2874 2662 2930 Ariminensis
2695 2875 2827 2930 ﬁdes
2849 2918 2862 2938 ,
2893 2890 3049 2946 quam
3075 2891 3179 2931 una
3200 2889 3321 2931 eum
3353 2875 3543 2931 libello
3571 2891 3664 2930 suo
3683 2876 3832 2930 Auxeu

2305 2966 2411 3020 tius
2454 2981 2515 3022 se
2556 2966 2936 3022 Valentiniano
2978 2967 3262 3024 tradidisse
3307 2966 3410 3022 sub
3449 2967 3687 3039 ejusdem
3728 2965 3851 3020 libelli

2305 3057 2464 3112 ﬁnem
2495 3069 2902 3114 commemorat.

2375 3149 2464 3206 VI.
2497 3151 2682 3222 Neque
2708 3152 2926 3207 defuere
2953 3153 3042 3224 qui
3064 3153 3422 3224 ambigerent,
3453 3169 3520 3207 an
3546 3167 3658 3207 eam
3685 3150 3852 3205 Auxen-

606 3242 779 3310 Eccl.,
808 3259 928 3314 cap.
958 3245 1047 3311 30,
1097 3254 1217 3314 post
1263 3247 1687 3303 Alexandrinum
1733 3248 2021 3303 concilium
2073 3247 2200 3302 anni
2229 3254 2274 3318 C
2306 3244 2465 3300 tianaa
2506 3244 2632 3300 ﬁdei
2683 3245 3074 3314 expositionem
3098 3287 3111 3311 ,
3157 3247 3311 3315 cujus
3341 3247 3648 3318 exemplum
3687 3240 3852 3299 num.9

606 3337 735 3402 562,
767 3339 820 3391 in
850 3337 1056 3392 Italiam
1087 3338 1322 3404 rediens,
1355 3340 1615 3395 Hilarium
1643 3350 1886 3395 nostrum
1917 3341 1986 3395 ibi
2011 3351 2202 3396 nactus

608 3437 694 3486 est
721 3430 786 3484 ad
821 3431 1204 3487 restaurandas
1231 3432 1392 3505 hujus
1439 3433 1672 3505 regionis
1711 3435 1967 3488 ecclesias
2015 3433 2202 3490 sedqu

607 3523 1030 3593 incumbentem,
1061 3525 1222 3597 eique
1245 3540 1304 3581 se
1334 3528 1386 3582 in
1419 3526 1560 3581 idem
1591 3539 1728 3596 opus
1767 3525 2027 3597 adjunxit.
2056 3527 2204 3582 Sicut

608 3625 788 3671 autem
829 3617 1050 3673 dubitttn
1087 3634 1194 3675 non
1237 3629 1342 3687 est,
1384 3621 1514 3689 quin
1563 3621 1671 3675 duo
1719 3621 1796 3676 illi
1846 3621 1946 3676 viri
1989 3621 2040 3676 id
2089 3629 2200 3676 tum

612 3711 846 3766 maxime
895 3712 1070 3766 adnisi
1115 3714 1224 3768 sint
1248 3756 1261 3779 ,
1296 3725 1354 3768 ut
1395 3713 1600 3770 Italiam
1631 3715 1900 3771 Auxentio
1930 3727 2200 3785 tamquam

610 3801 936 3872 nequissima
989 3814 1139 3872 peste
1187 3805 1510 3872 liberarent;
1562 3807 1632 3862 ita
1681 3822 1788 3863 non
1815 3818 1898 3864 est
1927 3807 2204 3878 ambigen-

610 3893 759 3959 dum,
813 3896 940 3965 quin
997 3897 1284 3952 haereticus
1330 3899 1444 3965 ille,
1494 3902 1586 3971 qui
1637 3900 1794 3956 ﬁdem
1827 3917 1926 3973 pro
1962 3911 2203 3972 tempore

609 3986 865 4042 simulare
929 4002 1171 4058 noverat,
1216 3992 1400 4047 statim
1453 4001 1614 4064 atque
1678 3994 2020 4066 imperatoris
2081 3997 2202 4050 novi

608 4081 983 4149 Opportunitas
1029 4082 1152 4139 data
1202 4093 1306 4152 est,
1353 4099 1448 4140 eos
1494 4085 1634 4156 apud
1682 4087 1831 4141 illum
1878 4098 2204 4157 praevertere

609 4183 834 4231 conatus
881 4175 973 4243 sit,
1014 4193 1045 4232 a
1089 4179 1282 4248 quibus
1328 4180 1548 4236 exitium
1591 4182 1693 4237 sibi
1723 4181 2038 4252 impendere
2067 4198 2204 4254 pra:-

609 4267 849 4325 videbat.
901 4271 1034 4326 Hinc
1076 4272 1272 4329 factum
1317 4284 1421 4340 est,
1453 4285 1510 4331 ut
1536 4277 1798 4333 Hilarium
1824 4286 1880 4333 et
1911 4276 2202 4334 Eusebium

609 4361 748 4430 apud
780 4362 1160 4432 imperatorem
1195 4365 1481 4424 infamaret
1505 4370 1676 4438 (num.
1713 4369 1803 4444 M)
1831 4372 1905 4427 uti
1936 4371 2203 4428 schisma-

613 4463 725 4510 tum
754 4465 1022 4522 auctores,
1055 4467 1109 4513 et
1129 4459 1375 4516 ecclesia:
1408 4462 1823 4520 Mediolanensis
1868 4464 2207 4534 perturbato-

610 4560 732 4613 res;
765 4545 892 4602 dum
921 4549 1020 4603 sibi
1051 4550 1219 4617 (num.
1251 4553 1328 4623 5),
1360 4554 1451 4624 qui
1475 4569 1583 4608 una
1610 4569 1733 4610 cum
1757 4556 1904 4627 Rege
1929 4555 2201 4612 Christum

2308 3339 2659 3408 promittitur,
2703 3353 3015 3408 germanam
3066 3337 3410 3396 haberemus.
3461 3338 3707 3406 Quamvis
3745 3336 3850 3391 enim

2306 3431 2579 3501 subjectus
2602 3431 2669 3485 ad
2697 3430 2900 3485 calcem
2948 3431 3107 3500 hujus
3136 3431 3378 3502 epistola:
3413 3432 3659 3486 Auxentii
3689 3427 3850 3483 libellus

2306 3523 2408 3578 hoc
2438 3524 2658 3579 nomine
2698 3522 3056 3587 inscribatur;
3096 3523 3150 3578 in
3180 3538 3247 3578 eo
3275 3532 3456 3578 tamen
3499 3539 3601 3578 non
3627 3521 3849 3576 ofl‘endere

2305 3618 2467 3673 verba
2515 3618 2602 3672 illa
2649 3618 2920 3689 ambigua,
2950 3628 3128 3672 natum
3173 3617 3340 3672 Deum
3369 3634 3544 3673 verum
3572 3617 3739 3688 ﬁlium,
3764 3629 3848 3683 qua:

2306 3712 2358 3766 in
2413 3710 2666 3766 Auxentii
2709 3711 3047 3781 expositione
3087 3711 3464 3767 fraudulenter
3499 3711 3565 3765 ad
3608 3707 3847 3764 fallendum

2307 3803 2606 3872 composita
2636 3801 2894 3870 Hilarius,
2925 3819 3074 3858 num.
3104 3801 3159 3868 7,
3203 3804 3399 3874 retegit
3428 3818 3493 3858 ac
3531 3797 3846 3871 reprehendit.

2308 3896 2513 3952 Deinde
2538 3897 2588 3951 in
2616 3897 2807 3952 eodem
2841 3897 3022 3952 libello
3049 3897 3214 3952 altum
3252 3896 3358 3951 illis
3378 3897 3592 3952 videtur
3619 3895 3679 3950 de
3701 3892 3847 3948 Nicwa:

2305 3988 2358 4042 in
2382 3987 2609 4042 Thracia
2632 3989 2796 4058 gestis
2819 3987 3111 4048 silentium,
3129 4002 3248 4058 qua:
3261 3996 3468 4054 tamen,
3492 3986 3566 4042 uti
3589 4001 3650 4040 ex
3683 3981 3843 4038 num.7

2307 4081 2494 4154 liquet,
2524 4081 2822 4138 Auxentius
2840 4083 2908 4138 ab
2933 4083 3050 4154 ipso
3075 4082 3340 4137 sermonis
3361 4082 3444 4136 sui
3471 4079 3682 4138 exordio
3703 4085 3846 4131 sancta

2306 4191 2428 4233 esse
2450 4185 2696 4232 lBSIalIIl'.

2384 4268 2495 4324 VII.
2531 4271 2597 4324 At
2626 4268 2796 4340 prima
2819 4268 2910 4325 illa
2939 4283 3001 4324 ac
3024 4269 3295 4340 praecipua
3323 4265 3601 4323 dubitandi
3628 4263 3746 4320 ratio
3763 4262 3845 4329 jam

2308 4364 2455 4421 nulla
2479 4373 2583 4430 est,
2613 4365 2702 4419 ubi
2725 4365 3011 4420 verborum
3041 4364 3365 4434 ambiguitas
3389 4371 3612 4435 apparet
3641 4374 3702 4415 ex
3739 4353 3846 4410 anti-

2305 4458 2567 4530 quissimo
2591 4458 2779 4514 codice
2799 4459 2857 4513 S.
2880 4456 3026 4512 Petri
3057 4457 3109 4511 in
3133 4455 3395 4512 Vaticano
3416 4456 3672 4512 restituta.
3695 4448 3841 4505 Altera

2305 4569 2458 4618 vero,
2488 4568 2610 4608 cum
2640 4568 2705 4607 ex
2745 4551 2958 4608 diversa
2987 4552 3147 4607 unius
3190 4549 3545 4621 ejusdemque
3580 4540 3748 4618 synodi
3780 4550 3848 4605 ap-

614 4639 778 4694 ltcum
809 4656 1042 4712 vereque
1073 4643 1166 4697 Dei
1192 4643 1359 4700 ﬁlium
1382 4655 1507 4702 aute
1539 4656 1780 4719 tempora
1812 4649 2050 4719 genitum
2083 4664 2205 4718 pro-
2233 4649 2282 4711 D
2310 4645 2602 4718 pellatione
2631 4653 2754 4699 nata
2777 4645 2867 4712 sit,
2894 4644 3052 4699 facile
3078 4643 3324 4699 solvitur.
3351 4643 3486 4710 Qua:
3515 4641 3651 4698 enim
3671 4638 3845 4692 Auxen-

612 4729 858 4786 ﬁteretur
887 4731 1053 4805 (num.
1085 4735 1199 4806 t2),
1236 4736 1420 4805 inique
1457 4737 1598 4808 apud
1631 4739 1886 4808 populum
1916 4738 2206 4794 inurebant

613 4823 883 4879 Intereseos
913 4835 1119 4881 notam.
1148 4826 1285 4883 Tum
1313 4831 1480 4900 (num.
1509 4828 1567 4901 6)
1599 4845 1692 4883 rex
1727 4829 1872 4898 pacis
1909 4829 2201 4898 studiosus,

611 4917 701 4986 qui
733 4917 868 4972 forte
898 4919 1037 4973 sicut
1066 4920 1321 4975 ecclesias
1347 4920 1417 4977 ab
1453 4921 1723 4977 Auxentio
1771 4931 2058 4990 occupatas
2089 4925 2207 4992 ipso

611 5010 844 5064 adventu
872 5025 972 5065 suo
997 5026 1095 5083 per
1125 5013 1236 5066 vim
1267 5013 1314 5066 ei
1344 5013 1555 5082 eripere
1581 5028 1610 5069 a
1637 5013 1921 5070 clementia
1948 5029 2044 5069 sua
2076 5016 2206 5070 alie.

613 5117 742 5157 num
769 5101 1023 5169 ducebat,
1055 5105 1124 5158 ita
1147 5105 1405 5159 censebat
1430 5106 1573 5175 regia
1603 5105 1886 5176 majestate
1907 5104 2204 5176 indignum,

613 5206 669 5250 ut
695 5197 809 5266 ipse
838 5195 890 5249 in
924 5199 1135 5268 angulis
1181 5198 1456 5268 religionis
1484 5215 1596 5254 sua:
1624 5199 1830 5254 cultum
1885 5208 2163 5254 exerceret
2190 5216 2205 5254 :

612 5291 910 5362 gratulatus
959 5300 1043 5347 est
1079 5293 1262 5358 ﬁdem,
1311 5303 1366 5348 ut
1403 5294 1507 5349 sibi
1534 5294 1838 5360 videbatur,
1886 5294 2206 5350 catholicam

611 5385 680 5442 ab
711 5387 980 5443 Auxentio
1009 5386 1199 5452 asseri,
1229 5389 1472 5459 adeoque
1519 5403 1676 5460 posse
1724 5405 1784 5446 se
1825 5388 2061 5445 adventu
2110 5405 2209 5445 suo

609 5476 866 5548 populum
899 5477 1162 5535 hactenus
1190 5479 1258 5534 ab
1288 5481 1542 5552 episcopo
1587 5496 1687 5538 suo
1721 5481 2104 5538 abhorrentem
2152 5481 2206 5537 in

609 5587 772 5627 unam
834 5575 1270 5630 communionem
1321 5575 1601 5631 reducere.
1660 5576 1845 5647 Itaque
1888 5577 2008 5632 sine
2058 5589 2209 5632 mora

612 5661 791 5716 edicto
837 5662 1028 5736 (lbid.)
1070 5665 1220 5736 gravi
1263 5667 1452 5732 vetuit,
1507 5681 1576 5722 ne
1601 5666 1906 5738 deincepsa
1937 5682 2208 5740 quoquam

618 5750 1032 5809 Mediolanensis
1081 5756 1309 5812 ecclesia
1364 5758 1788 5826 perturbaretur.
1845 5759 2038 5816 Edicto
2087 5759 2210 5814 huic

615 5857 723 5896 non
771 5843 1174 5912 obsequendum
1203 5859 1347 5904 ratus
1391 5849 1648 5912 ιΙίΙητῑιις,
1695 5853 1855 5907 etiam
1902 5853 2209 5921 importuna

2311 4738 2415 4793 tius
2445 4737 2512 4792 ad
2551 4738 2917 4794 extollendam
2947 4737 3073 4793 fidei
3100 4752 3212 4792 sure
3241 4737 3509 4792 rationem
3553 4737 3846 4788 sexcentarum

2308 4831 2570 4883 hominum
2601 4829 2828 4884 Arimini
2855 4838 3004 4900 gesta
3051 4828 3384 4884 mendaciter
3400 4827 3623 4899 iactitat,
3652 4836 3706 4878 ea
3735 4815 3844 4872 llila-

2310 4923 2420 4978 rius
2450 4922 2514 4976 ad
2534 4921 2778 4978 eamdem
2805 4922 3213 4993 deprimendam
3230 4921 3428 4977 Nicaea:
3451 4922 3503 4976 in
3530 4914 3731 4974 Thracia
3751 4922 3844 4978 per-

2313 5028 2611 5084 paucorum
2651 5029 2773 5069 esse
2802 5013 3076 5084 praedicat.
3109 5012 3189 5068 Re
3216 5013 3363 5068 enim
3388 5027 3519 5069 vera
3549 4997 3843 5065 Ariminensis

2315 5103 2540 5161 Concilii
2560 5120 2665 5160 non
2686 5105 2788 5160 alia
2811 5105 2964 5174 ﬁdes,
2991 5105 3092 5160 nisi
3108 5121 3227 5176 qua:
3245 5105 3438 5160 Nicaeae
3454 5099 3695 5173 Bithyniae
3708 5091 3840 5151 edita;

2318 5197 2464 5254 nulla
2491 5200 2707 5270 proprie
2735 5211 2885 5270 gesta
2913 5242 2926 5266 ,
2958 5199 3060 5255 nisi
3083 5199 3278 5269 quibus
3305 5197 3420 5253 Arii
3445 5202 3716 5252 sectatores
3738 5198 3839 5238 ana-

2319 5291 2559 5367 themate
2604 5290 2890 5346 feriuntur.
2943 5291 3080 5358 Quia
3129 5301 3306 5345 tamen
3341 5289 3563 5345 formula
3605 5282 3768 5339 Nicmze
3802 5271 3840 5325 ill

2317 5383 2548 5440 Thracia
2577 5399 2727 5450 cusa,
2759 5392 2812 5438 et
2839 5399 2870 5437 a
2899 5383 3084 5452 paucis
3105 5382 3434 5452 subscripta,
3453 5367 3836 5467 Arimiuitandftﬂ

2317 5491 2413 5547 per
2437 5479 2544 5533 vim
2582 5477 2800 5532 inducta
2845 5483 2966 5541 est;
3009 5491 3127 5532 eam
3156 5475 3414 5544 Hilarius,
3439 5487 3589 5547 quam
3615 5478 3744 5523 antea
3768 5457 3838 5559 Ni:

2316 5585 2444 5627 carae
2469 5570 2524 5625 in
2569 5569 2801 5626 Thracia
2844 5569 3078 5635 dixerat,
3113 5570 3278 5626 etiam
3320 5563 3656 5625 Ariminensis
3688 5547 3834 5628 synodi

2317 5663 2616 5733 nuncupari
2636 5663 2903 5732 permittit
2930 5662 3014 5719 his
3033 5663 3238 5728 verbis,
3261 5661 3368 5718 Sed
3385 5663 3448 5715 de
3475 5649 3746 5715 Ariminemi
3764 5660 3831 5713 ³9·

2322 5759 2458 5814 nodo
2507 5758 2635 5815 nihil
2681 5759 2935 5826 dicamus,
2977 5756 3170 5830 quibus
3215 5771 3338 5813 cum
3381 5753 3616 5826 proxime
3645 5739 3831 5840 θάἰίφίξ

2317 5861 2431 5920 (tua:
2494 5850 2555 5904 ab
2590 5851 2824 5905 omnibus
2856 5859 2928 5905 est
2980 5850 3214 5919 religiose
3268 5848 3509 5903 dissoiutn
3551 5857 3567 5894 ἴ
3609 5854 3662 5895 ea
3705 5838 3831 5886 etiam
