3936 6196
95 234 185 292 609
1220 235 1423 294 LIBER
1462 236 1739 296 comas
1779 237 2213 299 summum.
2562 212 2569 217 ’
3268 246 3377 308 tuo

91 352 277 408 ratione
344 350 598 409 Auxentii
623 365 842 409 causam
872 353 1002 410 nihil
1027 354 1204 425 juvari
1235 357 1371 413 satis
1399 357 1657 413 ostendit.
1687 361 1736 420 Λ
1765 358 2076 414 Auxentium
2100 378 2119 414 :
2142 359 2196 414 in
2225 358 2462 431 quinque
2494 359 2614 415 aliis
2640 360 2954 417 :Tractatus
2981 362 3061 418 vel
3088 363 3219 419 liber
3246 380 3374 421 con-

154 444 256 499 \'lll
310 445 494 516 Itaque
524 461 592 502 ex
622 446 831 518 duplici
862 447 958 503 illo
984 449 1184 519 capite,
1227 464 1291 505 ex
1323 465 1430 521 quo
1475 450 1671 506 dubius
1773 463 1853 507 tra
1904 452 2215 508 Auxentium
2264 452 2512 506 Arianutn
2550 451 2864 521 Episcommt
2918 452 3376 513 Mediolauensem.

91 538 345 595 videbatur
367 540 620 595 Auxentii
644 540 879 608 libellus,
913 557 1055 597 nunc
1075 542 1276 597 certius
1303 544 1353 598 ei
1384 544 1666 599 asseritur.
1772 545 1869 601 llis
1908 545 2053 602 favet
2084 545 2466 617 Hieronymus,
2510 561 2540 599 a
2568 562 2674 617 quo
2719 547 2925 620 elegans
2956 559 3141 604 contra
3170 550 3381 605 Auxen-

87 633 278 692 Cmtera
303 634 469 690 etiam
498 635 848 692 conveniunt.
895 636 954 692 lu
983 652 1051 695 eo
1073 639 1272 711 quippe
1302 653 1550 696 versutus
1578 642 1670 698 ille
1771 637 1898 691 tium
1949 638 2152 693 libellus
2181 628 2527 709 appellatur.
2587 640 2851 710 Vulgatus
2907 640 3096 697 titulus
3136 658 3149 695 :
3183 640 3375 697 Contra

91 726 377 791 hmreticus,
407 743 558 783 num.
586 728 677 793 {5,
701 728 1006 800 proﬁtetur,
1027 729 1170 802 quod
1189 730 1429 787 Hilarius
1443 732 1673 788 eumal—
1772 730 1991 785 Arianos
2020 731 2098 785 vel
2121 731 2431 787 Auxentium
2463 729 2899 786 Medialanensem
2921 732 3069 799 liber,
3097 750 3163 789 ex
3191 745 3374 790 veter-

90 818 313 875 lirmasse
362 829 539 887 notat,
589 836 649 878 se
698 824 885 878 Arium
944 840 1238 896 numquam
1276 826 1468 882 scisse.
1522 826 1668 884 ldem
1771 824 1911 879 rimo
1967 838 2070 880 ms.
2104 822 2163 880 S.
2194 822 2342 879 Petri
2385 822 2454 878 de
2495 820 2642 879 Urbe
2690 832 2776 880 est
2822 839 3133 894 expressus.
3176 824 3376 897 Rcipsa

90 920 422 977 contestatur,
462 924 614 970 nmn.
660 914 747 982 14,
791 914 1053 971 llilarinm
1077 916 1207 973 olim
1233 917 1542 989 depositum
1579 928 1670 974 aut
1771 914 1997 984 epistola
2019 925 2104 971 est
2130 914 2200 970 ad
2222 914 2523 970 catholicos
2551 923 2740 970 contra
2769 916 3022 983 Arianos,
3052 932 3191 989 quos
3218 932 3380 974 exor-

95 1005 400 1062 accusatoris
420 1005 727 1077 autjudicis
757 1023 1044 1078 personam
1073 1008 1274 1066 habere
1299 1026 1404 1065 non
1434 1010 1665 1069 debere:
1772 1009 1920 1066 dium
1952 1021 2192 1081 spectat;
2227 1009 2323 1065 sed
2356 1009 2678 1066 nominatim
2715 1021 2905 1068 contra
2931 1012 3285 1081 Auxentium,
3310 1013 3380 1069 de

92 1100 217 1173 quod
244 1099 343 1155 sibi
370 1100 440 1156 ab
469 1114 535 1157 eo
563 1101 835 1172 objectum
863 1112 1122 1159 strenuus
1154 1101 1352 1160 Christi
1382 1104 1670 1161 conlessor
1772 1103 1927 1173 cujus
1962 1116 2146 1159 secum
2183 1103 2353 1173 gestis
2384 1102 2620 1158 Hilarius
2646 1102 2948 1160 catholicos
2991 1104 3266 1162 admonet.
3316 1105 3375 1163 ltt

91 1200 278 1257 narrat,
304 1208 454 1248 num.
491 1193 544 1249 6.
573 1192 930 1267 Quiquidem
975 1196 1077 1251 etsi
1118 1196 1377 1253 nonnulla
1424 1196 1671 1252 confutat
1772 1193 1856 1250 his
1885 1194 2140 1251 omnibus
2168 1210 2292 1250 cum
2338 1210 2465 1266 erga
2515 1195 2927 1266 Imperatorem,
2965 1212 2995 1251 a
3037 1213 3146 1270 quo
3188 1199 3369 1270 iniqua

91 1293 337 1357 tamquam
377 1285 447 1341 ab
480 1286 751 1342 Auxentio
780 1297 1012 1354 asserta,
1045 1305 1165 1359 qua:
1203 1288 1257 1344 in
1288 1288 1457 1360 ipsius
1480 1288 1668 1345 libello
1770 1302 1961 1358 passus
1992 1298 2131 1356 erat,
2163 1287 2352 1344 sedato
2381 1302 2445 1343 ac
2471 1290 2744 1345 reverenti
2773 1290 2954 1347 animo
2984 1307 3044 1347 se
3073 1293 3249 1363 gerit;
3284 1308 3380 1364 pa-

91 1392 187 1432 non
210 1385 440 1443 exstant,
475 1393 537 1432 ea
567 1376 707 1433 haud
737 1377 902 1434 dubie
930 1380 1209 1451 pertinent
1233 1380 1299 1436 ad
1327 1385 1441 1451 ipsa
1471 1380 1668 1437 Nicaea:
1771 1377 1877 1434 lam
1924 1378 2054 1434 facit
2095 1394 2156 1436 se
2204 1394 2302 1450 pro
2344 1395 2440 1436 sua
2470 1396 2635 1438 causa
2682 1382 2895 1439 nescire
2938 1383 3119 1451 irasci,
3169 1398 3381 1456 suoque

91 1468 319 1525 Thracia:
345 1485 441 1525 seu
471 1468 700 1526 Arimini
730 1479 902 1542 gesta,
935 1488 1054 1543 qua:
1083 1472 1177 1529 ille
1203 1481 1316 1529 toto
1347 1473 1529 1530 animo
1555 1490 1671 1529 am-
1770 1473 2023 1544 exemplo
2069 1475 2358 1529 confirmat
2401 1490 2672 1531 summam
2724 1476 3066 1549 principibus
3115 1477 3380 1535 exhiben-

89 1561 313 1631 plexatus
343 1560 529 1617 libello
559 1576 659 1618 suo
687 1562 1020 1633 subjicienda
1046 1574 1351 1621 curaverat.
1770 1566 1893 1623 dam
1922 1582 2045 1624 esse
2072 1569 2433 1626 reverentiam
2464 1576 2625 1626 :‘tttm
2656 1587 2786 1629 vero
2820 1573 3055 1630 maxime
3083 1574 3166 1630 eis
3194 1575 3379 1645 ignos-

151 1652 234 1708 lX.
274 1653 468 1710 Totum
501 1653 605 1711 hoc
640 1670 779 1725 opus
808 1655 863 1711 in
895 1657 1119 1728 antiquo
1147 1658 1338 1714 codice
1359 1658 1663 1715 Carnuten-
1771 1659 2023 1728 cendum,
2071 1675 2193 1717 cum
2233 1677 2299 1717 ex
2325 1661 2693 1734 imprudentia
2742 1675 2836 1721 aut
2883 1680 3071 1723 errore
3105 1681 3367 1737 peccave-

91 1746 157 1801 sis
196 1744 433 1803 ecclesiae
481 1746 801 1803 inscribitur
839 1767 853 1801 :
887 1746 1126 1817 Epistula
1151 1748 1220 1803 ad
1264 1748 1557 1806 Catholicos
1602 1752 1668 1806 de
1695 1768 1745 1830 Β
1776 1753 1906 1809 rint.

789 1972 1144 2048 59”“
1222 1978 1860 2114 SANCTI
1949 1982 2134 2113 HI
2153 1984 2628 2114 LARII

592 2203 1560 2359 CONTRA
1736 2207 2871 2403 ARIANOS,

790 2542 1525 2631 AUXENTIUM
1597 2541 2649 2649 MEDIOLANENSEM,

1494 2682 1735 2746 LIBER
1775 2683 2002 2749 UNUS.

1214 2788 1652 2869 (SCRIPTUS
1725 2805 1931 2849 anno
1999 2785 2220 2868 36h.)

100 1880 3354 1916 W

85 2928 439 2987 Dilectissimis
488 2929 750 2987 fratribus
800 2930 852 2986 in
895 2929 999 2987 fide
1040 2939 1263 3004 paterna
1291 2929 1660 2997 manentibus,
1841 2932 1899 2989 2.
1941 2933 2247 2991 Antichristi
2303 2936 2495 3004 plures.
2555 2969 2627 2982 —
2667 2942 2744 2999 Ac
2794 2958 2863 3000 ne
2911 2941 3194 3004 maledicis
3244 2961 3372 3003 ver-

83 3028 196 3113 et
227 3024 476 3080 Arianam
510 3023 761 3080 haeresim
795 3021 1230 3089 detestantibus,
1261 3022 1567 3093 episcopis,
1610 3030 1667 3078 et
1773 3025 1965 3084 borum
2012 3030 2064 3084 in
2097 3044 2193 3087 eos
2235 3033 2310 3088 uti
2348 3032 2611 3091 conviciis
2648 3051 2960 3107 arguamur,
2999 3054 3215 3095 causam
3247 3055 3374 3112 per-

140 3116 381 3171 omnibus
410 3115 678 3187 plebibus,
711 3114 945 3170 Hilarius
974 3128 1270 3177 conservus
1286 3122 1469 3171 vester
1494 3111 1573 3185 (a)
1609 3112 1663 3167 in
1690 3140 1738 3205 Ο
1774 3123 1996 3180 ditionis
2047 3125 2305 3196 publica).
2365 3144 2430 3183 ne
2492 3129 2576 3185 cui
2601 3145 2742 3199 luam
2801 3131 3040 3202 ignorata
3098 3133 3170 3188 sit
3193 3174 3208 3199 ν
3251 3111 3371 3190 Ῠηοη

141 3207 362 3298 Domino
383 3216 643 3264 aeternam
672 3207 927 3264 salutem.
1772 3222 2030 3275 tacemus.
2080 3220 2441 3277 Antichristos
2494 3223 2674 3293 plures
2723 3239 2865 3294 esse,
2903 3224 3066 3283 etiam
3121 3229 3373 3298 apostolo

143 3301 190 3356 1.
230 3292 417 3357 Pacem
469 3318 643 3357 verum
702 3302 900 3371 frustra
956 3310 1114 3357 lenta:
1163 3298 1397 3355 Hilarius
1445 3315 1658 3370 compo-

1830 3325 1978 3367 tanne
2036 3311 2386 3383 praedicante,
2429 3292 2781 3386 cognovimus
2837 3292 2881 3390 (1
2930 3316 3089 3374 Joan.
3135 3292 3204 3387 ti,
3256 3303 3384 3392 18).⁸

83 3407 216 3446 nere.
245 3423 312 3433 —
342 3391 665 3463 Speciosum
723 3391 940 3463 quidem
982 3407 1179 3447 nomen
1234 3401 1317 3447 εει
1369 3392 1553 3462 Iuleis.
1608 3398 1665 3446 Ol
1771 3401 2026 3474 Quisquis
2073 3402 2215 3460 enim
2262 3404 2577 3473 Christum,
2634 3408 2810 3480 qualis
2852 3409 2922 3467 ab
2971 3402 3229 3480 apostolis
3280 3391 3366 3470 est

82 3483 243 3551 pulcra
285 3493 369 3541 est
417 3484 603 3556 opinio
642 3485 908 3540 unitatis:
939 3484 1034 3539 sed
1080 3485 1203 3556 quis
1251 3483 1486 3555 ambigat
1542 3499 1636 3539 ean

1820 3500 2121 3568 medicatus,
2156 3503 2396 3574 negavit,
2437 3504 2788 3563 antichristus
2824 3516 2927 3564 est.
2955 3505 3201 3564 Nominis
3229 3508 3374 3564 anti-

81 3577 233 3632 solam
257 3577 518 3634 Ecclesia:
540 3588 699 3648 atque
730 3577 1147 3648 Evangeliorum
1181 3577 1438 3630 unitatem
1471 3590 1635 3646 pacen

1819 3592 1954 3649 tristi
2000 3596 2302 3665 proprietas
2338 3606 2441 3663 est,
2472 3596 2689 3654 Christo
2718 3615 2839 3656 esse
2869 3601 3223 3657 contrarium.
3258 3600 3373 3659 Hoc

82 3682 206 3734 esse,
254 3685 374 3738 qua:
409 3668 616 3727 Christi
670 3670 790 3726 est?
839 3670 1011 3738 Quam
1062 3668 1130 3723 ad
1189 3669 1481 3737 Apostolos
1540 3682 1636 3738 pos

1822 3700 1914 3741 mc
1952 3686 2052 3742 sub
2092 3687 2348 3757 opinione
2391 3688 2539 3744 falsa:
2582 3689 2800 3760 pietatis
2836 3690 3094 3758 efficitur,
3133 3691 3238 3749 hoc
3272 3692 3376 3749 sub

85 3765 326 3833 passionis
364 3780 477 3820 sua:
529 3763 758 3833 gloriam
808 3773 893 3820 est
945 3763 1155 3818 locutus
1196 3760 1374 3834 (Joan.
1401 3779 1508 3829 xx,
1544 3762 1635 3833 l9)

1823 3776 1948 3832 iecie
1965 3777 2361 3847 pranlicationis
2374 3780 2702 3852 evangelica:
2717 3781 3014 3849 laboratur,
3032 3789 3090 3838 ut
3117 3782 3377 3840 Dominus

81 3873 221 3926 quam
262 3858 327 3915 ad
382 3859 577 3915 aeterni
633 3857 875 3912 mandati
929 3858 1015 3912 sui
1062 3857 1255 3929 pignus
1307 3856 1658 3913 commcnda-
1765 3866 1924 3923 .lcsus
1958 3867 2228 3935 Christus,
2266 3869 2394 3925 dum
2441 3871 2720 3942 praedicari
2753 3871 3015 3939 creditur,
3056 3872 3377 3946 denegatur.

81 3951 143 4005 vit
173 3951 245 4025 (ὁ)
274 3952 540 4018 abiturus,
587 3951 726 4007 hanc
766 3949 843 4025 (ί)
876 3966 995 4014 nos,
1030 3950 1252 4006 Fratres
1291 3950 1632 4007 dilectissimi

1837 3961 1889 4017 5.
1931 3959 2168 4015 Ecclesia
2207 3961 2449 4018 subsidiis
2479 3962 2720 4019 humanis
2760 3965 2980 4036 fundata
3018 3982 3121 4021 non
3170 3971 3378 4040 fuit.—

84 4053 128 4098 ct
169 4048 416 4102 amissam
471 4061 742 4116 qumrere,
794 4054 850 4101 et
891 4045 1158 4100 turbatam
1210 4060 1559 4114 componere,
1606 4053 1661 4100 et
1771 4052 1853 4107 Ac
1885 4052 2114 4122 primum
2144 4053 2389 4110 miserari
2453 4054 2583 4111 licet
2634 4066 2834 4110 nostra:
2884 4056 3059 4112 artatis
3111 4058 3373 4129 laborem,

84 4149 324 4208 repertam
377 4147 565 4195 tenere
615 4138 946 4196 curavimus.
991 4137 1097 4193 Sed
1144 4137 1305 4207 hujus
1349 4137 1521 4209 ipsius
1560 4152 1659 4192 nos
1769 4147 2193 4215 ctprtesentium
2222 4157 2525 4219 temporum
2544 4147 2741 4203 stultas
2768 4148 3056 4219 opiniones
3078 4151 3383 4220 congemis-

86 4230 183 4287 tieri
215 4233 294 4288 vel
327 4232 622 4304 participes
650 4231 736 4288 vel
766 4240 1037 4298 auctores,
1070 4245 1173 4287 nec
1198 4230 1462 4300 temporis
1491 4230 1661 4285 nostri
1769 4251 1916 4305 cere,
1958 4237 2155 4309 quibus
2192 4238 2522 4310 patrocinari
2566 4237 2680 4294 Deo
2709 4240 2942 4293 humana
2972 4238 3287 4308 creduntur,
3327 4248 3385 4297 et

88 4335 274 4391 peccata
302 4335 638 4393 meruerunt,
663 4325 1119 4404 necimminentis
1144 4323 1452 4379 antichristi
1477 4323 1665 4395 ιιι-ωνῙί
1771 4328 1836 4383 ad
1884 4329 2138 4385 tuendam
2187 4327 2390 4385 Christi
2444 4330 2742 4386 Ecclesium
2794 4331 3092 4389 ambitione
3132 4332 3381 4389 stcculari

86 4416 397 4490 ministrique
429 4429 556 4475 sunt
585 4418 728 4489 passi
756 4434 770 4471 :
804 4417 893 4489 qui
932 4431 1067 4489 pace
1091 4431 1211 4482 sua,
1246 4415 1299 4471 id
1329 4424 1435 4483 est,
1468 4416 1665 4487 impie-'
1777 4406 1907 4491 (Ms;
1944 4419 2104 4477 Carn.
2135 4420 2344 4493 steculi)
2378 4420 2656 4478 laboratur
2701 4422 2804 4497 (ά).
2842 4423 2952 4481 Oro
2988 4440 3105 4494 vos,
3142 4427 3385 4498 episcopi

90 4509 196 4566 tatis
223 4528 333 4568 sua:
364 4512 574 4568 unitate
603 4526 664 4567 se
698 4509 927 4581 iactant,
956 4519 1180 4582 agentes
1203 4523 1263 4565 se
1286 4524 1395 4565 non
1432 4517 1494 4565 ut
1526 4510 1669 4580 epis—
1771 4511 1865 4582 qui
1912 4510 2018 4567 hoc
2060 4527 2184 4569 esse
2207 4526 2306 4569 vos
2347 4513 2607 4582 creditis,
2647 4514 2973 4586 quibusnam
3008 4515 3276 4587 suﬂ'ragiis
3312 4515 3381 4573 ad

87 4614 226 4673 copos
244 4603 470 4671 Christi,
502 4602 599 4660 sed
630 4602 935 4660 antichristi
965 4601 1300 4659 sacerdotes.
1686 4596 1742 4658 D
1767 4601 2171 4674 prmdicandum
2205 4603 2568 4677 Evangelium
2606 4606 2836 4677 apostoli
2875 4607 2959 4662 usi
2991 4607 3157 4663 sunt?
3182 4607 3381 4678 quibus

144 4745 218 4819 (α)
251 4740 357 4804 llas
393 4760 579 4813 voces,
621 4746 677 4800 in
709 4741 934 4799 Domino
979 4753 1224 4800 wtcrnam
1260 4784 1278 4811 ,
1327 4744 1660 4801 restituimus
1765 4744 1908 4819 pacis
1932 4752 1981 4799 et
2016 4744 2156 4819 regis
2193 4754 2521 4819 perstiterant
2569 4745 2834 4801 universas
2877 4760 3004 4816 pene
3041 4744 3198 4800 totius
3233 4742 3387 4819 Orbi‘

88 4815 279 4888 ex'tnss.
1035 4887 1040 4888 7
1101 4887 1138 4888 77
1240 4887 1244 4888 7
1373 4886 1384 4888 7
1508 4886 1515 4888 7
1626 4886 1633 4888 7
1767 4816 1956 4888 locales
1976 4815 2239 4885 ecclesias,
2265 4817 2417 4882 dixit,
2443 4828 2576 4882 etc.,
2610 4832 2792 4888 rerum
2819 4830 2885 4871 ac
2900 4826 3210 4888 getnporutn
3237 4815 3390 4888 igno_'

147 4887 215 4961 (tr)
252 4888 376 4946 Mss.
419 4902 636 4961 summo
675 4900 980 4961 consensu.
1021 4887 1306 4954 habituris;
1334 4886 1521 4961 phrasi
1547 4886 1667 4957 qui-
1769 4887 1943 4961 [stitia
1970 4884 2231 4961 videtur
2259 4889 2465 4958 lapsus.
2521 4887 2644 4961 Non
2692 4885 2836 4961 enim
2887 4884 3228 4961 Constantio,
3261 4884 3382 4943 wsed

87 4956 345 5032 detinfsatis
373 4958 792 5032 singulari,_non
818 4960 964 5032 omni
990 4966 1173 5032 tamen
1198 4956 1361 5014 sensu
1383 4956 1662 5014 destituta.
1773 4957 2153 5032 Valentiniano
2196 4956 2500 5032 imperante
2540 4958 2765 5032 scripsit
2805 4959 2918 5032 haec
2963 4957 3238 5032 Hilarius;
3271 4972 3381 5032 quo

148 5029 214 5099 (ε)
251 5032 363 5088 Hoc
382 5026 535 5087 dese
557 5029 802 5085 modeste
822 5029 1060 5084 insinuat
1085 5028 1335 5093 Hilarius,
1360 5032 1448 5099 qui
1475 5044 1662 5099 pacem
1769 5035 2017 5098 tempore
2045 5030 2109 5083 ad
2133 5026 2395 5085 ecclesias
2419 5044 2546 5084 suas
2570 5026 2859 5088 Eusebius.
2886 5027 3122 5093 Lucifer,
3150 5026 3387 5085 Hilarius

90 5098 313 5158 amissam
352 5117 599 5173 quaerere
637 5116 759 5173 non
787 5099 995 5173 destitit
1026 5110 1138 5155 toto
1173 5100 1353 5173 exsilii
1380 5098 1485 5156 sui
1529 5110 1666 5155 tcm-
1773 5101 1912 5173 ipse,
1944 5101 2145 5169 aliique
2175 5102 2475 5156 redierant.
2504 5098 2662 5173 Unde
2685 5099 2874 5173 Ariani
2915 5101 3109 5173 saltem
3138 5101 3195 5173 in
3223 5099 3385 5173 Occi-

88 5184 220 5239 pore,
236 5170 501 5231 turbatam
526 5183 647 5243 pom
668 5171 1011 5226 Ariminense
1031 5171 1317 5227 concilium
1337 5173 1663 5243 composuit,
1774 5170 1938 5243 dente
1970 5186 2074 5225 non
2103 5185 2292 5243 omnes
2328 5186 2465 5241 pene
2502 5171 2762 5243 ecclesias
2793 5170 2995 5243 locales
3037 5171 3380 5243 obtinebant.

89 5252 133 5317 ει
158 5259 334 5317 magna
366 5261 430 5300 ex
479 5240 632 5314 parte
671 5253 943 5317 repertam
988 5258 1225 5317 sum_mo7_
1249 5242 1427 5317 studio
1468 5240 1665 5317 tenuit.
1775 5240 1909 5317 Cum
1934 5250 2119 5317 tamen
2137 5240 2478 5317 subsequens
2498 5240 3027 5317 Hilariideclatnatio
3047 5241 3103 5296 in
3130 5241 3179 5297 id
3204 5243 3385 5312 potius

90 5310 181 5386 Sed
206 5309 320 5386 qua:
360 5309 509 5371 retro
550 5309 930 5386 suntoblitus.
960 5312 1116 5383 quasi
1155 5311 1417 5386 nihildum
1459 5313 1670 5383 praesti-
1777 5311 1937 5386 cadat
1975 5312 2120 5386 quod
2163 5312 2348 5386 Ariani
2394 5309 2854 5386 snb7Constantio
2897 5309 3385 5386 egissent,_'quam

90 5381 243 5449 tisset',
284 5387 409 5459 quia
461 5386 603 5442 hanc
645 5381 1279 5459 Mediolanen’sihcivitati
1304 5381 1513 5439 frustra
1558 5394 1676 5438 ten-
1779 5384 1834 5438 in
1865 5381 1916 5437 id
1936 5381 2089 5459 quod
2097 5386 2217 5459 _sub
2245 5382 2627 5459 valentiniano
2652 5381 3388 5459 agerentA:commod_e’pos-

96 5463 240 5512 lasset
266 5452 583 5525 pi-ncurare,
614 5456 897 5525 sequentia
926 5454 1161 5525 subiicit.
1616 5524 1621 5525 7
1780 5463 1907 5509 sunt
1936 5452 2053 5510 haec
2082 5454 2334 5525 Facundi
2375 5456 2542 5510 verba
2587 5454 2834 5525 intelligi.
2868 5454 3002 5525 Quia
3031 5470 3162 5512 vero
3186 5452 3390 5511 Valen-

154 5526 226 5599 (ἀ)
264 5524 547 5599 Facundos
598 5524 904 5599 Hermian_.,
950 5526 1146 5599 Sptcil:
1174 5534 1214 5599 t_.
1247 5541 1305 5599 ut
1327 5567 1343 5591 ,
1380 5540 1499 5596 pag.
1534 5524 1672 5592 118,
1783 5526 2016 5599 tinianus
2040 5524 2377 5599 nimiopacis
2399 5525 2602 5599 studio,
2628 5534 2684 5581 et
2709 5524 3110 5599 amore’tocalis
3140 5526 3389 5599 ecclesia:

95 5593 217 5651 dum
248 5603 363 5654 lucc
411 5601 483 5652 ita
536 5597 721 5653 laudat
764 5613 778 5648 :
832 5593 1056 5651 Sanctus
1099 5595 1336 5652 Hilarius
1380 5593 1674 5667 cpiscopus,
1779 5610 1943 5668 quam
1989 5593 2288 5652 Auxentius
2329 5598 2672 5668 occupabat,
2699 5597 2905 5653 versuti
2943 5598 3103 5668 hujus
3147 5596 3393 5654 hteretici

96 5668 337 5750 confessor
363 5679 410 5723 et
438 5670 617 5750 doctor
642 5667 897 5750 egregius,
927 5668 1236 5750 quibusdam
1263 5669 1518 5750 episcopis
1547 5677 1678 5750 ταρπ-
1782 5667 1946 5750 fidem
1969 5667 2191 5738 propius
2213 5667 2505 5750 explorare
2522 5667 2725 5750 timuit,
2753 5678 2810 5750 et
2834 5667 3170 5750 professione
3196 5684 3393 5725 secun-

95 5752 207 5804 pars
254 5740 535 5798 Constantii
578 5738 926 5810 imperatoris,
966 5755 1067 5817 quo
1110 5738 1301 5796 Ariani
1332 5738 1445 5796 snb'
1474 5739 1679 5795 nomine
1781 5738 1910 5796 dum
1947 5752 2139 5796 vocum
2166 5738 2332 5796 sonos
2356 5738 2625 5799 catholica
2653 5738 2949 5798 contentus
2978 5738 3120 5797 illius
3144 5754 3392 5801 commu-
