3936 6196
573 266 671 337 (iit

1773 262 2018 324 SANCTI
2056 252 2313 321 HILAR"
2362 248 2674 320 EPISCOi’l

3746 266 3837 321 iiii

571 391 738 462 aaljuti
779 389 1133 461 potestatibus
1156 385 1429 444 Christum
1462 384 1925 456 praedicaverunt,
1955 392 2169 453 gentes-
2196 386 2245 448 Α
2275 380 2370 435 tris
2407 379 2462 435 in
2493 379 2628 437 lucis
2673 392 2733 436 se
2770 377 3016 450 angelum
3064 377 3609 448 transformantibus,
3647 381 3717 436 ab-
3743 402 3839 437 υιιι-

570 504 677 559 que
727 489 840 542 fere
888 499 1075 539 omnes
1123 499 1189 539 ex
1233 481 1392 536 idolis
1429 480 1496 535 ad
1544 479 1713 535 Deum
1751 476 2172 534 transtulerunt?

571 578 727 635 Anne
771 576 1003 648 aliquam
1048 575 1147 630 sibi
1180 572 1257 647 (a)
1286 573 1639 630 assumebant
1683 587 1714 628 e
1759 570 1961 644 palatio
1999 567 2174 640 digni-

569 680 767 737 tatem,
799 671 1055 744 hymnum
1091 669 1202 725 Deo
1229 670 1281 724 in
1312 683 1532 727 carcere
1557 668 1699 725 inter
1728 676 1946 723 catenas
1975 676 2029 722 et
2054 674 2173 736 post

568 756 781 836 ﬂagella
819 772 1134 828 cantantes;
1179 760 1482 833 edictisque
1523 762 1666 831 regis
1696 759 1916 826 Paulus,
1954 773 2076 813 cum
2118 756 2171 811 in

570 856 784 911 theatro
830 855 1197 927 spectaculum
1239 854 1357 927 ipse
1393 862 1558 923 esset,
1614 853 1834 909 Christo
1874 849 2171 907 Ecclesium

568 935 964 1021 congregabat?
1015 946 1229 1003 Nerone
1276 962 1366 1015 se,
1420 945 1624 1013 credo,
1678 953 1771 999 aut
1812 940 2171 1011 VeSpasiano,

569 1053 660 1097 aut
694 1041 769 1112 (b)
801 1042 962 1097 Decio
1006 1038 1467 1111 patrocinantibus
1512 1036 1798 1093 tuebatur?
1840 1049 2068 1105 quorum
2119 1032 2172 1087 in

571 1149 675 1189 nos
717 1132 858 1189 odiis
906 1132 1176 1189 conl‘cssio
1228 1132 1421 1189 divina:
1473 1130 1872 1201 praedicationis
1914 1124 2170 1185 efﬂoruit.

569 1226 648 1284 illi
696 1243 857 1283 manu
912 1237 1076 1298 atque
1130 1241 1295 1297 opere
1337 1240 1397 1281 se
1433 1226 1662 1292 alentes,
1708 1223 1847 1279 intra
1894 1220 2174 1279 cmnacula

571 1332 889 1391 secretaque
941 1326 1236 1385 coeuntes,
1297 1317 1445 1374 vicos
1498 1326 1553 1373 et
1600 1316 1823 1373 castella
1879 1327 2176 1386 gentesque

569 1412 685 1469 fere
713 1429 900 1469 omnes
947 1423 1088 1467 terra
1131 1428 1195 1467 ac
1233 1410 1369 1466 mari
1395 1418 1581 1465 contra
1623 1406 2092 1464 senatusconsulta
2122 1412 2178 1461 et

568 1523 757 1579 regum
782 1507 956 1563 edicta
988 1516 1354 1577 peragrantes,
1387 1504 1586 1570 claves,
1616 1502 1802 1568 credo,
1833 1500 1983 1573 regni
2012 1498 2176 1555 eteio-

574 1616 695 1655 rum
741 1618 845 1655 non
876 1598 1190 1655 habebant?
1217 1600 1324 1654 Aut
1365 1614 1469 1654 non
1513 1596 1801 1651 manifesta
1832 1610 1893 1650 se
1941 1604 2050 1648 tum
2084 1589 2177 1647 Dei

577 1693 752 1748 virtus
804 1701 992 1748 contra
1049 1692 1171 1746 odia
1231 1691 1465 1746 humana
1523 1689 1798 1761 porrexit,
1844 1703 1966 1743 cum
2026 1694 2177 1741 tanto

2275 473 2422 528 nium
2464 474 2576 528 iere
2622 488 2785 528 sensu
2824 480 2879 527 et
2914 471 3247 528 conscientia
3290 474 3335 530 is
3378 476 3471 547 qui
3511 483 3599 531 est
3633 474 3840 533 Christus

2274 563 2543 621 aboletur.
2589 562 2660 622 Ut
2700 565 2844 619 enim
2889 565 3091 621 erroris
3133 564 3426 622 aflirmatio
3470 581 3624 623 certa
3657 568 3737 630 sit.
3773 570 3842 625 in-

2275 666 2422 713 certa
2475 655 2545 730 (f)
2588 656 2701 713 veri
2743 657 2927 728 Opinio
2966 657 3270 714 antefertur
3299 676 3312 714 :
3340 662 3521 732 sitque
3562 658 3843 719 antichristo

2269 747 2382 819 jam
2434 750 2707 820 pervium,
2755 748 3031 807 Christum
3087 769 3211 807 eum
3259 768 3382 809 esse
3428 768 3490 810 se
3542 755 3750 822 fallere,
3789 757 3846 814 de

2276 858 2384 915 quo
2409 860 2552 900 nunc
2587 860 2758 916 usque
2795 844 3103 902 dissensum
3134 847 3223 902 sit.
3258 846 3395 904 Hinc
3437 846 3547 903 illa:
3576 849 3732 903 variae
3753 853 3849 921 Opi-

2275 921 2486 1003 niones,
2535 936 2663 992 hinc
2703 937 2804 994 sub
2851 937 3007 993 unius
3058 935 3133 1010 (g)
3169 937 3374 993 Christi
3420 937 3531 994 ﬁde
3577 939 3851 1009 prmdicatio

2277 1031 2657 1103 plurimorum,
2690 1030 2817 1088 hinc
2848 1048 3019 1102 unper
3049 1031 3165 1087 Arii
3195 1033 3417 1104 Spiritus
3448 1048 3517 1089 ex
3545 1033 3733 1106 angelo
3756 1034 3854 1090 dia-

2275 1125 2387 1183 boli
2415 1126 2468 1181 iu
2494 1126 2628 1182 lucis
2654 1125 2905 1198 angelum
2936 1124 3015 1199 (Ir)
3046 1126 3463 1195 transﬁguratus
3492 1144 3508 1183 :
3537 1126 3689 1196 cujus
3706 1126 3854 1185 luere-

2277 1218 2417 1274 ditas
2449 1216 2512 1291 (i)
2532 1218 2708 1275 omnis
2750 1218 2816 1273 ad
2845 1217 3163 1286 Valentem,
3194 1215 3501 1285 Ursacium,
3532 1216 3851 1287 Auxentium,

2278 1310 2637 1378 Germinium,
2684 1309 2872 1367 Caium
2930 1311 3192 1367 successit
3242 1320 3403 1382 atque
3453 1310 3698 1366 deﬂuxit.
3741 1311 3852 1367 Nam

2279 1407 2380 1478 ipsi
2424 1423 2567 1462 nunc
2616 1404 2891 1462 Christum
2941 1422 3160 1475 novum,
3200 1421 3299 1480 per
3335 1421 3500 1478 quem
3538 1405 3855 1464 antichristus

2280 1502 2619 1571 subreperet,
2645 1499 2962 1557 intulerunt.

2351 1592 2405 1647 6.
2449 1593 2713 1662 Auxentii,
2768 1590 3017 1661 Valentis,
3064 1602 3196 1660 etc.,
3245 1592 3309 1647 de
3353 1591 3559 1648 Christo
3599 1593 3853 1665 Opiniones.

2283 1687 2428 1744 l’lebi
2448 1689 2673 1743 nondum
2695 1697 2839 1743 nocet
2853 1688 3061 1744 [tmesis
3080 1688 3261 1744 latens.
3280 1686 3557 1744 —-Volunt
3578 1688 3717 1743 enim
3738 1688 3858 1743 hunc

572 1784 743 1853 magis
767 1782 1015 1839 Christus
1043 1783 1450 1853 przedicaretur,
1473 1789 1677 1853 quanto
1699 1780 1869 1851 magis
1899 1776 2179 1849 praediCuri
2211 1774 2259 1837 Β
2285 1794 2443 1835 suum
2464 1783 2737 1836 Christum
2761 1797 2866 1835 non
2891 1780 3009 1851 ejus
3025 1779 3319 1835 divinitatis
3336 1796 3462 1836 csse
3484 1780 3637 1850 cujus
3654 1792 3702 1835 et
3726 1778 3859 1835 Pater

570 1875 943 1931 iuhiberetur?

644 1967 699 2021 4.
745 1966 898 2022 Fidei
947 1969 1020 2022 vis
1064 1968 1214 2021 illata
1259 1967 1600 2038 improbatur.
1630 1995 1701 2007 —
1732 1966 1800 2023 At
1828 1978 1991 2032 nunc,
2040 1963 2173 2034 proh

568 2059 753 2115 dolor!
784 2057 1017 2114 divinam
1050 2058 1209 2114 iidem
1243 2054 1492 2129 snliragia
1527 2068 1739 2115 terrena
1768 2057 2172 2121 commendant,

571 2151 836 2222 inOpsque
865 2151 1079 2207 virtutis
1120 2151 1281 2227 595
1329 2169 1441 2208 sure
1470 2151 1754 2217 Christus,
1788 2151 1916 2206 dum
1952 2150 2175 2206 ambitio

571 2240 775 2298 numini
796 2258 895 2298 suo
913 2244 1256 2315 conciliatur,
1277 2242 1542 2313 arguitur.
1561 2244 1753 2299 Terret
1771 2240 1977 2299 exsiliis
1995 2249 2050 2296 ct
2066 2256 2177 2297 car-

571 2334 785 2389 ceribus
807 2333 1049 2389 Ecclesia
1078 2352 1092 2389 :
1120 2332 1379 2405 credique
1409 2334 1512 2390 sibi
1540 2334 1713 2403 cogit,
1740 2349 1861 2404 qua:
1882 2332 2089 2388 exsiliis
2123 2343 2177 2387 et

570 2428 878 2484 carceribus
921 2436 1007 2483 est
1050 2428 1282 2485 credita.
1333 2428 1543 2484 Pendet
1589 2428 1661 2498 (ο)
1698 2425 1766 2482 ad
1807 2426 2174 2499 dignationem

570 2522 1112 2590 cummunicantium,
1146 2539 1266 2594 qua:
1293 2522 1732 2593 persequentium
1757 2530 1843 2577 est
1861 2528 2176 2579 consecrate

571 2623 799 2671 terrore.
839 2615 1009 2685 Fugat
1049 2615 1380 2678 sacerdntes.
1414 2630 1533 2685 qua:
1574 2610 1772 2683 fugatis
1798 2624 1881 2668 est
1922 2611 2178 2668 sacerdo—

570 2708 715 2763 tibus
760 2716 1071 2777 propagata.
1120 2707 1279 2778 Dtligi
1326 2722 1386 2762 se
1427 2709 1693 2775 gloriatur
1724 2722 1754 2761 a
1793 2705 2013 2769 mundo,
2057 2718 2177 2774 qua:

569 2797 775 2853 Christi
815 2814 938 2855 esse
975 2814 1081 2854 non
1126 2799 1321 2869 potuit,
1361 2799 1465 2853 nisi
1499 2814 1626 2854 eam
1670 2798 1901 2853 mundus
1949 2797 2173 2854 odiSset.

573 2889 701 2945 llaec
718 2889 799 2962 (ά)
818 2890 886 2945 de
905 2890 1313 2959 comparatione
1337 2889 1545 2945 traditae
1567 2888 1725 2945 nobis
1744 2889 1869 2944 olim
1899 2889 2176 2956 Ecclesiae,

571 2997 821 3057 nuncque
848 2984 1165 3055 deperditae,
1206 2999 1293 3039 res
1332 2984 1448 3054 ipsa
1485 2999 1605 3055 quas
1644 2985 1698 3039 in
1727 2982 1901 3039 oculis
1933 2981 2177 3037 omnium

573 3086 656 3131 est
683 3087 842 3145 atque
871 3091 989 3143 ore,
1018 3076 1294 3130 clamavit.

2279 1880 2394 1937 est;
2419 1872 2512 1927 sed
2544 1870 2615 1945 (j)
2642 1887 2763 1928 esse
2789 1880 3059 1943 potentem
3082 1883 3136 1928 et
3158 1880 3508 1943 prtestantem
3531 1872 3736 1927 caeteris
3760 1870 3860 1926 aliis

2279 1964 2446 2041 596
2476 1965 2740 2022 creaturis
2774 1971 3110 2031 «causam,
3150 1980 3387 2037 eumque
3422 1981 3522 2036 per
3554 1965 3858 2021 voluntatem

2281 2056 2375 2113 Dei
2406 2074 2471 2113 ex
2504 2056 2672 2113 nihilo
2704 2058 3012 2114 substitisse
3037 2076 3050 2112 :
3076 2068 3129 2113 et
3157 2073 3281 2114 eum
3311 2067 3437 2113 ante
3460 2057 3643 2112 omnia
3664 2056 3856 2128 quidem

2279 2153 2477 2208 saecula
2496 2195 2510 2217 ,
2538 2162 2589 2207 et
2625 2162 2752 2209 ante
2770 2168 2934 2209 omne
2961 2153 3185 2210 omnino
3218 2162 3433 2225 tempus
3462 2158 3648 2207 natum
3675 2166 3738 2206 ex
3763 2150 3861 2205 Deo

2280 2243 2448 2301 Deum
2487 2261 2645 2312 esse;
2676 2245 2774 2301 sed
2800 2260 2913 2301 non
2943 2261 3010 2301 es
3045 2245 3347 2305 substantia
3391 2244 3490 2300 Dei
3528 2259 3671 2311 esse,
3709 2257 3860 2311 neque

2278 2336 2475 2391 divina!
2497 2338 2549 2391 in
2564 2353 2628 2391 cn
2644 2336 2954 2403 nativitatis,
2980 2335 3389 2407 majestatisque
3407 2335 3549 2407 ejus,
3574 2334 3767 2406 (k)qu:e
3785 2333 3859 2389 Dei

2280 2439 2363 2485 est
2392 2429 2799 2500 intelligendam
2823 2428 3106 2495 veritatem
3134 2443 3148 2493 ;
3174 2442 3243 2482 ne
3264 2442 3423 2498 quam
3452 2440 3619 2482 verus
3645 2426 3713 2480 sit
3740 2426 3858 2481 Deus

2276 2518 2374 2591 qui
2406 2529 2557 2588 pater
2577 2526 2680 2584 est,
2702 2530 2811 2574 tam
2830 2533 2995 2575 verus
3022 2518 3093 2573 sit
3114 2518 3258 2573 Deus
3286 2516 3383 2589 qui
3405 2517 3550 2574 ﬁlius
3580 2525 3692 2575 est:
3716 2524 3768 2572 ut
3793 2517 3852 2583 id,

2280 2610 2423 2683 quod
2446 2627 2608 2666 unum
2630 2626 2750 2665 esse
2772 2609 2937 2665 Filius
2954 2621 3007 2665 et
3024 2608 3183 2664 Pater
3197 2610 3251 2664 in
3271 2609 3580 2681 Evangeliis
3596 2609 3856 2680 pradican-

2279 2708 2368 2756 tur
2403 2701 2584 2773 (Joan.
2614 2718 2670 2769 κ,
2694 2703 2807 2774 50),
2835 2703 2887 2757 in
2920 2701 3211 2757 voluntatis
3232 2709 3435 2757 tantum
3452 2703 3525 2757 sit
3542 2710 3600 2757 et
3618 2698 3858 2756 charitatis

2281 2795 2569 2861 societate,
2598 2808 2704 2849 non
2741 2795 2794 2849 in
2820 2793 3117 2851 divinitatis
3147 2793 3393 2850 veritate.
3423 2792 3556 2862 Qua:
3597 2792 3641 2847 si
3666 2795 3715 2847 in
3739 2791 3853 2847 Filio

2281 2905 2390 2945 non
2416 2888 2605 2945 eadem
2628 2895 2713 2945 est
2739 2886 2853 2959 ipsa
2883 2888 2973 2943 illa
2994 2904 3114 2958 quae
3139 2886 3235 2943 Dei
3258 2897 3362 2951 est.
3388 2898 3451 2944 ut
3473 2889 3527 2942 in
3549 2886 3853 2945 confessione

2284 2982 2408 3038 ﬁdei
2457 2982 2601 3038 Deus
2646 2996 2786 3037 unus
2834 2980 2935 3049 sit;
2987 2995 3084 3039 cur
3134 2981 3302 3037 Deum
3350 2980 3570 3042 Filium.
3619 2996 3713 3037 cur
3754 2990 3853 3035 ante

2283 3083 2528 3145 tempora
2573 3081 2628 3129 et
2653 3074 2852 3130 saecula
2883 3074 3230 3141 conﬁtentur,
3275 3073 3376 3131 nisi
3404 3075 3533 3145 quia
3560 3073 3654 3131 Dei
3688 3086 3850 3128 nomen

646 3168 699 3223 5.
741 3169 1046 3223 Antichristi
1085 3178 1281 3239 tempus
1323 3169 1439 3242 jam
1485 3167 1777 3221 adesse.—
1806 3165 1942 3236 Quid
1994 3173 2173 3221 autem
2204 3172 2250 3237 ο
2281 3177 2470 3224 sancto
2515 3167 2707 3238 cuique
2753 3183 2847 3233 per
2904 3166 3295 3238 indulgentiam
3339 3165 3406 3239 (Ι)
3451 3166 3760 3225 aeternitatis
3790 3172 3853 3219 est

571 3260 705 3316 illud
744 3261 835 3326 sit,
888 3262 1031 3333 quod
1076 3262 1437 3332 ignorandum
1488 3262 1630 3316 ultra
1681 3275 1785 3315 non
1835 3261 1905 3315 sit
1941 3258 2181 3317 breviter

575 3368 870 3425 exponam.
931 3354 1241 3410 Secundum
1308 3354 1559 3425 placitam
1623 3353 1731 3410 Deo
1791 3352 2179 3425 plenitudinem

573 3457 847 3502 c0arctata
917 3454 1044 3501 sunt
1098 3456 1364 3516 tempora.
1422 3442 1489 3515 (e)
1544 3443 1963 3513 Circumscriyta
2036 3446 2179 3500 enim

576 3540 716 3595 ratio
759 3554 947 3595 eorum
994 3536 1308 3594 ctelestibus
1351 3535 1505 3590 libris
1546 3536 1773 3590 docetur
1806 3554 1818 3589 :
1856 3551 1919 3591 ac
1958 3551 2183 3593 necesse

581 3642 667 3688 est
732 3632 789 3687 in
848 3632 1019 3703 ipsam
1075 3648 1176 3688 nos
1240 3640 1453 3684 aetatem
1523 3627 1824 3685 antichristi
1885 3629 2177 3699 incidisse,

581 3725 766 3796 cujus,
797 3725 1092 3782 secundum
1123 3724 1445 3796 Apostolnm
1478 3722 1548 3796 (ll
1585 3722 1706 3777 Cor.
1732 3739 1807 3791 χι,
1842 3722 1955 3795 14),
1987 3727 2177 3783 minis-

578 3862 799 3916 nionem
828 3861 1099 3931 suscepit;
1126 3860 1464 3932 postmodum
1490 3862 1546 3918 in
1573 3862 1797 3918 nimium
1830 3863 1979 3919 illum
2009 3866 2185 3933 parie-

578 3942 694 3989 tum
724 3933 965 3988 ecciesiae
993 3948 1233 3989 artiorem
1263 3933 1532 3989 invehitur
1558 3951 1571 3986 :
1601 3936 1803 3990 veritus
1830 3935 1970 3990 haud
1992 3938 2179 4003 dubie,

582 4019 650 4058 ne
677 4005 954 4076 episcopi,
986 4005 1075 4075 qui
1107 4005 1158 4058 in
1198 4005 1539 4076 imperatoris
1568 4007 1828 4061 comitatu
1870 4007 2182 4076 frequentes

581 4084 757 4136 erant.
790 4074 842 4129 in
873 4078 1116 4131 eamdem
1146 4075 1634 4133 dissimulationem
1660 4077 1893 4146 abirent,
1926 4074 1982 4133 et
2010 4080 2184 4137 luere-

589 4147 692 4201 tiea
723 4150 1105 4202 communione
1146 4148 1538 4218 polluerentur.

660 4218 736 4287 (a)
774 4219 879 4275 Sex
911 4235 1042 4274 tnss.
1073 4228 1406 4275 assumercnt.

659 4288 737 4362 (b)
774 4289 837 4362 in
875 4291 1267 4362 antiquioribus
1315 4307 1444 4347 mss.
1500 4290 1616 4347 Vat.
1663 4292 1803 4362 bas.,
1853 4291 2076 4351 Carnut.
2131 4303 2189 4350 et.

585 4356 765 4423 Colit},
796 4356 988 4414 Deciis.

648 4430 723 4504 (e);
738 4431 879 4504 l._ips.
900 4442 953 4487 et
968 4432 1109 4498 Pan,
1126 4451 1157 4487 a
1172 4432 1497 4504 dignatione:
1512 4434 1865 4489 renitentibus
1878 4430 1994 4490 aliis
2011 4436 2184 4492 libris.

656 4502 829 4577 (dun
861 4517 999 4577 mss._
1040 4504 1110 4559 Ac
1133 4502 1243 4567 def
1274 4521 1378 4560 non
1429 4506 1538 4559 lucc
1583 4507 1664 4560 de.
1700 4506 1819 4561 Mox
1856 4508 1996 4577 apud
2026 4504 2183 4572 Bad.,

2287 3261 2654 3320 destinatum?
2685 3262 2792 3316 Aut
2819 3260 3124 3331 regenerati
3156 3274 3348 3319 omnes
3374 3273 3483 3316 non
3515 3260 3643 3316 vere
3673 3258 3757 3314 Dei
3780 3255 3850 3310 lilii

2289 3366 2437 3423 sunt,
2483 3365 2579 3411 aut
2608 3354 2786 3425 angeli
2828 3368 3038 3421 omnes,
3085 3368 3184 3423 per
3221 3350 3499 3409 Christum
3542 3351 3719 3421 utique
3750 3365 3853 3407 con-

2289 3448 2411 3514 diti,
2446 3463 2553 3502 non
2598 3456 2723 3502 ante
2747 3446 2929 3503 omnia
2958 3455 3201 3516 tempora
3227 3456 3289 3501 et
3312 3454 3439 3502 ante
3464 3447 3643 3502 omnia
3668 3444 3852 3499 omnino

2288 3542 2485 3599 smcula
2499 3551 2624 3596 sunt
2642 3540 2846 3597 creati?
2869 3538 2963 3612 (m)
2986 3538 3186 3595 Verum
3211 3537 3279 3593 ad
3301 3539 3675 3594 antichristum
3695 3533 3852 3592 minori

2290 3636 2489 3692 invidia
2520 3634 2972 3691 introducendum
2996 3674 3012 3699 ,
3040 3632 3369 3703 miserisque
3395 3630 3753 3692 credendum.
3780 3628 3851 3683 tri-

2289 3729 2459 3784 buunt
2501 3728 2716 3789 Christo
2764 3727 2856 3782 Dei
2900 3741 3139 3793 nomen;
3181 3724 3307 3798 quia
3345 3724 3449 3781 hoc
3495 3733 3552 3781 et
3591 3722 3854 3781 hominibus

2292 3877 2464 3939 artem
2511 3868 2566 3923 in
2598 3867 2926 3924 Ariminensi
2971 3865 3183 3939 synodo
3225 3866 3366 3937 apud
3397 3862 3678 3939 Albanas.
3701 3861 3779 3917 lib.
3802 3859 3854 3914 de

2291 3938 2522 4010 Synutl.,
2563 3956 2617 4010 p.
2669 3938 2797 4006 876,
2847 3934 3275 3994 conclamabant
3298 3937 3577 4000 catholici,
3627 3934 3733 3989 Nos
3774 3947 3853 3985 non

2291 4013 2411 4083 quia
2428 4011 2540 4083 ﬁde
2562 4011 2928 4080 indigerentus,
2955 4010 3440 4083 Interconvenimus,
3468 4017 3574 4063 etc.
3706 4073 3753 4083 Α,
3794 4076 3802 4083 .
3846 4073 3856 4083 .

2368 4073 2449 4154 (g)'
2489 4083 2609 4137 Par.
2639 4073 2761 4137 cum
2810 4073 2926 4137 ms.
2958 4080 3117 4137 Culb.
3161 4098 3190 4135 a
3238 4082 3444 4137 recenti
3490 4094 3669 4144 ηιωιιι,
3697 4073 3855 4133 Christi

2293 4170 2498 4208 nomine

2369 4224 2448 4297 (Ιι)
2491 4224 2617 4297 Mss.
2650 4224 2925 4296 ﬁguratus.
2959 4224 3130 4279 Aliter
3152 4222 3351 4295 legitur
3378 4222 3536 4293 poqu
3564 4219 3791 4293 superius
3813 4222 3856 4271 et

2293 4297 2450 4353 initio
2481 4296 2600 4351 libri
2634 4298 2685 4351 itt
2713 4298 2992 4352 ()0ustant.

2371 4366 2550 4440 (Ulla
2593 4383 2744 4440 mss,
2772 4368 2842 4423 At
2874 4366 3036 4433 editi,
3076 4367 3351 4440 htereditas
3382 4364 3648 4440 nominis}
3671 4370 3722 4418 et
3754 4371 3854 4440 tuot

2295 4434 2681 4509 post'Lipsium
2728 4438 2878 4504 Pan,
2922 4438 3269 4508 successioque
3316 4436 3555 4506 deﬂuxit.
3587 4434 3703 4509 Haec
3743 4434 3856 4485 ult‘l

2294 4507 2579 4579 superiora
2613 4512 2677 4563 ad
2711 4509 3063 4565 Ariminensis
3106 4507 3319 4563 enucilii
3366 4517 3515 4579 gesta
3563 4507 3852 4562 referuntur.

585 4572 858 4650 Er.,'__Mir.
890 4584 946 4650 et
990 4575 1043 4630 in
1079 4577 1315 4650 quinque
1356 4593 1511 4650 mss.,
1563 4594 1839 4645 numquam
1880 4572 2178 4649 deperditw.
2210 4584 2261 4649 ο
2295 4572 2525 4635 Tantum
2558 4584 2760 4635 omittit
2785 4580 3019 4636 Hilarius
3047 4572 3459 4650 Demophiluin,
3495 4592 3654 4648 quem
3682 4588 3858 4650 meiut;-

582 4644 642 4700 ln
685 4643 1001 4701 Miclmelino
1047 4643 1241 4702 autem'
1272 4649 1340 4701 ab
1390 4649 1577 4702 cadent
1617 4643 1861 4703 munitet
1904 4643 1956 4703 in
1986 4654 2177 4705 eodem

582 4728 837 4791 contextu
878 4718 1148 4791 adjicitur,
1195 4721 1294 4784 oet,
1340 4736 1476 4773 nunc
1512 4736 1664 4786 quam
1695 4722 1973 4789 deperditre
1998 4737 2017 4774 :
2045 4737 2183 4791 quo-

585 4787 748 4847 modo
778 4789 1060 4860 legendum
1094 4791 1353 4845 Erasmus
1394 4791 1461 4852 ad
1493 4787 1785 4857 marginem
1826 4787 2088 4853 asseruit,
2121 4806 2184 4848 ac

585 4867 708 4928 post
749 4874 872 4915 eum
919 4860 1096 4931 legere
1133 4861 1279 4930 Lips.
1320 4872 1375 4916 et
1401 4861 1522 4915 Par.
1555 4862 1725 4918 liabet
1755 4878 1855 4917 ms.
1890 4863 2004 4918 bas.
2035 4863 2179 4929 ναι..

576 4932 888 5003 mincoalde
915 4934 1130 5002 perditae
1152 4949 1171 4987 :
1194 4932 1286 4991 ubi
1315 4948 1381 4988 ex
1403 4932 1623 4988 (larunt.
1653 4933 1988 5003 reponimus,
2016 4951 2181 4990 nunc-

576 5018 680 5073 ηας
705 5002 1003 5070 deperditaz.

654 5071 725 5145 (e)
767 5074 942 5141 Editi,
975 5076 1419 5145 incircumscripta
1446 5092 1463 5130 :
1494 5075 1851 5132 emendantur
1875 5090 1944 5133 ex
1976 5092 2107 5132 mss.

657 5145 726 5218 (Ῑ)
764 5145 945 5203 Mirans
974 5150 1142 5218 magis
1191 5147 1387 5218 placuit
1414 5163 1559 5212 vero,
1593 5147 1981 5203 reluctantibus
2005 5148 2184 5204 omni-

582 5216 688 5275 bus
708 5216 1006 5277 veteribus
1040 5216 1203 5275 libris
1236 5237 1249 5273 :
1294 5233 1395 5275 nec
1421 5219 1678 5287 deinceps
1716 5220 2011 5288 castigatus
2042 5220 2182 5287 fuit;

585 5289 834 5358 quamvis
853 5290 937 5345 ltie
958 5291 1143 5346 llilarit
1160 5290 1426 5347 sententia
1450 5305 1554 5344 non
1574 5305 1636 5344 ea
1657 5289 1750 5356 sit,
1768 5301 1823 5344 ιιι
1842 5290 2045 5347 incerta
2067 5294 2187 5361 Opi-

586 5364 677 5415 nio
692 5370 1049 5427 anteponatur
1074 5361 1309 5427 veritati,
1330 5361 1429 5417 sed
1451 5362 1666 5429 utquod
1689 5377 1872 5417 verum
1888 5377 1953 5418 ac
1971 5374 2181 5419 certum

583 5438 704 5495 est,
733 5431 802 5487 ab
831 5433 1043 5489 Arianis
1081 5443 1410 5501 promuntur
1436 5433 1584 5488 velut
1625 5435 1828 5488 incerta
1870 5435 2073 5502 Opinio.
2107 5434 2183 5490 De

623 5503 939 5574 oneratiune
965 5507 1109 5560 enim
1139 5502 1417 5574 Filii,quia
1440 5504 1813 5559 inenarrabilis
1839 5514 2003 5562 esset.
2033 5507 2185 5562 note»

625 5581 720 5629 ant
760 5572 1051 5645 quidquam
1097 5572 1333 5632 deliniri.
1381 5577 1527 5642 Quos
1573 5575 1817 5644 sigilians
1858 5574 2185 5635 Phoebadius

587 5644 786 5717 Agen.,
808 5644 958 5717 Illud
980 5658 1168 5711 autem,
1184 5646 1375 5717 inquit,
1400 5647 1513 5716 quis
1538 5647 2043 5717 fmeaquanimitcr
2066 5665 2186 5716 pos-

585 5712 674 5792 sit,
698 5722 750 5792 tu
769 5730 918 5792 quem
938 5716 1141 5792 initiatus
1158 5712 1340 5772 habere
1367 5712 1618 5792 praeerit)
1639 5712 1855 5792 ponunt,
1873 5718 2029 5792 hujus
2051 5712 2185 5774 nati-

590 5784 795 5835 vitatem
815 5784 1031 5839 habeant
1052 5788 1105 5840 in
1124 5784 1388 5842 incertum.
1408 5784 1682 5844 Adversus
1696 5784 1950 5845 eamdem
1969 5789 2183 5845 illorum

2290 4651 2418 4705 ratis
2464 4653 2702 4722 adiungit
2754 4650 3103 4714 Athanasius,
3152 4640 3247 4722 lih'.
3293 4652 3393 4722 de“
3411 4640 3642 4721 Syri-01L,
3683 4640 3854 4722 p.874.

2298 4719 2576 4781 Venerunt.
2605 4719 2796 4793 inquit,
2815 4722 2883 4779 ad
2908 4723 3150 4777 catinium
3172 4719 3669 4793 loeutrtGujirunitts,
3686 4719 3859 4793 Ama:

2289 4795 2409 4857 tius,
2456 4793 2658 4855 Valens,
2682 4791 3057 4866 Demophilus,
3104 4804 3149 4866 et
3204 4791 3385 4848 Gaius.
3436 4791 3517 4846 Ibi
3565 4791 3858 4866 cantusque“

2289 4865 2511 4937 episcopi
2536 4882 2602 4937 ex
2621 4867 2783 4921 sacris
2815 4861 2994 4920 litteris
3014 4862 3166 4937 terim
3178 4882 3273 4919 sua
3301 4868 3605 4935 formarent,
3632 4861 3706 4917 illi
3730 4861 3859 4913 etiar-

2288 4935 2469 4992 tnlmn‘
2497 4936 2870 5000 exhibuerunt,
2914 4946 3020 4992 etc.
3075 4935 3135 4990 ili
3184 4950 3379 4992 omnes
3425 4950 3546 4992 eam
3600 4936 3669 4992 ob
3700 4944 3802 4987 rem
3834 4941 3859 4980 ι

2288 5009 2499 5078 synodo
2522 5010 2972 5064 excnmmunlcuti
3006 5008 3275 5076 leguntur.

2365 5078 2442 5151 (j)
2485 5079 2711 5141 Excusi.
2732 5150 2737 5151 ί
2758 5095 2868 5134 esse
2914 5094 3029 5134 eum
3060 5071 3425 5148 'prtestantem,
3478 5075 3679 5134 omisso
3721 5071 3858 5130 verbo

2291 5150 2564 5220 potentem,
2600 5150 2742 5220 quod
2772 5151 2971 5206 habent
2997 5164 3189 5207 omnes
3219 5166 3353 5206 ntss.

2472 5221 2527 5294 in
2548 5219 2647 5276 ms.
2678 5222 2857 5287 Coib.,
2888 5236 3003 5289 qua:
3029 5220 3166 5276 Dens
3189 5232 3282 5275 est.

2364 5287 2432 5364 (ι)
2470 5292 2585 5349 Vox
2606 5287 2923 5358 teter-uitatis,
2940 5302 2994 5364 et
3017 5307 3140 5346 mox
3170 5294 3431 5363 particula
3456 5309 3583 5357 non,
3609 5287 3850 5345 desidera-

2293 5362 2486 5419 bantur
2503 5368 2553 5429 in
2566 5373 2692 5420 ante
2707 5363 3359 5488 vulgatis.Deangelomnt
3374 5373 3501 5421 ante
3517 5370 3851 5437 tempora

2293 5434 2497 5488 ditione
2513 5435 2731 5488 videsis.
2754 5451 2804 5488 ιι.
2830 5434 2957 5488 429.
2973 5445 3087 5488 not.
3158 5434 3286 5488 (not.
3300 5451 3335 5488 ac
3348 5436 3451 5488 col.
3465 5433 3578 5488 455
3590 5422 3848 5488 nosLedtt-l

2292 5434 2497 5508 ditione
2513 5422 2731 5508 videsis,
2753 5422 2957 5508 p.329,
2973 5445 3087 5490 not.
3104 5422 3286 5508 5(not.
3300 5451 3335 5491 ac
3348 5436 3451 5491 col.
3465 5433 3578 5508 455
3590 5422 3848 5508 neat.

2366 5506 2460 5577 (tn)
2502 5500 2723 5570 Excusi,
2753 5500 2767 5505 ’
2792 5500 2977 5561 Verum
3006 5500 3365 5561 arttictiristttm
3420 5507 3640 5561 arbitror
3691 5500 3845 5577 mittor"

2290 5570 2505 5643 inuidia,
2538 5591 2831 5648 suppresso
2856 5578 2946 5643 ad,
2967 5588 3024 5632 et
3041 5577 3222 5633 addito
3248 5579 3474 5633 arbitror
3500 5587 3692 5648 praeter
3717 5570 3848 5648 [idem

2294 5663 2427 5704 mss.
2452 5640 2508 5703 et.
2521 5640 2721 5720 tutan
2737 5640 3061 5705 sententiam
3085 5665 3100 5703 :
3131 5664 3290 5720 quam
3305 5658 3369 5705 ut
3382 5640 3848 5720 conéiharplgwf'

2291 5720 2414 5787 gius
2439 5719 2642 5783 Bullus,
2676 5734 2772 5789 pro
2801 5720 3016 5786 invidia,
3050 5717 3332 5791 legendum
3362 5734 3488 5778 esse
3524 5717 3732 5789 perﬁdia
3753 5717 3846 5779 Oli"

2296 5792 2547 5847 nubatur.
2579 5791 2777 5861 Aperta
2805 5798 2983 5848 autem
3013 5791 3073 5847 lit
3100 5805 3205 5861 ope
3232 5804 3364 5848 mss.
