3936 6196
75 326 170 380 (il?

1265 322 1466 378 LIBER
1504 321 1779 379 CONTRA
1820 322 2247 384 AUXENTIUM.

3272 340 3376 399 618

75 455 153 500 tur
184 460 197 496 :
231 440 364 496 mihi
413 448 559 497 certe
588 438 683 497 ille
713 455 1004 510 numquam
1044 439 1190 495 aliud
1227 456 1382 508 quam
1416 439 1663 496 diabolus
1691 444 1745 505 Α
1770 441 2025 511 scriptum
2051 451 2131 497 est
2158 443 2209 496 in
2241 442 2531 513 Evangelia
2560 460 2572 496 :
2599 441 2731 498 Ilarc
2752 452 2823 498 est
2844 456 3014 500 autem
3036 447 3141 503 uita
3160 459 3375 517 (eterna,

75 535 202 602 erit,
247 533 373 604 quia
429 534 662 587 Arianus
687 542 770 587 est
806 550 819 585 :
850 547 1023 602 neque
1058 548 1157 602 pax
1206 532 1510 597 aliquorum
1555 549 1672 586 um-

74 643 221 698 quam
266 624 568 695 optabitur,
603 625 704 681 nisi
734 640 944 691 eorum,
995 626 1084 695 qui
1115 626 1411 681 secundum
1463 639 1671 695 patrum

75 731 370 777 nostrorum
403 721 548 791 apud
576 719 811 775 Niczeam
859 728 1168 783 tractatum,
1198 718 1673 774 anatltematizatis

75 814 310 883 Arianis,
332 814 618 870 Christum
648 814 818 872 Deum
851 828 1036 869 verum
1065 812 1455 884 praedicabunt.
1487 810 1563 884 (a)

172 953 247 1028 (ὁ)
288 950 682 1009 EXEMPLUM
719 948 1177 1008 BLASPHEMIE
1216 947 1571 1007 AUXENTH.

75 1069 396 1124 Beatissimis
452 1078 507 1124 et
541 1067 946 1140 gloriosissimis
1000 1066 1414 1137 imperatoribus
1473 1065 1670 1120 Valen-

138 1161 339 1217 tiniano
377 1171 437 1217 et
467 1161 681 1217 Valenti
720 1161 1002 1232 Augustis,
1043 1159 1355 1217 Auxentius
1382 1158 1671 1231 episcopus

137 1257 376 1313 ecclesia:
410 1256 485 1325 (ε)
508 1255 789 1310 catholica:
814 1252 1317 1310 Mediolauensium.

138 1373 219 1427 i3.
257 1370 555 1426 Auxentius
586 1370 852 1426 Ita'reticus
879 1368 1192 1440 appellatus.
1240 1398 1313 1410 -—-
1354 1386 1374 1420 ι
1412 1368 1525 1440 Ego
1551 1368 1672 1439 qui-

72 1463 202 1527 dem,
226 1462 456 1532 piissimi
486 1462 866 1532 lmperatores,
899 1463 1110 1516 aestimo
1125 1474 1234 1515 non
1264 1468 1517 1531 oportere
1547 1474 1669 1515 sex—

73 1567 335 1615 centoer
366 1557 751 1627 episcoporum
783 1556 1044 1611 unitatem
1077 1563 1202 1625 post
1244 1563 1422 1609 tantos
1454 1554 1669 1609 labores

71 1667 128 1706 ex
162 1650 514 1708 contentione
545 1663 837 1719 paucorum
878 1647 1157 1702 hominum
1206 1646 1452 1701 refricari
1483 1646 1561 1714 (ά)
1600 1644 1669 1698 ab

73 1743 275 1812 objectis
301 1750 435 1797 ante
476 1756 649 1797 annos
673 1740 886 1805 decem,
916 1740 1058 1795 sicut
1083 1750 1138 1793 et
1181 1739 1382 1810 scripta
1414 1736 1670 1793 manifes-

1776 543 1829 585 ιιι
1859 544 2167 604 cognoscant
2196 544 2241 587 te
2270 535 2436 588 solum
2462 550 2634 589 verum
2666 533 2831 589 Deum
2858 578 2873 601 ,
2921 548 2967 590 et
2998 556 3145 607 quem
3192 544 3378 598 misisti

1772 624 1951 682 Iesum
2008 626 2265 682 Christum
2312 625 2489 700 (Joan.
2549 643 2680 694 xvtt,
2727 630 2803 700 3).
2847 629 2950 686 Per
3006 631 3180 701 ipsum
3227 637 3373 690 cnim

1775 719 1951 773 omnia
1987 719 2122 774 facta
2154 730 2299 786 sunt,
2333 720 2563 776 visibilia
2591 733 2641 776 et
2675 722 2983 779 invisibilia.
3013 725 3116 794 Qui
3146 727 3375 782 descen-

1774 810 1852 865 dit
1898 810 1966 866 de
1993 813 2147 869 caelis
2176 814 2452 869 voluntate
2483 813 2654 869 Patris
2686 826 2907 887 propter
2949 830 3191 876 nostram
3231 823 3378 878 salu-

1776 914 1905 973 tem,
1933 915 2089 961 natus
2113 906 2183 962 de
2212 905 2417 977 Spiritu
2443 912 2634 962 sancto
2660 917 2714 962 et
2741 907 2907 964 Maria
2931 910 3149 983 Virgine
3173 929 3373 970 secun-

1773 997 1899 1053 dum
1940 1014 2185 1067 carnem,
2218 1002 2359 1056 sicut
2392 1002 2654 1072 scriptum
2691 1014 2806 1066 est.
2837 1014 2888 1061 et
2919 1006 3233 1065 cruciﬁxum
3271 1013 3373 1067 sub

1773 1091 1965 1147 Pontio
1994 1093 2188 1163 Pilato,
2218 1096 2511 1165 sepultum,
2544 1096 2701 1151 tertia
2723 1096 2811 1153 die
2836 1100 3203 1159 resurrexisse
3224 1145 3239 1169 ,
3278 1104 3376 1159 ad-

1772 1186 2049 1241 sccndisse
2076 1187 2129 1241 in
2161 1187 2347 1253 cmlis,
2378 1188 2567 1244 sedere
2595 1188 2662 1244 ad
2700 1189 2977 1246 dexteram
3015 1192 3210 1261 Panis,
3242 1212 3376 1252 ven-

1774 1285 1952 1333 turttm
1998 1277 2244 1348 judicare
2292 1280 2442 1335 vivos
2481 1289 2537 1336 et
2582 1291 2844 1337 mortuos.
2895 1283 2961 1338 Et
3011 1284 3063 1339 iu
3113 1284 3371 1356 Spiritum

1772 1379 2027 1426 sanctum.
2064 1371 2428 1441 paracletum,
2459 1388 2618 1440 quem
2662 1373 2808 1429 misit
2847 1375 3105 1433 Dominus
3142 1388 3196 1432 et
3234 1380 3374 1434 Deus

1772 1474 1956 1522 noster
1983 1465 2222 1521 salvator
2248 1466 2408 1522 Jesus
2440 1468 2604 1539 602
2638 1467 2887 1524 Christus
2920 1468 3220 1540 discipulis,
3255 1471 3376 1541 Spi-

1771 1558 1931 1613 ritum
1959 1560 2224 1615 veritatis.
2250 1560 2339 1615 Sic
2362 1560 2588 1621 eredidi.
2616 1571 2669 1616 et
2687 1560 2872 1627 credo,
2890 1560 3048 1618 sicuti
3069 1574 3121 1619 et
3149 1564 3373 1620 adscen-

1769 1650 1902 1706 dens
1932 1652 1984 1706 in
2015 1652 2185 1708 caelos
2208 1654 2399 1708 unicus
2430 1651 2570 1707 ﬁlius
2595 1652 2688 1707 Dei
2719 1653 2937 1708 tradidit
2964 1655 3268 1725 discipulis,
3291 1658 3375 1713 di-

1769 1759 1897 1800 cens
1934 1763 1947 1799 :
1976 1744 2176 1801 Euntes
2207 1747 2382 1802 docete
2410 1763 2584 1801 omnes
2614 1758 2809 1818 gentes,
2839 1749 3163 1819 baptizantes
3201 1768 3287 1806 eos
3320 1753 3376 1807 in

73 1845 189 1890 tant.
212 1834 316 1892 Sed
343 1834 388 1889 si
421 1834 589 1903 aliqui
615 1850 677 1889 ex
704 1833 881 1903 plebe,
916 1833 1005 1903 qui
1032 1846 1320 1902 numquam
1356 1832 1659 1886 comtnuni-
1690 1843 1739 1904 Β
1767 1839 1971 1892 nomine
1995 1837 2175 1892 Patris
2202 1847 2250 1893 et
2279 1835 2407 1893 Filii
2427 1847 2478 1893 et
2500 1838 2732 1910 Spiritus
2753 1841 2916 1898 sancti
2941 1841 3154 1913 (Matth.
3180 1859 3373 1914 xxvm,

72 1939 323 1997 caverant,
350 1944 457 1985 nec
485 1928 570 1984 his
588 1929 677 2000 qui
702 1935 828 1982 ante
855 1942 939 1981 me
955 1926 1173 1982 fuerunt
1191 1925 1487 1997 episcopis,
1518 1940 1660 1981 nunc

70 2025 280 2093 amplius
308 2024 534 2080 excitati
564 2023 633 2078 ab
675 2020 877 2077 Hilario
905 2029 956 2076 ct
985 2020 1242 2084 Eusebio,
1276 2020 1660 2090 perturbantes

71 2117 330 2185 quosdam,
390 2115 709 2172 haereticum
761 2129 850 2170 me
896 2122 1266 2170 vocaverunt:
1314 2112 1481 2184 jussit
1530 2127 1660 2167 vero

70 2210 220 2278 pietas
266 2220 455 2265 veStra
506 2222 836 2278 cognoscere
890 2205 959 2263 de
1012 2206 1096 2261 his
1138 2207 1285 2260 viros
1334 2205 1657 2273 laudabiles,

75 2306 390 2375 Quastorem
419 2317 476 2363 et
511 2306 822 2378 Magistrum
856 2322 870 2358 :
898 2312 954 2361 et
981 2304 1121 2359 sicut
1146 2301 1397 2376 praedixi,
1428 2317 1535 2356 non
1565 2316 1660 2357 eos

78 2415 346 2468 personam
379 2400 583 2455 habere
612 2408 987 2454 accusatorum
1010 2406 1099 2451 aut
1118 2395 1366 2466 judicare
1386 2395 1476 2465 qui
1496 2394 1664 2449 semel

78 2494 284 2564 depositi
309 2503 442 2550 sunt
477 2493 621 2566 (dico
662 2501 842 2550 autem
876 2490 1135 2546 Hilarium
1169 2499 1223 2545 et
1246 2488 1338 2558 qui
1363 2488 1411 2543 ei
1436 2501 1667 2543 consen-

82 2584 255 2659 tiunt):
292 2599 478 2643 tamen
503 2585 763 2642 obedieus
789 2583 1078 2640 Serenitati
1104 2590 1322 2646 vestrae,
1349 2579 1512 2652 θοι
1540 2592 1667 2646 pro-

81 2682 199 2736 cessi
236 2681 585 2737 manifestare
630 2679 761 2734 falsa
808 2674 891 2750 (e)
940 2674 1263 2742 dicentibus,
1304 2680 1361 2729 et
1409 2670 1665 2742 blasphe-

80 2776 349 2839 mautibus,
384 2783 442 2830 et
465 2773 787 2829 vocantibus
829 2786 914 2826 me
944 2771 1236 2835 Arianum,
1283 2776 1340 2823 et
1371 2766 1527 2839 quasi
1554 2779 1661 2820 non

80 2866 407 2922 conﬁtentem
429 2864 704 2922 Christum
738 2863 906 2919 ﬁlium
936 2862 1030 2918 Dei
1065 2862 1234 2917 Deum
1264 2874 1407 2916 esse.

139 2956 221 3012 14.
252 2955 439 3012 Fidem
478 2974 629 3013 suam
670 2957 897 3029 exponit.
931 2983 1005 2996 —
1037 2972 1055 3005 t
1104 2953 1341 3021 Exposui
1373 2950 1441 3023 (Γ)
1472 2949 1662 3006 amicis

79 3051 265 3120 pietatis
285 3063 488 3109 vestrae
518 3066 694 3108 meam
719 3049 1142 3115 confessionem,
1173 3048 1404 3118 primum
1445 3043 1662 3102 satisfa-

77 3142 227 3211 ciens,
256 3145 385 3215 quia
415 3159 708 3216 numquam
740 3145 818 3217 (g)
846 3142 979 3197 scivi
1006 3139 1220 3205 Arium,
1252 3155 1360 3194 non
1396 3137 1506 3193 vidi
1535 3151 1663 3191 ocu-

1766 1929 1858 1999 19)
1899 1926 1985 2002 (ε).

1840 2021 1923 2076 15.
1958 2023 2271 2079 Ariminensi
2295 2025 2419 2094 ﬁdei
2438 2023 2686 2081 adhteret.
2707 2055 2778 2065 —
2800 2043 2820 2078 ε
2858 2026 3003 2082 Duos
3029 2038 3211 2085 autem
3240 2030 3374 2086 deos

1763 2131 2057 2186 numquam
2089 2118 2377 2187 praedicavi
2410 2136 2423 2173 :
2456 2134 2558 2175 nec
2585 2120 2730 2175 enim
2764 2129 2892 2174 sunt
2928 2119 3038 2175 duo
3079 2132 3283 2191 patres,
3317 2131 3378 2178 ut

1763 2206 1871 2262 duo
1897 2207 1972 2262 dii
1999 2208 2270 2273 dicantur,
2296 2224 2397 2265 nec
2421 2209 2531 2265 duo
2559 2210 2683 2273 lilii;
2714 2212 2809 2266 sed
2840 2226 2979 2266 unus
3002 2211 3143 2269 ﬁlius
3169 2230 3236 2269 ex
3263 2229 3373 2271 uno

1764 2310 1938 2371 patre,
1966 2302 2115 2356 solus
2143 2317 2173 2356 a
2194 2303 2335 2369 Solo,
2363 2303 2507 2358 Deus
2529 2318 2593 2358 ex
2626 2304 2757 2368 Deo,
2786 2306 2926 2359 sicut
2951 2305 3218 2375 scriptum
3249 2317 3333 2363 est
3354 2323 3374 2363 :

1772 2392 1916 2448 Unus
1970 2392 2125 2447 Pater
2176 2392 2315 2448 Deus
2355 2410 2418 2448 ea:
2462 2411 2563 2464 quo
2607 2395 2801 2458 omnia,
2844 2406 2894 2449 et
2942 2413 3076 2451 unus
3121 2396 3377 2456 Dominus

1764 2483 1924 2540 Iesus
1944 2484 2179 2540 Christus
2199 2502 2288 2557 per
2307 2502 2458 2556 quem
2478 2488 2651 2541 omnia
2671 2487 2711 2559 (l
2736 2485 2857 2541 (lor.
2883 2503 2998 2550 vnt,
3028 2486 3083 2559 6)
3113 2508 3124 2543 :
3155 2502 3376 2560 preptcr

1766 2578 1909 2649 quod
1954 2588 2012 2635 et
2056 2595 2215 2635 unam
2266 2579 2522 2635 deitatem
2571 2581 2949 2650 prtetlicamus.
2993 2582 3198 2639 Dinues
3241 2600 3373 2656 ergo

1769 2673 2028 2740 haereses,
2071 2688 2195 2744 qua:
2237 2673 2498 2728 adversus
2540 2672 2865 2728 catholicam
2918 2674 3075 2729 ﬁdem
3125 2676 3372 2743 veniunt,

1767 2781 1985 2835 semper
2024 2765 2243 2836 quidem
2288 2766 2598 2835 congregati
2651 2765 2891 2837 episcopi
2940 2766 3193 2821 catholici
3236 2784 3373 2823 con-

1765 2856 2165 2914 demnaverunt
2188 2866 2243 2912 et
2272 2858 2888 2924 anathentatizaverunt,
2922 2861 3231 2928 specialiter
3268 2876 3370 2916 au-

1766 2958 1875 3006 tem
1905 2951 2294 3006 convenientes
2320 2950 2588 3017 Arimino,
2625 2961 2680 3007 et
2707 2950 2832 3007 inde
2860 2953 3369 3011 condemnavimus.

1766 3044 2100 3099 Catholicam
2132 3052 2311 3099 autem
2349 3054 2405 3099 et
2451 3043 2899 3115 Evangeliorum,
2929 3062 3088 3117 quam
3131 3048 3372 3104 tradide-

1765 3146 1892 3192 runt
1920 3136 2187 3206 Apostoli,
2212 3136 2353 3192 hanc
2381 3136 2615 3192 lideliter
2646 3136 3061 3194 custodivimus.
3089 3139 3161 3197 Ut
3185 3151 3371 3198 autem

78 3233 160 3301 lis,
199 3251 306 3292 non
346 3237 578 3308 cognovi
616 3237 734 3306 ejus
774 3233 1075 3290 doctrinam
1108 3248 1122 3285 :
1152 3230 1248 3288 sed
1292 3246 1362 3286 ex
1403 3229 1657 3295 infantia,
1688 3255 1734 3320 ο
1768 3232 1938 3300 pietas
1967 3240 2147 3286 vestra
2176 3231 2355 3288 verius
2395 3241 2751 3301 cognosceret
2778 3248 2864 3297 ea,
2892 3249 3016 3303 qua:
3054 3245 3206 3304 gesta
3244 3244 3372 3292 sunt

77 3331 505 3400 quemadmodum
536 3330 729 3387 doctus
759 3345 899 3396 sum,
938 3327 1079 3384 sicut
1120 3325 1303 3396 accepi
1349 3324 1417 3380 de
1456 3322 1658 3378 sanctis

78 3419 370 3494 Scripturis,
403 3422 636 3490 credidi,
668 3433 723 3479 ct
747 3423 911 3479 credo
947 3422 1001 3477 in
1042 3435 1207 3476 unum
1248 3420 1421 3476 solum
1465 3432 1654 3473 verum

79 3514 227 3571 Deum
256 3528 459 3587 patrem
492 3517 940 3589 omnipotentem,
973 3516 1320 3580 invisibilem,
1353 3512 1656 3584 intpassibi-

78 3604 188 3675 lem,
218 3610 574 3667 immortalem
606 3629 620 3665 :
649 3620 704 3667 et
745 3612 798 3665 in
829 3611 996 3666 ﬁlium
1025 3610 1140 3681 ejus
1175 3608 1509 3680 unigenitum
1550 3607 1654 3662 Do-

80 3699 257 3755 minum
287 3714 529 3758 nostrum
556 3702 740 3759 Jesum
767 3701 1062 3767 Chrismm,
1094 3708 1221 3756 ante
1247 3700 1425 3755 omnia
1455 3698 1655 3755 satcula

80 3796 125 3842 et
160 3800 277 3847 ante
318 3809 484 3850 omne
537 3794 856 3864 principium
923 3804 1107 3849 natum
1161 3808 1230 3850 ex
1291 3793 1450 3848 Patre
1505 3791 1656 3846 Damt

82 3880 146 3949 (h)
171 3898 342 3943 manu
368 3902 561 3944 rtLtuu
589 3903 654 3943 ex
685 3901 816 3943 vero
842 3887 953 3943 Deo
977 3895 1148 3958 patre,
1173 3884 1469 3943 secundum
1514 3884 1659 3955 quod

139 4059 209 4205 ﬁo)
249 4065 301 4121 ln
323 4081 427 4122 ms.
451 4065 615 4122 Caru.
646 4067 897 4138 adjicitur
921 4068 1158 4123 clausula
1192 4067 1375 4123 Amen.

164 4134 211 4205 ὁ)
262 4137 334 4194 ita
378 4150 534 4202 mss.,
587 4154 687 4194 nec
724 4139 879 4195 aliter
926 4139 1066 4194 Solet
1116 4138 1349 4194 Hilarius

164 4134 211 4205 ὁ)
262 4137 334 4194 lta
378 4150 534 4202 mss.,
587 4154 687 4194 nec
712 4134 879 4195 aliter
926 4139 1066 4194 solet
1116 4138 1349 4194 Hilarius
1401 4136 1650 4193 hmretica

82 4200 318 4335 Βριξξιιέειὲια
343 4200 664 4266 inscribere.
694 4211 764 4266 At
784 4210 935 4277 editi,
968 4209 1214 4265 Auxentii
1247 4208 1654 4265 Mediolansnsis

192 4296 221 4333 o
274 4324 285 4334 .

83 4288 285 4340 εριειοια.

163 4349 209 4473 c2
234 4352 689 4436 Abestcatholica:
714 4368 743 4436 a
767 4369 869 4438 ms.
902 4353 1061 4437 Mich.

199 4426 214 4473 i
270 4423 444 4473 Etim-
502 4424 739 4473 refricart
781 4423 993 4473 abiectis
1034 4425 1061 4473 ά

196 4426 214 4491 )
270 4423 444 4487 Editi,
502 4424 740 4494 refricari
781 4423 993 4492 abiectis
1034 4424 1266 4479 decretis.
1315 4423 1394 4479 Ne
1440 4421 1494 4477 in
1547 4435 1654 4476 uno

86 4492 270 4566 quidem
297 4511 400 4550 ms.
429 4492 611 4551 exstat
635 4496 956 4549 vocabulum
1001 4496 1218 4550 decretis
1253 4513 1266 4550 :
1294 4496 1435 4566 quod
1464 4509 1492 4547 a
1543 4495 1651 4566 pri-

86 4563 169 4635 mis
205 4565 495 4625 editoribus
542 4566 685 4620 haud
726 4566 889 4622 dubie
938 4567 1207 4635 adiectum
1251 4563 1356 4631 est,
1390 4575 1447 4621 ut
1475 4564 1650 4620 oratio

85 4634 176 4707 suis
201 4640 427 4693 numeris
471 4637 867 4692 absolveretur.
909 4634 1019 4692 Sed
1050 4637 1358 4707 ρτωροδὶιίο
1384 4636 1479 4700 ab,
1523 4645 1648 4691 ante

1764 3326 1817 3379 itt
1846 3323 2082 3380 concilio
2097 3322 2449 3393 Ariminensi,
2472 3324 2768 3391 transmisi,
2788 3332 2845 3380 et
2870 3333 2996 3395 peto
3027 3334 3084 3381 ut
3110 3342 3171 3380 ea
3198 3327 3371 3383 liben-

1761 3426 1845 3473 ter
1883 3417 1987 3487 legi
2029 3418 2355 3487 pratcipiatis
2388 3436 2401 3471 :
2438 3418 2519 3473 sic
2562 3417 2709 3473 enim
2756 3428 3051 3488 cognoscet
3079 3420 3372 3477 «Serenitati

1758 3519 1962 3575 vestra,
2007 3511 2131 3579 quia
2170 3510 2259 3580 qui
2301 3512 2414 3578 jam
2454 3510 2657 3566 dudum
2692 3512 2768 3584 (j)
2799 3511 3031 3581 depositi
3072 3524 3221 3578 sunt,
3265 3513 3371 3571 hoc

1759 3614 1863 3667 eet,
1899 3602 2136 3658 Hilarius
2166 3613 2221 3659 et
2249 3603 2553 3672 Eusebius,
2585 3605 2925 3661 contendunt
2960 3605 3161 3678 ubique
3194 3607 3373 3664 schis-

1760 3707 1904 3751 mata
1943 3696 2144 3751 facere.
2186 3696 2316 3765 Qua:
2357 3697 2502 3752 enim
2550 3698 2690 3755 bene
2728 3697 2796 3753 de
2834 3697 3038 3753 sanctis
3074 3698 3372 3767 Scripturis

1761 3789 2042 3845 catholicae
2071 3788 2197 3844 ﬁdei
2226 3791 2471 3859 exposita
2500 3801 2626 3846 sunt
2650 3832 2665 3857 ,
2698 3791 2878 3862 pietas
2903 3800 3084 3848 vestra
3124 3792 3371 3863 pervidet

1762 3881 1880 3938 haec
1908 3880 2195 3938 retractari
2221 3896 2330 3937 non
2356 3895 2632 3952 oportere.
2671 3902 2692 3936 ι

1758 4064 1833 4139 sis
1865 4080 1922 4139 η.
1957 4063 2049 4131 id,
2076 4065 2219 4136 apud
2263 4066 2612 4139 Ambrosium
2656 4076 2696 4122 t.
2726 4085 2785 4133 tt,
2818 4084 2868 4139 p.
2905 4069 3032 4133 790,
3063 4086 3217 4125 novae
3247 4069 3366 4126 edi-

1760 4137 1956 4211 tionis,
1980 4139 2295 4211 rogantibus
2323 4136 2515 4211 utArii
2542 4136 2851 4194 doctrinam
2872 4139 3112 4208 damnet,
3142 4157 3367 4211 respon-

1757 4207 1899 4279 det;
1923 4206 2106 4261 Arium
2130 4225 2220 4262 nec
2246 4208 2371 4269 uidi.
2396 4225 2487 4261 nec
2509 4211 2613 4262 scio
2641 4211 2731 4279 qui
2750 4211 2833 4263 sit.

1830 4276 1910 4351 (It)
1935 4279 2015 4333 Ex
2046 4279 2419 4335 vetustissimo
2441 4276 2712 4334 Vaticana:
2731 4281 2968 4337 basilicm
2987 4281 3178 4338 codice
3220 4297 3363 4338 nunc

1760 4351 1994 4419 primum
2022 4353 2383 4404 restituuntur
2410 4350 2595 4410 verba.
2628 4366 2801 4406 verum
2829 4353 3013 4420 filium,
3045 4370 3272 4419 quorum
3306 4357 3363 4411 in

1757 4420 2011 4491 ambiguo
2034 4420 2332 4476 Auxentius
2354 4420 2573 4476 ludebat
2598 4434 2653 4478 et
2673 4423 2936 4479 illudebat
2958 4436 3106 4480 tanto
3129 4426 3359 4491 facilius,

1756 4491 1900 4559 quod
1957 4491 2452 4561 interpunctionum
2506 4493 2784 4549 distinctio
2828 4508 2937 4550 tutu
2993 4499 3357 4554 nc-Sciebatur.

1756 4562 2090 4636 Quamquam
2119 4565 2165 4618 si
2195 4578 2354 4636 verus
2376 4575 2463 4619 est
2493 4564 2635 4619 Deus
2662 4568 2753 4636 qui
2777 4583 2938 4623 verus
2964 4578 3043 4623 est
3073 4569 3164 4622 Dei
3192 4569 3357 4633 ﬁlius,

1756 4635 1832 4708 uti
1861 4633 2201 4708 demonstrat
2228 4634 2464 4691 Hilarius
2492 4636 2585 4691 lib.
2617 4633 2697 4692 νιί
2733 4638 2799 4692 de
2824 4638 2975 4694 Trin.
3006 4656 3059 4693 n.
3087 4640 3174 4699 14.
3207 4639 3358 4708 parvi

84 4683 281 4781 objecti},
308 4683 1015 4781 propter-consequent-cui
1033 4683 1273 4776 e'jtgdettt
1308 4683 1433 4762 soni
1465 4683 1648 4777 'sylla-
1673 4683 1727 4743 Ῑ)
1756 4705 2021 4781 interesse
2050 4705 2353 4781 videbatur,
2384 4715 2563 4761 utrum
2594 4710 2856 4781 vei-amid
2889 4710 3078 4775 Deum,
3109 4683 3175 4763 ali
3201 4683 3268 4763 ad
3294 4709 3358 4762 ﬁ-

83 4773 186 4831 bam
216 4773 427 4834 faciiius'
460 4779 713 4834 excidere
761 4773 955 4848 potuit,
984 4773 1143 4848 quam
1192 4780 1426 4845 decretis,
1478 4773 1650 4844 eaque

83 4849 297 4903 testituta
327 4860 434 4905 tam
477 4850 714 4906 efﬁcitur
755 4864 950 4905 sensus
977 4850 1190 4906 veritati
1229 4862 1648 4916 consentaneus,

81 4931 220 5039 quam
245 4922 575 4978 efﬁciebatur
626 4922 793 4976 falsus
840 4921 1148 4990 adjectione
1203 4922 1353 4977 verbi
1407 4920 1645 4975 decretis.

125 4986 247 5039 ilarii
287 4996 429 5039 enim
459 5003 621 5039 aliine
662 4991 880 5039 Eusebii
908 4993 1097 5039 exsilia
1133 4991 1217 5039 hic
1266 4992 1491 5039 indit-ari
1541 4991 1645 5039 iam

125 4986 247 5045 ilarii
287 4996 429 5047 enim
459 5003 621 5063 atque
660 4991 881 5047 Eusebii
908 4986 1098 5047 exsilia
1133 4991 1217 5047 hic
1266 4992 1491 5046 indit-ari
1534 4991 1648 5063 jam

84 5066 493 5134 praemonuimus.
536 5061 592 5117 et
631 5078 698 5118 ex
737 5063 886 5119 calce
918 5063 1073 5133 hujus
1105 5063 1453 5134 blasphemia:
1480 5061 1653 5117 mani-

85 5126 255 5202 festum
283 5144 382 5201 est,
414 5136 502 5190 ubi
528 5134 761 5202 idipsum
788 5126 1029 5202 apertius
1051 5126 1378 5189 declaratur.

144 5200 212 5342 te)
239 5204 323 5261 Sic
348 5200 477 5262 mss.
509 5200 655 5261 Edtti
682 5200 838 5269 vero,
872 5206 1006 5276 falsa
1032 5206 1350 5261 docentibus.

167 5276 214 5342 Ι)
262 5277 409 5331 Hunc
451 5292 691 5342 versum,
742 5277 959 5342 exposui
998 5276 1177 5331 amicis
1221 5278 1350 5342 picta

167 5276 214 5345 Ι)
262 5277 409 5331 Hunc
451 5292 691 5342 versum,
742 5277 959 5347 exposui
998 5276 1177 5331 amicis
1221 5276 1421 5347 pietatis
1467 5283 1649 5331 uestra:

87 5356 231 5398 meam
256 5348 651 5411 confessionem,
683 5361 789 5400 non
821 5345 1020 5403 habent
1047 5363 1178 5402 tnss.

144 5411 214 5487 (ς)
241 5416 311 5472 lta
340 5411 454 5475 fere
490 5418 766 5474 Palladius
795 5418 849 5473 in
878 5420 1048 5489 gestis
1085 5417 1302 5475 concilii
1328 5417 1645 5489 Aquileien-

1755 4776 1889 4829 lium
1919 4780 2166 4833 referret.
2202 4777 2274 4833 Ea
2308 4788 2488 4833 tamen
2520 4787 2637 4833 arte
2664 4797 2725 4833 ac
2754 4779 2967 4835 dicendi
3006 4781 3215 4834 ratione
3248 4793 3357 4834 non

1754 4847 1849 4918 ille
1877 4849 2047 4909 solus.
2081 4850 2177 4903 sed
2208 4850 2301 4904 alii
2327 4852 2492 4904 etiam
2525 4851 2603 4903 usi
2637 4858 2762 4905 sunt.
2795 4850 3017 4913 Ariani,
3050 4851 3118 4905 de
3160 4851 3358 4918 quibus

1750 4916 2088 4988 Augustinus
2132 4921 2224 4974 lib.
2270 4935 2287 4974 ι
2344 4935 2534 4975 ευιιιιτι
2578 4921 2854 4975 Maximin.
2896 4936 2946 4976 c.
2988 4921 3063 4975 6:
3099 4916 3357 4984 Eiusdem

1753 5000 1977 5064 ualui-te,
2024 4993 2171 5061 cujus
2202 5000 2275 5045 est
2323 4990 2504 5064 Pater,
2553 4993 2750 5064 negatis
2791 5007 2914 5064 esse
2944 4990 3110 5064 Deum
3154 4994 3351 5064 ﬁlium,

1756 5062 1987 5127 quamvis
2029 5077 2200 5114 verum
2244 5077 2351 5115 esse
2396 5063 2561 5130 [ilium
2603 5062 2703 5116 non
2752 5063 2964 5132 negetis.
3008 5063 3207 5118 Verum
3250 5062 3357 5119 hoc

1756 5132 1877 5186 loco
1926 5132 2005 5184 sic
2046 5142 2372 5196 restaurato,
2419 5136 2597 5186 omnis
2634 5134 2743 5202 jam
2784 5132 2992 5189 tollitur
3019 5133 3244 5189 eruditis
3284 5133 3355 5191 do

1756 5202 1920 5269 hujus
1949 5202 2195 5269 epistolae
2222 5205 2451 5258 veritate
2476 5202 2757 5259 dubitandi
2788 5206 2946 5260 ratio.

1853 5274 1900 5332 i)
1936 5271 2249 5327 Subtexitur
2268 5272 2430 5327 Amen
2455 5275 2507 5327 in
2538 5290 2638 5332 ms.
2675 5274 2831 5331 Hich.

1853 5275 1868 5326 i
1936 5275 2249 5327 Subtexitur
2268 5275 2430 5327 Amen
2455 5275 2507 5327 in
2538 5290 2638 5332 ms.
2675 5275 2831 5331 Hich.

1847 5275 1900 5417 βξ
1937 5343 2099 5409 Editi,
2132 5344 2255 5413 quia
2287 5345 2403 5415 jant
2435 5343 2629 5399 dudum
2670 5345 2923 5414 damnati,
2970 5345 3214 5418 depositi,
3256 5346 3355 5403 Itoc

1752 5416 1855 5483 est,
1874 5423 2007 5480 etc.;
2036 5422 2370 5485 castigantur
2399 5430 2468 5471 ex
2492 5429 2627 5471 mss.
3037 5416 3045 5418 “
3416 5416 3438 5430 ⁸

1565 5619 1834 5787 Ψ

572 5916 846 5979 ΡΑτιιοι..
879 5915 963 5980 Χ.
