3936 6196
594 356 700 420 619

1499 351 1565 410 ΙΝ
1605 347 1850 410 SANCTI
1891 338 2145 403 lllLARll
2187 340 2492 403 EPISCOPI
2529 338 2958 400 FRAGMENTA
3782 327 3864 393 620

608 473 3829 516 ______________________,_____________.____.__

874 609 1230 686 603m
1280 623 1400 707 IN
1475 614 2207 705 FRAGMENTA
2279 617 2370 700 S.
2450 611 2905 698 HILARII
2982 609 3632 695 PR/EFATIO.

665 929 706 986 ι.
741 931 819 986 An
865 928 961 982 hoc
1001 941 1130 997 opus
1163 922 1359 980 Hilarii
1398 922 1482 976 sit.
1521 919 1774 989 Quwdam
1809 915 2078 972 dubitandi
2115 929 2191 966 ra-
2225 910 2280 973 Α
2305 911 2489 970 siense
2528 922 2760 983 pervetus
2789 920 2980 980 vocat;
3011 913 3066 969 in
3090 927 3200 985 quo
3241 913 3387 969 idem
3427 927 3614 969 rerum
3659 910 3809 975 ordo,
3837 922 3879 966 et

591 1028 776 1082 tiones.
809 1053 882 1066 -——
907 1022 1234 1077 Prteclarum
1281 1019 1384 1072 hoc
1423 1015 1761 1086 antiquitatis
1806 1011 2198 1067 monimentum

589 1119 802 1177 Nicolai
844 1117 1006 1172 Fabri
1050 1129 1215 1185 opera
1246 1128 1309 1168 ex
1357 1109 1684 1166 bibliotheca
1724 1107 1786 1162 P.
1828 1104 2024 1161 Pithoei
2057 1117 2200 1157 anno

594 1213 735 1268 1598
777 1210 1233 1281 Fragmentorum
1277 1199 1494 1258 nomine
1551 1201 1782 1264 editum,
1821 1213 2034 1253 smnmo
2077 1210 2198 1249 om-

591 1307 742 1363 nium
766 1304 960 1376 plausu
982 1309 1268 1369 exceptura
1306 1297 1423 1352 fuit.
1459 1295 1599 1350 Nulli
1634 1296 1808 1363 palam
1830 1333 1843 1356 ,
1874 1289 2016 1362 quod
2053 1289 2197 1343 scia-

599 1415 740 1463 mus,
780 1407 950 1454 totum
998 1402 1326 1466 respuerunt
1365 1393 1520 1463 quasi
1564 1387 1766 1443 Hilario
1807 1385 1946 1440 male
1991 1380 2198 1437 adscri-

592 1503 776 1566 ptum:
809 1491 878 1547 de
929 1490 1072 1545 illius
1122 1497 1302 1542 tamen
1353 1483 1676 1539 auctoritate
1712 1477 2061 1534 subdubitare
2089 1491 2196 1529 non

589 1584 728 1642 nulli
769 1583 1019 1638 videntur
1056 1588 1216 1650 atque
1258 1586 1449 1633 contra
1500 1573 1806 1629 mussitare.
1883 1571 1982 1640 Ipsi
2033 1568 2195 1623 etiam

589 1678 745 1735 initio
822 1674 1070 1732 nonnihil
1156 1671 1508 1728 movebamur
1575 1667 1802 1737 primo,
1875 1662 2018 1734 quod
2083 1662 2199 1731 epi-

590 1769 731 1828 stola
804 1769 996 1843 synodi
1076 1765 1416 1824 Sardicensis
1475 1762 1541 1818 ad
1594 1762 1873 1816 universas
1940 1755 2196 1812 ecclesias

590 1866 924 1936 Fragmento
960 1877 997 1917 ιι
1037 1869 1326 1925 contenta,
1371 1865 1425 1912 et
1469 1852 1829 1910 Ariminensis
1870 1849 2086 1906 concilii
2125 1848 2194 1903 ad

589 1956 967 2012 Constantium
1023 1952 1248 2016 litteras,
1294 1964 1414 2018 qua:
1449 1948 1678 2020 primam
1735 1942 2043 2014 Fragmenti
2100 1955 2192 1994 vnt

584 2057 794 2121 partem
843 2045 1159 2108 coniiciunt,
1207 2058 1329 2096 cum
1377 2040 1538 2094 latine
1582 2037 1798 2106 scripta:
1844 2035 1981 2100 sint,
2033 2033 2192 2102 longe

582 2148 767 2198 tamen
799 2137 1206 2210 castigatiores,
1253 2134 1527 2204 pleniores
1566 2147 1628 2185 ac
1667 2139 1856 2184 mutuo
1896 2125 2192 2182 sententia-

581 2249 702 2290 rum
729 2247 869 2288 nexu
894 2229 1254 2301 elegantiores
1279 2228 1328 2280 in
1357 2225 1548 2296 gra-eis
1571 2219 2002 2290 exemplaribus,
2027 2231 2190 2288 quam

2305 1005 2510 1060 easdem
2560 1013 2716 1060 erant
2753 1006 3153 1076 inscriptiones.
3203 1005 3318 1060 Hoc
3362 1005 3583 1076 quidem
3627 1005 3879 1073 exemplar

2304 1097 2501 1152 frustra
2533 1097 2878 1169 quaesivimus
2908 1117 2920 1150 :
2950 1097 3044 1153 sed
3083 1097 3395 1168 Stephanus
3423 1096 3681 1151 Baluzius
3713 1096 3881 1150 litteris

2298 1186 2548 1258 juvandis
2590 1197 2768 1254 natus,
2823 1190 2994 1244 varias
3035 1187 3308 1244 Sirmondi
3356 1186 3619 1244 lcetiones
3649 1189 3882 1258 suppedi-

2306 1279 2499 1347 tando,
2538 1281 2804 1351 jacturam
2851 1292 3090 1337 nostram
3134 1291 3421 1352 utcumque
3469 1283 3767 1337 resarcivit.
3805 1281 3882 1336 llis

2302 1373 2534 1433 accedit.
2568 1374 2710 1442 quod
2734 1389 2856 1428 cum
2888 1373 3152 1429 Baronius
3187 1375 3254 1428 ad
3299 1390 3388 1429 an.
3416 1374 3546 1441 557,
3581 1391 3651 1429 ex
3682 1374 3884 1429 Cresco—

2301 1465 2460 1520 niana
2511 1463 2844 1521 Collectione
2884 1481 2948 1520 ac
2976 1466 3188 1520 duobus
3218 1479 3350 1520 mss.
3380 1505 3395 1530 ,
3439 1464 3644 1521 Liberii
3695 1465 3884 1519 litteras

2303 1557 2624 1628 Fragtnento
2663 1575 2714 1614 vt
2743 1560 2994 1614 insertas
3023 1559 3324 1624 describat,
3365 1558 3417 1613 in
3460 1560 3754 1614 novissima
3783 1561 3883 1612 edi-

2299 1653 2446 1708 tione
2485 1654 2684 1708 fatetur
2725 1669 2784 1708 se
2825 1655 2876 1708 in
2929 1655 3042 1708 suis
3086 1669 3219 1708 mss.
3268 1653 3490 1708 easdem
3534 1667 3672 1724 quas
3715 1654 3766 1707 in
3813 1654 3882 1707 bis

2299 1746 2639 1817 Fragmentis
2676 1748 2946 1818 reperisse
2981 1747 3430 1818 interpolationes
3467 1747 3674 1802 Hilario
3704 1748 3881 1818 pariter

2300 1841 2622 1911 adscriptas.

2372 1952 2456 2007 Ill.
2490 1951 2792 2024 Hieronymi
2821 1953 3128 2008 testimonio.
3155 1981 3227 1994 --
3253 1953 3383 2009 Mss.
3417 1953 3747 2025 suifragatnr
3778 1952 3882 2008 llie-

2294 2060 2569 2117 ronymus.
2593 2047 2695 2115 Qui
2717 2047 2860 2102 enim
2891 2047 3069 2103 abillo
3105 2047 3172 2102 de
3212 2046 3474 2119 Scriptor.
3519 2049 3713 2104 eccles.
3766 2048 3884 2101 inter

2292 2138 2648 2211 605-606
2667 2154 2831 2209 Opera
2874 2139 3057 2194 Hilarii
3098 2151 3432 2205 recensetur,
3461 2138 3617 2194 Liber
3665 2140 3881 2193 adversus

2305 2229 2565 2286 Valentem
2597 2243 2644 2286 et
2676 2231 2968 2300 Ursacium,
2994 2233 3260 2286 historiam
3291 2233 3628 2287 Ariminensis
3653 2244 3700 2286 et
3728 2233 3882 2287 Seleu-

580 2325 637 2381 in
675 2324 757 2378 his
786 2297 1118 2393 Fragmentis
1148 2319 1486 2388 reperiantur
1517 2332 1529 2367 :
1561 2313 1757 2368 deinde
1783 2310 1926 2382 quod
1968 2309 2071 2364 alia
2115 2309 2185 2363 sit

2304 2325 2476 2378 riensis
2493 2325 2675 2396 synodi
2690 2327 2976 2391 continens,
3001 2326 3141 2381 haud
3159 2326 3385 2381 obscure
3405 2326 3733 2397 promittitur
3747 2326 3879 2379 titulo

581 2417 724 2473 libro
755 2415 822 2470 de
850 2413 1071 2486 synodis
1103 2426 1248 2465 nuzn.
1280 2407 1371 2475 54,
1406 2407 1505 2461 alia
1537 2404 1865 2476 Fragmento
1893 2418 1974 2469 ιιι,
2008 2416 2064 2456 ιι.
2089 2399 2184 2466 ‘29,

578 2504 1158 2582 pseudo-Sardicensis
1204 2501 1324 2555 lidei
1387 2497 1691 2553 translatio.
1725 2495 1910 2550 Tertio
1960 2508 2081 2548 cum
2121 2505 2188 2546 eo

587 2610 854 2671 tempore,
879 2615 988 2671 quo
1019 2598 1119 2654 sibi
1155 2595 1436 2651 restitutus
1462 2591 1710 2648 Liberius
1741 2589 1999 2645 Ecclesia:
2027 2588 2186 2642 tidem

585 2695 808 2766 egregie
845 2701 1109 2756 tueretur,
1148 2688 1252 2743 hoc
1283 2701 1416 2757 opus
1456 2685 1713 2754 scriptum
1757 2681 1924 2736 fuisse
1962 2693 2189 2735 necesse

581 2792 687 2856 sit;
720 2787 1043 2846 incredibile
1074 2784 1380 2847 videbatur,
1417 2790 1474 2835 nt
1518 2780 1567 2834 ei
1613 2779 1720 2849 jam
1752 2788 2031 2837 correCto,
2078 2775 2188 2828 imo

581 2885 744 2940 etiam
766 2878 1034 2938 acerrimo
1057 2877 1179 2933 fidei
1203 2888 1452 2946 patrono,
1475 2881 1551 2927 tot
1569 2871 1913 2925 anathemata
1930 2866 2092 2936 Frag.
2111 2881 2186 2932 Vt,

583 2987 731 3030 num.
775 2973 828 3040 6,
873 2972 1080 3027 diceret
1120 2968 1376 3032 Hilarius,
1421 2966 1508 3035 qui
1551 2960 1916 3018 Orientalibus
1957 2958 2187 3014 necdum

579 3080 730 3125 recte
755 3064 1138 3129 sentientibus,
1166 3062 1292 3132 quia
1323 3073 1501 3114 tamen
1542 3057 1607 3112 ad
1653 3059 1932 3111 veritatem
1969 3052 2188 3125 prepins

582 3159 930 3220 accederent,
985 3156 1123 3210 libro
1164 3153 1230 3208 de
1275 3149 1510 3221 Synodis
1551 3149 1622 3203 ita
1669 3147 1927 3218 pepercit,
1979 3153 2039 3198 ut
2089 3157 2191 3198 nec

582 3251 774 3307 laudes
798 3247 1024 3319 negarit.
1057 3244 1374 3300 Deterrebat
1397 3249 1660 3313 praetcrea
1684 3247 2029 3292 monstruosa
2051 3250 2188 3305 qure-

587 3343 712 3399 dam
745 3355 924 3396 rerum
973 3339 1162 3401 facies,
1207 3345 1262 3391 et
1303 3334 1607 3390 inordinata
1640 3331 1972 3399 confusaque
2010 3329 2188 3382 varia-

583 3449 704 3491 rum
735 3430 1090 3503 epistularum
1119 3427 1428 3498 congeries,
1468 3423 1674 3479 Hilario
1714 3422 1848 3475 alias
1881 3428 2030 3475 tanto
2067 3435 2188 3473 cum

586 3528 777 3584 ordine
805 3525 1012 3594 singula
1049 3529 1342 3577 enarrante
1375 3517 1612 3586 indigna.
1654 3513 2002 3584 Augebantur
2031 3511 2187 3566 deni-

585 3633 710 3691 que,
759 3615 902 3688 quod
944 3615 1125 3670 omnia
1178 3614 1295 3666 htec
1337 3609 1658 3680 Fragmenta
1699 3621 1804 3660 non
1855 3620 1921 3659 eo
1961 3605 2012 3659 in
2056 3619 2185 3658 mss.

2297 2418 2348 2472 in
2383 2419 2556 2474 fronte
2595 2418 2810 2490 Fragm.
2845 2438 2860 2476 ι
2891 2430 3189 2491 praenotata
3214 2439 3227 2474 :
3255 2419 3448 2492 Incipit
3468 2421 3592 2475 liber
3619 2420 3680 2476 S.
3707 2419 3879 2474 Hilarii

2290 2511 2614 2569 Pictauensis
2641 2517 2927 2586 'provincite
2975 2515 3285 2586 Aquilanite,
3330 2517 3382 2570 in
3422 2533 3523 2587 quo
3561 2526 3680 2571 sunt
3707 2516 3872 2580 omnia,

2288 2620 2405 2673 qua:
2425 2605 2700 2659 ostendunt
2734 2607 2811 2660 vel
2848 2608 3126 2676 quomodo,
3158 2608 3458 2677 quibusnam
3493 2608 3692 2672 causis,
3719 2607 3875 2677 quibus

2288 2694 2597 2750 instantibus
2628 2698 2719 2752 sub
2763 2699 2888 2769 imp.
2923 2699 3224 2754 Constantio
3263 2703 3454 2772 factum
3484 2711 3555 2756 est
3585 2701 3872 2754 Ariminensc

2290 2791 2588 2855 concilium,
2618 2800 2723 2845 etc.
2758 2790 3080 2861 Evpressius
3119 2801 3323 2846 tantum
3353 2793 3490 2846 dixit
3530 2791 3866 2862 Hieronymus

2290 2882 2532 2936 adversus
2565 2881 2834 2937 Ursaciunt
2867 2892 2914 2937 et
2952 2880 3244 2950 Valentem,
3283 2885 3427 2948 quod
3469 2885 3556 2939 hic
3587 2882 3865 2954 generalius

2295 2978 2633 3031 enuntiatum
2677 2987 2760 3031 est
2803 2977 3095 3047 quomodo,
3131 2977 3444 3048 quibusnam
3488 2978 3675 3044 causis,
3713 2975 3868 3048 quibus

2292 3067 2622 3124 instantibus.
2667 3069 2798 3124 Nam
2840 3071 2982 3142 quod
3023 3071 3139 3126 haec
3192 3071 3515 3142 Fragmenta
3561 3072 3667 3126 sint
3716 3071 3868 3140 operis

2292 3161 2554 3216 adversus
2589 3162 2866 3218 Valentem
2896 3173 2952 3220 et
2976 3163 3259 3220 Ursacium
3286 3165 3495 3234 scripti.
3521 3179 3640 3219 cum
3662 3177 3726 3219 ex
3749 3163 3864 3225 aliis,

2296 3261 2408 3308 tttm
2443 3257 2676 3311 maxime
2701 3272 2765 3311 ex
2798 3257 3061 3321 secundo,
3093 3257 3325 3323 decimo,
3356 3273 3420 3313 ac
3448 3258 3658 3314 duobus
3688 3264 3869 3327 postre-

2295 3347 2398 3401 tnis
2425 3355 2506 3401 est
2535 3348 2898 3403 manifestum.
2930 3350 3141 3405 Titulus
3167 3351 3384 3422 quidem
3414 3359 3599 3407 noster
3621 3351 3682 3406 de
3708 3349 3873 3406 Seleu-

2295 3439 2465 3496 ciensi
2490 3442 2721 3496 concilio
2749 3442 2885 3497 nihil
2916 3445 3170 3514 spondet,
3204 3447 3359 3515 cujus
3386 3454 3567 3501 tamen
3601 3445 3866 3502 historiam,

2295 3533 2591 3588 secundum
2643 3534 3056 3608 Hieronymum,
3104 3537 3290 3592 Hilarii
3341 3537 3480 3594 liber
3529 3537 3686 3594 debet
3736 3534 3870 3591 conti-

2298 3641 2444 3681 nere.
2481 3626 2550 3680 At
2572 3626 2956 3699 Hieronymus,
2989 3631 3113 3700 qui,
3143 3636 3201 3685 ut
3226 3631 3293 3686 ad
3336 3631 3507 3686 libros
3536 3632 3604 3686 de
3639 3629 3870 3684 Trinitate

589 3711 778 3777 modo,
809 3725 918 3780 quo
945 3708 1038 3762 illa
1065 3704 1319 3760 Nicolaus
1349 3703 1527 3758 Faber
1551 3698 1740 3798 edidit,
1764 3698 2003 3798 sub-uno
2033 3697 2190 3751 titulo
2217 3679 2264 3743 Ο
2300 3679 2457 3778 δὲδὲ
3145 3679 3869 3798 ἐέιῗοιςὲῑξιξιξεζξηδιξῶἰη-

588 3812 752 3870 atque
795 3799 986 3854 Hilarii
1018 3798 1239 3851 nomine
1277 3802 1600 3857 occurrant;
1630 3791 1724 3847 sed
1765 3792 1815 3844 in
1849 3791 1983 3845 duas
2028 3789 2198 3844 veluti

589 3904 775 3966 partes
803 3891 1138 3956 dividantur,
1179 3904 1407 3960 quarum
1455 3887 1652 3958 prima,
1695 3901 1814 3954 qua:
1854 3884 2195 3956 Fragmentis

594 4003 677 4049 ιιι,
710 4001 826 4046 xttt.
863 4000 942 4050 ιιι,
970 3998 1084 4050 vm,
1113 3997 1187 4046 ιιι,
1216 3997 1247 4035 v
1283 3989 1336 4034 et
1365 3995 1457 4043 vn,
1489 3985 1723 4042 constat,
1758 3993 1856 4032 nec
1887 3975 2070 4030 Hilarii
2098 3991 2196 4030 nec

595 4079 836 4150 enjnsvis
883 4074 1108 4131 alterius
1158 4073 1374 4128 nomine
1419 4070 1775 4137 inseribatttt';
1818 4071 2070 4140 quamvis
2119 4067 2197 4122 illi

593 4189 716 4230 cum
746 4171 798 4226 in
824 4169 1003 4226 fronte
1032 4176 1144 4220 tum
1173 4165 1237 4218 ad
1266 4163 1469 4219 calcem
1495 4162 1836 4217 adscribatur
1861 4162 2050 4226 altera,
2075 4176 2196 4230 quae

595 4263 923 4333 Fragmenta
955 4276 994 4326 ι,
1018 4274 1076 4323 ιι,
1113 4274 1188 4322 tv,
1217 4272 1310 4322 xtl,
1344 4272 1454 4322 xw,
1489 4270 1577 4322 xv,
1605 4269 1658 4308 γι
1686 4263 1741 4309 et
1760 4270 1814 4321 ι,
1841 4257 2199 4322 comprehen-

598 4357 697 4408 tlit.
735 4355 813 4408 Ex
840 4367 947 4422 quo
977 4349 1273 4404 auctoritas
1302 4348 1490 4418 primce
1530 4347 1721 4401 saltem
1766 4351 1957 4416 partis,
1986 4361 2106 4415 qua!
2144 4346 2197 4401 itt

597 4447 746 4520 prius
765 4445 994 4515 vulgatis
1014 4456 1281 4515 p05trcma
1301 4451 1404 4508 est,
1420 4441 1654 4496 Sublesla
1673 4441 1950 4496 videbatur
1967 4456 2027 4495 ac
2044 4441 2195 4495 levis.

673 4562 736 4617 ll.
771 4558 980 4614 Hilario
1009 4557 1258 4610 asseritur
1287 4571 1410 4608 mss.
1439 4555 1764 4607 auctoritate.
1798 4583 1872 4594 —
1898 4553 1988 4608 His
2023 4555 2201 4609 omni-

599 4654 700 4710 bus
724 4648 976 4723 permoti,
1010 4648 1076 4702 ad
1111 4648 1190 4702 rei
1219 4646 1499 4700 veritatem
1532 4645 1842 4714 diligentius
1875 4648 2200 4717 invitstigan-

597 4749 718 4803 dam
752 4746 988 4799 animum
1031 4741 1352 4812 adjecimus.
1387 4737 1464 4792 Ac
1507 4739 1679 4806 primo
1719 4738 1933 4808 quidem
1979 4741 2201 4794 minime

597 4836 1050 4895 contemnendam
1111 4848 1233 4888 esse
1286 4831 1540 4885 duximus
1593 4845 1724 4884 mss.
1783 4831 2197 4896 auctoritatem,

599 4933 703 4988 hoc
734 4946 869 5001 Opus
903 4944 1008 4982 non
1032 4926 1222 4987 semel,
1254 4922 1348 4977 sed
1383 4925 1573 4976 iterum
1613 4940 1674 4975 ac
1717 4923 1877 4976 tertio
1905 4923 1963 4977 S.
1999 4922 2202 4977 Hilario

601 5023 1049 5087 adscribentimn,
1079 5019 1332 5073 nimirum
1358 5017 1514 5072 initio
1547 5015 1704 5086 primi
1736 5016 2041 5086 Fragmenti
2061 5057 2074 5079 ,
2103 5015 2200 5070 ln-

599 5122 723 5192 cipt't
771 5117 896 5172 liber
940 5115 1001 5169 S.
1052 5112 1248 5166 Hilarii
1303 5109 1618 5164 l’icluvettsis
1662 5111 1940 5180 prouincia:
1985 5110 2200 5181 Aquita-

599 5215 737 5277 uite,
797 5221 935 5274 etc.,
993 5219 1316 5274 rursumque
1375 5205 1426 5258 in
1487 5203 1664 5259 medio
1718 5202 2045 5274 Fragmento
2099 5221 2198 5272 vr,

598 5306 823 5379 Structus
855 5299 1093 5354 Hilarius
1121 5297 1498 5350 anathema-illi
1520 5297 1662 5358 dicit,
1688 5311 1750 5350 ac
1772 5297 1987 5350 demum
2015 5298 2066 5351 in
2095 5297 2199 5351 [itte

598 5393 906 5466 Fragmenti
928 5408 958 5445 χ
988 5433 1002 5457 ,
1035 5387 1266 5458 Explicit
1297 5390 1419 5442 liber
1447 5387 1510 5443 S.
1547 5387 1738 5443 Hilarii
1759 5406 1822 5444 ea:
1853 5389 2019 5461 Opere
2038 5391 2200 5444 histo-

596 5491 727 5542 rico.
760 5484 1000 5554 Namque
1039 5483 1081 5536 si
1109 5482 1230 5551 quis
1258 5481 1468 5535 Pitlzteo
1496 5481 1667 5534 codici
1700 5481 1988 5537 chartaceo
2009 5525 2023 5546 ,
2054 5484 2197 5551 quod

598 5580 874 5636 recentior
910 5576 982 5632 sit
1013 5583 1069 5630 et
1097 5575 1166 5628 ab
1205 5576 1361 5627 annis
1412 5574 1690 5629 dumtaxat
1734 5576 1838 5631 500
1869 5578 2195 5647 descriptus,

597 5691 703 5724 ltttlt
731 5673 860 5724 satis
893 5679 1007 5724 tuto
1037 5667 1183 5723 credi
1219 5677 1402 5736 putet;
1433 5667 1591 5722 tidem
1616 5684 1722 5723 non
1753 5673 1968 5742 negabit
1996 5673 2199 5730 haben-

600 5767 721 5817 dam
753 5763 809 5816 ὃ.
837 5761 1066 5828 Remigii
1092 5761 1375 5813 Bernensis
1405 5761 1738 5830 exemplari,
1770 5765 1912 5832 quod
1951 5765 2194 5821 Sirmon-

594 5855 715 5921 dus,
751 5853 902 5921 cujus
932 5850 982 5903 in
1011 5857 1272 5918 potestate
1300 5848 1422 5916 fuit,
1461 5851 1600 5906 notis
1625 5852 1679 5907 in
1705 5852 2004 5912 Concilium
2037 5857 2186 5914 Pari-

2302 3820 2503 3889 speCIis
2536 3820 2716 3874 titulos
2754 3819 2822 3875 de
2864 3836 2963 3876 suo
3007 3821 3292 3891 imponere
3336 3821 3565 3886 solebat,
3609 3820 3670 3874 ad
3710 3818 3869 3874 Seleu—

2304 3909 2488 3964 ciense
2542 3911 2830 3966 concilium
2883 3911 3092 3967 referre
3152 3913 3322 3982 potuit
3371 3913 3724 3978 mmtimenta,
3769 3923 3871 3979 qua:

2303 4003 2631 4074 Fragmenta
2657 4022 2689 4059 x
2714 4005 3002 4073 habentur,
3028 4015 3085 4061 et
3114 4007 3418 4061 indicantur
3445 4014 3710 4061 secutura.
3734 4002 3871 4058 Nam-

2303 4113 2408 4168 que
2440 4114 2560 4168 qua:
2602 4100 2654 4154 in
2695 4115 2760 4155 eo
2783 4103 3225 4156 narranturinter
3251 4101 3611 4158 Seleucieusis
3642 4111 3693 4156 et
3712 4096 3873 4155 Arimi-

2304 4194 2490 4248 nensis
2535 4194 2750 4248 concilii
2801 4194 3007 4264 legatos
3035 4195 3504 4265 Constantinopoli
3545 4201 3790 4266 gesta,et
3816 4189 3867 4243 ad

2304 4284 2647 4340 Seleuciense
2670 4295 2723 4341 et
2743 4285 2810 4340 ad
2836 4286 3178 4342 Ariminense
3200 4285 3573 4342 indili‘erenter
3597 4284 3865 4357 pertinent:

2307 4377 2373 4431 ad
2404 4377 2753 4434 Seleuciense
2783 4379 3020 4447 quidem,
3055 4378 3212 4450 cujus
3242 4379 3578 4436 continuatio
3613 4395 3728 4435 esse
3753 4377 3869 4432 Con-

2307 4468 2785 4539 stantinopolitana
2827 4470 3069 4540 synodus
3098 4470 3413 4536 videbatur;
3451 4470 3522 4526 ad
3564 4468 3869 4526 Ariminense

2307 4575 2460 4627 vero,
2491 4562 2544 4614 in
2577 4561 2728 4630 cujus
2751 4563 3077 4617 sententiam
3107 4563 3342 4633 quodam
3373 4564 3538 4618 modo
3564 4563 3692 4618 abiit
3711 4561 3869 4617 Seleu-

2311 4655 2514 4711 ciensis
2570 4655 2831 4727 synodus,
2879 4657 3007 4712 dum
3059 4659 3226 4727 ipsius
3279 4658 3435 4727 legati
3499 4657 3656 4713 [idem
3700 4658 3746 4711 in
3795 4654 3868 4707 illo

2308 4749 2544 4804 concilio
2561 4751 2761 4805 editam
2784 4751 3061 4820 suscipere
3081 4751 3553 4820 Constantinopoli
3571 4749 3734 4807 coacti
3749 4756 3865 4801 sunt.

2377 4842 2464 4896 IV.
2493 4841 2756 4897 Hilarium
2784 4860 2892 4913 prae
2921 4860 2975 4898 se
3001 4846 3100 4914 fert
3129 4859 3144 4897 ι
3187 4846 3553 4916 fragmentum.
3596 4843 3868 4916 Fragmenta

2307 4934 2412 4990 alia
2443 4952 2557 4989 cum
2582 4936 2746 5005 primo
2777 4936 2949 5006 afﬁnia
2973 4946 3109 4990 sunt.
3140 4965 3208 4977 ——
3231 4936 3392 4990 Tituli
3425 4948 3603 4991 autem
3630 4936 3865 4991 veritatrtn

2310 5044 2417 5084 non
2444 5028 2788 5084 mediocriter
2811 5031 3099 5084 conﬁrmat
3120 5029 3515 5100 lragmentumt
3545 5049 3558 5082 :
3587 5032 3864 5100 Episcopum

2306 5123 2504 5192 quippe
2535 5138 2644 5192 prae
2674 5139 2732 5177 se
2767 5123 2872 5178 t‘ert
2894 5122 3257 5190 Gallicanum,
3287 5123 3378 5192 qui
3410 5137 3438 5175 a
3469 5123 3628 5177 rebus
3651 5122 3700 5176 in
3725 5117 3865 5175 Gallia

2303 5216 2472 5288 gestis
2501 5216 2665 5290 (num.
2697 5216 2774 5288 6.)
2801 5215 3082 5273 exordium
3126 5216 3364 5272 facturus
3394 5218 3464 5271 sit
3489 5235 3504 5284 ;
3533 5217 3620 5286 qui
3658 5211 3863 5270 exsilium

2306 5311 2559 5364 maluerit
2587 5309 2793 5372 subire,
2826 5325 2984 5378 quam
3011 5308 3220 5378 prodita
3249 5309 3509 5365 Ecclesiae
3538 5309 3643 5364 (ide
3665 5303 3865 5361 domesti-

2305 5417 2369 5454 co
2389 5403 2494 5455 otio
2523 5402 2628 5472 frui
2659 5404 2838 5472 (nunt.
2862 5399 2962 5473 4);
2987 5401 3075 5472 qui
3109 5409 3165 5456 ut
3196 5416 3379 5456 veram
3409 5400 3715 5470 imperatori
3736 5396 3861 5451 iidem

2311 5493 2702 5560 persuaderet,
2731 5495 3058 5564 impensiore
3085 5509 3210 5549 cura
3240 5493 3568 5549 audientiam
3600 5489 3862 5563 poposcerit

2308 5585 2491 5656 (num.
2521 5584 2608 5653 5),
2640 5601 2742 5641 nec
2770 5589 3009 5656 potuerit
3053 5588 3377 5656 impetrare;
3425 5589 3516 5657 qui
3550 5588 3666 5642 fidei
3710 5583 3859 5650 depra'

2307 5677 2602 5741 vationem,
2635 5687 2689 5732 et
2708 5681 3110 5747 corruptionem
3142 5679 3564 5750 Evangeliorum
3583 5679 3688 5747 jam
3709 5675 3862 5743 raptim

2310 5768 2615 5838 ingesserit,
2637 5771 2725 5836 qui
2748 5769 2979 5840 denique
3005 5786 3110 5839 quo
3133 5770 3315 5827 animo
3342 5771 3469 5826 velit
3501 5770 3601 5840 legi
3624 5771 3773 5838 (nunt.
3801 5765 3853 5830 7),

2309 5861 2566 5918 lectorem
2608 5874 2963 5933 pnetuoneat.
3011 5863 3083 5920 Ita
3111 5879 3171 5922 se
3194 5863 3431 5922 Hilatius
3452 5865 3505 5921 in
3533 5864 3650 5936 ipso
3673 5858 3854 5918 exordio
