3936 6196
102 388 187 446 621
1529 370 1914 435 ΡΒΑΞΡᾹΤΙΟ.

3288 392 3396 448 6.2

100 497 311 573 propriis
337 493 610 552 coloribus
632 494 827 566 pinxit,
852 505 912 552 ut
935 496 1129 568 quibus
1158 496 1293 554 aliis
1322 500 1534 569 ignotus
1566 481 1673 554 non
1704 486 1755 560 Δ
1780 511 1901 567 quae
1931 495 2045 568 ipse
2079 495 2309 565 primum
2350 496 2417 553 ad
2463 514 2600 570 opus
2640 500 2939 561 absolutius
2981 505 3381 564 conﬁciendum

99 601 205 657 est,
235 588 539 644 nullatenus
579 589 754 643 valeat
779 588 970 644 latere.
1002 587 1136 645 Cum
1168 598 1351 646 autent
1381 590 1554 661 primo
1585 589 1679 644 illo

100 684 380 754 fragmento
408 676 671 737 indicetur
698 681 1112 739 subsecuturum
1143 700 1309 755 opus.
1343 680 1485 755 quod
1518 683 1679 741 variis

99 786 285 833 constet
334 785 444 831 tum
487 775 734 847 epistolis
776 787 885 831 tum
933 778 1174 848 synodis,
1224 789 1279 834 et
1317 778 1678 834 Ariminensis

100 869 292 928 concilii
319 867 598 924 historiam
624 886 689 925 ex
713 869 1050 927 Arelatensis
1070 871 1406 945 aliorumque
1428 873 1673 940 superio-

98 979 199 1019 rum
234 962 583 1018 conciliorum
626 963 796 1033 gestis
828 963 989 1020 altius
1026 974 1279 1037 repetat;
1328 965 1486 1036 hujus
1530 964 1673 1036 frag-

100 1055 245 1110 menti
285 1061 504 1109 auctore
540 1054 757 1126 agnito,
789 1056 1021 1110 maxima
1063 1057 1356 1113 auctoritas
1392 1056 1602 1114 accedit
1624 1064 1678 1113 et

98 1137 304 1203 exteris.

163 1230 215 1292 ν.
248 1234 416 1291 Partis
439 1232 702 1306 utriusque
730 1236 1267 1295 consertum—Nulla
1292 1250 1441 1296 certe
1463 1234 1676 1297 videtur

98 1332 242 1398 ratio,
271 1344 365 1387 cur
393 1346 504 1386 non
539 1322 715 1400 prima
745 1330 972 1403 hujusce
998 1326 1337 1389 collectionis
1362 1350 1489 1404 pars
1518 1348 1671 1404 aeque

96 1443 152 1484 ac
191 1423 421 1483 secunda
472 1414 679 1480 Hilario
718 1424 1073 1482 adscribenda
1114 1426 1205 1482 sit.
1255 1424 1489 1498 Utraque
1526 1424 1672 1483 enim

96 1516 238 1575 variis
262 1510 507 1588 epistolis
534 1532 598 1573 ac
621 1517 843 1590 synodis
864 1529 1096 1574 constat.
1119 1517 1377 1590 Utraque,
1403 1529 1454 1574 ut
1482 1518 1673 1574 Obser-

95 1613 219 1667 vavit
257 1610 370 1667 Nic.
409 1609 588 1666 Faber
610 1653 626 1679 ,
668 1612 874 1684 aliquot
905 1604 1040 1668 locis
1071 1611 1235 1669 verba
1277 1614 1511 1669 auctoris
1541 1612 1674 1684 ipsis

96 1704 211 1759 actis
256 1700 418 1759 habet
470 1694 751 1771 immixta,
799 1716 920 1776 qua:
969 1690 1301 1761 sanctissimi
1341 1698 1673 1760 confessoris

95 1790 305 1869 phrasim
350 1794 674 1852 exhibeant.
727 1794 1021 1869 Utriusque
1073 1797 1422 1854 monimentis
1470 1797 1673 1869 pariter

1779 587 1880 643 sibi
1908 600 2299 659 comparasset.
2325 586 2477 647 Tunc
2501 608 2627 648 vero
2658 593 2710 648 in
2736 605 2972 651 mentum
3002 598 3051 653 ei
3074 600 3263 655 venire
3289 616 3386 671 po-

1780 680 1880 736 tuit
1901 681 2035 737 illud
2064 683 2311 753 Apostoli
2341 683 2463 741 Gal.
2489 702 2529 754 ι,
2561 680 2629 742 8:
2660 682 2798 743 Licet
2825 706 2919 744 nos
2943 702 3033 745 aut
3067 692 3290 764 Angelus
3321 694 3386 747 de

1775 775 1902 830 coelo
1924 778 2230 850 evangelizet
2254 779 2393 834 vobis
2418 790 2603 852 praeter
2638 800 2793 853 quam
2813 785 2949 855 quod
2977 789 3385 859 euangelizamus

1777 867 1937 936 vobis,
1962 866 2236 925 anathema
2261 873 2328 925 sit
2351 887 2370 925 :
2393 866 2461 927 Ut
2489 873 2542 926 in
2564 870 2833 929 Liberium
2857 870 3054 933 Christi
3085 888 3260 936 causa:
3284 881 3384 938 de-

1774 968 2039 1016 sertorem
2082 952 2133 1017 id
2171 961 2273 1016 sibi
2309 961 2514 1018 licitum
2546 960 2887 1023 existimaret
2914 966 3053 1039 quod
3086 958 3380 1042 Apostolus

1776 1052 1829 1106 in
1858 1068 1917 1107 se
1946 1059 2003 1109 et
2031 1055 2080 1107 in
2114 1052 2375 1126 Angelum
2408 1050 2504 1112 Dei
2532 1073 2636 1113 non
2671 1061 2913 1129 permisit
2936 1069 3165 1131 tantum,
3197 1064 3292 1120 sed
3325 1074 3382 1122 et

1778 1144 2053 1214 praecepit.
2086 1143 2272 1217 Neque
2297 1134 2585 1219 quidquam
2616 1148 2903 1219 proclivius
2929 1160 3012 1208 est
3038 1154 3386 1212 vehementer

1774 1236 2082 1293 amantibus
2107 1278 2121 1303 ,
2152 1254 2311 1309 quam
2347 1244 2403 1294 ut
2433 1228 2608 1311 aliqua
2637 1242 2689 1296 in
2722 1258 2843 1298 eum
2865 1285 2881 1310 ,
2909 1260 3069 1316 quem
3112 1245 3180 1302 ab
3206 1247 3383 1302 atnieo

1776 1328 2008 1401 turpiter
2026 1322 2262 1388 deficere
2282 1333 2529 1397 audiunt,
2560 1326 2950 1409 indignationis
2978 1346 3102 1396 nota
3127 1356 3389 1411 compen-

1774 1435 1897 1476 sare
1924 1429 2192 1478 conentur
2215 1465 2231 1491 ,
2260 1424 2402 1494 quod
2435 1424 2508 1480 illi
2536 1427 2603 1482 de
2629 1437 2930 1484 amatorum
2963 1447 3190 1489 numero
3219 1431 3384 1489 dece-

1772 1514 1871 1571 dit.
1904 1514 2013 1573 Sed
2043 1515 2088 1571 si
2117 1512 2323 1573 dissuta
2344 1523 2524 1589 operis
2546 1536 2843 1591 numquam
2871 1521 3100 1579 absoluti
3128 1523 3385 1581 adversa-

1772 1610 1853 1663 ria
1880 1606 1945 1664 ad
1972 1626 2071 1665 nos
2105 1614 2422 1681 pervenisse
2447 1604 2787 1670 concesseris
2811 1632 2826 1681 ;
2878 1616 2985 1675 erit.
3024 1616 3226 1691 pariter
3251 1634 3383 1672 con-

1773 1699 2095 1768 cedendum,
2120 1704 2451 1759 monimenta
2471 1698 2586 1772 illa,
2613 1722 2732 1777 qua:
2755 1706 3048 1764 identidem
3075 1709 3383 1765 indicantur

1775 1801 2052 1859 secutura,
2086 1809 2185 1849 nec
2216 1802 2395 1850 tamen
2436 1806 2734 1867 sequuntur
2756 1839 2772 1866 ,
2823 1798 2889 1853 iis
2925 1798 3058 1854 locis
3084 1800 3153 1856 ab
3181 1792 3385 1856 Hilario

94 1888 470 1946 demonstratur
514 1888 724 1946 Ursacii
760 1905 825 1945 ac
855 1890 1099 1947 Valentis
1147 1891 1381 1961 nequitia
1427 1891 1589 1947 simul
1619 1903 1675 1948 et
1700 1872 1751 1944 Β
1778 1893 1984 1941 ιειηιιιιιι
2015 1884 2283 1942 destinata
2313 1903 2463 1954 esse.
2501 1887 2592 1944 ubi
2623 1906 2684 1943 ea
2718 1906 2831 1960 pra:
2861 1888 3109 1947 manibus
3140 1891 3384 1949 haberet.

92 1982 446 2039 inconstantia.
495 1976 554 2037 In
613 1994 840 2053 utraque
889 1978 1105 2040 demum
1151 1986 1459 2040 continetur
1501 1982 1670 2051 nihil,

91 2077 211 2149 quod
237 2091 336 2132 non
371 2073 615 2131 redoleat
646 2076 1055 2147 antiquitatem,
1089 2075 1233 2148 quod
1268 2076 1506 2132 historia:
1536 2088 1672 2133 tem-

92 2184 256 2241 porum
285 2185 392 2225 non
426 2171 729 2225 consentiat
759 2210 774 2235 ,
817 2180 906 2224 aut
937 2162 1080 2239 quod
1114 2186 1221 2225 non
1252 2170 1428 2240 aliqua
1459 2171 1671 2227 ratione

91 2270 271 2333 spectet
298 2262 365 2317 ad
396 2260 764 2317 Ariminensis
791 2261 1007 2318 cont-iiii
1039 2260 1347 2321 historiam.
1388 2260 1505 2319 Imo
1544 2262 1593 2319 si
1640 2281 1669 2319 a

89 2338 235 2423 prima
258 2352 601 2425 disjnngatnr
626 2355 793 2408 altera
819 2396 832 2419 ,
878 2369 984 2409 non
1018 2363 1100 2409 est
1124 2353 1265 2410 unde
1292 2354 1407 2410 haec
1434 2352 1500 2411 ad
1530 2370 1669 2427 prte-

91 2445 225 2501 dictre
248 2446 440 2519 synodi
474 2446 751 2502 historiam
786 2446 1059 2516 pertinuere
1082 2444 1381 2516 juiiicetur;
1410 2461 1532 2501 cum
1556 2446 1670 2501 sola

92 2553 196 2610 pars
220 2537 389 2609 prima
424 2530 569 2593 illius
598 2538 749 2607 gesta
778 2536 1032 2592 exhibeat
1060 2555 1072 2590 ε
1099 2554 1218 2609 qua:
1244 2536 1297 2592 in
1328 2536 1431 2593 hoc
1455 2553 1672 2609 quoque

92 2640 193 2685 cum
216 2630 378 2685 altera
407 2626 687 2695 convenit,
717 2628 857 2702 quod
887 2629 1107 2699 perinde
1137 2641 1297 2702 atque
1326 2631 1435 2694 illa,
1469 2641 1523 2687 et
1553 2646 1672 2701 qlia!

91 2714 463 2778 Ariminensem
496 2721 764 2794 synodum
790 2719 1168 2792 przecesserint
1193 2764 1207 2787 ,
1243 2733 1291 2778 et
1329 2738 1452 2794 qum
1483 2722 1675 2778 subse-

90 2822 191 2868 cuta
213 2811 341 2883 sint,
368 2806 783 2883 complectatur.
1592 2882 1615 2897 ἢ

147 2898 227 2961 Ἣ.
251 2898 341 2961 Es
364 2902 696 2976 corruptione
725 2916 841 2960 orta
873 2913 948 2959 est
985 2900 1077 2959 illa
1105 2906 1158 2961 in
1185 2907 1313 2960 duos
1343 2917 1511 2980 partes
1542 2908 1675 2962 divi-

90 2984 170 3053 sio.
198 3028 264 3038 —
285 2996 399 3054 Sed
430 2991 605 3068 neque
622 2992 904 3069 quisquam
934 2994 1141 3053 inficias
1166 2998 1310 3063 ierit,
1334 3006 1496 3053 totam
1523 2997 1669 3053 illam

90 3086 440 3149 Culleolionem
464 3092 518 3145 in
552 3105 682 3145 mss.
718 3082 999 3146 i’itbazano
1027 3105 1090 3146 ac
1119 3088 1435 3157 liemigiano
1460 3088 1591 3144 duas
1618 3089 1669 3144 in

90 3180 250 3250 Mitis
275 3176 421 3236 Male
459 3176 712 3252 distingui
742 3222 755 3246 ,
799 3181 952 3252 pejus
986 3196 1113 3236 vero
1143 3182 1391 3251 postponi
1435 3182 1669 3252 priorem

1778 1978 1987 2046 Quibus
2005 1988 2184 2036 autem
2206 1970 2462 2051 placebit,
2489 1978 2605 2039 haec
2625 1977 2854 2039 absoluti
2879 1985 3061 2058 operis
3087 1984 3384 2057 fragmenta

1779 2085 1900 2126 esse
1924 2112 1938 2136 ,
1994 2071 2359 2127 nihilominus
2390 2089 2456 2128 ex
2495 2072 2562 2129 iis
2591 2091 2712 2146 qua:
2739 2068 2935 2132 desunt
2962 2079 3233 2135 constabit
3257 2121 3271 2143 ,
3322 2098 3386 2137 ea

1772 2156 1932 2217 aliter
1960 2176 2131 2247 quato
2151 2164 2311 2219 modo
2343 2162 2608 2221 habentur
2636 2167 2706 2222 ab
2733 2168 2939 2225 Hilario
2966 2186 3090 2227 esse
3112 2166 3383 2230 Ordinata.

1771 2252 1962 2311 Utram
1992 2271 2116 2311 vero
2149 2256 2450 2326 praetuleris
2480 2259 2792 2328 Opinionem
2820 2303 2834 2326 ,
2878 2256 3067 2319 horum
3103 2265 3370 2336 fragmen-

1773 2352 1951 2400 t0rum
1980 2346 2227 2401 confusio
2252 2344 2381 2402 nihil
2412 2364 2599 2405 eorum
2632 2348 2836 2408 officiet
2862 2354 3097 2410 veritati.

1845 2426 1981 2490 VIII.
2018 2434 2168 2491 Unde
2196 2447 2309 2493 orta
2340 2437 2459 2493 libri
2485 2430 2642 2507 huius
2670 2444 2933 2516 confusio.
2966 2475 3037 2487 ——
3067 2438 3243 2503 Rufini
3274 2448 3383 2504 tes-

1772 2528 2002 2585 timonio
2023 2541 2076 2585 et
2106 2532 2326 2602 antiqua
2344 2533 2613 2589 censenda
2638 2534 2722 2591 est
2745 2537 2864 2591 libri
2893 2537 3052 2609 hujus
3074 2540 3375 2610 corruptio.

1773 2631 1826 2677 et
1858 2619 2129 2678 haereticis
2153 2622 2506 2680 adscribenda
2529 2644 2541 2680 :
2567 2628 2610 2681 si
2642 2634 2822 2683 tamen
2848 2627 2916 2684 ad
2942 2628 3047 2685 hoc
3082 2647 3218 2701 opus
3247 2628 3384 2689 refe-

1773 2712 2001 2769 rendum
2032 2723 2135 2779 ρει,
2168 2716 2312 2786 quod
2343 2716 2437 2772 ille
2461 2715 2642 2774 Traet.
2679 2719 2746 2774 de
2786 2716 3183 2779 adulteratione
3213 2716 3379 2778 libro-

1773 2819 1892 2859 rum
1923 2803 2171 2875 Origenis
2199 2806 2270 2861 ait
2302 2806 2465 2880 (apud
2494 2807 2710 2866 Hieron.
2739 2820 2861 2865 tom.
2892 2813 2967 2882 Ix)
2993 2836 3006 2866 ;
3032 2808 3289 2870 llilarium
3317 2810 3385 2868 ad

1773 2899 2177 2954 emendationem
2201 2918 2396 2969 eorum,
2438 2903 2525 2970 qui
2547 2896 2861 2960 Ariminensi
2889 2904 3120 2977 per/idin:
3147 2909 3376 2963 subscri-

1774 2996 2002 3059 pserunt,
2045 2984 2228 3044 librum
2263 2991 2618 3049 instructioni:
2654 2994 2968 3065 plenissima:
2992 3000 3380 3070 conscripsisse,

1772 3080 1863 3153 qui
1890 3078 2119 3138 subinde
2146 3085 2212 3139 ab
2248 3084 2518 3143 haereticis
2562 3090 2630 3143 ita
2664 3086 2900 3145 ftedatus
2929 3084 3035 3156 sit,
3076 3099 3133 3146 ut
3163 3108 3230 3148 ne
3259 3109 3382 3150 eum

1773 3170 1991 3244 quidem
2024 3166 2258 3231 llilarius
2287 3179 2401 3247 ipSe
2427 3182 2766 3249 agnosceret.
2812 3176 2922 3237 Sed
2950 3198 3071 3237 cum
3098 3183 3181 3239 his
3204 3184 3385 3241 verbis

91 3270 358 3345 posteriori
383 3293 397 3341 ;
430 3291 551 3330 cum
584 3277 770 3346 prima:
795 3274 963 3347 partis
989 3274 1201 3330 initium
1229 3293 1280 3331 m
1300 3276 1519 3331 inil‘este
1540 3293 1671 3332 con-
1695 3260 1741 3323 C
1775 3269 1940 3322 multa
1970 3266 2193 3323 Rufinus
2222 3271 2525 3325 immisceat
2554 3279 2741 3342 aperte
2768 3270 2898 3329 falsa
2932 3282 2987 3331 et
3008 3293 3124 3345 quzn
3149 3275 3383 3333 fabulam

92 3366 293 3422 tinuatio
320 3368 389 3422 Sit
414 3368 753 3441 posterioris.
788 3366 992 3440 Synodi
1034 3364 1179 3422 enim
1213 3366 1535 3424 Pari~iensis
1561 3367 1675 3440 epi-

92 3458 234 3526 stola,
256 3475 284 3515 a
312 3476 412 3533 qua
442 3458 493 3515 in
524 3475 653 3516 mss.
679 3460 864 3529 prium:
892 3461 1062 3530 partis
1087 3458 1293 3513 initium
1313 3459 1552 3529 ducitur,
1586 3476 1673 3516 re-

92 3548 329 3623 Scriptnm
358 3561 443 3607 est
469 3551 666 3608 litteris
689 3551 1044 3606 Orientalium
1074 3566 1193 3623 qua:
1222 3551 1273 3605 in
1316 3546 1506 3607 iisdem
1538 3567 1670 3607 mss.

93 3648 281 3715 partem
312 3651 641 3715 postremam
669 3640 946 3699 claudunt.
1001 3643 1073 3698 Ex
1103 3660 1208 3712 quo
1252 3642 1342 3706 fit,
1395 3651 1451 3698 nt
1492 3644 1674 3699 titulus

93 3752 187 3794 non
226 3739 278 3793 in
314 3752 475 3794 unam
515 3744 722 3793 tantum
754 3744 999 3807 partem,
1045 3736 1138 3792 sed
1184 3736 1235 3790 in
1267 3751 1482 3791 omnem
1512 3736 1676 3792 colle-

94 3830 306 3888 ctioncm
326 3831 503 3887 cadat.
532 3824 795 3897 Quocirca
822 3828 1076 3885 Nicolaus
1101 3824 1277 3883 Faber
1300 3831 1528 3898 partium
1560 3828 1677 3883 illa-

88 3924 199 3981 'rum
228 3926 468 3984 Ordinem
491 3926 780 4001 invertere,
808 3928 864 3983 et
889 3927 1075 3997 prima:
1107 3934 1435 3996 postremam
1467 3938 1676 3994 przepo-

86 4006 210 4074 'ncre
234 4026 337 4075 nan
367 4014 650 4074 dubitavit.

154 4102 260 4167 νη.
298 4106 549 4182 δον-πορεία
580 4110 674 4165 alii
703 4108 955 4165 levantur.
986 4138 1055 4150 -—
1097 4108 1205 4164 Hac
1233 4100 1553 4163 difllcultate
1583 4121 1675 4161 ex—

98 4196 283 4274 pedita;
302 4212 421 4276 Quae
442 4202 660 4274 gravior
685 4198 986 4271 videbatur,
1016 4200 1173 4259 facile
1192 4205 1302 4271 jam
1327 4203 1676 4256 excutiuntur

98 4288 703 4371 mmscrtipuli,
719 4297 809 4367 qui
833 4296 984 4351 nobis
999 4290 1152 4380 lpitio
1166 4294 1436 4365 negotium
1458 4296 1680 4349 lacessi:-

98 4380 232 4444 bant.
271 4390 509 4461 Namque
540 4394 713 4445 virum
755 4390 806 4443 in
851 4388 1136 4461 Phrygiam
1169 4388 1460 4459 relegatum
1493 4400 1595 4441 non
1626 4386 1677 4441 in

100 4476 303 4553 gemina
327 4493 379 4539 et
408 4482 617 4555 integra
640 4481 991 4554 epistolarum
1020 4482 1302 4536 Iatinarum
1326 4479 1677 4550 exemplaria,

101 4573 184 4628 Sed
204 4568 253 4629 in
272 4576 526 4632 mentitisti
540 4570 799 4631 incidisse
810 4575 928 4646 quis
950 4573 1187 4643 stupent?
1208 4570 1338 4644 Quis
1353 4589 1483 4630 vero
1502 4582 1677 4647 neget,

1778 3354 1999 3414 omnino
2025 3359 2264 3430 sapiant;
2306 3362 2393 3417 vix
2436 3364 2729 3435 quidquam
2771 3382 2836 3421 ex
2866 3358 2931 3421 iis
2959 3366 3250 3425 confit-iw:
3284 3369 3385 3426 nisi

1779 3448 1917 3509 forte
1942 3448 2175 3520 dixeris,
2222 3455 2340 3511 libri
2374 3456 2532 3525 huius
2557 3457 2997 3527 depravationem
3032 3458 3095 3516 iis
3120 3460 3387 3532 fingendis

1778 3546 2118 3601 Occasionem
2150 3546 2469 3618 praebuisse.
2513 3548 2577 3603 Et
2618 3565 2746 3605 vero
2790 3548 3111 3607 Arianorum
3147 3552 3385 3625 nequitia

1780 3635 2001 3706 dignum
2029 3646 2176 3703 erat,
2225 3645 2284 3694 ut
2324 3639 2445 3695 libri
2481 3636 2641 3711 hujus
2670 3641 3030 3713 integritatem
3065 3643 3219 3701 nobis
3252 3646 3383 3702 invi-

1780 3729 1992 3787 derent.
2026 3732 2165 3788 Casu
2197 3732 2358 3788 etiam
2389 3732 2607 3791 evenire
2637 3736 2811 3804 potuit
2837 3735 2985 3792 illius
3014 3735 3282 3794 confusio.

1853 3824 1943 3879 ιχ.
1977 3825 2079 3893 Qui
2116 3844 2251 3881 nunc
2289 3844 2420 3881 novo
2451 3828 2632 3884 ordine
2666 3840 2924 3902 reparata.
2948 3860 3018 3870 -—
3052 3824 3247 3888 Verum
3270 3832 3384 3903 jam

1781 3933 1889 3973 non
1924 3919 2057 3973 tanti
2095 3920 2258 3975 refert
2293 3923 2434 3976 scire
2465 3920 2605 3977 unde
2648 3934 2763 3977 orta
2795 3924 2893 3988 sit,
2937 3925 3125 3995 quanti
3160 3925 3388 3983 interest

1783 4021 1839 4065 ut
1869 4010 2370 4085 quomodocumque
2395 4024 2691 4086 reparetur.
2716 4012 2811 4071 Vix
2833 4018 2974 4073 enim
3002 4034 3062 4074 ea
3093 4019 3257 4085 serie,
3281 4035 3390 4092 qua

1783 4102 1835 4158 in
1870 4119 1998 4159 mss.
2039 4113 2237 4173 exstat,
2271 4107 2387 4160 sine
2411 4105 2627 4160 fastidio
2660 4104 2762 4176 legi
2797 4109 2986 4177 possit,
3020 4119 3074 4165 et
3102 4110 3221 4166 sine
3245 4128 3385 4182 quo-

1783 4194 1905 4252 dam
1934 4214 1960 4250 a
1993 4213 2125 4253 vero
2171 4198 2455 4253 aberrandi
2501 4194 2835 4256 discrimine.
2880 4199 2951 4258 At
2997 4202 3116 4273 quis
3145 4206 3280 4260 ordo
3311 4214 3384 4262 te.

1784 4288 1994 4344 nendus
2015 4290 2038 4344 ἶ)
2057 4289 2176 4345 iam
2195 4289 2571 4346 desiderarunt
2594 4292 2860 4362 nonnulli,
2888 4296 3031 4350 varia
3053 4299 3383 4354 monimenta

1784 4368 1929 4436 ineo
1953 4391 2204 4435 contenta
2239 4380 2535 4436 secundum
2576 4389 2878 4454 temporum
2911 4385 3156 4442 ordinem
3196 4389 3386 4445 distri—

1787 4470 1902 4525 bui.
1941 4466 2075 4527 fluic
2107 4482 2283 4527 tamen
2315 4488 2376 4529 se
2406 4488 2510 4528 non
2540 4489 2757 4544 semper
2799 4472 3094 4534 adhmsisse
3120 4478 3389 4551 significat

1784 4560 2020 4619 Hilarius
2042 4561 2282 4636 (Fragnt.
2313 4556 2352 4633 ἡ,
2386 4582 2438 4621 n.
2485 4564 2565 4636 6),
2599 4583 2719 4622 cum
2748 4583 2807 4624 se
2837 4586 2865 4622 a
2907 4573 3076 4641 gestis
3108 4573 3389 4629 Arelaten-

101 4670 157 4720 et
185 4658 414 4724 locorum
439 4668 736 4725 mutatione
760 4667 1009 4723 accidere
1035 4668 1296 4739 pOtuisse,
1323 4670 1503 4724 utalia
1532 4677 1673 4724 esset

1781 4652 1929 4712 sibus
1954 4697 1969 4723 ,
2013 4654 2256 4727 quamvis
2286 4652 2429 4711 aliud
2463 4658 2698 4728 postulet
2740 4675 2919 4715 rerum
2948 4661 3083 4716 ordo
3111 4705 3124 4726 ,
3165 4661 3376 4719 initium

84 4748 149 4811 'in
184 4756 266 4815 his
290 4756 606 4833 fragmentis
626 4802 641 4829 ,
672 4758 775 4815 alia
820 4760 874 4814 in
904 4759 1041 4816 libro
1086 4758 1153 4815 de
1185 4758 1416 4833 Synodis
1447 4758 1680 4830 pseudo-

102 4844 414 4909 Sardlceusis
432 4850 558 4908 fidei
580 4848 902 4907 tmnslalio?
923 4850 1085 4908 Certe
1109 4848 1410 4908 mirandum
1440 4866 1545 4907 non
1570 4858 1674 4918 est,

100 4944 215 4999 cum
239 4946 286 5001 lu
310 4937 530 5002 diverso
554 4958 742 5016 Opere,
786 4948 1032 5015 tempore
1057 4959 1119 5000 ac
1163 4945 1281 5000 loco
1307 4961 1410 5000 non
1438 4944 1528 4999 uni
1555 4960 1668 4999 ver-

90 5030 227 5090 stout
268 5038 483 5094 stetisse
514 5080 529 5105 ,
605 5038 698 5108 qui
754 5038 1066 5106 pra-dictum
1124 5036 1676 5110 pseudo-Sardicense

85 5120 384 5198 ‘SyMbolilm
426 5139 490 5185 ac
519 5120 822 5185 Sirmiense
851 5138 1040 5184 contra
1070 5128 1355 5183 Pliotinum
1377 5171 1389 5193 ,
1432 5127 1678 5199 quamvis

100 5220 369 5294 utrumque
397 5228 575 5294 ειπερ
602 5216 792 5276 iisdem
826 5216 1002 5276 Verbis
1027 5222 1361 5276 enuntiatum
1385 5223 1472 5288 sit,
1501 5219 1551 5273 in
1571 5234 1679 5274 uno

102 5308 279 5369 eadem
300 5306 367 5370 de
383 5312 615 5388 bynodis
638 5315 774 5370 libro
801 5328 905 5369 non
930 5326 1030 5369 una
1052 5316 1263 5369 ratione
1290 5314 1527 5369 verterit.
1559 5312 1677 5367 Jam

103 5392 224 5457 ὕετο
247 5400 311 5461 ad
334 5404 674 5461 anathemata
700 5400 914 5460 Liberiu
933 5400 1098 5469 dicta,
1122 5406 1189 5461 ab
1214 5402 1334 5461 aliis
1361 5419 1677 5475 reSpOnsnm

105 5494 189 5548 est
209 5510 264 5552 ea
291 5494 424 5554 lbi-te
454 5492 524 5554 ab
552 5492 728 5554 allena
748 5499 917 5553 'manu
944 5498 1011 5552 ad
1042 5496 1339 5568 marginem
1371 5496 1640 5567 adscripta
1663 5538 1677 5563 ,

107 5586 285 5645 Exinde
311 5591 361 5645 in
390 5597 599 5645 testam
637 5589 964 5660 irremisse;
1008 5590 1077 5645 ab
1107 5589 1229 5645 aliis
1270 5598 1449 5645 autem
1474 5604 1537 5644 ea
1568 5596 1680 5644 tum

107 5678 172 5732 ab
196 5679 386 5735 llilario
416 5682 619 5750 prolata
650 5695 769 5736 esse
790 5721 806 5748 ,
852 5696 972 5736 cum
1001 5680 1243 5751 ejusdem
1282 5674 1549 5752 politificis
1574 5681 1687 5751 ple-

107 5770 223 5823 tiam
248 5770 467 5841 ignavia:
493 5772 775 5840 epistOlatn
808 5775 1038 5842 primum
1070 5773 1295 5843 accepit.
1328 5771 1522 5829 Putant
1542 5774 1683 5830 enim

111 5857 195 5916 hic
214 5862 449 5919 exhiberi
484 5862 670 5918 Ilitarii
696 5860 1001 5922 adversaria
1034 5865 1153 5921 sine
1178 5865 1369 5921 ordine
1397 5865 1683 5941 descripta,

1778 4746 2040 4804 facturum
2071 4762 2191 4805 eSse
2222 4758 2538 4819 praemonet.
2567 4749 2903 4823 Quamquam
2938 4768 3062 4809 cum
3097 4755 3167 4811 ibi
3212 4755 3379 4812 ratio-

1778 4857 1903 4897 nem
1942 4839 2116 4897 reddit
2141 4859 2237 4896 cur
2266 4843 2430 4896 alium
2460 4843 2704 4897 ordinent
2736 4855 2998 4913 sequatur
3021 4886 3037 4911 ,
3072 4847 3123 4900 in
3165 4836 3377 4904 caeteris

1779 4934 2098 4989 ordinandis
2125 4945 2366 5002 tempora
2405 4950 2464 4988 se
2496 4950 2602 4989 non
2635 4935 2937 5005 neglexisse
2979 4936 3123 4993 haud
3148 4939 3381 4998 obscure

1781 5028 2004 5083 indicat.
2045 5026 2200 5084 Unde
2234 5038 2290 5084 et
2337 5029 2519 5082 statim
2567 5030 2874 5085 subnectit:
2922 5028 3037 5087 Hoc
3085 5035 3238 5088 etiam
3279 5054 3383 5092 non

1776 5120 2027 5177 inutiliter
2056 5119 2372 5188 admonebo,
2404 5131 2455 5174 ut
2482 5118 2551 5174 at!
2578 5137 2726 5175 omne
2760 5122 2857 5176 hoc
2894 5127 3129 5182 volumen
3159 5126 3381 5199 diligens

1780 5214 1991 5269 intentio
2033 5211 2355 5267 adhibeatur.
2410 5211 2599 5268 Omnia
2643 5216 2778 5269 enim
2829 5228 2946 5271 sum
2995 5229 3043 5274 et
3095 5220 3389 5291 separanda

1784 5298 2113 5378 temporibus,
2142 5314 2187 5359 et
2217 5294 2581 5377 distinguenda
2611 5307 2847 5377 iudiciis,
2892 5321 2997 5367 etc.
3035 5300 3187 5370 [huc
3223 5314 3384 5386 igitur

1781 5396 2028 5467 dispositi
2049 5411 2189 5452 mem
2224 5396 2536 5452 censuimus
2562 5401 2820 5469 optimam
2859 5399 2974 5457 fore
2995 5446 3010 5469 ,
3057 5414 3175 5474 quae
3200 5407 3380 5465 omnia

1778 5487 1857 5545 sic
1880 5499 2225 5560 temperaret,
2253 5499 2308 5544 ut
2329 5500 2381 5545 et
2410 5496 2713 5561 temporum
2745 5504 3056 5552 servaretur
3081 5498 3237 5567 ordo,
3274 5484 3378 5559 nec

1788 5599 1967 5639 rerum
2018 5583 2086 5638 ab
2133 5581 2337 5638 Hilario
2378 5584 2751 5642 ordinatarum
2798 5589 2936 5642 ratio
2984 5595 3382 5651 iiutnntaretur.

1788 5676 1920 5734 Eam
1947 5676 2017 5733 ob
2045 5692 2157 5733 rem
2189 5676 2603 5735 observavimus
2628 5684 2841 5753 quoties
2864 5682 2916 5738 in
2949 5693 3060 5739 toto
3089 5682 3191 5743 hoc
3219 5706 3386 5761 opere

1792 5768 2194 5828 desideraretur
2240 5770 2444 5843 aliquid
2472 5815 2486 5840 ,
2528 5773 2671 5845 quod
2714 5783 2902 5831 auctor
2939 5792 2997 5834 se
3036 5779 3392 5838 subnexuisso

1797 5864 2143 5939 significaret
2163 5878 2179 5932 ;
2201 5872 2295 5922 aut
2321 5871 2470 5923 certe
2494 5875 2842 5939 sequeretur,
2872 5868 3017 5940 quod
3038 5884 3160 5926 cum
3191 5885 3395 5942 praece-
