3936 6196
575 344 682 402 623

1503 339 1570 396 IN
1607 339 1850 396 SANCTI
1891 338 2146 395 HILARll
2185 336 2490 394 EPISCOPI
2530 335 2957 395 FRAGMENTA

3781 335 3885 391 62$

577 457 830 512 dentibus
858 471 964 511 non
993 455 1325 510 cohaereret:
1373 462 1482 509 tum
1513 454 1645 508 illud
1679 459 1731 508 in
1761 462 1839 510 tot
1867 453 2168 525 fragmenta
2196 470 2250 531 Α
2273 468 2493 525 gressus
2521 453 2862 524 explicando,
2892 470 3010 509 eam
3037 468 3142 509 non
3168 451 3325 510 unius
3351 451 3612 518 hominis,
3657 452 3756 508 sed
3801 469 3881 506 to-

579 551 782 620 partiti,
806 560 940 618 quot
965 547 1015 601 in
1041 547 1170 602 locis
1198 547 1340 600 nacti
1366 559 1552 600 smnus
1583 546 1850 600 dissntum
1873 556 1971 601 aut
1989 548 2170 618 aliqua

579 642 661 697 sui
689 649 842 711 parte
869 637 1170 707 mutilatus,
1204 638 1497 709 fragmenta
1521 637 1729 709 singula
1762 637 2055 694 secundum
2083 653 2173 693 or-

576 736 756 790 dinem
784 743 1085 801 temporum
1111 731 1516 789 collocavimus.

647 826 1092 900 ωθ-θιοΧ.
1135 825 1272 883 Novi
1301 827 1456 897 hujus
1486 825 1682 880 ordinis
1707 824 1999 880 utilitas.-—-
2020 823 2172 878 Novo

577 923 669 978 illo
685 923 878 979 ordine
900 925 1130 994 primum
1155 923 1292 978 tituli
1310 938 1338 977 a
1363 922 1582 977 Nieolao
1603 921 1780 976 Fabro
1802 919 1955 976 inditi
1974 919 2172 976 veritas

573 1019 985 1090 comprobatur;
1012 1033 1198 1074 eorum
1227 1016 1421 1074 deinde
1441 1017 1742 1072 consulitur
1775 1014 2168 1081 commoditati,

575 1111 665 1178 qui
694 1124 832 1178 epus
873 1108 1002 1163 illud
1043 1109 1127 1163 vel
1171 1107 1410 1164 iudicare
1447 1108 1685 1178 cupient,
1734 1107 1819 1163 vel
1874 1104 2168 1162 indicatum

574 1214 963 1270 recognoscere
981 1216 996 1267 ;
1019 1215 1082 1254 ac
1098 1199 1314 1254 demum
1342 1199 1533 1255 lectori
1551 1207 1860 1269 praestatur,
1875 1197 2019 1252 unde
2040 1193 2169 1250 illud

569 1290 858 1361 jucundius
884 1291 995 1362 jam
1048 1290 1188 1362 legat
1227 1298 1388 1360 atque
1429 1289 1637 1345 utilius.
1688 1290 1744 1345 Si
1785 1293 1927 1344 enim
1961 1288 2168 1357 ingrata

572 1393 658 1438 est
705 1392 760 1439 et
815 1383 882 1437 ad
934 1397 1175 1438 errorem
1216 1382 1368 1438 ducit
1412 1397 1590 1438 rerum
1641 1389 1914 1452 gestarum
1943 1378 2166 1434 confusa

572 1475 850 1540 narratio;
876 1475 1110 1546 jucunda
1143 1489 1266 1531 esse
1292 1474 1454 1531 debet
1484 1484 1540 1530 et
1576 1473 1644 1529 ad
1679 1473 1963 1530 veritatem
2005 1472 2171 1529 redu-

571 1585 696 1628 cere
718 1569 966 1626 distincta
995 1579 1051 1626 et
1073 1570 1338 1626 ordinata.
1367 1571 1588 1641 Experti
1620 1585 1808 1626 sumus
1851 1569 1975 1638 ipsi,
2005 1585 2164 1640 quam

569 1666 672 1722 sibi
705 1676 890 1721 mutuo
917 1664 1126 1735 singula
1153 1664 1476 1737 Fragmenta
1500 1679 1598 1719 suo
1629 1664 1748 1718 loco
1776 1661 1949 1732 posita
1985 1662 2163 1717 lucem

570 1757 816 1813 afferant.
868 1757 1028 1813 Certe
1066 1757 1192 1828 quid
1221 1757 1274 1810 in
1303 1757 1405 1810 hoc
1429 1755 1568 1810 libro
1594 1755 1753 1821 desit,
1801 1752 1847 1808 si
1873 1768 1978 1808 non
2005 1750 2161 1807 exhi-

2281 547 2386 603 tius
2417 547 2538 603 fidei
2567 547 2936 617 expulsionem
2977 547 3278 617 suscepisse
3310 563 3373 602 ex
3417 547 3536 614 ipso
3580 547 3732 601 exitu
3791 546 3883 599 dc-

2279 651 2564 696 monstrat.
2629 641 2749 709 Quo
2797 641 2938 697 circa
2988 639 3246 712 quidquid
3291 655 3355 695 ex
3412 640 3578 695 variis
3632 639 3883 695 conciliis

2282 733 2528 804 exponit,
2580 733 2649 788 ad
2688 749 2854 789 unum
2895 733 3239 789 Ariminense
3271 744 3543 804 tamquam
3593 731 3662 787 ad
3718 732 3881 787 linem

2278 825 2466 891 refert,
2488 826 2539 881 in
2571 841 2679 896 quo
2707 833 2895 897 aperte
2959 824 3209 895 patefecit
3259 824 3506 890 lueresis,
3558 823 3688 893 quid
3721 837 3888 894 snpe-

2277 919 2514 974 rioribus
2544 919 2847 974 moliretur.
2898 917 3033 974 Hinc
3086 919 3131 972 si
3185 932 3274 973 res
3323 925 3537 988 spectes
3590 915 3692 971 hoc
3741 915 3884 970 libro

2278 1018 2582 1076 contentas,
2631 1010 2864 1081 plurium
2913 1008 3280 1081 synodorum;
3331 1007 3377 1064 si
3420 1021 3670 1077 scepum,
3722 1007 3884 1061 unius

2277 1104 2635 1160 Ariminensis
2679 1103 2956 1160 historiam
2993 1103 3281 1174 complecti
3319 1101 3582 1158 dicendus
3611 1110 3714 1159 est.
3743 1099 3880 1156 Cum

2276 1208 2455 1254 autem
2512 1197 2669 1269 hujus
2705 1197 2919 1253 concilii
2977 1197 3211 1252 maxime
3264 1195 3490 1252 Ursacio
3541 1203 3599 1250 et
3655 1193 3882 1252 Valente

2276 1291 2600 1348 instantibus
2627 1301 2735 1346 tam
2783 1289 2968 1346 infelix
2997 1289 3176 1345 exitus
3225 1288 3421 1355 fuerit;
3473 1303 3581 1344 non
3627 1288 3771 1342 male
3801 1287 3878 1342 in-

2277 1385 2544 1441 scribatur
2571 1395 2760 1440 contra
2789 1383 2924 1438 duos
2953 1383 3077 1439 illos
3107 1385 3318 1438 Ariana:
3343 1389 3509 1438 sectae
3525 1381 3713 1446 duces,
3743 1396 3880 1452 quo-

2275 1493 2395 1532 rum
2428 1475 2645 1546 perfidia
2677 1491 2788 1532 non
2834 1477 2993 1532 exiis
3042 1475 3221 1530 solum
3269 1491 3391 1547 qua:
3442 1474 3772 1530 Ariniinensi
3826 1473 3875 1528 in

2274 1569 2484 1641 synodo
2509 1585 2572 1626 ac
2612 1577 2734 1640 post
2755 1569 2923 1624 moliti
2947 1577 3094 1634 sunt,
3113 1567 3220 1643 sed
3247 1577 3302 1624 et
3319 1583 3385 1623 ex
3418 1567 3661 1639 pristinis
3687 1582 3875 1624 eorum

2273 1663 2408 1718 actis
2436 1662 2836 1731 comprobatur.
2889 1659 2970 1716 Ex
3015 1659 3212 1730 quibus
3263 1675 3479 1716 rursum
3531 1676 3655 1716 cum
3687 1659 3876 1716 Hicro~

2274 1769 2437 1829 nymo
2464 1754 2781 1810 conciliatur
2811 1753 2935 1809 libri
2983 1753 3145 1824 hujus
3173 1754 3226 1810 in
3261 1754 3465 1812 nostris
3511 1769 3644 1810 mss.
3694 1755 3874 1810 consi-

568 1850 717 1919 bent,
752 1850 1071 1922 plerumque
1115 1848 1308 1903 saltem
1348 1846 1657 1902 ostendunt.
1704 1845 1976 1902 Interdum
2002 1845 2164 1902 etiam
2196 1871 2244 1931 Β
2273 1858 2436 1919 gnata
2467 1847 2769 1917 inscriptio.

570 1943 698 2000 dum
749 1941 1118 1998 continuatam
1182 1954 1362 1995 rerum
1413 1940 1606 1995 seriem
1649 1955 1715 1995 ex
1763 1939 1953 1995 ordine
1995 1939 2168 2009 expli-

568 2047 712 2104 cant,
745 2052 962 2092 sensum
1004 2034 1380 2090 demonstrant
1419 2035 1522 2092 sub
1551 2034 1821 2090 mendosis
1866 2035 2046 2090 verbis
2085 2033 2166 2088 la-

568 2139 793 2188 tentem.
817 2130 1027 2186 Clarius
1051 2129 1282 2198 denique
1310 2131 1490 2185 animo
1519 2129 1836 2184 intuendum
1859 2139 2170 2200 proponunt

569 2232 740 2280 totum
772 2224 825 2278 in
859 2223 962 2279 hoc
991 2238 1156 2293 opere
1181 2222 1419 2278 auctoris
1444 2222 1753 2278 consilium.
1819 2236 1836 2255 ο

639 2313 730 2370 XI.
783 2313 928 2368 Libri
980 2315 1136 2383 liuius
1180 2331 1379 2368 summa
1429 2323 1477 2368 et
1521 2330 1728 2384 scapus.
1769 2345 1840 2355 —-
1870 2315 2059 2372 Statim
2099 2330 2167 2372 ex

566 2409 867 2481 fragmento
894 2424 910 2462 ι
939 2417 1184 2477 apparet,
1217 2406 1476 2462 Hilarium
1499 2406 1567 2462 ab
1586 2405 1892 2464 Arelatensi
1935 2406 2162 2479 synodo,

564 2501 718 2571 cujus
744 2511 860 2555 acta
881 2499 1280 2561 desiderantur,
1310 2497 1453 2552 hunc
1478 2498 1676 2553 librum
1724 2497 2028 2552 inchoasse.
2085 2497 2167 2553 Ex

563 2610 671 2666 quo
697 2609 804 2649 non
837 2592 1070 2649 absurde
1098 2593 1338 2662 cogitare
1367 2602 1470 2659 est,
1502 2606 1563 2647 ea
1589 2590 1654 2646 ad
1682 2590 1989 2661 przedictam
2035 2597 2168 2646 Are-

561 2686 827 2742 latensem
867 2686 1131 2758 synodum
1166 2683 1536 2738 illustrandam
1587 2684 1881 2753 pertinere,
1935 2698 2054 2752 quae
2097 2681 2167 2738 de

564 2778 871 2836 Sardicensi
912 2793 974 2834 ac
1003 2778 1231 2833 solemni
1261 2775 1505 2831 Valentis
1557 2783 1612 2832 et
1664 2774 1870 2832 Ursacii
1903 2785 2167 2831 retracta-

563 2873 712 2928 tione
759 2873 1061 2944 fragmento
1105 2887 1140 2925 ιι
1187 2870 1569 2939 subjiciuntur.
1621 2867 1701 2922 Ex
1749 2869 1814 2924 iis
1841 2870 1987 2924 enim
2029 2868 2167 2924 actis

561 2975 750 3039 aperte
779 2967 1186 3022 demonstratur
1227 2965 1482 3032 iniquitas
1527 2964 1810 3020 sententia:
1850 2978 1954 3034 qua
1998 2961 2168 3018 Atha-

564 3061 771 3127 nasius,
803 3059 1021 3115 Arelate
1058 3073 1123 3113 ac
1154 3067 1335 3128 postea
1371 3056 1681 3121 Mediolani,
1729 3056 1971 3119 Valente,
2002 3055 2167 3112 Ursa-

562 3156 649 3212 cio
687 3162 744 3210 et
780 3150 1076 3208 Saturnino
1103 3151 1417 3206 auctoribus
1457 3150 1850 3205 condemnatus
1879 3158 1982 3205 est.
2012 3147 2167 3203 Unde

2343 1940 2481 1997 XIII.
2515 1941 2738 2008 Quando
2765 1941 2984 2011 scriptus
3004 1941 3069 1996 sit
3092 1940 3176 1996 hic
3207 1940 3616 2014 libera—Itaque
3637 1941 3872 1997 Hilarius

2272 2034 2531 2090 Ecclesia:
2555 2034 2713 2089 saluti
2733 2049 3025 2104 numquam
3043 2049 3148 2088 non
3171 2035 3529 2105 prospiciens,
3546 2035 3684 2091 sicut
3711 2033 3878 2089 libros

2271 2128 2340 2184 de
2361 2127 2623 2184 Trinitate
2648 2128 2834 2194 edidit,
2867 2143 2935 2184 ne
2972 2128 3346 2185 exsulantibus
3376 2144 3520 2184 verte
3569 2127 3688 2183 fidei
3729 2143 3874 2198 prte-

2271 2223 2598 2278 dicatoribus
2651 2237 2780 2277 sana
2835 2221 3084 2276 doctrina
3137 2220 3478 2276 coexsularet
3531 2219 3686 2293 (Lib.
3735 2237 3766 2274 x
3818 2221 3880 2274 de

2274 2316 2488 2382 Trinit.,
2515 2334 2569 2371 n.
2608 2315 2697 2386 I);
2749 2315 2823 2370 ita
2855 2325 2906 2370 et
2939 2316 3176 2385 suscepit
3219 2315 3321 2370 hoc
3349 2329 3508 2386 opus,
3568 2331 3635 2370 ne
3684 2313 3879 2371 absen-

2271 2411 2414 2467 tibus
2463 2411 2737 2483 plerisque
2782 2410 3096 2465 Pastorihus
3145 2417 3367 2465 noceret
3415 2424 3665 2480 perversa
3701 2427 3712 2462 :
3744 2415 3878 2464 etut

2271 2504 2638 2574 unusquisque
2663 2501 2872 2556 Judicio
2886 2501 3121 2574 deinceps
3135 2501 3345 2572 proprio
3363 2500 3644 2555 consistens
3671 2498 3876 2556 falsita-

2271 2607 2377 2653 tem
2407 2598 2549 2653 illius
2580 2613 2674 2666 per
2699 2611 2758 2652 se
2784 2596 3138 2660 discerneret,
3180 2606 3226 2649 et
3259 2594 3552 2666 Opinionem
3578 2611 3678 2650 non
3697 2610 3868 2664 seque-

2275 2705 2418 2748 retur
2459 2692 2680 2746 alienam
2727 2687 2918 2760 (Frag.
2974 2705 3030 2756 ι,
3081 2706 3132 2742 n.
3185 2689 3261 2759 7).
3317 2685 3471 2756 Quod
3523 2703 3590 2742 eo
3639 2697 3874 2756 tempore

2271 2781 2842 2839 convenientissimum
2873 2791 3020 2847 erat,
3058 2779 3200 2851 quod
3238 2779 3304 2834 ad
3350 2778 3747 2836 Ariminensem
3788 2791 3872 2834 ec-

2272 2875 2464 2929 thesim
2512 2873 2892 2944 excipiendam
2943 2870 3244 2928 Constantii
3311 2871 3658 2942 imperatoris
3700 2870 3872 2926 edicto

2269 2969 2599 3039 cogebantur
2627 2982 2838 3032 omnes,
2865 2975 2921 3022 et
2944 2981 3053 3036 quo
3085 2965 3338 3032 Hilarius,
3375 2965 3545 3021 illa~so
3585 2967 3862 3036 imperato-

2269 3060 2345 3116 ris
2385 3060 2622 3126 nomine,
2659 3074 2778 3114 eam
2809 3057 3061 3114 omnibus
3098 3056 3460 3114 damnandam
3501 3057 3862 3113 demonstrare

2267 3152 2581 3214 conabatur,
2596 3150 2769 3207 donec
2783 3150 2968 3206 liceret
2979 3149 3223 3206 eamdem
3240 3149 3450 3221 publice
3461 3149 3516 3206 in
3527 3147 3866 3222 611-612

563 3244 618 3300 in
640 3245 832 3319 eodem
860 3242 1161 3311 fragmento
1183 3258 1236 3297 ιι.
1262 3243 1352 3307 18,
1381 3256 1591 3307 eorum,
1622 3241 1711 3310 qui
1735 3238 1976 3294 Sardica:
2000 3239 2169 3293 Atha-

2278 3244 2520 3300 conciliis
2566 3244 2826 3298 damnare
2863 3245 2919 3298 'et
2947 3243 3232 3315 abrogare.
3261 3243 3369 3299 Sed
3416 3243 3640 3299 ethunc
3682 3244 3864 3298 librum

565 3335 700 3392 nasii
729 3332 1130 3390 absolutionem
1175 3343 1554 3402 procurarunt,
1595 3331 2057 3401 comparationem
2090 3329 2169 3385 fa-

564 3429 716 3485 ciens
750 3426 983 3482 Hilarius
1027 3440 1150 3481 cum
1184 3425 1249 3479 iis
1274 3424 1364 3494 qui
1413 3423 1630 3478 Arelate
1673 3423 1726 3476 in
1767 3421 2010 3491 ejusdem
2039 3435 2169 3476 con-

566 3522 841 3592 spirarunt
871 3517 1294 3579 damnationem,
1327 3514 1402 3570 ait
1431 3533 1444 3567 :
1489 3512 1768 3586 Ignorasse
1804 3528 1892 3566 vos
1923 3512 2170 3585 negabitis

567 3614 870 3680 Athanasio,
899 3613 1048 3684 cujus
1089 3609 1468 3664 damnationem
1516 3623 1548 3660 a
1595 3607 1734 3661 vobis
1766 3603 1976 3672 Valens,
2009 3604 2170 3660 Ursa-

566 3709 696 3774 cius,
726 3705 1042 3764 Saturninus
1089 3703 1322 3774 exigunt,
1369 3700 1432 3754 ab
1475 3698 1621 3765 Osio,
1674 3697 1985 3763 Maximino,
2024 3696 2170 3752 Julia

569 3799 821 3854 redditam
846 3794 1294 3854 communionem?
1319 3793 1454 3848 Hinc
1481 3807 1600 3864 qua:
1630 3791 1744 3848 sive
1774 3790 2029 3855 Luciferi,
2058 3790 2168 3846 Eu-

569 3888 728 3955 sebii,
776 3888 1115 3958 aliorumque
1143 3883 1515 3940 confessoruin
1545 3882 1755 3948 exsilia,
1788 3881 1907 3938 sive
1934 3881 2171 3938 Vincen-

571 3983 630 4040 tii
658 3997 721 4038 ac
747 3978 1124 4037 Fortunatiani
1154 3977 1365 4048 lapsum
1385 3982 1656 4046 spectant,
1684 3984 1740 4030 et
1771 3973 1910 4029 inter
1936 3973 2052 4028 haec
2091 3972 2168 4027 in~

570 4084 713 4131 serta
745 4072 948 4129 Liberii
971 4072 1201 4143 primum
1229 4068 1439 4124 fortiter
1467 4066 1610 4122 dicta
1649 4074 1931 4138 gestaque,
1963 4081 2028 4121 ac
2054 4074 2172 4121 tan-
2241 4075 2245 4080 ‘

571 4167 692 4223 dem
739 4163 910 4234 turpis
955 4179 1076 4219 cum
1131 4162 1344 4217 Arianis
1391 4175 1711 4227 consensus,
1761 4156 1950 4213 haberi
1978 4157 2172 4214 merito

571 4267 797 4328 possunt
819 4253 968 4311 velut
1009 4254 1342 4310 Arelatensis
1380 4253 1575 4326 synodi
1604 4251 2044 4316 consecutioues,
2078 4258 2174 4305 aut

572 4357 720 4404 certe
746 4347 1118 4401 inchoationes
1148 4344 1528 4401 Ariminensis.
1556 4343 1719 4414 Cujus
1745 4351 1862 4397 acta
1892 4352 2015 4413 post
2059 4342 2173 4398 haec

575 4455 674 4496 suo
699 4439 889 4495 ordine
921 4438 1160 4504 veniunt,
1192 4447 1246 4492 et
1275 4453 1395 4508 quae
1424 4453 1545 4492 cum
1573 4437 1641 4492 ad
1685 4434 1815 4491 illud
1859 4434 2174 4492 rescinden-

573 4533 701 4590 dum
733 4531 893 4586 variis
923 4528 977 4584 in
1011 4529 1140 4585 locis
1160 4544 1190 4584 ιι
1212 4529 1494 4584 catholicis
1519 4539 1740 4591 statuta,
1763 4539 1873 4583 tum
1895 4528 1962 4584 ad
1995 4530 2172 4598 ipsum

577 4622 1018 4698 propugnandum
1061 4621 1129 4677 ab
1173 4619 1397 4677 Ursacio
1449 4631 1504 4676 et
1545 4621 1769 4677 Valente
1821 4630 2043 4678 tentata.
2090 4621 2171 4676 Ex

575 4734 683 4789 quo
713 4724 956 4788 apparet,
1005 4713 1269 4769 Hilarium
1315 4712 1419 4768 hoc
1461 4727 1569 4766 uno
1618 4712 1779 4779 libro“,
1808 4712 2066 4782 quidquid
2118 4712 2171 4768 in

574 4809 869 4865 Occidente
921 4806 1146 4862 hmresis
1191 4805 1390 4861 Ariana
1431 4805 1682 4876 gesserit,
1711 4803 2172 4875 comprehendere

573 4903 828 4959 voluisse.
954 4897 957 4899 ’

647 4994 762 5049 ΧΠ.
808 4991 973 5048 Plura
1000 4993 1223 5046 continet
1252 4999 1388 5058 acta,
1419 4990 1507 5045 sed
1533 5006 1646 5060 qua!
1673 4989 1741 5043 ad
1784 4990 1932 5044 unius
1982 4989 2173 5044 Arimi-

573 5091 746 5144 nensis
774 5088 958 5160 synodi
985 5087 1250 5142 historiam
1280 5089 1590 5158 referuntur.
1649 5084 1892 5156 Namque
1941 5100 2062 5140 cum
2118 5085 2172 5139 in

577 5183 660 5237 bis
689 5182 930 5254 partibus
959 5181 1079 5236 fidei
1123 5179 1440 5236 defensores
1469 5178 1774 5234 Arelatensi
1830 5178 2037 5250 synodo
2081 5194 2177 5237 ex-

575 5276 782 5348 pellere
821 5275 1078 5344 cmpisset
1101 5314 1114 5336 ,
1147 5287 1244 5328 eos
1285 5287 1390 5326 non
1421 5272 1542 5327 fidei
1573 5271 1668 5326 sed
1710 5271 1868 5326 unius
1893 5272 2175 5328 Athanasii

574 5368 746 5440 gratia
775 5367 827 5421 iu
856 5365 1105 5422 exsilium
1132 5363 1341 5434 ejectos
1368 5379 1491 5420 esse
1519 5366 1676 5435 vulgo
1700 5365 2004 5435 persuasit;
2036 5366 2175 5421 adeo

577 5474 634 5518 ut
677 5462 765 5516 hic
813 5476 970 5516 error
1019 5474 1186 5530 prope
1226 5459 1465 5512 omnium
1510 5459 1788 5530 occuparit
1835 5472 2064 5525 mentes,
2096 5467 2176 5515 tot

575 5552 890 5608 sacerdotes
909 5540 1130 5612 idcirco,
1163 5551 1377 5621 quodin
1408 5551 1556 5605 illum
1583 5553 1906 5607 sententiam
1937 5568 2042 5608 non
2068 5550 2172 5607 fer-

577 5653 720 5708 rent,
754 5643 1024 5709 exsulare,
1055 5657 1286 5712 eamque
1315 5658 1421 5698 non
1451 5649 1582 5700 satis
1603 5642 1820 5716 dignam
1849 5661 1971 5701 esse
1992 5660 2180 5702 susce-

579 5734 658 5803 pti
689 5732 865 5786 exsilii
891 5747 1130 5788 causam.
1156 5733 1412 5790 Errorem
1441 5734 1806 5793 illum’sanare
1832 5748 1984 5793 curat
2028 5737 2174 5794 Hila-

562 5825 690 5879 Tius
744 5820 938 5893 (Frag.
989 5840 1026 5889 I,
1073 5841 1127 5879 n.
1179 5824 1259 5895 4),
1304 5841 1426 5883 cum
1457 5828 1734 5885 mendacis
1779 5830 2002 5888 haeresis
2052 5848 2174 5902 pro.

2273 3337 2591 3393 Constantio
2611 3337 2784 3391 adhuc
2815 3337 2957 3402 vivo,
2983 3347 3038 3391 et
3057 3337 3125 3388 ab
3139 3335 3364 3392 Oriente
3390 3335 3628 3390 nondum
3658 3348 3858 3390 reverso

2272 3429 2476 3485 Hilario
2515 3430 2826 3484 inchoatum
2850 3444 2992 3494 esse,
3012 3443 3075 3484 ex
3101 3427 3467 3499 Fragmentor
3489 3428 3651 3498 longe
3673 3427 3854 3484 certius

2270 3521 2574 3577 conficitur.
2603 3520 2686 3577 Ad
2715 3520 2858 3590 quod
2911 3521 3056 3576 enim
3099 3519 3267 3589 aliud,
3317 3521 3419 3578 nisi
3462 3522 3530 3576 ad
3575 3515 3855 3577 Constantii

2275 3621 2509 3684 tempus,
2527 3611 2810 3669 commode
2834 3612 3086 3669 retuleris
3108 3613 3296 3669 isthtee
3316 3629 3466 3668 num.
3489 3616 3523 3668 4
3545 3613 3641 3668 :In
3659 3613 3858 3669 Romani

2271 3707 2474 3776 imperii
2521 3707 2736 3779 negotiis
2765 3707 2906 3775 quies
2949 3708 3201 3780 carpitur,
3234 3725 3325 3764 rea:
3353 3708 3588 3778 angitur,
3621 3708 3852 3779 palatium

2275 3806 2463 3873 fervet,
2491 3801 2716 3873 episcOpi
2753 3802 3180 3868 circumcut'sant,
3234 3812 3339 3858 etc.
3373 3800 3514 3870 Quid
3563 3816 3720 3872 porro
3761 3797 3852 3856 sibi

2275 3899 2408 3963 vult,
2454 3895 2596 3966 quod
2629 3895 2788 3965 paulo
2815 3905 2942 3951 ante
2967 3897 3265 3966 praemittit,
3303 3896 3450 3966 Opus
3477 3907 3614 3952 tento
3652 3911 3850 3969 grave...

2275 3991 2504 4044 locorum
2524 3990 2577 4043 iu
2607 3988 2792 4060 quibus
2812 4000 2955 4062 gesta
2979 4007 3060 4046 res
3086 4001 3180 4060 est,
3221 4006 3412 4063 nosque
3441 3993 3662 4064 agimus,
3698 3992 3856 4062 despe-

2275 4085 2476 4139 ratione
2502 4085 2869 4155 peregrinum?
2896 4084 3028 4154 Quis
3076 4085 3165 4142 ille
3194 4086 3366 4153 locus,
3403 4086 3456 4141 in
3483 4102 3593 4158 quo
3624 4084 3854 4144 Ursacius

2276 4192 2339 4234 ac
2366 4177 2566 4234 Valens
2595 4189 2653 4233 ut
2705 4178 2828 4234 fidei
2871 4179 3098 4250 perfidia
3152 4179 3510 4238 Ariminensis
3542 4180 3854 4253 praepolleret

2277 4267 2579 4335 effecerint,
2610 4270 2712 4324 nisi
2743 4270 2871 4326 urbs
2899 4271 3048 4342 regia
3083 4281 3138 4326 et
3175 4271 3521 4342 imperatoris
3550 4269 3852 4331 comitauts?

2275 4359 2406 4427 Qua:
2435 4360 2562 4416 item
2595 4360 2709 4416 loca
2737 4359 3045 4432 desperata,
3092 4363 3194 4417 nisi
3233 4361 3452 4432 Oriens,
3490 4365 3644 4437 cujus
3685 4364 3848 4420 decem

2275 4453 2505 4508 Asianos
2530 4452 2859 4524 provincias,
2917 4453 3100 4524 paucis
3155 4470 3277 4511 cum
3333 4455 3560 4512 Eleusin
3615 4455 3848 4524 exceptis,

2277 4558 2404 4600 vere
2428 4544 2592 4600 Deum
2623 4545 2834 4601 nescire
2854 4545 2965 4616 jam
2995 4547 3089 4602 Iib.
3135 4547 3203 4604 de
3241 4546 3450 4621 Synod.
3486 4566 3639 4606 num.
3669 4550 3850 4610 63.n-

2196 4647 2250 4708 D
2275 4633 2542 4690 divinius?
2566 4635 2856 4706 Propterea
2901 4639 3228 4710 peregrinum
3267 4650 3351 4696 est
3393 4657 3554 4713 opus.
3603 4643 3721 4715 quia
3747 4653 3846 4696 cum

2284 4724 2515 4782 Hilarius
2545 4723 3036 4796 Constantinopoli,
3062 4730 3112 4784 in
3141 4745 3246 4801 qua
3281 4743 3552 4802 versatur,
3581 4746 3735 4806 atque
3758 4731 3849 4788 cir-

2281 4817 2710 4887 cumjacentibus
2760 4821 3070 4891 regionibus
3110 4825 3375 4890 prolicere
3403 4839 3463 4880 se
3493 4840 3651 4896 posse
3684 4825 3848 4896 despe-

2280 4919 2385 4976 ret,
2417 4911 2485 4966 ad
2508 4911 2853 4967 Occidentem
2901 4914 3028 4970 illud
3069 4915 3306 4974 deSIinat
3348 4918 3492 4976 unde
3540 4921 3708 4978 abest.
3739 4919 3846 4976 Eam

2281 5004 2423 5057 enim
2455 5003 2601 5058 verbi
2631 5006 2955 5076 peregrinum
2977 5008 3084 5062 vim
3115 5023 3236 5064 esse
3262 5010 3431 5080 liquet
3464 5028 3530 5067 ex
3561 5013 3643 5080 his
3680 5012 3765 5068 lib.
3792 5009 3846 5064 de

2281 5093 2486 5165 Synod.
2525 5111 2671 5151 num.
2696 5096 2765 5152 65
2799 5115 2812 5150 :
2849 5097 2970 5153 Non
2999 5103 3271 5173 peregrina
3299 5101 3504 5173 loquor,
3548 5122 3704 5178 neque
3727 5104 3845 5176 igno-

2280 5200 2394 5244 rata
2422 5190 2625 5257 scribo;
2652 5191 2826 5246 audivi
2845 5209 2905 5247 ac
2933 5193 3037 5248 vidi
3072 5196 3194 5250 vitia
3217 5199 3547 5268 prasentium
3595 5215 3616 5254 :
3649 5214 3761 5255 cum
3784 5193 3843 5251 ibi

2280 5283 2549 5353 peregrina
2601 5284 2884 5341 manifeste
2936 5297 3280 5358 opponantur
3327 5292 3704 5362 praesentibus.
3751 5289 3843 5344 Hoc

2281 5377 2443 5446 igitur
2463 5375 2691 5434 adorsus
2714 5394 2856 5433 anno
2882 5379 3008 5446 560,
3040 5397 3162 5436 cum
3201 5381 3380 5439 adhuc
3406 5377 3840 5452 Constantinopoli

2278 5481 2610 5536 versaretur,
2642 5486 2705 5526 ac
2734 5474 3044 5545 priusquam
3083 5488 3272 5532 contra
3313 5477 3683 5536 Constantium
3729 5473 3839 5531 scri-

2279 5561 2467 5629 beret,
2525 5574 2714 5636 postea
2770 5568 2823 5622 in
2867 5567 2986 5625 dies
3033 5571 3273 5639 adauxit,
3329 5573 3408 5628 uti
3465 5573 3622 5632 fidem
3667 5571 3836 5629 faciunt

2277 5653 2573 5725 fragmenta
2605 5673 2663 5724 ιι,
2697 5674 2790 5726 xn,
2819 5669 2924 5716 etc.

2353 5747 2490 5804 XIV.
2532 5751 2686 5818 Quod
2739 5754 2792 5808 in
2834 5755 3043 5826 singula
3068 5755 3226 5812 docte
3266 5768 3322 5813 et
3360 5761 3584 5826 copiose
3619 5758 3834 5831 pra'fatus

2280 5851 2364 5898 est
2391 5839 2640 5902 Nicolaus
2673 5845 2866 5916 Faber,
2901 5863 3008 5905 non
3035 5849 3478 5920 supprimendum
3505 5853 3755 5917 duximus,
3777 5859 3832 5904 no
