3936 6196
95 272 211 330 625

1546 265 1930 326 PREFATIO.

3306 267 3412 322 696

98 388 311 459 periret
337 385 551 441 laudata
584 399 612 438 a
644 385 826 440 multis
869 384 1201 450 lucubratio;
1227 383 1320 439 sed
1347 396 1414 438 ne
1437 379 1711 437 Hilariana
1740 386 1794 448 Α
1817 383 1884 440 ab
1909 381 2100 440 eodem
2133 381 2344 454 vulgata
2371 393 2520 450 sunt,
2569 383 2726 455 hujus
2767 383 2998 441 indicem
3053 382 3406 446 subteximus.

97 480 310 550 scripta
347 479 595 551 longiore
623 494 651 533 a
681 495 740 534 se
769 479 1053 534 intervallo
1082 485 1376 547 separaret,
1410 484 1616 532 tantum
1654 477 1706 532 in
1815 492 1978 551 quem
2005 492 2129 535 cum
2172 492 2316 535 novo
2345 477 2595 536 conferre
2643 493 2753 534 uno
2797 478 2994 535 intuitu
3030 476 3262 550 quisque
3316 492 3410 532 va-

99 571 418 642 Appendiee
445 571 841 642 reponendum.
876 571 952 626 Ita
973 571 1135 626 etiam
1162 585 1228 624 ne
1246 569 1494 634 cuiquam
1523 579 1711 640 pereat
1816 572 1944 629 Ieat.

99 664 355 736 antiquus
379 663 540 730 ordo,
568 679 674 736 quo
701 663 907 735 singula
951 662 1110 735 hujus
1157 661 1339 733 operis
1377 661 1709 719 monimenta

683 853 3361 883 MM

97 1033 456 1114 61”“
496 1044 1994 1182 FRAGMENTORUM
2060 1041 2644 1172 VETUS
2711 1040 3224 1173 ORDO

961 1333 1224 1420 CUM
1296 1331 1632 1419 ΝΟνο
1709 1326 2539 1416 COMPARATUS.

1494 1561 1972 1621 m

379 1739 572 1798 ORDO
601 1737 852 1797 VETUS.
1443 1728 1692 1789 NOVUS.
2165 1727 2358 1786 ORDO
2394 1727 2647 1785 VETUS.
3164 1729 3302 1787 NOV
3313 1729 3397 1790 US

316 1871 478 1913 uasa
515 1869 698 1911 sauc'n
729 1867 953 1909 IllLAIIlI.
1425 1844 1694 1902 mm.
1881 1838 2010 1896 Item
2037 1840 2278 1912 ejusdem
2311 1841 2380 1898 de
2406 1841 2621 1910 exsilio,
2637 1840 2886 1909 Ursacio,
2905 1841 3014 1898 Va-

95 1969 429 2027 Pictaveusis
454 1967 748 2041 provincia:
779 1963 1106 2036 Aquitaniae,
1137 1969 1245 2019 etc.

161 2063 368 2120 Sancto
393 2060 620 2132 Spiritu,
657 2067 763 2114 etc.

1810 1935 1942 1990 lenti
1981 1942 2036 1989 et
2070 1933 2370 1991 Germinio.

1882 2027 2014 2084 Item
2037 2028 2263 2098 epistola
2281 2027 2482 2085 Liberii
2504 2027 2572 2086 de
2592 2029 2784 2086 exsilio
2807 2030 2875 2087 ad
2891 2031 3023 2088 Vin-

164 2155 407 2229 Epistola
439 2123 642 2227 synodi
689 2149 1030 2208 Sardieensis
1065 2149 1133 2204 ad
1181 2147 1305 2204 uni-
1381 2145 1589 2203 FRAGM.
1631 2143 1698 2200 Il.
1733 2142 1781 2203 B
1811 2123 2069 2229 θθξίίξπξλ

94 2262 276 2304 versas
298 2245 599 2302 Ecclesias.

165 2338 409 2411 Epistola
440 2336 579 2394 facta
608 2335 675 2392 ad
701 2335 903 2392 Julium
933 2334 1085 2390 urbis
1126 2332 1311 2389 Romae

97 2433 436 2504 episcopum,
463 2429 608 2486 Julio
630 2431 890 2500 episcopo
931 2443 962 2484 a
993 2427 1201 2500 synodo
1221 2425 1306 2482 di-

98 2536 438 2667 re(Iéat‘ﬁstola,
478 2608 638 2666 quam
682 2601 802 2665 post
854 2591 1308 2649 renuntiationem

101 2689 494 2754 Orientalium,
566 2685 922 2742 Athanasium
985 2698 1138 2740 reum
1201 2697 1309 2738 non

100 2795 232 2847 esse,
258 2781 318 2836 in
358 2779 492 2834 urbe
531 2776 704 2833 Roma
758 2775 1094 2846 hulographa
1139 2790 1303 2829 manu

103 2871 296 2929 Valens
326 2869 667 2944 perscripsit,
685 2876 741 2924 et
760 2867 1018 2924 Ursacius
1034 2867 1312 2937 subscrip-

103 2966 185 3022 sit.

166 3055 300 3113 Item
319 3058 633 3127 exemplum
654 3057 876 3114 alterius
905 3055 1150 3126 epistolae
1200 3053 1308 3109 Va-

104 3148 253 3207 lentis
300 3161 356 3207 et
401 3149 637 3217 Ursacii,
680 3165 843 3223 quam
895 3159 1016 3222 post
1060 3148 1306 3219 aliquau-

108 3250 206 3295 tum
233 3242 508 3313 temporis
535 3243 606 3298 ab
630 3240 904 3313 Aquileia,
937 3247 1126 3310 postea
1154 3252 1316 3309 quam

108 3335 234 3390 Itane
273 3336 618 3402 superiorem
672 3335 862 3391 Romae
905 3335 1189 3398 miserant,
1239 3331 1308 3387 ad

107 3425 458 3482 Athanasium
485 3428 755 3483 miserunt
788 3425 1130 3498 episcopum.

171 3520 332 3578 Fides
355 3520 519 3592 apud
541 3519 776 3577 Nicaeam
806 3521 1110 3590 conscripta
1142 3533 1171 3573 a
1203 3517 1309 3574 518

108 3613 372 3685 episcopis
399 3622 589 3670 contra
618 3628 810 3670 omnes
833 3613 1092 3669 haereses.

174 3726 414 3797 Epistula
435 3725 636 3782 Liberii
663 3726 901 3797 episc0pi
949 3724 1098 3780 urbis
1130 3724 1316 3780 Romae
1355 3722 1565 3781 FRAGM.
1609 3722 1701 3779 IV.

112 3816 171 3872 ad
196 3818 502 3875 Orientales
528 3818 837 3889 episcopos.

170 3909 296 3966 Item
346 3911 578 3982 epistola
618 3909 813 3966 Liberii
863 3909 1099 3980 episcopi
1153 3909 1300 3965 urbis
1363 3909 1568 3966 ΡιιΑωι.
1613 3907 1708 3966 XII

110 3999 284 4080 Roma:
328 4002 399 4058 ad
454 4003 754 4058 catholicos
791 4001 959 4057 Italia:
1001 3999 1302 4071 CpiSCOpOS.

171 4093 408 4164 Epistula
437 4094 814 4165 episcoporum
851 4093 1014 4149 Italiae
1057 4092 1124 4148 ad
1176 4091 1288 4163 epi-

111 4203 294 4260 scopos
319 4190 589 4262 Illyricos.

175 4283 414 4354 Epistula
449 4282 686 4339 Valentis
724 4295 778 4338 ct
827 4283 1037 4340 Ursacii
1087 4293 1140 4340 et
1169 4285 1295 4338 alio-
1334 4280 1705 4339 FBAGILXIV.

119 4392 220 4431 rum
249 4379 315 4432 ad
351 4377 715 4432 Germinium.

177 4470 520 4539 Rescriptum
575 4467 838 4524 Germinii
882 4468 949 4522 ad
1001 4468 1308 4535 Ruﬁanum,
1354 4466 1560 4525 Fumat.
1587 4467 1704 4524 XV.

117 4559 399 4617 Palladium
433 4573 488 4615 et
522 4571 772 4616 caeteros.

176 4655 530 4730 διε-616
561 4655 795 4725 Epistula
829 4655 1026 4710 Liberii
1050 4655 1309 4725 rescripta
1350 4653 1556 4710 Fuaou.
1621 4652 1706 4708 VI.

117 4748 174 4802 ad
212 4750 528 4812 Eusebium,
563 4749 876 4819 Dionysium
911 4757 967 4804 et
1001 4747 1308 4803 Luciferum

117 4841 473 4904 Conlessores,
507 4851 633 4896 ante
660 4841 898 4910 quamad
917 4842 1164 4896 exsilium
1185 4842 1307 4897 iret.

184 4933 305 4990 Itetn
345 4934 590 5006 ejusdem
614 4933 680 4990 ad
703 4933 978 4989 Caecilium
1009 4935 1320 5006 episcopum

120 5023 466 5094 Spoletinum.

183 5118 457 5185 Quomodo
495 5117 744 5173 Liberius
793 5119 908 5174 haec
953 5121 1135 5175 omnia
1189 5134 1312 5190 quae

121 5223 344 5278 gesserat
371 5214 458 5269 vel
483 5214 826 5285 promiserat,
861 5215 1058 5271 missus
1089 5215 1142 5270 in
1166 5215 1307 5272 exsi~

125 5301 240 5362 lium
267 5308 514 5364 universa
548 5308 601 5364 iu
636 5308 851 5365 irritum
889 5309 1132 5366 deduxit.

1879 2212 2118 2285 Epistula
2178 2216 2538 2273 Orientalium
2594 2219 2971 2290 episcoporum
3006 2261 3024 2289 ,
3092 2218 3300 2280 Fnaeu.
3341 2222 3411 2278 Χ.

1805 2321 1966 2378 quam
1991 2310 2221 2366 reversis
2261 2309 2330 2365 ab
2359 2309 2605 2366 Arimino
2634 2311 2825 2381 legatis
2852 2311 3017 2369 dede-

1807 2413 1956 2460 τιιηι.

1812 2545 2074 2601 Hactenus
2103 2543 2422 2618 Fragmenta
2441 2560 2558 2614 quat
2585 2545 2640 2598 in
2663 2545 2808 2615 prius
2835 2544 3055 2616 vulgatis
3081 2545 3303 2616 primunt
3328 2545 3410 2600 lo-

1879 2656 2018 2709 cum,
2047 2649 2093 2693 et
2120 2640 2173 2694 in
2198 2655 2322 2694 mss.
2373 2638 2710 2710 posteriorem
2759 2637 2985 2693 obtinent
3017 2654 3036 2692 :
3065 2638 3302 2712 deinceps
3331 2656 3412 2694 se-

1877 2740 2123 2802 quuntur,
2173 2745 2286 2802 qua:
2334 2730 2683 2802 superioribus
2728 2728 2958 2784 subnexa
2999 2739 3116 2784 sunt
3166 2730 3221 2784 in
3267 2730 3412 2802 prius

1878 2823 2118 2896 vulgatis,
2144 2823 2374 2895 quamvis
2399 2838 2458 2876 ea
2483 2819 2774 2892 prmedant
2799 2820 2851 2875 in
2873 2837 2994 2876 mss.

1881 2977 2040 3034 Fides
2068 2976 2333 3034 catholica
2362 2976 2608 3047 exposita
2640 2976 2782 3048 apud
2826 2975 3016 3032 Phari—
3065 2977 3270 3036 FRAGII.
3313 2978 3406 3036 XI.

1808 3086 1956 3128 seam
1982 3072 2258 3128 civitatem
2307 3071 2374 3127 ab
2412 3070 2681 3143 episcopis
2718 3069 3011 3128 Gallicanis

1807 3163 1875 3221 ad
1904 3165 2207 3241 Orientales
2235 3164 2543 3234 episcopos.

1878 3261 2115 3332 Epistola
2148 3260 2364 3317 Eusebii
2395 3260 2463 3314 ad
2505 3258 2826 3330 Gregorium
2871 3257 3010 3330 Spa-

1810 3370 2056 3412 nensem.

1882 3451 2123 3524 Epistola
2166 3449 2428 3508 Germinii
2467 3447 2708 3522 episcOpi
2757 3447 3018 3504 adversus
3055 3445 3403 3504 Fnaeu.XlI.

1732 3530 1778 3594 Ο
1810 3546 2063 3601 Arianos.

1881 3639 2168 3695 Decretum
2205 3635 2559 3692 Orientalium
2603 3633 3011 3704 episcoporum,
3051 3629 3259 3688 FBAGI.
3317 3627 3406 3684 III.

1809 3731 1951 3804 quod
1983 3731 2247 3786 miserunt
2272 3728 2340 3784 ad
2369 3729 2624 3783 Africam.

1883 3825 2120 3896 Epistola
2147 3821 2504 3879 Ariminensis
2526 3818 2749 3876 Concilii
2776 3816 2844 3876 ad
2871 3815 3014 3872 Con-
3047 3815 3257 3873 FBAGH.
3275 3813 3410 3870 VIII.

1811 3919 2066 3974 stantium
2117 3918 2521 3988 imperatorem,
2556 3912 2645 3970 ubi
2678 3911 3014 3984 praevaricati

1811 4023 1939 4068 sunt
1966 4026 1995 4066 a
2019 4010 2126 4067 Iide
2153 4025 2303 4066 vera.

1882 4103 2045 4160 Gesta
2074 4101 2164 4158 ubi
2189 4099 2523 4173 praevaricati
2563 4107 2688 4153 sunt
2718 4095 2877 4168 legati
2907 4095 3015 4164 epi-

1810 4197 1960 4268 scopi
1999 4211 2029 4250 a
2060 4195 2164 4251 ﬁde
2187 4209 2336 4250 vera.

1885 4289 2127 4361 Epistola
2155 4288 2319 4344 missa
2341 4287 2409 4341 ad
2430 4281 2801 4340 Constantium
2833 4277 3006 4352 lmpe—
3057 4277 3267 4334 Fascu.
3315 4278 3408 4334 IX.

1813 4390 2048 4438 ratorem
2079 4396 2108 4435 a
2141 4380 2363 4452 perﬁdis
2387 4377 2678 4448 episcOpis.

1884 4474 2126 4546 Epistula
2180 4472 2246 4528 ad
2301 4473 2677 4529 Constantium
2737 4472 3030 4541 imperato-
3081 4467 3292 4524 Γιυιοκ.
3347 4465 3413 4521 V'.

1812 4581 1925 4621 rem
1977 4580 2005 4618 a
2048 4563 2263 4620 Liberio
2303 4564 2558 4633 episeopo
2604 4561 2755 4616 urbis
2799 4561 3022 4626 Rontw,

1815 4660 1976 4714 missa
2012 4674 2104 4729 per
2131 4657 2438 4714 Luciferum
2463 4657 2798 4727 episcoltum.

1889 4752 2126 4822 Epistula
2181 4751 2486 4806 Constantii
2557 4745 2896 4816 imperatoris
2949 4741 3015 4796 ad
3058 4741 3260 4796 FRAGI.
3293 4736 3404 4793 VII.

1815 4847 2096 4915 θρῑεοοιιοε
2122 4843 2306 4907 Italiae,
2335 4843 2424 4914 qui
2456 4840 2782 4896 Arimiueusi
2813 4848 3020 4909 synooo

1744 4926 1792 4985 ι)
1817 4938 2205 4985 convenerant.

1889 5021 2141 5077 Deﬁnitio
2185 5021 2369 5075 habita
2411 5017 2480 5072 ab
2521 5017 2772 5072 omnibus
2797 5013 3024 5071 catholi-

1815 5117 1895 5173 cis
1920 5117 2207 5186 episcopis,
2252 5116 2561 5186 priusquam
2607 5126 2706 5182 per
2746 5120 3018 5166 terrenam

1819 5217 2137 5281 potestatem
2168 5207 2342 5263 territi
2372 5205 2749 5261 haereticorum
2791 5216 3020 5259 censore

1819 5305 1894 5360 tio
1911 5302 2246 5359 sociarentur
2275 5300 2330 5358 in
2351 5298 2597 5358 Concilio
2627 5297 2978 5355 Ariminensi.
