3958 6194
549 223 653 282 6‘27

1765 211 2008 274 SANCTI
2048 211 2307 284 HILAR“
2345 211 2652 278 EPlSCOPl

3749 217 3844 278 628

573 347 3828 376 Mm

1231 417 1591 500 617-618

1633 478 2727 602 FRAGMENTA

807 703 1077 856 EX
1215 696 1841 848 LIBRO
1977 693 2699 844 SANCTI
2827 705 3608 852 HILARII

1071 935 1837 1022 PICTAVENSIS
1895 932 2579 1018 PROVINCLE
2630 937 3346 1060 ΑρῘΠΤΑΝΙβΕ2

545 1118 614 1177 ΙΝ
667 1120 810 1190 QUO
872 1120 1053 1176 SUNT
1092 1119 1328 1186 OMNIA,
1369 1118 1536 1187 ρυλε
1601 1115 2017 1174 OSTENDUNT
2081 1115 2219 1171 VEL
2257 1115 2626 1184 QUOMODO,
2669 1119 3071 1186 QUIBUSNAM
3111 1124 3395 1194 CAUSIS,
3453 1129 3703 1198 QUlBUS
3759 1132 3842 1187 IN-

771 1212 1158 1269 STANTIBUS
1199 1212 1328 1268 SUB
1368 1209 1817 1267 IMPERATORE
1856 1207 2290 1265 CONSTANTIU
2330 1209 2610 1266 FACTUM
2651 1213 2775 1268 EST
2815 1215 3236 1275 ARIMINENSE
3275 1220 3649 1281 (JONCILIUM

941 1304 1218 1360 CONTRA
1260 1303 1687 1360 FURMELLAM
1727 1300 1982 1362 NICENI
2008 1300 2444 1368 TRACTATUS
2470 1346 2486 1372 ,
2527 1304 2670 1372 QUA
2717 1307 3085 1376 UNWERSE
3125 1312 3471 1373 HERESES

1739 1395 1817 1466 (α)
1858 1392 2390 1452 (ΖΟΜΡΒΕΗΕΝΞΕ
2433 1395 2688 1454 ERANT.

823 1537 1308 1596 FRAGMENTUM
1345 1537 1367 1593 ι
1405 1537 1607 1608 (Aliost
1637 1533 1842 1606 partis).

623 1637 672 1690 l.
704 1634 873 1700 Fidei,
903 1635 1012 1702 spei
1038 1642 1084 1686 et
1103 1631 1369 1686 cltaritatis
1389 1629 1704 1701 prtestantia.
1727 1658 1796 1668 —
1815 1628 2014 1684 Sancto
2038 1627 2158 1699 Spi-

551 1728 659 1784 ritu
686 1728 877 1798 plenus
906 1725 1103 1780 Paulus
1133 1723 1414 1792 apostolus
1442 1721 1510 1775 ad
1541 1721 1856 1776 Corinthios
1889 1721 1957 1774 ita
1983 1721 2158 1790 loqui-

549 1832 636 1876 tur
659 1839 670 1875 :
693 1819 866 1874 Manet
892 1829 1059 1873 autem
1081 1818 1229 1886 fides,
1253 1833 1390 1888 spes,
1417 1815 1642 1871 obaritas
1671 1813 1715 1885 (l
1736 1811 1858 1869 Cor.
1891 1828 2008 1880 xttt,
2040 1811 2152 1884 15).

549 1913 798 1984 Magnum
820 1912 1262 1968 consummandm
1277 1913 1521 1966 veritatis
1542 1919 1946 1970 sacramentum
1969 1913 2042 1970 ita
2064 1912 2162 1972 tri-

549 2007 676 2078 plici
700 2006 777 2077 (b)
802 2006 1022 2062 humani
1059 2021 1255 2070 sensus
1293 2004 1584 2072 aﬂceliqne
1611 2005 1990 2075 complectitur
2021 2023 2035 2060 :
2065 2020 2156 2068 re-

551 2100 822 2170 liquarum
853 2109 1033 2154 autem
1065 2113 1245 2153 rerum
1270 2098 1383 2152 sive
1412 2097 1591 2152 officia
1620 2099 1734 2152 sive
1761 2098 1928 2165 dona,
1955 2099 2010 2154 in
2039 2098 2158 2168 qui-

555 2191 659 2252 bus
707 2206 852 2256 nune
890 2205 988 2260 pro
1029 2198 1182 2260 parte
1208 2204 1528 2257 versamur,
1576 2189 1840 2252 abolenda
1889 2190 2161 2259 significat

557 2283 724 2355 (Ibid.
756 2286 788 2339 8
819 2296 864 2338 et
913 2271 1076 2352 seqq.)
1097 2325 1114 2349 ,
1145 2298 1270 2342 cum
1295 2282 1534 2346 adventu
1566 2283 1777 2342 Domini
1819 2281 1988 2346 nostri
2029 2283 2162 2338 Jcsu

558 2375 761 2430 Christi
798 2376 1038 2430 caelestis
1077 2375 1296 2429 concilii
1350 2374 1611 2444 perfectio
1652 2373 1982 2428 inveniatur.
2029 2373 2164 2430 Cors

556 2472 811 2542 ruptione
854 2470 998 2525 enim
1032 2477 1215 2523 nostra
1263 2468 1316 2522 in
1359 2466 1685 2522 aeternitatis
1716 2466 1946 2535 gloriam
1981 2473 2162 2520 trans-

549 2564 780 2620 formata
806 2605 820 2628 ,
859 2561 984 2629 hoc,
1035 2560 1182 2630 quod
1204 2575 1346 2615 nunc
1375 2557 1578 2630 aliquid
1605 2573 1729 2614 esse
1755 2558 2019 2622 creditur,
2051 2571 2158 2610 non

550 2657 685 2722 erit;
721 2655 936 2727 quando
973 2655 1132 2710 tribui
1167 2653 1427 2724 cmperit,
1471 2653 1614 2718 quod
1646 2667 1767 2707 cum
1796 2661 1910 2714 est,
1944 2665 2161 2718 semper

554 2758 820 2805 aeternum
853 2760 956 2804 εει.
992 2747 1190 2803 Verum
1216 2745 1362 2809 lldei,
1394 2747 1534 2815 spei,
1563 2745 1846 2800 charitatis
1865 2743 1970 2798 hoc
1998 2742 2164 2797 meri-

552 2853 666 2898 tum
692 2853 794 2910 est,
825 2853 882 2898 ut
909 2843 1101 2898 mortis
1125 2841 1307 2897 debito
1330 2837 1652 2911 corporibus
1679 2837 1982 2903 dissolutis,
2013 2852 2161 2892 sem-

2191 1537 2248 1604 Δ,

2341 1535 2398 1604 2.
2453 1535 2608 1592 Fidei
2659 1540 2916 1596 meritum.
2957 1541 3084 1615 Spei
3113 1554 3321 1601 natura.
3372 1545 3656 1605 Charitatis
3700 1552 3844 1619 σπεε-

2263 1638 2367 1684 tus.
2407 1659 2478 1670 -—
2520 1632 2684 1702 Igitur
2734 1635 2876 1691 Deus
2919 1637 3146 1705 iustitia:
3200 1641 3432 1709 pravius
3481 1643 3553 1712 (ε)
3609 1661 3847 1702 numera-

2266 1731 2388 1786 tur,
2457 1724 2702 1780 creditus
2761 1726 2831 1781 ab
2889 1729 3172 1798 ignorante
3221 1731 3366 1802 quod
3427 1733 3572 1790 Dens
3617 1737 3706 1791 sit.
3762 1741 3845 1792 At-

2263 1827 2373 1884 que
2397 1814 2468 1876 ob
2511 1815 2561 1876 id
2593 1817 2866 1874 Abraham
2911 1820 3045 1876 fides
3088 1823 3260 1893 prima
3295 1825 3560 1896 justillcat
3585 1827 3767 1900 (lli-0r.
3800 1847 3844 1895 ιι,

2265 1905 2296 1960 6
2333 1916 2380 1961 et
2421 1907 2572 1964 Rom.
2605 1927 2695 1977 tv,
2742 1912 2826 1985 9),
2878 1925 2930 1969 et
2974 1912 3296 1982 Chanantea:
3337 1919 3504 1984 filiam
3545 1922 3759 1982 silentio
3791 1927 3846 1995 ll)

2265 1999 2550 2056 Dominum
2591 2007 2848 2062 tentautis
2889 2009 3078 2063 matris
3125 2010 3259 2068 lides
3287 2011 3461 2082 salvat
3505 2014 3718 2080 (Matth.
3767 2034 3842 2082 xv,

2262 2092 2359 2162 9.8)
2385 2134 2400 2160 ,
2445 2104 2498 2149 et
2528 2095 2878 2154 credentibus
2921 2100 2976 2158 in
3009 2102 3226 2162 nomine
3273 2103 3390 2173 ejus
3421 2114 3660 2176 potestas
3693 2108 3771 2181 (g)
3807 2111 3842 2162 in

2260 2183 2468 2240 Joanne
2499 2187 2770 2254 tribuitur,
2816 2199 2873 2244 ut
2901 2207 2966 2247 ex
3001 2192 3112 2248 Deo
3151 2195 3261 2250 nati
3303 2197 3409 2252 sint
3442 2198 3625 2267 (Joan.
3659 2215 3703 2266 ι,
3743 2201 3836 2269 li).

2263 2277 2514 2348 Magnum
2557 2288 2644 2336 est
2679 2280 2804 2338 ﬁdei
2837 2285 3092 2342 meritum
3115 2329 3130 2354 ,
3169 2299 3222 2344 et
3256 2288 3492 2358 perfecta
3516 2293 3843 2352 credentibus

2266 2369 2378 2425 Deo
2415 2371 2723 2438 beatitudo,
2758 2389 2850 2443 per
2873 2392 3032 2446 quam
3066 2379 3267 2448 genitis
3298 2381 3348 2436 in
3382 2397 3614 2466 corpore
3635 2425 3652 2452 ,
3683 2385 3732 2440 in
3761 2386 3842 2446 iui-

2263 2463 2490 2531 quilate,
2523 2464 2575 2517 in
2605 2465 2958 2534 azgritudiue,
2999 2477 3054 2523 et
3076 2469 3282 2541 justilia
3307 2483 3360 2528 et
3397 2463 3603 2530 sanitas
3631 2485 3685 2530 et
3710 2488 3840 2544 ortus

2263 2567 2328 2608 ex
2359 2554 2469 2609 Deo
2509 2563 2612 2610 est.
2645 2555 2782 2627 Spes
2823 2573 2952 2622 vero
2990 2561 3362 2632 alumnitatem
3411 2566 3538 2620 vitas
3577 2569 3840 2628 mundialis

2262 2655 2317 2701 et
2344 2647 2483 2701 bona
2515 2649 2724 2716 saeculi,
2752 2649 3088 2720 quiescentis
3115 2653 3178 2726 (ί.
3205 2655 3521 2730 quiescens)
3548 2659 3600 2714 in
3631 2658 3714 2716 his
3738 2677 3842 2730 quin

2263 2753 2290 2792 a
2339 2739 2451 2794 Deo
2515 2741 2774 2810 disposita
2826 2744 3086 2814 conlidit,
3135 2762 3464 2819 exsuperat,
3515 2755 3840 2822 praesentium

2261 2830 2462 2887 damno
2494 2832 2796 2890 futurorum
2839 2838 2990 2898 lucra
3027 2843 3287 2904 meritura
3328 2860 3346 2896 ι
3391 2859 3556 2913 quam
3602 2845 3838 2912 Dominus

552 2951 648 3005 per
680 2946 930 2998 maneant
953 2977 968 3000 ,
1004 2949 1106 2990 nec
1141 2949 1393 3006 umquam
1423 2932 1703 2998 desinant;
1746 2941 1802 2986 et
1827 2947 1948 2988 cum
1974 2931 2156 2986 omnia
2184 2921 2234 2982 B
2262 2924 2355 2979 tali
2391 2927 2610 2994 pra-mlo
2641 2939 2974 2995 muneratur,
2998 2930 3198 2996 Omnis,
3227 2935 3315 2998 qui
3332 2935 3590 3006 reliquerit
3619 2938 3828 3002 domum,

553 3029 604 3082 in
655 3030 873 3084 lminiue
908 3045 1004 3092 pro
1049 3038 1200 3106 parte
1225 3029 1356 3094 sint,
1399 3028 1512 3082 hate
1544 3037 1720 3082 tamen
1777 3025 1891 3082 sola
1921 3024 2160 3096 perlecta

551 3123 680 3178 sint.
739 3122 870 3177 Nam
926 3123 1040 3177 sive
1093 3121 1394 3191 prOphetire
1448 3119 1844 3184 abolebantur,
1897 3120 2011 3182 sive
2058 3116 2160 3178 lip-

555 3229 674 3283 guaa
725 3214 1053 3276 cessabunt,
1106 3214 1221 3267 sive
1267 3212 1492 3266 scientia
1535 3211 1876 3275 deSIruetur,
1928 3208 2026 3272 tria
2075 3209 2162 3268 illa

554 3307 835 3376 superiora
910 3307 1294 3375 perfectionem
1361 3303 1750 3359 immutabilem
1819 3318 2160 3378 consequun-

555 3408 642 3453 tur
695 3417 707 3451 :
758 3408 810 3452 et
880 3397 1010 3458 nihil
1074 3408 1166 3456 aut
1221 3399 1563 3450 extrinsecus
1620 3395 2004 3455 mutabuntur,
2069 3401 2161 3452 aut

551 3494 689 3546 ultra
731 3507 890 3562 quam
935 3489 1004 3560 (c)
1057 3488 1343 3553 obtinent,
1390 3489 1613 3542 uberius
1667 3486 1967 3553 acquirunt.
2025 3484 2156 3538 Cum

549 3585 694 3640 enim
734 3643 737 3645 _
777 3584 1090 3654 prophetias
1155 3591 1210 3636 et
1269 3582 1481 3652 linguas
1569 3589 1624 3634 et
1673 3579 1955 3634 scientiam
2011 3577 2156 3632 veri-

553 3686 636 3729 tas
691 3675 934 3729 absoluta
987 3673 1239 3741 depellit;
1305 3670 1465 3726 fidem
1499 3712 1514 3736 ,
1572 3686 1723 3739 spem
1764 3711 1778 3733 ,
1839 3669 2157 3723 charitatcm

556 3768 906 3837 capessenda:
943 3765 1267 3828 teter-uitatis
1305 3763 1557 3819 traduces
1597 3772 1652 3818 et
1699 3772 1964 3836 patronos
2006 3761 2164 3815 sicuti

555 3859 672 3925 ipsa
717 3868 876 3911 erunt
926 3858 1208 3912 aeternitas
1257 3856 1651 3926 apprehendet.
1715 3853 1781 3908 Et
1824 3851 2158 3924 slngularum

554 3950 776 4020 quidem
801 3965 982 4004 rerum
1010 3949 1153 4004 idem
1181 3948 1369 4003 beatus
1387 3947 1682 4019 Apostolus
1707 3946 1902 4028 metila
1927 3947 2155 4020 (supple,

557 4043 770 4096 ratione
798 4051 886 4095 aut
915 4040 1039 4111 quid
1065 4038 1254 4110 simile)
1279 4039 1460 4112 exigui
1484 4037 1707 4094 honoris
1744 4037 1826 4098 sui
1865 4036 2111 4092 distinxit
2141 4054 2154 4091 :

553 4133 855 4202 utintelligi
884 4141 1188 4204 promptum
1208 4141 1372 4202 esset,
1399 4133 1614 4189 caneris
1645 4131 1724 4206 (ά)
1755 4130 1995 4210 profectu
2026 4147 2160 4201 aug-

554 4227 720 4288 menti
771 4227 1012 4290 cmlestis
1057 4227 1374 4293 abolendis,
1423 4241 1528 4282 non
1569 4226 1766 4298 exiguo
1811 4225 2036 4286 honoris
2075 4223 2155 4280 sui

550 4317 749 4386 fructu,
778 4318 880 4372 tria
910 4317 1026 4373 haec
1047 4319 1162 4374 sola
1189 4334 1315 4375 esse
1344 4334 1464 4390 quae
1493 4328 1741 4374 maneant
1770 4317 2010 4390 quidem.

631 4457 714 4528 (τι)
755 4456 1159 4529 meerendum
1201 4473 1357 4522 esse,
1392 4475 1698 4529 compressa:
1721 4469 1896 4525 erant,

552 4545 712 4586 cuum
745 4538 921 4584 estex
972 4530 1055 4584 his
1097 4528 1310 4600 Fragm.
1361 4545 1396 4583 ιι
1423 4571 1437 4592 ,
1483 4528 1536 4584 n.
1568 4531 1635 4584 27
1663 4549 1676 4584 :
1706 4529 1888 4598 Itaque
1928 4531 2150 4597 compri-

559 4600 732 4654 mendi
760 4601 883 4654 ntali
922 4601 1070 4655 istius
1095 4617 1252 4654 causa
1272 4642 1285 4661 .
1333 4603 1543 4654 trecenti
1573 4601 1649 4654 vel
1677 4617 1735 4656 eo
1763 4601 1988 4668 amplius
2017 4602 2150 4665 epis-

553 4673 671 4739 c0pi
701 4672 843 4736 apud
877 4671 1108 4725 Nicazam
1137 4681 1529 4742 congregantur.
1565 4670 1632 4725 Et
1665 4673 1822 4742 paulo
1867 4679 1988 4739 post
2017 4671 2150 4725 ﬁdes

551 4743 692 4810 apud
721 4742 950 4798 Nicmam
984 4740 1288 4809 conscripta
1317 4740 1493 4795 contra
1514 4758 1688 4794 omnes
1719 4740 1935 4794 hereses
1961 4742 2149 4796 inscri-

550 4813 720 4868 bitur.
757 4814 992 4869 '|‘itulum
1019 4815 1160 4868 hunc
1185 4827 1216 4867 e
1247 4829 1380 4868 mss.
1426 4822 1596 4868 Ictum
1627 4813 2014 4880 expressimus,
2046 4813 2148 4868 nisi

551 4884 695 4954 quod
728 4885 910 4954 initio,
943 4885 1029 4938 ubi
1059 4885 1110 4938 in
1139 4883 1244 4938 illis
1274 4883 1500 4940 habetur
1527 4883 1718 4953 Incipit
1758 4883 1908 4948 liber,
1951 4883 2150 4938 substi-

555 4953 756 5011 ttlllntts
787 4953 1100 5026 Fragmenta
1131 4971 1192 5009 ea:
1219 4955 1371 5010 libro.
1423 4957 1428 4967 ”

624 5027 700 5096 (b)
743 5023 1034 5092 Exemplar
1063 5040 1163 5079 ms.
1186 5067 1199 5088 ,
1243 5027 1435 5094 triplici
1472 5025 1685 5080 humani
1713 5041 1888 5096 sensus
1914 5023 2148 5091 affectio-

551 5095 669 5169 rtetn
699 5113 717 5151 :
748 5112 811 5152 ex
855 5113 964 5167 quo
993 5096 1226 5169 confecit
1257 5096 1432 5154 Faber
1453 5140 1468 5162 ,
1509 5097 1765 5169 triplicem
1802 5095 2144 5166 aﬂ‘ectionent.

551 5167 817 5222 Mulumus
867 5169 1104 5226 retinere
1141 5167 1426 5230 lectionem
1475 5167 1589 5226 ms.’
1611 5169 1816 5226 sublata
1877 5177 2147 5239 postrema

549 5239 804 5310 litteram
829 5281 843 5304 ,
871 5254 992 5308 qua:
1021 5241 1071 5299 in
1105 5239 1295 5310 eodem
1331 5255 1428 5294 IIIS.
1466 5239 1764 5310 smpissime
1795 5239 2051 5294 abundat.

623 5309 694 5381 (c)
728 5308 782 5381 In
813 5309 1126 5381 archetypo,
1146 5309 1385 5381 obtinuit.
1417 5308 1597 5375 Fides,
1623 5325 1769 5380 spes,
1802 5311 2039 5366 charitas
2064 5309 2148 5363 fe-

549 5379 743 5435 runtur
773 5380 826 5451 in
861 5379 1027 5434 Deum
1057 5391 1112 5434 ιιι
1142 5379 1196 5433 in
1226 5381 1385 5435 linem
1419 5399 1431 5434 :
1467 5397 1625 5450 quem
1656 5379 1777 5434 cum
1807 5395 2147 5451 consequun-

552 5459 672 5520 tur,
706 5449 1095 5520 perfectionem
1130 5451 1361 5516 habent;
1403 5460 1457 5506 et
1481 5449 1600 5506 eam
1649 5451 1862 5520 quidem
1897 5449 2149 5506 in'lmula-

551 5519 674 5573 bilis
705 5530 789 5573 est
821 5522 911 5576 Dei
958 5519 1160 5575 fruilio.
1197 5521 1269 5574 Ea
1301 5524 1511 5576 ratione
1554 5519 1686 5575 fides
1715 5538 1778 5578 ac
1807 5537 1932 5591 spes
1953 5523 2147 5577 extrin-

485 5589 500 5602 ‘
551 5605 701 5663 secus
747 5606 852 5642 non
905 5591 1368 5663 mutantttr.‘Alio
1415 5607 1576 5647 sensu
1618 5591 1759 5646 dixit
1815 5589 2145 5663 Augustinus

550 5659 710 5734 epist.
743 5674 866 5734 exn,
900 5677 1046 5734 num.
1083 5659 1270 5734 65:11:
1301 5664 1476 5732 futuro
1507 5672 1678 5717 autem
1707 5659 2147 5734 sa’culo'pcrfecta

2265 3018 2344 3072 vel
2384 3021 2600 3089 fratres,
2648 3020 2726 3074 vel
2771 3037 2992 3087 sorores,
3038 3035 3123 3086 aut
3153 3036 3400 3090 matrem,
3446 3038 3536 3090 aut
3566 3031 3724 3097 ﬁlios,
3770 3042 3833 3084 aut

2263 3129 2443 3182 agrum
2476 3125 2684 3182 propter
2713 3132 2895 3178 nomen
2938 3133 3102 3176 meum
3126 3159 3143 3190 ,
3171 3119 3466 3190 cetuuplum
3502 3124 3755 3191 accipiet,
3797 3135 3836 3179 et

2264 3207 2418 3258 vitam
2455 3218 2702 3260 ιετενηαυι
2740 3209 3018 3278 possidebit
3048 3208 3261 3277 (Matth.
3316 3227 3407 3268 xIx
3429 3254 3446 3278 ,
3478 3214 3599 3286 29).
3635 3215 3832 3287 Egregia

2264 3300 2523 3352 virtutum
2553 3299 2642 3352 Dei
2672 3300 2844 3364 testis,
2869 3299 3064 3366 fiducia
3090 3305 3512 3374 exspectationis
3540 3322 3651 3372 suae
3673 3349 3690 3374 ,
3719 3326 3828 3378 PN!-

2264 3391 2440 3445 senlia
2479 3405 2709 3460 quaeque
2738 3401 2793 3445 ιιι
2821 3392 2965 3454 nulla
2997 3402 3053 3452 rt
3075 3394 3281 3464 incerta
3325 3395 3656 3466 despiciens,
3684 3400 3829 3462 (tum

2261 3498 2391 3537 vero
2408 3492 2467 3537 ut
2481 3495 2686 3540 interna
2701 3494 2755 3548 et
2777 3485 3061 3552 praesentia
3082 3487 3529 3556 apprehendens!
3555 3491 3660 3546 Sed
3674 3508 3806 3561 quatit

2263 3591 2421 3644 quam
2435 3575 2601 3646 619
2617 3591 2882 3630 mansurae
2900 3577 3046 3644 fidei,
3062 3580 3200 3650 spei,
3214 3579 3491 3653 charitatis
3509 3585 3575 3654 (f.
3591 3584 3826 3650 chariton

2264 3681 2450 3737 parem
2473 3671 2698 3737 gloriam
2746 3668 2885 3726 idem
2917 3671 3212 3740 Apostolus
3241 3672 3458 3740 tribuat,
3502 3686 3557 3730 et
3585 3678 3822 3752 :rqualili-r

2264 3759 2598 3813 inviolabiles
2615 3775 2706 3813 eas
2721 3775 2842 3814 esse
2859 3759 3146 3830 significet;
3175 3761 3493 3820 charitatem
3519 3775 3692 3822 tamen
3719 3784 3820 3848 pra:-

2270 3860 2414 3918 slare
2433 3851 2647 3906 caeteris
2668 3851 3042 3924 superioribus
3056 3855 3274 3910 indicat.
3289 3855 3393 3914 Per
3418 3858 3557 3914 hanc
3572 3859 3711 3922 enim
3727 3876 3818 3929 quo-

2265 3942 2388 3997 dam
2420 3943 2630 3997 vinculo
2661 3945 2769 3999 Deo
2797 3949 3032 4018 suscepti
3056 3947 3254 4013 amoris
3278 3953 3619 4014 auneCIimur
3647 3972 3658 4008 :
3693 3954 3820 4024 fitquc

2267 4035 2541 4091 individua
2589 4037 2657 4092 ab
2691 4052 2756 4092 eo
2787 4038 3038 4094 voluntas
3079 4052 3261 4096 nostra
3300 4044 3468 4100 semel
3511 4048 3710 4104 nomini
3735 4047 3816 4116 ejus

2269 4125 2534 4184 charitate
2558 4130 2770 4198 pietatis
2795 4129 2971 4185 infusa
2995 4172 3010 4197 ,
3048 4147 3076 4184 a
3106 4148 3209 4202 qua
3238 4151 3342 4188 non
3385 4135 3618 4206 gladius,
3649 4155 3739 4193 nou
3761 4140 3816 4190 la-

2267 4236 2416 4286 mes,
2469 4237 2573 4276 non
2625 4221 2838 4284 auditas
2887 4225 3160 4293 separabit
3192 4224 3366 4298 (Rom.
3416 4243 3547 4294 vus,
3591 4229 3710 4301 35);
3749 4243 3814 4298 per

2267 4329 2428 4384 quam
2461 4313 2536 4368 ira
2559 4356 2574 4382 ,
2603 4315 2906 4382 :rmulatio,
2930 4316 3183 4386 ambitio,
3217 4317 3472 4390 iniquitas
3498 4363 3512 4387 ,
3539 4321 3720 4390 luxus,
3749 4337 3812 4375 cu-

1938 4458 2144 4541 perspi-
2175 4457 2221 4520 C
2255 4453 2417 4541 credit
2445 4453 2580 4541 quod
2607 4469 2713 4508 non
2729 4453 2884 4541 uides.
2904 4470 3004 4541 nec
3025 4457 3390 4540 σριξάωίόεωι
3407 4463 3548 4541 quod
3568 4479 3667 4517 non
3687 4472 3808 4526 tatu;

2258 4526 2350 4604 sed
2448 4535 2704 4604 internum
2733 4526 2974 4604 veritatis
2989 4529 3206 4604 speciem
3230 4526 3631 4604 contemplatur.

2331 4595 2412 4675 (tl)
2447 4595 2620 4675 Faber
2645 4611 2882 4675 ex_mss.
2921 4597 3202 4675 Pitllmano
3243 4613 3296 4654 et
3322 4595 3518 4668 Colb.,
3564 4604 3802 4675 prophetia.

2259 4665 2452 4722 Verius
2482 4665 2802 4745 Sirmootlus
2846 4682 2911 4722 ex
2952 4668 3203 4745 Remig,
3254 4665 3513 4745 profectu;
3559 4665 3699 4742 Mox,
3737 4689 3803 4743 pro

2258 4750 2494 4792 maneant
2525 4738 2747 4805 quidem.
2781 4739 2920 4794 forte
2952 4741 3230 4809 legendum
3255 4738 3502 4800 maneant
3531 4738 3714 4802 eadem.

2331 4809 2402 4882 (c)
2436 4809 2617 4886 Edidit
2647 4809 2820 4865 Faber
2845 4825 2911 4866 ex
2941 4811 3047 4886 ﬁde
3077 4816 3355 4886 archetypi
3385 4819 3495 4883 sui,
3542 4821 3720 4886 prtinus
3737 4832 3802 4869 uu-

2256 4881 2503 4946 meratur;
2529 4883 2849 4957 ipseputaus
2873 4881 3507 4957 praeferentlunt'pra'miis
3531 4881 3796 4945 muneratur.

2257 4969 2364 5006 non
2397 4951 2700 5020 spernenda
2730 4951 3053 5021 coojectura.
3100 4951 3439 5012 ReVocalnus
3469 4975 3535 5014 ex
3567 4958 3800 5016 Sirmoudo

2255 5023 2473 5095 prwvius
2506 5039 2523 5076 :
2553 5038 2712 5091 quam
2757 5038 2941 5078 vocem
2973 5027 3309 5100 commodius
3339 5032 3617 5100 exciperet
3661 5043 3798 5085 memo-

2254 5105 2420 5169 ratur,
2450 5106 2960 5169 quam_n_umeratur.
2994 5095 3092 5169 llic
3113 5108 3349 5169 notatur,
3386 5095 3549 5156 ﬁdem
3580 5100 3797 5169 Deijusti-

2255 5165 2349 5244 tite.
2369 5165 2567 5244 praeire
2598 5164 2969 5244 debere.__cum
2996 5166 3112 5244 sine
3134 5166 3237 5244 fide
3260 5185 3421 5244 nemo
3440 5164 3752 5244 justiﬁcetur.

2329 5236 2399 5306 (Γ)
2445 5235 2677 5289 Duarum
2727 5236 3012 5290 mulierum
3047 5237 3281 5293 fidelium
3324 5235 3462 5295 facta
3491 5244 3578 5299 hic
3603 5248 3651 5304 in
3677 5253 3793 5298 unum

2255 5306 2657 5383 confunduntur
2687 5325 2698 5359 :
2732 5322 2958 5383 quarum
2998 5325 3101 5362 una
3145 5309 3334 5365 Matth.
3382 5328 3464 5379 lx,
3507 5315 3598 5383 90,
3628 5311 3793 5370 eumsi-

2252 5377 2422 5432 lentio
2442 5378 2736 5451 Dominum
2767 5379 2941 5448 tetigit;
2991 5392 3048 5451 ut
3078 5396 3107 5432 a
3129 5383 3404 5451 sanguinis
3445 5377 3594 5440 fluxu
3636 5395 3792 5441 sanare-

2250 5457 2370 5514 tur;
2403 5449 2571 5502 altera
2600 5450 2780 5503 Matth.
2812 5465 2901 5508 xv,
2942 5450 3034 5516 28,
3062 5466 3183 5506 cum
3229 5449 3399 5510 multo
3443 5457 3673 5513 clamore
3689 5453 3789 5510 sani-

2250 5529 2414 5574 tatem
2448 5521 2568 5572 liliae
2599 5519 2884 5585 deprecata
2913 5535 3014 5574 est.

2323 5588 2398 5668 (pg)
2430 5589 2482 5644 Id
2509 5599 2636 5668 est,
2688 5589 2738 5668 in
2777 5590 3001 5668 Joannis
3033 5593 3346 5668 Evangtflio.
3378 5595 3555 5654 Simili
3588 5590 3784 5668 loquendi

2247 5665 2485 5743 ratione.
2509 5660 2602 5714 lib.
2634 5677 2665 5714 ιι
2694 5663 2758 5716 tle
2802 5662 2998 5718 Trinit.
3037 5660 3312 5734 nuntii”,
3355 5669 3572 5738 dicitur,
3603 5660 3680 5743 per
3699 5680 3784 5740 pre-

548 5736 595 5780 et
626 5728 775 5794 plena
801 5731 1022 5783 chos-itas
1051 5732 1159 5786 sine
1178 5728 1565 5788 ulla'malorum
1593 5735 1885 5800 tolerantia,
1910 5728 2142 5803 nonﬁde
2245 5749 2355 5796 cem
2375 5733 2429 5788 in
2454 5730 2678 5796 Joanne.
