3958 6194
99 231 200 287 (:29

1075 224 1169 282 EX
1208 221 1440 282 OPERE
1481 221 1850 282 HISTOBICO
1888 219 2368 281 FRAGMENTUM
2401 222 2440 278 1.

3310 226 3414 284 630

99 347 299 416 piditas
359 345 813 415 comprimuntur.
863 344 1040 415 Atque
1082 341 1286 399 idcirco
1326 357 1449 399 cum
1496 352 1714 399 maneat
1742 345 1790 410 Α
1889 344 1943 398 Δ.
1985 342 2151 409 Quale
2193 341 2338 414 Opus
2377 340 2729 414 aggrediatur.
2775 366 2846 382 ι-
2875 340 3127 398 Proferre
3156 341 3315 413 igitur
3353 345 3410 399 in

99 437 254 503 ﬁdes,
276 449 430 506 spes,
452 436 709 504 charitas,
735 435 910 507 major
935 435 1126 492 horum
1148 443 1233 490 est
1253 437 1490 491 charitas
1519 435 1562 504 (Ι
1580 436 1706 492 Cor.

97 545 212 595 xm,
243 527 339 602 13)
373 547 388 584 :
436 544 533 600 per
571 545 730 600 quam
758 529 1028 585 admixtos
1063 529 1342 585 insecabili
1388 529 1442 585 in
1479 527 1574 585 Dei
1605 545 1710 584 no-r

98 623 239 677 mine
267 621 500 688 affectu,
548 623 696 678 nulla
724 621 803 678 vis
831 621 1174 679 saecularium
1205 631 1450 678 motuum
1475 631 1566 676 aut
1588 622 1702 678 dis-

101 715 258 772 solvit
284 757 299 779 ,
327 722 426 770 aut
451 713 668 769 dividit.

163 810 216 862 5.
251 804 501 862 Charitas
527 805 793 861 Hilarium
835 816 1019 880 urget,
1067 824 1130 862 ne
1153 807 1301 862 sileat
1343 809 1702 864 htereticorum

99 901 419 973 prauitatem.
450 931 522 942 -
569 901 639 956 Et
665 901 790 957 huic
827 909 1014 968 tantae,
1057 910 1164 957 tam
1207 903 1358 974 gravi
1386 903 1701 974 apostolicae

100 991 406 1048 auctoritati
450 1006 554 1063 ego
597 1008 814 1064 quoque
855 993 998 1049 inter
1027 1003 1288 1058 ceteros,
1319 996 1363 1049 si
1408 995 1536 1066 quid
1569 996 1701 1051 milii

99 1094 210 1154 post
228 1099 325 1138 eos
347 1083 455 1139 loci
479 1093 582 1147 est,
605 1085 972 1140 teatimonium
991 1086 1157 1141 reddo
1181 1099 1276 1156 per
1299 1085 1437 1141 hanc
1461 1086 1697 1142 charita-

104 1189 199 1231 tem
233 1176 534 1243 repositam
573 1177 733 1231 nobis
757 1185 883 1232 ante
914 1188 1156 1248 tempora
1185 1178 1462 1232 saecularia
1491 1179 1542 1233 in
1571 1179 1700 1234 cmli

100 1282 236 1338 spem
259 1268 584 1338 aSSumptis,
608 1278 663 1324 et
686 1269 889 1323 nomini
915 1268 1011 1324 Dei
1033 1283 1096 1324 ac
1121 1268 1327 1323 Domini
1349 1269 1478 1324 Jesu
1496 1269 1698 1325 Christi

88 1361 382 1428 'adbazreo,
422 1363 735 1434 iniquorum
776 1365 1093 1420 societatem
1133 1373 1188 1420 et
1227 1363 1525 1420 infidelium
1567 1379 1697 1420 con-

101 1455 312 1510 sortium
358 1469 628 1524 respuens
658 1472 670 1508 :
705 1470 826 1510 cum
857 1470 964 1526 quo
1009 1454 1206 1511 ﬂorere
1257 1455 1411 1511 nobis
1437 1496 1452 1520 ,
1490 1454 1565 1526 (a)
1592 1471 1698 1511 sa:-

102 1547 196 1602 culi
234 1547 344 1602 otio
377 1546 683 1603 domestico
707 1546 848 1613 frui,
880 1547 1182 1603 commodis
1211 1548 1462 1604 omnibus
1492 1547 1694 1604 redun-

99 1639 216 1694 dare
238 1679 254 1705 ,
287 1636 666 1694 familiaritate
692 1638 836 1710 regia
876 1639 1096 1709 gloriari
1117 1682 1132 1702 ,
1160 1648 1215 1694 et
1261 1654 1382 1695 esse
1413 1640 1549 1694 falso
1578 1641 1694 1710 epi-

1811 435 2196 493 conscientiam
2221 435 2487 506 publicam
2515 449 2650 505 opus
2673 442 2821 490 tento
2836 449 3003 506 grave
3024 444 3082 492 et
3099 435 3407 509 multiplex,

1810 529 2076 585 diabolica
2107 527 2296 584 fraude
2319 529 2632 599 perplexum
2653 568 2669 594 ,
2701 527 3080 584 haereticorum
3106 539 3258 601 parte
3281 532 3409 585 sub-

1809 621 1922 687 tile,
1949 620 2377 677 dissimulatione
2399 621 2693 676 multorum
2715 635 2778 676 ac
2799 629 2944 676 metu
2975 620 3408 692 praejudicatum,

1809 715 2050 769 locorum
2075 756 2090 779 ,
2132 714 2184 769 iu
2231 714 2426 784 quibus
2468 724 2618 785 gesta
2663 729 2751 768 res
2796 721 2880 768 est
2924 727 3130 783 nosque
3169 715 3408 786 agimus,

1808 807 2190 880 desperatione
2237 808 2578 878 peregrinum
2608 847 2624 874 ,
2674 814 2922 875 tempore
2962 805 3038 878 (c)
3087 807 3407 880 antiquum,

1807 901 2025 957 silentio
2063 916 2282 965 novum,
2317 900 2524 970 pridem
2559 900 2808 954 simulata
2835 915 3015 954 rerum
3049 915 3178 971 pace
3209 913 3408 972 praete-

1808 995 1994 1060 ritum,
2025 995 2269 1064 proxime
2294 993 2455 1064 impia
2490 992 2956 1048 fallacissimorum
2989 993 3267 1050 hominum
3298 997 3409 1051 cal-

1802 1084 2014 1141 liditate
2059 1094 2416 1151 renovatum;
2462 1083 2671 1153 hocque
2721 1098 2828 1154 quo
2879 1084 3041 1140 etiam
3075 1085 3126 1140 in
3180 1086 3410 1143 Romani

1805 1179 2017 1250 imperii
2039 1179 2270 1249 negotiis
2291 1180 2445 1250 quies
2470 1180 2727 1249 carpitur,
2758 1193 2853 1234 rex
2877 1180 3114 1250 angitur,
3150 1183 3406 1252 palatium

1804 1269 2006 1332 fervet.
2057 1270 2296 1341 episcopi
2343 1270 2802 1337 circumcursant,
2855 1269 3115 1326 officiales
3159 1271 3400 1343 magistri

1802 1362 2065 1425 volitant,
2099 1361 2358 1417 adversus
2396 1361 2724 1431 apostolicos
2772 1361 2917 1417 viros
2948 1361 3248 1418 officiorum
3293 1380 3410 1419 om-

1802 1454 1948 1508 nium
1983 1453 2330 1509 festinatione
2363 1453 2632 1509 turbatur.
2673 1452 2749 1507 lta
2780 1453 2979 1525 ubique
3009 1456 3208 1526 agitur,
3245 1459 3408 1526 tropi—

1800 1550 1979 1617 datur,
2011 1549 2270 1617 instatur;
2303 1558 2360 1603 ut
2391 1548 2549 1618 plane
2579 1547 2916 1618 iniquitatem
2949 1550 3107 1619 hujus
3145 1551 3404 1606 assertio-

1803 1643 1916 1708 nis,
1959 1641 2237 1696 obtinendi
2284 1640 2434 1695 labor
2468 1649 2521 1696 et
2566 1654 2697 1694 cura
2743 1639 3063 1710 prodiderit.
3115 1642 3408 1698 Enimvero
3463 1687 3467 1690 .

102 1729 236 1799 scopi
263 1730 512 1794 nomine,
542 1730 767 1801 singulis
797 1731 1178 1803 universisque
1193 1740 1245 1787 et
1270 1732 1481 1800 publice
1503 1741 1559 1787 et
1582 1732 1693 1803 pri-
1723 1755 1770 1814 Β
1800 1737 2005 1790 versnri
2041 1737 2092 1790 in
2125 1749 2378 1790 sermone
2404 1734 2684 1789 hominum
2705 1734 2814 1804 jam
2843 1733 2934 1790 diu
2967 1737 3212 1802 memini,
3243 1752 3408 1808 quos-

101 1822 246 1876 vatim
283 1822 335 1876 in
366 1820 640 1878 Ecclesiae
676 1822 956 1877 dominatu
987 1837 1204 1894 gravem
1241 1823 1421 1890 effici,
1461 1840 1590 1895 par,
1635 1833 1697 1880 ut

102 1915 330 1981 caeteris,
366 1922 613 1984 potestas
659 1914 918 1981 dabatur;
951 1916 996 1972 si
1023 1916 1185 1970 modo
1212 1918 1491 1973 veritatem
1531 1933 1696 1973 evan-

101 2006 307 2076 gelicam
337 2005 583 2062 falsitate
627 2023 1030 2078 corrumperem
1055 2051 1070 2075 ,
1103 2009 1452 2064 conscientia).
1483 2019 1694 2066 reatum

105 2097 464 2157 blandimento
492 2099 818 2171 ignorantia:
849 2101 1162 2156 consolarer
1184 2144 1199 2167 ,
1241 2100 1426 2172 judicii
1471 2117 1694 2174 corrup-

105 2193 247 2248 telam
276 2193 636 2250 excusatione
661 2193 822 2250 alieni
855 2194 1064 2252 arbitrii
1098 2193 1478 2264 defenderem,
1515 2195 1691 2253 hare-

105 2302 210 2343 seos
235 2288 453 2362 piaculo
493 2303 600 2344 non
633 2287 738 2344 fide
777 2304 896 2344 mea
917 2329 934 2358 ,
964 2304 1084 2358 qua:
1118 2289 1298 2360 utique
1327 2299 1475 2346 esset
1517 2290 1690 2347 obno-

106 2380 208 2445 xia,
239 2380 332 2434 sed
359 2379 711 2452 simplicitate
744 2381 1105 2452 ignorantium
1137 2396 1241 2435 non
1272 2389 1521 2448 teuerer,
1566 2397 1692 2452 pro-

108 2473 304 2530 bitatem
353 2475 460 2530 sub
507 2474 829 2530 difficultate
871 2474 1097 2544 publica:
1128 2475 1493 2544 intelligentia:
1536 2490 1692 2531 men-

108 2567 235 2622 tirer.
265 2568 388 2624 llaec
422 2567 568 2624 enim
601 2568 1002 2638 simplicitatem
1034 2569 1208 2639 (forte,
1239 2570 1292 2624 in
1317 2569 1688 2642 simplicitate)
1733 2573 1742 2579 ’

108 2665 261 2720 cordis
287 2680 380 2736 per
413 2665 575 2721 fidem
598 2674 652 2722 et
678 2679 828 2736 spem
855 2665 1052 2720 Christi
1075 2665 1309 2736 charitas
1329 2681 1556 2722 manens
1577 2683 1683 2722 non

111 2758 228 2812 tulit.
259 2758 321 2814 Et
347 2773 474 2813 cum
503 2758 571 2812 ab
598 2758 856 2828 ApOStolo
884 2757 1238 2826 accepissem,
1289 2755 1411 2811 Non
1435 2757 1568 2811 enim
1594 2773 1685 2810 ac-

112 2850 309 2919 cepimus
350 2851 597 2920 spiritum
636 2849 928 2920 formidinis
961 2847 1025 2919 (Il
1074 2846 1207 2903 Tim.
1260 2865 1299 2914 1,
1343 2849 1420 2917 7),
1463 2858 1519 2904 et
1561 2864 1683 2904 cum

111 2938 309 2996 Domino
339 2942 560 2997 dicente
599 2941 1003 3007 didicissemus,
1034 2940 1213 2994 Omnis
1254 2942 1339 3012 qui
1362 2941 1686 3010 conﬁtebitur

111 3048 174 3087 me
196 3049 358 3088 coram
385 3034 701 3100 hominibus,
732 3045 777 3090 et
803 3049 896 3105 ego
925 3032 1204 3103 conﬁtebor
1230 3049 1348 3088 eum
1368 3049 1538 3086 corant
1572 3031 1680 3085 Pa-

1804 1830 1925 1884 dam
1954 1829 2294 1885 saeerdonum
2329 1828 2423 1883 Dei
2452 1827 2653 1883 idcirco
2683 1828 2959 1894 exsulare,
2981 1829 3126 1899 quod
3152 1830 3204 1884 in
3231 1831 3401 1885 Attia-

1801 1922 2011 1980 nasium
2049 1921 2374 1978 sententiam
2423 1935 2528 1976 non
2575 1921 2790 1976 ferunt:
2822 1928 2878 1976 et
2906 1919 2995 1976 hic
3033 1935 3188 1977 error
3225 1936 3394 1992 prope

1798 2016 2037 2070 omnium
2075 2025 2284 2070 mentes
2311 2013 2627 2084 occupavit,
2673 2021 2731 2068 ut
2759 2013 2861 2069 sub
2889 2013 3109 2069 nomine
3139 2013 3257 2084 ejus
3288 2029 3399 2071 non

1796 2106 1925 2162 satis
1956 2107 2244 2177 unicuique
2273 2121 2463 2162 eorum
2491 2105 2706 2176 dignam
2729 2118 2948 2160 causam
2979 2107 3222 2179 suscepti
3252 2109 3395 2163 exsi-

1797 2197 1853 2252 lii
1878 2197 2228 2253 arbitrentur.

1867 2291 1923 2346 5.
1967 2289 2098 2357 Qua:
2117 2292 2170 2344 in
2206 2305 2265 2345 eo
2288 2291 2666 2360 pratermittat.
2707 2319 2779 2330 —
2801 2289 3172 2347 Praetermitto
3195 2303 3400 2361 autem,

1797 2381 1924 2438 licet
1965 2381 2242 2452 potissima
2284 2382 2396 2451 regi
2435 2382 2505 2436 sit
2535 2380 2815 2437 referenda
2850 2382 2914 2454 (f.
2945 2382 3271 2455 deserenda)
3308 2400 3397 2440 re-

1794 2474 2030 2529 verentia
2060 2473 2206 2545 (quia
2233 2474 2375 2529 enim
2412 2473 2596 2546 (omne
2626 2472 2796 2546 enim)
2819 2489 2851 2530 a
2881 2474 2993 2529 Deo
3011 2490 3234 2546 regnum
3267 2476 3399 2548 est),

1795 2581 1900 2621 non
1934 2576 2113 2622 tamen
2158 2567 2540 2634 aequanimiter
2561 2566 2820 2635 judicium
2852 2568 2967 2638 ejus
2996 2569 3398 2638 episcopalibus

1791 2661 2030 2717 arbitriis
2067 2661 2279 2716 admitti
2311 2679 2324 2714 :
2360 2660 2485 2729 quia
2533 2659 2762 2715 (Jmsaris
2805 2660 3039 2725 Caesari,
3074 2660 3188 2716 Deo
3215 2672 3397 2717 autem

1793 2753 2066 2808 reddenda
2095 2769 2214 2822 qua:
2247 2752 2342 2807 Dei
2370 2761 2494 2806 sunt
2527 2751 2704 2824 (Luca:
2730 2767 2820 2819 xx,
2855 2751 2973 2822 25).
3015 2751 3192 2806 Taceo
3227 2752 3397 2821 impe-

1791 2846 1988 2901 ratoris
2013 2846 2222 2900 sublata
2250 2860 2427 2902 causm
2455 2845 2763 2916 cognitione
2785 2843 3070 2915 judicium.
3114 2845 3230 2900 Non
3259 2861 3392 2917 quc-

1788 2953 1881 2992 ror
1905 2939 2211 3008 extorqueri
2246 2939 2312 2993 de
2355 2938 2580 2992 absente
2611 2937 2688 3008 (d)
2719 2937 3039 2992 sententiam
3067 2954 3082 3003 ;
3111 2940 3377 3009 quamvis,

1789 3031 2047 3104 Apostolo
2079 3033 2312 3098 dicente,
2350 3032 2449 3088 Ubi
2474 3033 2605 3102 ﬁdes
2644 3043 2737 3098 est,
2769 3032 2840 3087 ibi
2873 3043 2918 3088 et
2946 3034 3152 3089 libertas
3188 3044 3262 3100 est
3290 3034 3309 3107 (
3337 3035 3383 3092 ll

112 3137 171 3180 tre
204 3145 304 3184 meo
342 3130 434 3199 qui
464 3139 538 3184 est
578 3129 632 3182 in
663 3129 801 3184 cmlis
835 3126 1048 3198 (Matth.
1082 3143 1134 3192 x,
1169 3124 1292 3196 3'2);
1327 3135 1382 3182 et
1413 3142 1506 3196 per
1532 3142 1684 3181 eum-
1713 3144 1758 3208 ρ
1792 3124 1911 3179 Cor.
1946 3141 2025 3189 ιιι,
2072 3125 2183 3193 17),
2217 3126 2322 3195 pati
2355 3125 2494 3178 istud
2535 3125 2852 3196 simplicitas
2891 3126 3244 3183 sacerdotalis
3279 3143 3386 3184 non

111 3218 210 3273 dem
233 3221 431 3276 dictum
461 3233 629 3290 esset,
663 3221 807 3276 Beati
832 3223 918 3290 qui
961 3222 1385 3292 persecutionem,
1419 3223 1683 3292 patiuntur

112 3321 288 3382 prapter
304 3315 568 3388 justitiam
589 3355 604 3380 ,
640 3315 879 3384 quoniam
922 3315 1151 3384 ipsorum
1192 3323 1263 3367 est
1293 3329 1506 3384 regnum
1529 3314 1684 3368 caelo-

111 3419 205 3456 rum
230 3421 247 3458 :
275 3406 404 3463 beati
428 3408 550 3462 estis
573 3423 689 3460 cum
722 3421 809 3460 vos
834 3407 1138 3461 maledicent
1156 3449 1171 3472 ,
1210 3416 1257 3460 et
1290 3418 1680 3478 persequentur,

111 3506 150 3547 et
175 3496 327 3556 dicent
349 3515 503 3554 omne
529 3499 724 3552 malum
751 3479 1020 3554 adversum
1045 3515 1134 3552 vos
1156 3509 1366 3568 propter
1379 3500 1682 3573 justitiam;

111 3588 250 3662 620
274 3593 494 3664 gaudete
520 3600 566 3645 et
592 3592 844 3646 exsultate
865 3633 879 3657 ,
911 3592 1152 3662 quoniam
1181 3608 1370 3646 merces
1398 3600 1560 3646 vestra
1591 3609 1680 3645 co-

114 3681 233 3745 piosa
257 3693 325 3737 est
357 3685 409 3738 in
452 3683 580 3737 caelo
607 3681 827 3755 (Matth.
879 3698 934 3746 v,
961 3684 1027 3740 it)
1055 3693 1100 3737 et
1127 3681 1292 3754 seqq.)
1327 3700 1342 3736 :
1385 3698 1490 3737 non
1533 3686 1680 3753 potui

111 3770 174 3840 (6)
201 3775 439 3842 prefer-re
468 3775 807 3832 ambitiosam
837 3776 891 3830 in
935 3785 1117 3832 reatus
1147 3776 1362 3832 silentio
1401 3777 1683 3832 conscien-

113 3863 215 3918 tiam
244 3863 510 3937 injuriosae
537 3881 634 3939 pro
657 3868 750 3923 Dei
776 3867 1116 3923 confessione
1137 3867 1460 3924 tolerantiae.

169 4025 237 4100 (a)
276 4029 386 4086 Vox
419 4032 599 4086 sreculi
623 4032 885 4102 aptiorem
917 4032 1093 4086 locum
1117 4031 1196 4088 sic
1225 4032 1492 4088 obtineret
1523 4051 1535 4086 :
1564 4035 1667 4088 otio

115 4098 356 4172 domestico
388 4104 493 4172 frui
517 4146 530 4165 ,
561 4098 738 4158 stuc-uti
778 4104 1056 4157 commodis
1092 4105 1326 4157 omnibus
1358 4103 1666 4159 redundare.

116 4168 397 4246 Autpotins'
421 4175 729 4242 legendum,
753 4177 939 4246 ﬂorere
961 4177 1104 4228 bonis
1132 4175 1346 4240 saeculi;
1378 4177 1421 4229 si
1451 4175 1668 4246 quidem

116 4241 236 4315 milii,
259 4259 364 4315 non
391 4241 555 4308 nobis,
587 4241 866 4315 sequentia
896 4248 1196 4314 requirunt.

169 4310 303 4388 (b)_ln
335 4325 463 4371 mss:
506 4310 733 4388 preferre
757 4310 1063 4370 ambitiosa:
1097 4331 1160 4370 ex
1192 4317 1384 4385 quibus
1421 4317 1672 4372 confece-

114 4390 181 4462 rat
208 4386 368 4440 Faber
390 4427 405 4452 ,
450 4386 681 4460 perferre
705 4388 971 4462 ambitioso
1000 4389 1050 4441 in
1093 4399 1236 4441 reatu
1266 4389 1487 4442 silentio.
1537 4388 1676 4442 lute-

114 4461 312 4517 griorem
356 4473 419 4512 ac
457 4465 722 4513 veriorem
753 4461 1028 4512 reddimus
1058 4469 1380 4513 sententiam
1405 4477 1417 4520 ;
1445 4462 1676 4514 maxime

1790 3220 2004 3274 debeat.
2034 3217 2140 3274 Sed
2165 3219 2300 3285 haec,
2329 3234 2436 3274 non
2460 3219 2580 3289 quia
2607 3220 3000 3274 contemnenda
3029 3232 3175 3287 sunt,
3201 3236 3388 3277 verum

1787 3312 1912 3381 quia
1959 3310 2041 3364 bis
2089 3310 2335 3380 graviora
2379 3309 2487 3364 sint
2534 3310 2812 3379 subjecta,
2862 3320 3142 3379 prmtereo.
3193 3311 3393 3380 Quam-

1788 3419 1948 3474 quam
1981 3404 2124 3458 enim
2155 3419 2220 3458 ex
2258 3402 2344 3458 his
2373 3402 2678 3473 quibusque
2703 3401 2770 3474 (f.
2801 3418 2920 3472 quae
2960 3403 3285 3478 quibusque)
3331 3407 3386 3462 in

1791 3498 1948 3551 terris
1978 3507 2128 3566 gesta
2172 3496 2282 3550 sint
2302 3537 2316 3560 ,
2360 3496 2611 3566 cognosci
2647 3497 2883 3566 potuerit
2911 3495 3070 3566 longe
3099 3498 3246 3552 aliud
3276 3500 3385 3570 agi,

1785 3604 1942 3658 quam
1991 3588 2433 3651 existimabatur;
2481 3599 2658 3641 tamen
2706 3585 3056 3657 propensiore
3099 3603 3225 3642 cura
3267 3605 3383 3644 rem

1783 3698 2000 3737 omnem
2027 3682 2128 3736 hoc
2151 3683 2423 3738 volumine
2454 3682 2654 3752 placuit
2679 3698 2970 3752 exponere.
2996 3681 3211 3752 Raptim
3238 3685 3383 3742 enim

1762 3785 1914 3831 'tuuc
1945 3776 2020 3846 (e)
2049 3776 2162 3828 haec
2189 3790 2286 3844 per
2323 3789 2419 3828 nos
2449 3775 2853 3844 ingerebantur,
2890 3775 3169 3845 corruptio
3197 3777 3384 3834 Evan-

1784 3871 2048 3940 geliorum
2060 3909 2074 3932 ,
2089 3867 2405 3939 depravatio
2425 3866 2791 3939 fidei,621et
2807 3865 3056 3922 simulata
3078 3868 3278 3924 Christi
3295 3887 3391 3924 no-

1777 4034 1860 4088 his
1914 4033 2379 4114 subsequentibus.
2417 4031 2594 4114 verbis
2625 4033 2866 4114 apridem
2920 4033 3159 4114 simulata
3208 4051 3379 4114 rerum

1815 4122 1903 4160 ace
1951 4103 2297 4175 prmtéritum;
2329 4103 2434 4175 nisi
2477 4104 2613 4175 forte
2652 4103 2838 4156 iisdem
2888 4113 3116 4175 (notetur
3153 4104 3384 4160 celebris

1815 4125 1903 4160 αεε
1951 4125 2297 4175 ριἰεισιιιιηι;
2329 4125 2430 4158 IIIS!
2477 4125 2613 4156 IOI'lC
2652 4125 2838 4156 ιιδιιειιι
2901 4125 3116 4157 ιιυιειιιι·
3153 4125 3375 4160 εθιριπιε

1779 4125 2032 4232 ἲῖιεδολιι
2052 4175 2386 4244 Valent.post
2413 4173 2732 4244 Sardicense
2745 4174 3028 4226 concilium
3047 4176 3375 4230 retractatio.

1854 4247 1934 4320 (d)
1959 4247 2056 4302 Hic
2077 4246 2260 4320 obiter
2272 4243 2516 4320 tangitur
2532 4258 2698 4320 quam
2724 4244 2885 4298 variis
2908 4244 3102 4320 modis,
3128 4245 3180 4299 in
3209 4246 3380 4320 Atha-

1785 4314 1925 4374 nasii
1961 4332 2145 4381 causa,
2168 4315 2496 4386 judiciorum
2525 4314 2692 4368 forma
2726 4322 2999 4386 temerata,
3020 4317 3112 4381 sit,
3145 4317 3380 4372 maxime

1783 4402 1962 4444 autem
1998 4388 2140 4457 quod
2173 4385 2370 4440 absens
2394 4387 2786 4457 condemnatus
2823 4385 2910 4442 sit.
2956 4385 3024 4442 Ut
3066 4388 3208 4442 enim
3257 4403 3382 4442 cum

1784 4455 2130 4515 Tlieodorcto
2173 4458 2265 4512 lib.
2299 4473 2333 4512 ιι
2381 4457 2515 4510 llist.
2551 4455 2699 4511 Eccl.
2749 4472 2798 4512 c.
2839 4457 2924 4522 l6,
2956 4460 3109 4512 testis
3141 4469 3223 4514 est
3264 4461 3380 4528 ipse

114 4534 301 4601 cmu_ex
327 4543 426 4583 ms.
479 4530 689 4601 Remig.
738 4532 923 4600 legerit
953 4531 1117 4601 Sirm.
1154 4531 1204 4582 in
1250 4541 1422 4584 reatus
1447 4531 1672 4595 silentio,
1704 4520 1759 4579 D
1785 4533 2100 4585 Ammianus
2128 4529 2471 4601 Marcellinus
2504 4529 2595 4582 lib.
2626 4544 2716 4596 xv,
2741 4544 2792 4582 c.
2825 4531 2878 4593 7,
2913 4520 3158 4585 Liberius
3186 4547 3212 4582 a
3239 4520 3384 4584 (Ion-

115 4595 230 4712 quod
256 4608 355 4664 est,
386 4601 436 4653 in
461 4595 679 4655 silenti?)
712 4595 879 4655 retuui
915 4600 1174 4665 obnoxio,
1202 4617 1360 4671 quem
1391 4612 1594 4656 ieatuin
1622 4615 1677 4654 ut

143 4663 351 4712 efuaarm
380 4671 610 4712 Hilarius
667 4673 731 4712 nit
769 4687 828 4712 gn
857 4672 1074 4712 imlimm
1113 4687 1206 4712 nm
1236 4670 1432 4712 Clu-icti
1457 4673 1673 4712 nnnf'nc-

141 4663 355 4743 cingeret
380 4671 631 4735 Hilarius,
666 4673 735 4726 ait
769 4687 830 4726 se
857 4672 1075 4741 indigna
1113 4663 1432 4738 pro'Cliristi
1457 4673 1673 4727 confes-

115 4745 247 4821 sione.
277 4744 378 4808 pati
408 4743 664 4798 maluisse
685 4785 699 4804 ,
743 4759 902 4814 quam
935 4760 999 4798 ex
1033 4743 1320 4798 ambitiosa
1345 4743 1673 4799 conscientia

117 4818 392 4868 connivere.

173 4874 234 4948 (ε)
264 4880 380 4956 Ideo
407 4896 628 4955 tempore
667 4886 932 4955 antiquum
954 4902 976 4956 ι
997 4885 1118 4956 quia
1146 4884 1288 4954 quod
1331 4885 1512 4940 Ariani
1559 4895 1678 4939 tan-

116 4943 225 5026 dem
263 4951 476 5026 Arimini
575 4943 836 5012 Seleucia:
868 4967 923 5011 et
948 4943 1417 5026 Clitistantinopuli
1449 4958 1514 5009 ad
1556 4956 1672 5011 exi-

119 5023 597 5099 tumperduxerunt,
633 5029 682 5081 id
715 5027 870 5098 lange
897 5040 1054 5081 antea
1100 5023 1342 5082 conciliis
1373 5029 1672 5082 innumeris

117 5087 265 5174 [uolui
301 5106 465 5153 erant.
511 5087 644 5166 Quia
691 5087 953 5174 vertitioc
979 5100 1268 5154 consilium
1297 5115 1477 5163 suum,
1527 5099 1671 5165 quod

118 5159 300 5239 silentio
326 5179 473 5223 antea
520 5159 700 5239 {egere
737 5169 954 5224 solliciti
1003 5179 1195 5234 erant,
1244 5185 1387 5224 nunc
1441 5159 1672 5239 primum

121 5229 263 5310 Palati}
315 5229 690 5308 prodiderunt;
751 5241 890 5294 idem
944 5241 1144 5296 silentio
1184 5229 1369 5294 novum
1420 5229 1678 5310 prtetlica-

120 5303 203 5352 ¹¹¹τι
227 5302 603 5381 ﬁll—timide"),
637 5302 710 5364 uti
762 5311 853 5366 lib.
885 5313 952 5367 de
998 5314 1130 5381 δμι.
1164 5329 1215 5366 ιι.
1274 5311 1342 5366 78
1391 5302 1661 5377 narratur,

123 5373 320 5455 illabi)?
347 5373 552 5435 hieresis
598 5381 795 5438 Sirmio
832 5373 1303 5455 prorumpens,“
1337 5384 1476 5454 quod
1521 5373 1670 5437 antea

125 5441 272 5524 furtim
299 5455 610 5524 mussitabat,
649 5470 751 5506 non
782 5441 934 5518 etiam,
978 5441 1072 5508 sed
1102 5441 1324 5524 publica:
1350 5441 1678 5507 auctoritatis

127 5513 399 5594 Prolessione
448 5513 630 5578 victria:
675 5513 1008 5594 gloriabatur.
1057 5513 1125 5579 At
1165 5525 1518 5580 Orientalium
1569 5529 1681 5580 An-

128 5591 243 5666 ?ll‘fﬁ
279 5591 712 5666 gongregatoruni
748 5612 910 5666 opera
953 5599 1130 5649 statim
1165 5611 1409 5665 repressa
1439 5607 1541 5658 est,
1581 5595 1682 5650 Va-

131 5647 510 5739 [οξξξυρμνξξιςίῗι
542 5681 601 5739 a_c
643 5647 812 5739 sociisr
837 5683 1022 5739 eorum
1049 5647 1255 5721 coactis
1296 5676 1352 5720 ut
1382 5647 1684 5738 Aiicy'ranis

133 5719 488 5797 definitionibus
505 5719 921 5798 subscriberent:
936 5719 1590 5812 QuiesubSci-iptioindica
1601 5719 1688 5793 tur

1783 4602 1982 4656 stanlio
2009 4602 2192 4670 jussus
2235 4609 2292 4653 ut
2325 4603 2374 4654 iu
2417 4599 2564 4656 illum
2607 4601 2991 4664 subscriberet,
3023 4601 3383 4669 respondebat

1783 4689 2071 4740 numquam
2103 4673 2345 4726 auditum
2375 4686 2532 4735 esse,
2590 4673 2656 4724 de
2683 4687 2775 4725 reo
2820 4673 3043 4725 absente
3071 4672 3230 4724 latam
3259 4686 3381 4726 esse

1781 4744 2125 4799 sententiam.
2161 4743 2303 4798 Idem
2340 4753 2423 4796 est
2448 4741 2675 4796 Luciferi
2719 4757 2780 4796 ac
2819 4742 3087 4795 sociorum
3132 4744 3248 4810 ejus
3294 4758 3383 4795 re-

1786 4831 2047 4885 sponsum
2081 4815 2220 4885 apud
2245 4813 2596 4869 Athanasium
2629 4816 2693 4866 ad
2719 4813 2874 4867 Solit.
2906 4827 3023 4885 pag.
3051 4812 3156 4866 ὅδὲ
3185 4830 3198 4866 :
3227 4811 3377 4880 Esto,

1783 4883 2029 4956 inquiunt
2059 4884 2396 4947 Constantio,
2434 4893 2490 4938 ut
2530 4894 2796 4956 accusator
2821 4886 2912 4947 sis,
2945 4883 3172 4937 absentia
3209 4894 3380 4956 tamen

1780 4954 2008 5028 rei-facit
2037 4967 2088 5009 ut
2108 4957 2336 5028 jndicari
2361 4972 2462 5008 non
2494 4958 2671 5023 possit.
2703 4954 2904 5028 Iudicat
2943 4967 3206 5028 prmterea
3227 4954 3378 5028 Hila-

1783 5025 1895 5084 rius
1940 5025 2238 5092 extortam,
2290 5041 2461 5094 quue
2507 5028 2723 5078 nomine
2766 5025 2964 5078 nullam
3015 5025 3181 5080 fuisse
3224 5027 3373 5080 illam

1783 5100 2106 5155 sententiam
2159 5117 2170 5150 :
2217 5113 2375 5164 quam
2429 5098 2694 5150 rationem
2744 5110 2916 5162 neque
2957 5096 3080 5151 silet
3125 5095 3374 5150 Liberius

1788 5173 1906 5225 loco
1930 5168 2254 5222 Theodoreti
2289 5167 2529 5236 proxime
2558 5177 2874 5220 memorato.

1859 5240 1930 5312 (e)
1958 5240 2048 5312 ιζρι
2084 5239 2327 5312 Biterris,
2372 5237 2511 5312 unde
2539 5239 2586 5289 in
2618 5237 2864 5312 exsilium
2891 5237 3095 5309 eiectus
3124 5249 3246 5312 est;
3285 5239 3376 5312 vel

1776 5309 1936 5367 etiam
1967 5309 2458 5382 Constantinopoli,
2491 5317 2607 5382 post
2652 5309 3011 5382 Seleuciensis
3046 5310 3235 5382 synodi
3265 5309 3379 5365 dis-

1780 5384 2126 5438 solutionem.
2161 5381 2493 5448 Quamquam
2538 5381 2682 5441 liaic,
2723 5380 2809 5432 tibi
2840 5397 2960 5436 sese
2989 5380 3184 5436 obtulit
3215 5396 3379 5435 occa-

1783 5455 1883 5518 sio,
1919 5461 2175 5524 praestare
2203 5466 2308 5503 non
2357 5451 2581 5524 destitit.
2608 5450 2744 5524 ANIMI!
2775 5451 2865 5505 lib.
2914 5468 2930 5508 ι
2978 5454 3043 5508 ad
3094 5453 3376 5508 Constant.

1789 5543 1842 5580 ιι.
1887 5521 1941 5584 5⁷,
1975 5521 2408 5594 qun-ritur,_t_pxod
2437 5522 2616 5594 Arriani
2661 5537 2761 5573 non
2788 5535 2986 5576 cessant
3029 5541 3118 5577 ore
3147 5525 3306 5594 impio
3331 5533 3382 5577 et

1791 5596 2036 5664 sacrilego
2051 5595 2222 5645 animo
2245 5591 2638 5665 Evangeliorunt
2666 5594 3004 5665 sinceritatem
3031 5591 3384 5665 corrumpere,

1790 5680 1838 5721 et
1889 5662 2078 5719 rectam
2130 5662 2477 5736 apostolorum
2528 5663 2754 5732 regulam
2799 5665 3112 5732 depravare;
3163 5662 3385 5736 etpost

1763 5749 1768 5752 ·
1797 5753 1984 5811 pauca,
2016 5733 2442 5809 quodsimplires
2477 5743 2524 5789 et
2551 5737 2842 5792 innocentes
2879 5736 2971 5796 sub
3003 5733 3387 5808 ῃιπιεπιὼηο-
