3958 6194
572 253 669 308 651

572 365 739 421 minis
766 363 1079 435 blasphema
1100 360 1389 417 confessio.
1423 357 1489 413 Et
1510 369 1732 412 necesse
1760 353 1860 410 fuit
1888 354 1939 409 in
1961 368 2029 413 eo
2053 368 2164 408 ser-
2195 359 2248 417 Α

574 473 738 516 mone
766 458 945 514 omnia
972 469 1093 511 esse
1121 467 1484 525 praepropera,
1506 451 1883 521 incompOsita,
1904 448 2126 504 confusa
2153 467 2166 503 :

574 552 701 623 quia
724 558 923 620 quanto
951 561 1051 601 nos
1081 545 1419 617 impensiore
1445 558 1574 599 cura
1600 542 1929 598 audientiam
1961 556 2170 612 quaere-

573 657 773 704 remus,
805 648 951 695 tanto
990 637 1068 693 illi
1111 637 1472 708 pertinaciore
1499 634 1679 691 studio
1715 633 2004 690 audientiae
2025 647 2171 689 con—

574 735 820 789 trairent.

647 827 701 881 6.
737 823 886 880 Unde
917 824 1168 878 ordiatur.
1209 852 1281 863 -
1318 822 1574 893 Incipiam
1616 822 1779 892 igitur
1816 820 1884 876 ab
1931 819 2015 875 bis
2053 833 2174 890 quae

573 921 822 991 proxime
860 925 1012 989 gesta
1041 930 1186 981 sunt,
1220 917 1270 971 id
1297 926 1402 977 est.
1425 932 1492 972 eo
1540 927 1784 985 tempore
1805 929 1914 985 quo
1940 916 2171 985 primum

575 1015 629 1070 in
656 1014 956 1068 Arelatensi
987 1011 1186 1081 oppido
1218 1010 1330 1082 (an.
1362 1009 1494 1079 353)
1524 1012 1688 1066 frater
1714 1019 1769 1063 et
1797 1010 2175 1064 comminister

574 1121 731 1161 ntcus
776 1105 1031 1159 Paulinus
1076 1104 1321 1158 ecclesia:
1370 1101 1716 1156 Trevirorum
1757 1102 2045 1171 episcopus
2090 1114 2178 1155 eo-

574 1214 695 1253 rum
755 1213 814 1250 se
860 1194 1150 1265 perditioni
1195 1193 1637 1263 sunulationique
1679 1208 1786 1246 non
1830 1192 2091 1245 miscuit:
2122 1200 2177 1244 et

578 1292 752 1363 qualis
782 1290 1107 1364 fuit(a)'t|la
1155 1289 1427 1345 sententia
1456 1303 1747 1358 exponam,
1803 1304 1830 1340 a
1874 1301 1980 1357 qua
2034 1285 2177 1342 refe-

576 1401 705 1441 rens
751 1386 1124 1449 voluntatem,
1183 1383 1437 1453 indignus
1478 1382 1706 1437 ecclesia
1750 1382 1817 1436 ab
1861 1380 2133 1451 episcopis
2161 1422 2174 1446 ,

576 1480 771 1550 dignus
787 1477 982 1533 exsilio
1009 1494 1036 1531 a
1067 1491 1195 1546 rege
1215 1487 1300 1531 est
1319 1474 1612 1544 judicatus.
1634 1475 1811 1542 Atque
1827 1473 1931 1527 hoc
1958 1474 2032 1528 ita
2062 1472 2179 1528 fieri

538 1594 542 1598 θ
577 1588 685 1627 non
713 1586 892 1626 rermn
924 1569 1081 1634 ordo,
1114 1569 1208 1623 sed
1241 1569 1380 1622 ratio
1407 1583 1471 1623 ex
1499 1566 1860 1637 praesentibus
1892 1565 2058 1635 petita
2080 1564 2178 1619 de-

576 1674 846 1721 monstrat
874 1681 886 1717 :
920 1672 979 1718 ut
1008 1679 1073 1718 ex
1105 1662 1190 1716 bis
1223 1661 1455 1731 primum
1494 1660 1767 1715 confessio
1807 1660 1987 1729 potius
2030 1657 2177 1719 ﬁdei.

1765 241 2010 299 SANtZ'I‘l
2050 238 2308 296 HlLABll
2345 237 2655 295 EPISCOPI

3772 231 3865 286 631’

2532 349 3013 408 FRAGMENTUM
3063 351 3106 407 ΙΙ
3146 350 3355 424 (Alias!
3386 350 3601 425 partis).

2664 482 2861 522 INCIPIT
2890 482 3174 522 EXEIPLUI
3203 480 3482 523 εριετοιιε

2390 558 2592 633 Synodi
2622 558 2951 615 Sardicensis
2980 557 3054 632 (ο)
3078 560 3148 613 ad
3176 561 3443 615 universas
3469 557 3754 615 Ecclesiae.

2816 651 3065 723 (Scripta:
3092 666 3183 707 an.
3214 652 3369 722 5W.)

2349 747 2400 801 1.
2437 746 2640 817 Synodi
2669 763 2848 802 causa.
2880 776 2950 786 —
2991 746 3150 800 Multa
3195 746 3413 817 quidem
3455 754 3513 801 et
3563 745 3867 818 frequenter

2274 837 2391 892 ausi
2434 845 2561 891 sunt
2590 839 2772 892 Ariani
2807 836 3047 892 hmretici
3079 839 3342 893 adversus
3370 853 3559 893 servo~
3581 839 3862 912 θεευεί,
3906 828 3907 867 ἓ

2275 930 2368 1002 qui
2401 930 2560 985 iidem
2588 940 2790 986 rectam
2823 941 2876 985 et
2901 931 3220 986 catholicam
3242 933 3578 987 custodiunt.
3611 935 3868 988 Adulteri-

2277 1037 2402 1078 nam
2438 1037 2668 1092 namque
2706 1023 3005 1079 doetrinam
3039 1025 3363 1091 inserentes,
3390 1023 3725 1082 orthodoxos
3756 1040 3868 1095 per—
3908 1012 3909 1045 Ῑ

2277 1117 2428 1186 si-qui
2460 1124 2820 1170 tentaverunt.
2853 1114 2912 1170 ltt
2942 1125 3149 1172 tantum
3176 1126 3357 1172 autem
3381 1132 3525 1171 nunc
3552 1131 3871 1172 exsurrexe-

2277 1220 2401 1262 runt
2446 1218 2632 1263 contra
2667 1207 2826 1263 iidem
2859 1251 2873 1275 ,
2922 1218 2978 1264 ut
3022 1225 3129 1265 non
3170 1210 3250 1281 (d)
3285 1210 3592 1281 religiosam
3624 1210 3865 1277 pietatem

2277 1300 2828 1356 clementissimorum
2873 1310 3261 1371 imperatorum
3312 1304 3528 1358 lateret.
3593 1301 3863 1373 Denique,
3912 1314 3913 1317 ‘

2278 1394 2450 1465 gratia
2497 1394 2589 1448 Dei
2620 1391 2934 1463 adjuvante,
2968 1394 3129 1449 etiam
3181 1394 3282 1464 ipsi
3328 1395 3738 1452 clementissimi
3786 1397 3870 1450 im-

2282 1496 2564 1557 peratores
2606 1489 3170 1560 congregaverunt(e)
3201 1504 3264 1545 ex
3304 1490 3541 1545 diversis
3589 1492 3870 1561 provinciis

2280 1585 2336 1634 et
2362 1578 2673 1634 civitatibus
2703 1579 2876 1650 ipsam
2907 1581 3175 1654 synodum
3207 1594 3447 1638 sanctam
3478 1626 3495 1651 ,
3524 1593 3579 1638 et
3608 1584 3661 1638 in
3690 1582 3873 1640 Sardi-

2281 1676 2523 1731 censium
2557 1676 2774 1731 civitate
2801 1677 2915 1731 llcri
2944 1679 3310 1747 permiserunt
3337 1696 3349 1732 :
3378 1688 3439 1733 ut
3461 1678 3641 1734 omnis
3666 1679 3871 1749 quidem
3916 1660 3917 1669 ‘

3898 228 3903 419 Ὺ

576 1772 739 1824 quam
768 1771 935 1823 paVor
962 1756 1015 1808 in
1059 1755 1277 1809 homine
1305 1753 1656 1821 intelligatur,
1690 1751 1765 1822 (b)
1787 1767 1852 1805 ex
1901 1751 2097 1820 quibus
2127 1749 2175 1804 in

2294 1767 2554 1823 dissensio
2585 1779 2961 1839 amputaretur
2981 1812 2997 1837 ,
3031 1770 3209 1841 iniqua
3235 1783 3412 1825 autem
3457 1771 3699 1827 doctrina
3733 1772 3876 1841 peni-

580 1865 705 1906 eum
730 1850 822 1920 qui
863 1848 1128 1903 adsensus
1155 1847 1238 1901 his
1267 1861 1373 1900 non
1404 1855 1511 1911 est,
1543 1845 1681 1915 cepit
1710 1844 1984 1914 iniuriam.

651 1951 704 2002 7.
737 1948 849 2015 Quo
882 1957 1031 2016 pacto
1048 1945 1322 2016 legendam
1343 1944 1429 1998 sit.
1450 1972 1522 1983 —
1560 1943 1736 2012 Atque
1766 1941 1868 1995 hoc
1890 1939 2053 1993 etiam
2073 1951 2179 1992 non

581 2042 847 2098 inutiliter
876 2038 1210 2101 admonebo,
1244 2045 1301 2091 ut
1325 2036 1389 2089 ad
1423 2050 1584 2090 omne
1623 2034 1727 2091 hoc
1769 2034 2023 2088 volttmen
2056 2032 2179 2088 dili-

579 2149 716 2205 gens
746 2132 975 2187 intentio
1022 2128 1361 2185 adhibeatur.
1395 2128 1590 2183 Omnia
1639 2129 1788 2183 enim
1844 2137 1970 2181 sunt
1997 2137 2053 2183 et
2095 2142 2183 2181 sc-

579 2225 818 2297 paranda
847 2222 1183 2293 temporibus
1204 2263 1218 2285 ,
1258 2228 1314 2276 et
1340 2220 1717 2290 distinguenda
1743 2220 1986 2289 judiciis,
2017 2229 2071 2275 et
2090 2234 2179 2275 se-

580 2317 851 2373 cernenda
878 2315 1157 2385 personis,
1187 2322 1244 2369 et
1266 2313 1556 2368 verborum
1586 2311 1926 2383 diiudicanda
1967 2313 2183 2367 virtuti-

580 2412 682 2466 bus
707 2428 719 2464 :
748 2424 814 2464 ne
837 2407 974 2463 forte
1001 2415 1081 2461 tot
1104 2406 1376 2476 epistolis,
1409 2415 1487 2461 tot
1519 2405 1742 2476 synodis
1773 2415 1900 2460 tunc
1925 2405 2181 2475 frequen-

580 2511 665 2558 ter
693 2502 927 2571 injectis,
961 2500 1269 2571 pernicioso
1304 2509 1430 2555 ante
1457 2498 1618 2554 linem
1639 2499 1851 2555 fastidio
1875 2500 2179 2570 expleatur.

581 2596 775 2666 Agitur
817 2603 996 2648 autem
1045 2593 1100 2647 in
1141 2592 1224 2646 his
1249 2634 1264 2660 ,
1314 2607 1436 2662 qum
1464 2591 1706 2662 cognitio
1747 2593 1839 2647 Dei
1874 2593 2182 2663 expetenda

564 2689 676 2753 'sit,
702 2701 825 2758 qua:
864 2700 992 2756 spes
1034 2685 1360 2740 aeternitatis
1385 2725 1398 2748 ,
1458 2684 1511 2739 in
1555 2700 1662 2755 quo
1700 2685 1935 2755 perfecta
1985 2686 2183 2741 veritas

580 2791 724 2839 statu
753 2780 975 2835 hzereat.
1012 2778 1079 2833 Et
1102 2793 1225 2833 cum
1261 2788 1367 2832 tam
1406 2780 1587 2849 gravis
1619 2778 1698 2834 rei
1727 2779 2001 2850 negotium
2035 2789 2180 2835 trac-

582 2885 729 2932 tetur
754 2917 768 2942 ,
821 2883 1037 2944 oportet
1077 2879 1133 2926 et
1189 2886 1631 2941 unumquemque
1679 2872 1763 2926 his
1798 2871 1961 2927 modo
1998 2889 2182 2928 curam

578 2965 978 3038 cognoscendis
1003 2964 1167 3020 rebus
1209 2962 1526 3031 impendere
1549 3004 1564 3029 ,
1607 2973 1665 3018 ut
1687 2962 1893 3033 judicio
1922 2962 2183 3035 deinceps

583 3059 801 3130 proprio
826 3055 1156 3123 consistens,
1176 3054 1490 3124 opinionem
1520 3069 1626 3109 non
1649 3062 1907 3126 sequatur
1924 3054 2176 3112 alienam.

586 3151 838 3221 Explicit.

587 3794 743 3850 minis
769 3790 1051 3847 Christiani
1077 3792 1358 3845 involvunt.
1388 3790 1622 3844 Rursum
1650 3788 1743 3845 lib.
1772 3787 1838 3843 ad
1867 3786 2114 3843 eumdem
2142 3805 2179 3843 ll

586 3872 899 3921 constanter
937 3863 1006 3916 ab
1033 3863 1152 3928 ipso
1179 3864 1468 3931 exponitur
1490 3858 1617 3915 ﬁdei
1641 3859 1975 3931 depravatio,
2003 3869 2057 3913 et
2083 3874 2181 3914 an-

584 3935 786 3993 dientia
810 3935 972 3987 enixe
1004 3934 1326 4001 postulatur.

660 4006 739 4074 (α)
772 4006 826 4058 In
856 4005 1101 4072 vulgatis.
1135 4003 1215 4057 illi
1252 4003 1521 4058 sententia.
1574 4001 1842 4074 Yerittsjn
1886 4017 2044 4074 mss.,
2084 4002 2178 4056 illa

582 4072 854 4142 sententia,
886 4076 1002 4130 scil.
1033 4074 1147 4131 Arii
1175 4075 1444 4129 lautorum
1464 4118 1479 4144 ,
1521 4073 1714 4145 quibus
1755 4072 2012 4128 Paulinus
2040 4087 2174 4127 con-

581 4150 785 4206 sentire
812 4148 999 4201 noluit.

654 4220 729 4293 (ὁ)
763 4217 936 4293 Faber
959 4233 1202 4293 cuutsuo
1229 4236 1354 4282 ms.,
1388 4227 1432 4272 et
1454 4218 1651 4293 quibus
1669 4217 1723 4270 in
1750 4231 1863 4270 eum
1885 4217 1973 4293 qui
1998 4216 2185 4271 adsen-

582 4288 671 4349 sus
699 4292 815 4363 quis
844 4305 958 4364 non_
987 4291 1119 4360 cepit
1150 4290 1418 4364 injuriam.
1454 4288 1715 4364 Deposita
1746 4289 1936 4364 vocula
1980 4303 2046 4341 ea:
2085 4304 2181 4364 pro

583 4373 650 4428 et,
681 4359 805 4417 cum
859 4359 1137 4426 utriusque
1188 4359 1242 4415 in
1276 4362 1513 4428 antiquis
1540 4359 1693 4414 libris
1742 4375 1844 4413 una
1875 4360 2043 4429 ligttra
2085 4360 2175 4425 sit,

582 4444 782 4488 eastern
806 4429 1131 4489 corrigimus
1156 4446 1225 4485 ex
1252 4431 1527 4489 Sirmondi
1559 4430 1905 4485 lectionibus.
1924 4432 1978 4486 Si
2012 4430 2174 4484 etiam

2287 1872 2371 1917 tus
2403 1864 2651 1931 eXpulsa,
2690 1863 2863 1933 pietas
2890 1866 3027 1930 sola,
3066 1878 3186 1934 quae
3212 1874 3294 1919 est
3322 1864 3373 1919 in
3404 1862 3645 1929 Christo,
3667 1865 3733 1919 ab
3766 1879 3876 1919 om-

2283 1953 2441 2008 nibus
2472 1955 2855 2009 custodiretur.
2899 1953 3183 2010 Venerunt
3208 1956 3351 2011 enim
3394 1957 3466 2011 ab
3497 1955 3717 2011 Oriente
3765 1957 3875 2026 epi~

2283 2048 2430 2116 scopi
2450 2047 2826 2102 cohortatione
2850 2047 3067 2102 excitati
3090 2047 3455 2117 piissitoorum
3478 2052 3872 2118 imperatorum,

2286 2142 2522 2194 maxime
2553 2150 2775 2210 propter
2803 2139 2853 2193 id
2872 2139 3013 2210 quod
3038 2138 3353 2210 frequenter
3383 2141 3435 2194 in
3461 2140 3875 2194 murmuratione

2283 2231 2411 2296 fuit,
2453 2232 2505 2287 id
2530 2241 2636 2300 est,
2661 2231 2730 2287 de
2751 2231 3121 2315 dilectissimis
3148 2231 3405 2287 fratribus
3443 2232 3649 2287 nostris
3677 2244 3731 2286 et
3759 2246 3877 2285 coe-

2284 2325 2548 2397 piscopis,
2582 2325 2877 2381 Athanasio
2897 2326 3155 2396 episcOpo
3179 2324 3527 2379 Alexandria:
3549 2334 3604 2377 et
3633 2323 3875 2379 Marcello

2282 2418 2538 2488 episcopo
2556 2415 3041 2490 Ancyro—Galatiaz.
3074 2416 3140 2489 (ο
3163 2416 3509 2473 Arbitramur
3523 2425 3696 2473 autem
3719 2417 3872 2470 etiam

2284 2509 2353 2564 ad
2382 2524 2479 2565 vos
2509 2511 2655 2581 ipsos
2688 2512 3007 2580 pervenisse
3049 2523 3237 2565 eorum
3278 2508 3603 2575 calumnias,
3642 2517 3697 2564 et
3721 2521 3872 2562 aures

2284 2618 2492 2661 vestras
2538 2613 2779 2661 tentasse
2822 2620 2916 2660 eos
2948 2617 3294 2660 commovere
3330 2618 3439 2658 non
3471 2601 3829 2657 dubitavimus
3859 2618 3869 2654 :

2286 2708 2343 2753 nt
2368 2700 2655 2754 adversum
2708 2698 3028 2753 innocentes
3076 2697 3292 2766 quidem
3328 2711 3452 2765 qua:
3482 2695 3665 2751 dicunt
3691 2693 3871 2749 creda-

2286 2792 2374 2855 tis,
2410 2790 2689 2845 sceleratze
2718 2801 2896 2845 autem
2928 2788 3200 2844 haereseos
3240 2804 3353 2845 suae
3401 2788 3761 2859 suspicionem
3801 2799 3871 2841 te-

2283 2896 2432 2957 gant.
2463 2884 2569 2939 Sed
2597 2900 2701 2939 non
2740 2885 2941 2939 diutius
2959 2882 3205 2938 haec-illis
3232 2880 3413 2937 facere
3438 2881 3751 2951 permissum
3769 2890 3867 2936 est.

2284 2981 2382 3037 Est
2413 2980 2557 3035 enim
2586 2978 2913 3050 gubernator
2948 2975 3313 3032 Ecclesiarum
3348 2975 3629 3040 Dominus,
3670 2974 3745 3045 (ς)
3784 2973 3866 3044 qui

2289 3090 2385 3145 pro
2411 3073 2665 3128 Ecclesiis
2694 3082 2747 3127 et
2775 3086 2872 3141 pro
2896 3066 3148 3125 omnibus
3177 3068 3331 3124 nobis
3352 3077 3584 3124 mortem
3610 3067 3865 3133 sustinuit,

2211 3137 2257 3200 Ο
2290 3137 2345 3224 et
2370 3165 2448 3241 (h)
2478 3177 2699 3238 propter
2726 3137 2818 3221 eas
2843 3165 3113 3221 Ecclesias
3152 3164 3475 3220 adscensum
3502 3163 3556 3220 in
3582 3164 3742 3220 caelos
3763 3178 3869 3217 om-

2292 3260 2451 3316 nibus
2478 3259 2633 3314 nobis
2670 3258 2878 3314 tribuit.

2361 3351 2417 3406 2.
2450 3351 2720 3423 Synodum
2740 3352 2885 3405 adire
2906 3351 3162 3423 trepidant
3195 3350 3493 3406 Eusebiani.
3515 3381 3587 3392 —
3608 3349 3741 3407 Olim
3760 3349 3867 3421 qui-

2290 3444 2414 3500 dem
2444 3444 2816 3499 scribentibus’
2845 3442 3082 3500 Eusebio
3105 3482 3120 3510 ,
3152 3443 3319 3500 Mario
3344 3486 3359 3508 ,
3415 3442 3721 3510 Theodoro,
3753 3442 3864 3498 Dio-

2287 3539 2454 3608 gnito,
2480 3536 2703 3592 Ursacio
2729 3546 2783 3591 et
2808 3534 3052 3601 Valente,
3080 3534 3141 3610 (i)
3168 3536 3334 3603 Jullo,
3365 3536 3734 3593 consacerdoti
3754 3551 3864 3590 nos-

2291 3640 2396 3697 tro,
2421 3629 2681 3687 Romana:
2708 3631 2964 3687 Ecclesiae
2986 3630 3264 3701 episcopo,
3294 3628 3580 3686 adversum
3602 3629 3861 3703 prtedictos

2291 3803 2581 3858 perpessos
2608 3804 2752 3855 esse,
2782 3804 2942 3858 quam
2969 3788 3111 3857 quod
3161 3790 3378 3844 Ariante
3425 3789 3622 3846 haeresi
3650 3803 3859 3845 consen-

2288 3862 2421 3926 tire,
2456 3869 2511 3915 et
2539 3862 2686 3916 falsis
2736 3869 2922 3917 contra
2970 3860 3146 3930 ipsum
3199 3861 3489 3915 calumniis
3543 3861 3860 3917 subscribere

2290 3932 2615 3986 noluissent.
2653 3933 2746 3985 llis
2773 3931 3049 3999 pr:emittit
3083 3931 3480 3989 Theodoretus.
3515 3932 3858 3987 blediolanen-

2283 4002 2361 4056 sis
2389 4002 2585 4074 synodi
2611 4018 2833 4074 scopum
2878 4003 3073 4066 luisse,
3107 4013 3157 4074 nt
3190 4000 3550 4057 Constantius
3603 4004 3858 4074 episcopos

2282 4072 2504 4148 erigeret,
2538 4076 2747 4148 expulso
2773 4072 2834 4127 ab
2861 4074 3084 4128 ecclesiis
3114 4073 3418 4141 Athanasio,
3453 4074 3610 4129 aliam
3636 4072 3753 4144 ﬁdei
3769 4079 3859 4148 {or-

2282 4146 2472 4199 tnulant
2496 4145 2828 4199 conscribere.

2368 4215 2438 4287 (c)
2476 4215 2729 4284 Epistola-
2754 4216 2911 4283 hujus
2943 4215 3244 4283 inscriptio,
3268 4231 3389 4286 qum
3417 4214 3511 4287 hic,
3525 4215 3856 4281 desideratur,

2289 4297 2343 4340 et
2375 4286 2513 4356 apud
2544 4287 2900 4342 Athanasium
2942 4287 3083 4357 apol.
3114 4302 3151 4357 tt
3180 4328 3193 4350 ,
3250 4305 3299 4354 p.
3329 4288 3468 4351 ibi),
3502 4286 3723 4342 habetur
3746 4302 3855 4355 sup-

2291 4358 2492 4427 pressis
2537 4358 2842 4413 nominibus
2893 4356 3482 4430 provittciirtt_ttt_unde
3528 4359 3755 4430 synodus
3784 4368 3855 4413 est

2285 4439 2630 4501 congregata,
2662 4438 2841 4484 esstat
2874 4426 3080 4499 integra
3112 4426 3252 4499 apud
3283 4426 3701 4497 Theodoretum,
3734 4431 3813 4486 lib.
3828 4445 3856 4483 ll

582 4512 739 4579 antea
773 4517 868 4579 pro
895 4517 1048 4571 quam
1075 4517 1236 4579 pavor
1264 4504 1317 4557 in
1339 4504 1561 4579 homine.
1610 4502 1803 4572 legeris
1833 4519 1985 4579 quam
2028 4505 2176 4579 [door
2205 4518 2255 4579 ο
2290 4501 2495 4579 lict-les.
2531 4501 2738 4579 llist_.__c.
2764 4503 2818 4579 8ἶ

580 4577 637 4629 in
666 4575 961 4641 hominem;
993 4572 1284 4644 etinteger
1314 4573 1420 4627 erit
1443 4587 1661 4634 sensus,
1692 4584 1747 4627 et
1771 4572 1994 4644 evidens
2028 4572 2170 4627 ilila-

579 4646 649 4702 rii
681 4645 841 4710 ratio,
896 4658 994 4698 cur
1019 4643 1089 4699 ab
1120 4643 1451 4701 Arelatensis
1488 4644 1681 4713 synodi
1710 4643 1877 4713 gestis
1906 4643 2129 4712 incipiat
2155 4662 2167 4695 :

579 4727 637 4772 ut
676 4716 933 4772 videlicet
962 4715 1186 4781 primum
1217 4732 1281 4770 ea:
1306 4714 1387 4769 his
1407 4758 1423 4781 ,
1457 4731 1518 4769 ea:
1546 4714 1727 4783 quibus
1753 4718 1806 4767 in
1834 4731 1950 4768 eum
1979 4714 2173 4784 (Atha-

579 4789 815 4854 nasium)
847 4786 933 4858 qui
961 4785 1209 4841 adsensus
1233 4788 1312 4841 his
1334 4786 1351 4851 (
1371 4784 1599 4854 \rianis)
1631 4802 1728 4838 non
1760 4796 1855 4851 est,
1880 4786 2019 4858 cepit,
2039 4786 2175 4853 inju-

578 4862 713 4914 riam
739 4857 998 4931 (exsilii);
1032 4859 1284 4931 confessio
1310 4858 1433 4927 ﬁdei
1461 4858 1646 4919 potius,
1667 4872 1818 4924 quam
1843 4858 1985 4931 fauor
2006 4857 2056 4908 in
2085 4861 2177 4910 ho-

578 4927 789 4991 minem,
820 4927 1157 4998 intelligatur,
1188 4930 1242 4985 in
1269 4944 1431 4984 causa
1458 4943 1602 4992 esse,
1635 4943 1728 4980 cur
1747 4927 2057 4981 Sacerdotes
2078 4944 2175 4981 ex-

578 5002 760 5056 silium
818 4999 1135 5070 suscipiant.
1193 5000 1403 5069 Quibus
1456 5006 1817 5070 consentanea
1878 5005 2001 5051 sunt
2063 4998 2177 5054 ha-c

577 5071 801 5141 Sulpicii
830 5067 1037 5131 Severi.
1072 5073 1165 5126 lib.
1199 5067 1257 5130 ti.
1294 5086 1413 5141 pag.
1443 5071 1553 5124 ‘246
1582 5087 1594 5123 ε
1632 5067 1924 5133 Petebatur,
1952 5079 2004 5141 nt
2028 5070 2175 5141 prius

576 5140 731 5211 quum
757 5145 809 5196 in
832 5143 1172 5197 Athanasium
1196 5140 1509 5197 subscribere
1529 5152 1846 5204 colerentur,
1878 5141 1940 5191 de
1959 5140 2062 5210 ﬁde
2083 5157 2173 5208 po-

579 5215 681 5268 tius
704 5215 1078 5285 disceptarent;
1102 5232 1192 5268 nec
1221 5225 1328 5268 tum
1350 5214 1548 5285 demum
1572 5212 1634 5265 de
1667 5228 1722 5263 re
1738 5215 2170 5285 (cognoscendum,

574 5301 696 5339 cum
724 5285 787 5338 de
817 5280 1035 5357 persona
1076 5286 1337 5357 judicium
1366 5284 1689 5357 constitisset.
1726 5280 1831 5337 Sed
1882 5280 2066 5336 Valens
2091 5300 2174 5336 so-

574 5358 739 5424 ciique
788 5356 900 5426 ejus
951 5356 1094 5426 prius
1135 5357 1404 5409 Athanasii
1445 5356 1835 5426 damnationem
1872 5362 2173 5426 extorquere

572 5423 843 5499 cupiebant
868 5467 881 5489 ,
918 5428 995 5499 Vde
1026 5425 1126 5491 ﬁde
1156 5438 1350 5499 certare
1364 5425 1663 5499 _nonAausi.
1710 5423 1785 5477 Ab
1816 5425 1911 5477 hoc
1942 5425 2167 5499 partium

573 5495 818 5566 conﬂictu
844 5498 1013 5566 agitur
1029 5503 1080 5550 tn
1094 5497 1329 5551 exsilium
1359 5496 1651 5551 Paulinus:
1681 5511 1787 5549 non
1808 5507 2011 5549 tantum
2039 5495 2164 5562 quia

575 5570 872 5637 Athanasio
900 5588 952 5627 ιι,
997 5568 1090 5622 sed
1138 5568 1261 5637 quia
1322 5568 1480 5621 iidem
1532 5567 1802 5637 tuebatur,
1839 5568 2166 5637 Athanasius

574 5636 690 5704 ipse
749 5653 779 5690 a
824 5635 1168 5691 'l‘heodarvto
1214 5640 1459 5692 laudatus
1513 5636 1605 5690 lib.
1641 5652 1679 5689 tt
1742 5635 1875 5690 "ist.
1921 5636 2161 5701 Eecles.,

575 5721 638 5777 ο.Δ
660 5706 747 5767 iii,
783 5713 1154 5777 testatur,‘eos
1172 5709 1261 5777 qui
1284 5726 1311 5760 :t
1339 5706 1721 5777 ilediolanensi
1751 5707 1957 5777 synodo
1986 5708 2038 5760 in
2068 5724 2162 5763 ex-

572 5770 756 5829 siliunt
783 5770 1051 5844 deportati
1091 5770 1243 5843 sunt,
1298 5778 1348 5832 id
1401 5779 1602 5832 nullam
1654 5770 1813 5832 aliain
1846 5780 1913 5833 ob
1943 5793 2159 5834 causam

2355 4571 2433 4643 (ά)
2462 4570 2987 4647 .\_pttt|_'l_'lteodorel.,
3090 4569 3325 4647 undi-nia
3337 4573 3492 4632 ἀκοήν
3512 4582 3613 4629 τῶν
3632 4574 3853 4647 θεοφὼοξο

2276 4644 2441 4718 sese.»
2482 4643 2736 4718 βᾳσιλέων
2777 4644 2966 4718 laesis.
2998 4642 3366 4718 Ctttttgllilario
3401 4646 3592 4718 magis
3615 4642 3853 4700 consentit

2277 4713 2625 4787 Athanasius,
2655 4717 2723 4787 ab;
2749 4713 2876 4787 μηδὲ
2908 4719 2997 4787 τὴν
3024 4714 3292 4769 εὐσέϐειαν
3318 4721 3420 4787 τῶν
3442 4717 3822 4773 εὐλαϐεστάτων.

2354 4782 2426 4855 (e)
2462 4785 2539 4839 Ex
2566 4782 2757 4861 graecis
2780 4785 3182 4861 exemplaribus
3199 4786 3512 4861 legendum,
3545 4802 3849 4861 congregave-

2280 4868 2397 4910 runt
2428 4873 2519 4910 nos
2562 4872 2626 4910 ea:
2672 4856 2888 4911 diversis
2932 4857 3209 4925 provinciis
3239 4866 3284 4910 et
3315 4856 3701 4924 civitatibusfet
3728 4856 3848 4910 hanc

2280 4934 2512 4997 sanctam
2538 4927 2792 4997 synodum
2822 4928 2894 4982 in.

2356 4996 2428 5073 (ί)
2461 4996 2787 5073 Athanasius
2817 4997 3015 5073 pariter
3035 4999 3122 5053 hic
3144 5001 3366 5064 omittit,
3392 5011 3439 5056 et
3468 5000 3682 5073 Asclepa
3695 4998 3841 5063 Gaza,

2288 5068 2430 5136 quod
2461 5068 2836 5123 Theodoretus
2868 5069 3046 5123 habet.

2353 5141 2428 5216 (g)
2453 5139 2473 5194 Ῑ
2500 5163 2506 5189 ι
2536 5155 2714 5216 grteco
2731 5140 2941 5216 textué
2965 5141 3097 5216 ὑπὲρ
3122 5141 3318 5216 τούτων
3357 5148 3442 5200 καί
3466 5146 3663 5201 πάντων
3697 5145 3840 5216 ἡμῶν,

2278 5213 2361 5281 qui
2407 5227 2498 5277 pro
2529 5211 2640 5273 his,
2670 5211 2783 5265 scil.
2816 5211 3112 5267 Athanasio
3135 5223 3187 5266 et
3208 5214 3483 5269 Marcello.

2352 5283 2435 5351 (h)
2464 5283 2553 5336 llis
2583 5282 2819 5336 coocinit
2840 5298 3002 5349 gmw.
3044 5283 3392 5345 Theodoreti,
3426 5286 3452 5341 ὁ
3478 5285 3542 5342 δι’
3572 5288 3733 5347 αὑτάς.
3756 5283 3842 5338 Ve-

2278 5353 2390 5425 rior
2407 5365 2581 5407 tamen
2604 5353 2814 5425 videtur
2832 5353 2991 5407 lectio
3014 5354 3310 5416 Athanasii,
3335 5356 3501 5413 midt'
3526 5356 3838 5425 {auramquia

2274 5424 2422 5496 illius
2453 5433 2627 5479 a-tatts
2656 5424 2903 5479 Patribus
2952 5425 3080 5481 nihil
3114 5427 3361 5479 usitatius
3391 5437 3505 5489 est.
3540 5447 3691 5496 quam
3721 5424 3769 5482 ut
3795 5428 3836 5477 in

2268 5492 2711 5566 Clll'iSlOAleth‘
2739 5496 3100 5551 ad~ceodeute
3153 5512 3250 5550 nos
3298 5502 3499 5566 pariter
3523 5492 3838 5554 adsci-ndisse

2268 5563 2473 5642 dicant1
2490 5564 2605 5642 Vill:
2630 5579 2725 5642 t.t,_
2740 5585 2788 5634 p.
2805 5567 2867 5621 2i
2886 5570 2932 5642 7,
2951 5575 3062 5642 not.
3080 5567 3107 5637 f
3122 5563 3394 5642 (colai'ili,
3429 5572 3570 5642 notj
3587 5582 3709 5625 nost.
3725 5568 3836 5638 ed.).

2342 5636 2403 5707 (ο)
2438 5636 2509 5687 Ex
2544 5636 2657 5690 'l'he
2683 5638 2885 5691 .doi't-to
2923 5638 3007 5691 hie
3050 5636 3384 5701 addendum,
3440 5636 3772 5707 Menaphanto
3795 5636 3833 5692 et

2268 5706 2551 5790 Stephano.
2578 5706 2906 5790 Athanasius
2937 5721 3114 5790 autem
3150 5719 3353 5765 tantum
3381 5706 3833 5790 habybﬂmpiEb-

2267 5780 2459 5847 σέϐων,
2488 5778 2664 5834 tacitis
2690 5779 2919 5834 aliorum
2951 5782 3329 5851 episcoporum
3355 5782 3500 5837 nolui
3527 5783 3674 5839 nibus.
