3958 6194
101 242 206 301 635

1067 246 1157 301 EX
1196 243 1425 301 OPICRE
1467 242 1829 301 HISTORICO
1867 240 2344 304 FRAGMENTUM
2385 247 2450 304 ll.

3320 247 3424 306 655

104 364 463 435 coepiscopos
494 375 725 423 nostros
755 365 1012 437 (dicimus
1051 378 1230 423 autem
1278 367 1628 423 Athanasium
1678 375 1731 421 et
1757 368 1805 426 A
1837 375 1920 423 ter
1945 365 2046 422 bos
2073 381 2214 438 quos
2239 366 2378 424 falso
2422 368 2799 440 adpetiverunt
2825 411 2838 435 ,
2871 383 3060 424 verum
3090 367 3253 423 etiam
3282 366 3423 439 (sup—

105 455 415 513 Ilarcellum
433 457 572 530 (a));
596 469 658 515 ut
683 461 1014 531 scripserunt
1036 475 1104 516 ex
1131 460 1253 515 aliis
1280 460 1414 517 locis
1438 470 1494 516 ut
1523 458 1597 533 (ὸ)
1613 461 1728 529 epi-

106 550 247 619 scopi
281 549 464 603 nostri
490 564 508 616 ;
543 565 675 621 quae
701 562 878 606 autem
907 554 975 605 ab
1005 551 1240 607 Eusebio
1262 551 1400 607 facta
1421 560 1568 616 sunt,
1595 552 1728 608 nihil

106 641 244 696 aliud
289 656 463 711 quam
495 642 759 699 falsitatis
798 653 854 700 et
890 643 1152 699 mendacii
1187 644 1354 700 fuisse
1379 646 1556 715 plena.
1594 645 1727 702 Nam

106 735 204 793 etsi
253 750 318 789 ex
353 750 426 791 eo
457 736 543 806 (r)
568 778 586 802 ,
639 752 744 808 quo
773 738 947 793 vocati
974 745 1099 790 sunt
1130 736 1212 808 (tl)
1235 753 1264 791 a
1294 737 1438 793 Julio
1473 737 1729 808 episcopo

106 829 384 885 carissimo
406 829 592 903 623
627 830 791 886 fratre
810 840 1018 896 nostro,
1041 829 1234 886 claruit
1261 830 1505 887 noluisse
1524 844 1620 886 eos
1638 847 1730 886 ve—

106 921 244 977 uisse
265 934 331 975 ex
356 919 504 991 ipsis
528 921 738 978 litteris
769 922 963 993 quibus
986 936 1173 978 eorum
1205 921 1483 978 mendacia
1516 922 1728 979 detecta

108 1025 223 1071 sunt
263 1016 596 1082 (venissent
620 1017 764 1072 enim
792 1058 806 1082 ,
834 1017 876 1072 si
915 1016 1233 1073 habuissent
1261 1016 1511 1073 ﬁduciam
1537 1031 1729 1073 eorum

109 1123 220 1178 quas
266 1115 574 1177 gesserunt
621 1108 885 1164 adversus
924 1108 1275 1179 coepiscopos
1302 1106 1571 1178 nostros);
1604 1107 1731 1163 licet

112 1197 225 1269 (leg.
258 1206 447 1252 tamen
510 1214 615 1268 pro
648 1199 795 1270 licet)
829 1200 989 1256 etiam
1038 1217 1104 1257 ex
1155 1200 1306 1271 ipsis,
1335 1216 1455 1272 qua:
1487 1200 1727 1256 fecerunt

112 1294 160 1348 in
187 1292 290 1347 isto
322 1303 528 1348 saneto
569 1304 628 1349 et
668 1308 863 1365 magno
900 1294 1165 1361 concilio,
1199 1293 1532 1349 manifestior
1580 1292 1729 1348 falsi-

112 1385 227 1438 tatis
267 1398 383 1439 sua:
414 1395 742 1441 commenta
775 1385 1152 1454 prodiderunt.
1186 1384 1465 1442 Venerunt
1494 1386 1641 1442 enim
1673 1395 1726 1442 et

113 1478 172 1533 ad
201 1477 631 1535 Sardiceusium
671 1479 969 1548 civitatem,
1004 1490 1062 1536 et
1088 1479 1334 1536 videntes
1366 1480 1723 1535 Athanasium

115 1579 165 1624 et
184 1566 503 1625 Marcellum
526 1613 543 1636 ,
570 1571 861 1642 Asclepam
891 1580 944 1627 et
960 1573 1115 1640 alios,
1144 1573 1440 1629 timuerunt
1462 1573 1645 1629 venire
1662 1572 1729 1628 ad

110 1662 359 1731 judicium
397 1679 411 1717 :
446 1673 507 1718 et
535 1679 651 1719 non
684 1666 849 1721 semel
880 1680 1057 1736 neque
1083 1667 1312 1732 iterum,
1338 1666 1431 1722 sed
1471 1666 1726 1736 frequen-

118 1767 197 1812 ter
224 1757 400 1811 vocati
455 1769 914 1829 eontempserunt
951 1759 1323 1815 invitationem
1370 1759 1563 1830 synodi
1610 1775 1729 1814 om-

118 1850 252 1905 nium
284 1861 619 1907 nostrorum
647 1854 712 1926 (f.
747 1852 1033 1925 nostrum),
1079 1853 1172 1924 qui
1216 1855 1573 1909 convenimus
1610 1856 1727 1925 cpi—

120 1944 283 2012 scopi,
306 1954 357 1999 et
388 1945 641 2000 maxime
670 1946 993 2001 venerabilis
1022 1954 1257 2002 senectae
1285 1945 1525 2010 Ossium,
1556 1948 1647 2018 qui
1676 1956 1730 2002 et

117 2042 328 2104 propter
376 2044 611 2092 :etatem
651 2047 705 2092 et
757 2036 1156 2093 confessionem
1191 2048 1243 2094 et
1288 2038 1422 2093 tanti
1461 2039 1725 2107 temporis

121 2125 389 2195 probatam
446 2126 659 2194 fidem,
705 2127 895 2202 (e)qui
925 2136 1133 2185 tantum
1179 2130 1419 2186 laborem
1467 2129 1520 2186 id
1550 2131 1727 2186 aetatis

121 2232 212 2287 pro
239 2219 509 2276 Ecclesia:
541 2221 778 2277 utilitate
804 2223 1081 2291 sustinuit,
1125 2233 1182 2278 ut
1225 2225 1372 2278 omni
1419 2225 1725 2280 reverentia

123 2311 464 2380 dignissimus
508 2313 802 2370 habeatur.
851 2316 1301 2386 Exspectantibus
1350 2318 1623 2383 omnibus,
1672 2330 1728 2373 et

122 2402 524 2459 cohortantibus
556 2419 658 2461 eos
681 2407 867 2462 venire
892 2408 958 2461 ad
978 2407 1265 2477 judicium,
1298 2415 1355 2462 ut
1381 2408 1586 2473 omnia,
1607 2424 1727 2478 qua:

126 2494 189 2549 de
234 2497 726 2554 consacerdotibus
774 2500 976 2555 nostris
1029 2500 1172 2572 (add.
1220 2501 1585 2566 abeuntibus)
1640 2501 1725 2557 vel

128 2586 369 2644 dixerunt
398 2590 489 2646 vel
519 2592 886 2662 scripserunt,
918 2602 1214 2663 praesentes
1245 2602 1466 2662 possent
1501 2595 1726 2650 convin-

129 2692 261 2745 cere,
294 2683 473 2737 vocati
505 2698 621 2738 non
652 2695 935 2751 venerunt,
969 2685 1109 2740 sicut
1137 2685 1481 2754 pra-diximus
1507 2697 1727 2742 :osten-

130 2772 301 2829 dentes
337 2779 507 2831 etiam
568 2793 634 2833 ex
674 2777 759 2832 his
805 2779 1095 2834 falsitatem
1140 2794 1337 2846 suam,
1392 2796 1497 2837 non
1549 2782 1723 2838 solum

132 2870 549 2927 commentitiam
601 2871 845 2927 fraudem
899 2882 994 2928 aut
1059 2874 1378 2944 exquisitam
1428 2876 1722 2932 versutiam

134 2977 280 3032 quam
302 2963 561 3021 fecerunt
588 2966 879 3037 prodentes
898 2982 994 3037 per
1016 2970 1438 3024 excusationem.
1459 2969 1559 3038 Qui
1578 2971 1723 3026 enim

136 3053 316 3113 habent
338 3058 597 3116 ﬁduciam
625 3061 855 3131 probare
882 3076 1081 3133 eaquae
1108 3062 1359 3118 absentes
1375 3061 1582 3129 dicunt,
1605 3062 1721 3119 haec

136 3159 414 3215 praesentes
461 3153 641 3221 parati
679 3161 807 3207 sunt
835 3153 1184 3209 convincere.
1236 3153 1341 3208 Sed
1384 3154 1506 3224 quia
1538 3159 1724 3210 venire
1749 3145 1794 3209 C
1827 3172 1920 3213 sus
1968 3157 2247 3213 ministros
2276 3155 2374 3211 Dei
2415 3173 2430 3208 :

138 3254 231 3296 non
258 3243 366 3298 ausi
396 3255 523 3299 sunt
543 3287 560 3313 ,
592 3244 916 3301 arbitramur
940 3247 1008 3301 de
1035 3256 1239 3302 caetero
1264 3246 1533 3316 neminem
1573 3249 1723 3319 igno-

138 3346 263 3399 tare,
288 3336 448 3391 etiam
492 3338 540 3392 si
585 3338 663 3392 illi
701 3338 898 3393 iterum
951 3338 1212 3394 malitiam
1261 3354 1413 3395 suam
1464 3354 1723 3397 exercere

138 3424 423 3494 voluerunt,
453 3428 598 3485 nihil
621 3428 954 3485 sufﬁcientes
983 3430 1214 3499 probare
1241 3431 1506 3487 adversus
1526 3445 1725 3487 consa-

140 3515 366 3574 cerdotes
394 3531 622 3577 nostros
646 3564 661 3587 ,
703 3536 842 3592 quos
892 3522 1146 3578 incusant
1174 3522 1392 3594 quidem
1424 3524 1679 3581 absentes
1703 3568 1720 3593 ,

143 3621 419 3677 praesentes
443 3622 633 3670 autem
656 3614 886 3685 fugiunt.

202 3701 250 3755 5.
279 3701 549 3776 Fugiunt;
579 3718 773 3779 quanta
803 3716 851 3761 et
883 3717 1007 3776 quot
1036 3723 1213 3762 eorum
1254 3709 1492 3765 crimina.
1518 3737 1591 3752 --
1618 3709 1723 3766 Fu-

144 3805 311 3861 gerunt
342 3799 485 3854 enim
507 3841 523 3865 ,
575 3799 912 3855 dilectissimi
940 3800 1181 3867 Fratres,
1209 3815 1316 3856 nou
1359 3802 1535 3858 solum
1563 3819 1723 3874 prop-

206 3976 277 4051 (a)
298 3978 531 4037 Rursum
589 3981 677 4036 hic
720 3980 1099 4037 'l‘heodoretus
1165 3981 1384 4051 subjieit
1430 3982 1723 4050 Asclepam,
1772 3991 1781 4002 '

146 4047 420 4122 Athanasio
442 4053 841 4109 consentiente.
899 4052 1102 4109 Deinde
1147 4047 1349 4121 pro'ut
1381 4047 1719 4122 scripserunt,

147 4116 244 4194 leg.
258 4131 302 4194 et
316 4126 667 4194 scripserunt,
695 4122 873 4193 quasi,
906 4123 1113 4194 pariter
1132 4116 1483 4194 scripserunt.

209 4189 794 4269 (ltlAQupdatnanueitsi
826 4189 1298 4269 ob'repctitione'tu
1330 4197 1475 4248 vocis
1496 4197 1726 4269 epismpi

148 4263 341 4335 excidit,
371 4264 532 4322 facile
558 4267 638 4320 sic
666 4275 846 4334 potest
872 4266 1110 4335 suppleri
1140 4283 1152 4317 :
1184 4267 1501 4335 scripserunt
1522 4263 1588 4322 ea:
1605 4263 1725 4323 aliis

150 4330 257 4386 locis
295 4337 537 4410 episwpi.
584 4330 1056 4410 contumulet-(vei
1088 4346 1141 4391 ut
1169 4330 1596 4410 conteslurentur)
1645 4341 1726 4393 iu-

155 4406 411 4477 uocentium
434 4409 708 4463 Athanasii
735 4406 1022 4477 coepisco'pi
1043 4410 1222 4475 nostri,
1255 4424 1368 4474 qua:
1394 4406 1587 4473 autem,
1616 4418 1721 4466 etc.

214 4476 276 4551 (ς)
324 4480 473 4551 apud
527 4478 950 4551 Tltcodort-tum.
1007 4478 1074 4532 Et
1102 4480 1333 4546 quamvis
1362 4496 1423 4533 ex
1453 4497 1532 4551 ego,
1579 4485 1719 4551 quod

1830 463 1915 534 ple
1955 462 2199 535 propter)
2234 463 2334 519 hos
2362 464 2456 534 qui
2492 477 2558 519 ex
2586 461 2820 519 diversis
2846 461 2980 517 locis
3021 468 3422 528 convenerunt,

1832 562 1888 609 ut
1944 553 2167 611 eosdem
2224 555 2409 610 multis
2459 554 2778 611 criminibus
2825 560 3137 625 arguerent.
3200 551 3426 609 Ferrum

1829 647 1973 701 enim
2005 656 2061 701 et
2107 646 2319 702 vincula
2371 645 2717 716 proferebant
2763 645 2832 702 de
2861 643 3057 701 exsilio
3092 652 3428 701 revertentes

1831 741 1952 796 viri.
1996 740 2064 796 Et
2111 756 2320 796 rursum
2362 740 2431 795 ab
2467 739 2576 807 bis,
2607 740 2699 812 qui
2742 738 2922 794 adhuc
2952 738 3004 794 in
3054 736 3251 795 exsilio
3287 736 3429 793 deti-

1831 840 2051 900 nentur,
2079 832 2148 905 (f)
2191 833 2342 889 missi
2364 832 2559 889 afﬁnes
2578 842 2631 888 et
2660 831 2914 902 proximi,
2943 829 3104 887 amici
3128 839 3183 887 et
3205 830 3426 895 fratres,

1830 928 2080 998 querelas
2124 928 2208 983 vel
2256 942 2443 982 eorum
2477 928 2566 996 qni
2620 934 2913 995 supersunt
2958 923 3292 984 detulerunt.
3340 923 3425 978 vel

1830 1035 2022 1076 eorum
2044 1020 2133 1090 qui
2156 1018 2209 1074 in
2239 1019 2373 1090 ipsis
2397 1018 2606 1074 exsiliis
2627 1017 2999 1081 decesserunt,
3049 1015 3320 1087 indignam
3346 1015 3429 1071 in-

1827 1114 2026 1185 juriam
2072 1113 2338 1182 prosecuti
2372 1119 2516 1166 sttnt.
2545 1110 2630 1175 Et,
2658 1109 2801 1181 quod
2834 1119 2917 1164 est
2947 1107 3263 1174 maximum,
3311 1106 3427 1175 cpi-

1831 1205 1979 1274 scopi
2008 1204 2502 1274 aderant,quorum
2525 1202 2665 1258 alter
2686 1201 2884 1257 ferrum
2913 1211 2966 1255 et
2988 1210 3205 1256 catenas
3233 1197 3427 1270 prafe-

1830 1300 2004 1363 rebat,
2035 1297 2202 1371 625.
2228 1312 2361 1368 quas
2382 1312 2480 1368 per
2507 1311 2603 1352 eos
2634 1294 2709 1368 (g)
2746 1295 3050 1352 cervicibus
3092 1295 3206 1351 suis
3247 1302 3426 1365 porta-

1830 1403 2012 1458 verat;
2041 1393 2131 1447 alii
2174 1406 2238 1448 ex
2279 1406 2466 1447 eorum
2513 1390 2919 1446 insimulatione
2951 1398 3177 1446 mortem
3212 1388 3293 1461 (It)
3323 1387 3425 1446 sibi

1831 1486 2149 1543 intentatam
2180 1484 2627 1541 testificabantnr.
2662 1483 2715 1538 In
2746 1491 2953 1539 tantum
2983 1484 3127 1539 enim
3155 1483 3416 1553 despera-

1831 1580 1995 1635 tionis
2023 1586 2321 1649 eruperunt
2342 1587 2400 1633 ut
2426 1579 2588 1633 etiam
2613 1579 2898 1647 episcopos
2926 1576 2990 1649 (i)
3026 1574 3428 1632 interfecissent

1830 1672 2087 1743 quidem,
2140 1671 2244 1726 nisi
2304 1669 2568 1741 fugissent
2620 1670 2861 1740 ipsorum
2914 1678 3169 1724 cruentas
3210 1681 3424 1723 manus.

1756 1756 1804 1817 B
1833 1764 2075 1820 Decessit
2153 1763 2297 1819 enim
2371 1763 2728 1833 coepiscopus
2822 1769 3009 1818 noster
3079 1760 3429 1818 beatissimus

1832 1855 1904 1929 (j)
1953 1852 2266 1911 Tbeodulus
2292 1853 2503 1925 fugiens
2528 1855 2766 1924 ipsorum
2788 1851 3207 1909 infestationem.
3237 1851 3430 1908 Iussus

1831 1959 1909 2003 ρει
1939 1948 2081 2002 enim
2116 1962 2183 2002 ex
2208 1947 2446 2017 ipsorum
2478 1945 2880 2002 insimulatione
2918 1944 3080 2000 mori.
3115 1944 3216 1999 Alii
3247 1954 3428 1998 autem

1828 2041 2130 2112 gladiorum
2162 2041 2334 2112 signa,
2381 2040 2567 2111 plagas
2613 2048 2671 2095 et
2705 2038 2992 2096 cicatrices
3039 2036 3424 2095 ostendebant.
3508 2090 3511 2093 .

1829 2134 1937 2190 Alii
1967 2149 2026 2189 se
2058 2133 2201 2190 fame
2240 2135 2306 2190 ab
2353 2133 2485 2205 ipsis
2532 2133 2874 2192 excruciatos
2927 2133 3310 2204 querebantur.
3363 2132 3431 2187 Et

1831 2227 1949 2283 bac
1973 2239 2078 2281 non
2104 2225 2367 2293 ignobiles
2405 2225 2835 2281 testificabantur
2859 2224 2960 2279 viri
2997 2243 3009 2278 :
3041 2222 3136 2279 sed
3157 2222 3226 2280 de
3254 2223 3431 2280 eccle-

1829 2319 1923 2374 siis
1953 2317 2205 2373 omnibus
2235 2316 2418 2383 electi,
2468 2323 2692 2389 propter
2717 2332 2851 2389 quas
2886 2320 2991 2374 huc
3013 2328 3385 2375 convenerunt
3411 2359 3427 2386 ,

1831 2424 1920 2466 res
1949 2418 2134 2482 gestas
2163 2409 2482 2472 edocebant,
2521 2409 2722 2465 milites
2745 2419 3007 2477 armatos,
3055 2409 3280 2481 populos
3306 2425 3428 2466 cum

1828 2504 2081 2567 fustibus,
2104 2502 2349 2559 Iudicum
2378 2504 2570 2567 minas,
2593 2503 2845 2557 falsarum
2882 2502 3183 2559 litterarum
3202 2501 3281 2574 (It)
3304 2516 3431 2573 sup—

1830 2599 2144 2669 positiones.
2192 2598 2368 2654 Lecta:
2421 2608 2545 2652 sunt
2587 2598 2729 2651 enim
2782 2596 2978 2652 littera:
3015 2594 3222 2652 factaea
3248 2595 3428 2651 Theo-

1827 2693 1982 2764 gnito
2012 2691 2164 2747 falsae
2209 2692 2495 2746 adversum
2540 2689 2892 2760 coepiscopos
2931 2698 3151 2744 nostros
3190 2687 3429 2744 Athana-

1828 2785 1966 2841 sium
1997 2792 2054 2841 et
2080 2783 2389 2840 Marcellum
2423 2783 2519 2855 (ι),
2567 2795 2622 2838 ιιι
2648 2792 2705 2838 et
2731 2784 3027 2854 imperator
3055 2781 3316 2838 adversus
3343 2782 3427 2851 ip-

1830 2892 1921 2932 sos
1948 2888 2401 2933 commoveretur.
2433 2876 2501 2931 Et
2530 2874 2645 2930 haec
2673 2874 3066 2930 couvincebant
3090 2874 3143 2939 ii,
3187 2874 3278 2943 qui
3303 2883 3429 2928 tunc

1829 2970 1999 3041 ipsius
2025 2968 2311 3041 Theogniti
2352 2968 2610 3024 diacoues
2642 2969 2882 3023 fuerunt.
2909 2966 2987 3022 Ad
3012 2970 3128 3022 lucc
3157 2965 3425 3036 virginum

1831 3062 2152 3119 uudationes
2176 3104 2189 3129 ,
2236 3061 2484 3118 incendia
2525 3060 2877 3116 ecclesiarum
2900 3100 2916 3127 ,
2948 3073 3198 3115 carceres
3228 3057 3427 3114 adver-

2481 3168 2533 3211 et
2564 3155 2681 3210 haec
2710 3153 2890 3209 omnia
2934 3160 3154 3223 propter
3186 3151 3423 3220 iniquam

1825 3260 1992 3320 atque
2040 3248 2431 3305 exsecrabilem
2484 3245 2735 3303 haeresim
2799 3245 3276 3301 Ariontanitarum.
3322 3241 3426 3312 Qui

1824 3342 1970 3399 enim
2007 3332 2371 3399 communioni
2423 3354 2610 3396 eorum
2655 3339 3068 3404 renuntiabant,
3103 3337 3426 3394 necessitate

1826 3436 2167 3506 patiebantur
2195 3434 2259 3507 (f.
2290 3432 2645 3505 cogebantur)
2676 3433 2776 3487 ista
2821 3432 3077 3487 tolerare.

1895 3530 1949 3584 4.
2000 3527 2276 3584 Serdicam
2339 3526 2558 3600 ingressi
2602 3525 3017 3581 adversariorum
3082 3523 3426 3595 reformidant

1828 3621 2174 3693 presen‘tiam.
2202 3650 2274 3661 -—
2305 3618 2429 3674 Haec
2451 3619 2614 3690 igitur
2632 3617 3045 3674 considerantes
3066 3660 3081 3683 ,
3112 3617 3163 3670 in
3190 3626 3424 3684 angusto

1829 3727 1888 3768 se
1919 3714 2088 3767 teneri
2118 3711 2487 3781 pervidebant.
2516 3710 2910 3765 Ernbescentes
2940 3708 3155 3780 quidem
3177 3706 3422 3764 confiteri

1828 3821 1894 3861 ea
1922 3821 2044 3878 qua:
2071 3807 2481 3872 commiserunt,
2507 3820 2574 3861 eo
2596 3803 2739 3876 quod
2760 3802 2831 3859 de
2851 3810 3051 3859 caetero
3078 3816 3184 3858 non
3205 3809 3426 3873 possent

1826 3998 2002 4055 graece
2048 3984 2268 4039 unicum
2308 3981 2637 4055 respondet,
2669 3983 2906 4044 θάνατονς
2938 3978 3083 4055 quod
3113 3993 3269 4055 _non_
3290 3981 3424 4055 satis

1827 4049 2213 4111 convenienter
2232 4053 2372 4123 apud
2404 4049 2839 4123 Theodoretuet
2866 4049 3221 4123 Athanasium
3253 4050 3424 4110 latine

1828 4126 2095 4181 redditum
2122 4136 2227 4189 est,
2249 4117 2461 4178 mortem
2484 4123 2705 4179 illatam.
2726 4120 2844 4193 Non
2873 4120 3017 4193 enim
3051 4117 3135 4174 hic
3156 4134 3421 4193 conqueg-

1831 4199 1905 4252 tio
1932 4206 2037 4260 est,
2066 4196 2209 4267 quod
2245 4195 2426 4267 Ariani
2459 4204 2687 4247 mortem
2716 4190 3013 4256 intulerint,
3048 4193 3142 4244 scd
3164 4190 3309 4261 quod
3339 4195 3423 4250 iu-

1830 4267 1970 4322 ferre
1998 4266 2343 4322 mutaverint.

1904 4340 1964 4410 (ἰ)
1996 4340 2069 4394 Ex
2112 4338 2342 4410 lectione
2371 4348 2543 4403 graeca
2577 4333 2935 4404 supplendum
2985 4331 3420 4410 hic_.__int_erﬁcere

1830 4404 2078 4464 tentarent
2099 4450 2112 4466 .
2144 4419 2257 4480 etc.»
2275 4406 2447 4461 Antea
2469 4414 2657 4480 autem
2688 4413 3022 4480 cutnnostro
3057 4404 3261 4461 llilario
3294 4412 3422 4480 legit

1830 4480 2157 4535 Athanasius
2178 4478 2442 4551 episcopos
2464 4477 2520 4551 in
2549 4475 3108 4551 plurali/Theodoret.
3146 4490 3274 4534 vero
3305 4475 3414 4551 cpi-

150 4558 174 4595 a
200 4545 510 4620 dilectissimo
532 4549 680 4605 Julia
696 4550 894 4619 collega
921 4559 1093 4604 nostra
1114 4545 1276 4603 uocati
1298 4567 1398 4604 non
1416 4545 1714 4620 adfuerunt,
1744 4546 1799 4606 Β
1822 4567 2033 4620 scopum
2089 4551 2140 4605 in
2168 4545 2557 4620 singttlaridu
2598 4549 2783 4617 plures
2818 4546 2935 4620 haec
2974 4547 3170 4620 Cadere
3216 4545 3418 4608 indicat

154 4619 350 4691 etesiis,
369 4638 481 4691 qua:
506 4625 568 4676 ab
597 4624 772 4676 eodem
798 4621 1039 4689 episcopo
1061 4620 1209 4674 Julia
1233 4622 1422 4689 scripta
1445 4619 1585 4686 sunt,
1612 4641 1719 4678 tua-

155 4687 311 4763 nifeste
341 4687 501 4759 patuit
535 4694 767 4763 ipsorum
801 4687 1100 4746 calumnia:
1130 4687 1382 4763 uenissent
1411 4696 1566 4760 enim,
1607 4706 1713 4749 etc.

158 4755 293 4819 Apud
326 4755 674 4817 Athanasiqu
705 4761 793 4816 hic
822 4764 1077 4818 nonnulla
1108 4762 1323 4816 desunt.

156 4831 749 4960 m-(‘tllngnepgtgtolani
782 4847 903 4902 qua:
947 4841 1125 4890 exstat
1168 4834 1306 4905 apud
1323 4833 1714 4903 Athanasium,

174 4912 266 4952 O'll.
295 4920 328 4965 ι,
363 4921 475 4965 pag.
501 4908 625 4963 759.

221 4922 266 4950 Π.
295 4922 328 4965 Ι,
380 4922 475 4960 la".
502 4922 541 4960 ⁷1⁷
572 4922 589 4941 ι
613 4945 625 4958 .

219 4970 284 5044 (ε)
313 4922 376 5051 lli
396 4922 605 5048 nimii,
617 4978 769 5051 fieret
787 4978 982 5051 oratio.
998 4987 1143 5033 esset
1169 4977 1258 5032 hic
1280 4977 1563 5051 legendum
1586 4997 1709 5051 qua.

160 5051 249 5093 non
274 5047 355 5121 qui
380 5060 475 5121 :‘et
505 5047 647 5121 post,
683 5048 971 5104 delendum
1005 5058 1080 5121 ut,
1111 5058 1234 5103 ante
1257 5047 1415 5121 orn’ni.
1443 5050 1497 5104 In
1521 5047 1712 5121 gra'cis

161 5117 527 5189 exemplaribus
566 5120 697 5175 nihil
727 5129 840 5185 est,
874 5120 1015 5189 quod
1058 5120 1386 5186 resttoudeat
1419 5117 1715 5189 superiori-

162 5178 460 5263 busﬂverbis,
489 5200 535 5246 et
560 5193 689 5245 tanti
719 5178 965 5262 temporis
989 5178 1267 5263 probalant
1285 5191 1460 5263 fiderit.

317 5256 529 5335 Brevius
548 5278 612 5316 ex
635 5252 832 5335 grzeco'
851 5252 1032 5335 totum
1070 5262 1197 5315 illttd
1227 5252 1303 5316 sic
1336 5261 1563 5335 reddere
1584 5270 1669 5316 est
1697 5280 1709 5316 :

170 5319 519 5403 Mitiiadernnt
547 5319 900 5387 coniministri.
953 5332 1272 5386 Aduenerant
1315 5333 1467 5403 etiam
1511 5335 1717 5403 cognati

165 5399 358 5515 gentici
373 5419 563 5472 eorum,
587 5406 673 5474 qui
692 5420 782 5475 per
806 5419 891 5459 eos
918 5404 1210 5474 interempti
1234 5412 1373 5458 sunt.
1404 5401 1473 5459 Et
1486 5399 1625 5477 quod
1641 5414 1715 5460 est

209 5481 408 5515 nmmum
451 5484 532 5515 mp

209 5481 427 5540 ultimum,
451 5484 552 5529 etc.

230 5535 295 5609 (9)
319 5535 461 5607 Apol
491 5546 747 5602 Athanas.
772 5555 826 5601 et
844 5544 1173 5602 Theodoret.
1203 5545 1585 5601 desiderantur
1613 5560 1713 5600 vo-

169 5613 515 5687 tcs‘ceruicibus
536 5620 643 5672 suis
666 5634 680 5670 τ
706 5634 931 5687 quarum
960 5618 1241 5672 veritatem
1281 5617 1566 5673 conﬁrmat
1599 5619 1716 5687 epi-

170 5678 284 5730 stola
309 5684 368 5735 ad
389 5684 581 5742 iulium
608 5678 745 5745 infra
769 5705 915 5743 num.
943 5688 1000 5743 Η
1017 5728 1031 5741 ο

232 5746 302 5818 (Ῑι)
325 5752 508 5815 Tribus
531 5758 662 5832 .illis
713 5761 928 5828 verbis,
983 5767 1197 5813 mortem
1251 5759 1348 5813 sibi
1387 5759 1711 5829 intentatur»,

1826 4618 2149 4677 Athanasius
2182 4618 2381 4675 relatus
2404 4636 2433 4673 a
2460 4618 2827 4683 Theodoreto,
2858 4618 2952 4673 lib.
2986 4633 3026 4689 tt
3070 4618 3207 4673 llist.
3236 4620 3413 4689 Eccl.,

1822 4708 1872 4746 ιτ.
1906 4693 1992 4758 i5,
2026 4694 2112 4747 ttbi
2142 4691 2214 4747 ait
2242 4710 2254 4745 :
2294 4691 2611 4746 Tlteodulum
2643 4706 2758 4743 vero
2786 4700 2937 4764 atque
2988 4687 3286 4758 Olympium
3308 4687 3418 4764 cpi;

1820 4781 2004 4835 scopas
2034 4764 2291 4825 Thracire,
2332 4779 2424 4817 nos
2452 4779 2651 4832 quoque
2684 4773 2737 4835 et
2768 4760 3312 4835 presbylet‘osgttoslros
3338 4760 3419 4821 ita

1820 4832 2053 4908 conquiri
2081 4839 2334 4908 fecerunt,
2358 4845 2412 4887 ut
2440 4835 2482 4908 si
2502 4833 2693 4908 reperti
2720 4848 2973 4908 estcuius,
2988 4832 3198 4908 capitali
3218 4836 3418 4903 suppli—

1819 4907 1898 4960 cio
1921 4900 2272 4992 allii-eretriam
2289 4916 2344 4960 et
2372 4907 2530 4992 epist.
2561 4900 2626 4992 ad
2650 4904 2844 4992 ΞυιιιἹ
3106 4900 3416 4992 ριῃυιρίιιιη

1819 4994 1883 5032 ea:
1919 4972 2097 5036 /Enis.
2131 4988 2180 5031 et
2207 4972 2531 5029 Theodotum
2559 4990 2623 5029 ea:
2654 4972 2988 5044 TrnjunOpoli
3013 4972 3197 5027 ambos
3217 4972 3418 5045 cpiam-

1818 5065 1910 5117 pos
1955 5048 2194 5103 Thracia:
2233 5048 2391 5117 bonos
2439 5048 2708 5100 calumniis
2751 5046 3125 5117 intpetiverttnt.
3184 5046 3413 5104 Eosdem

1818 5114 1938 5175 neci
1963 5119 2271 5188 tradijttbet
2290 5116 2636 5188 Constantius
2654 5114 2794 5188 apud
2815 5114 3139 5188 S_ocrat._lib.
3171 5130 3227 5180 ιι,
3254 5133 3304 5188 9.
3321 5120 3410 5177 26.

1889 5191 1962 5264 (j)
1994 5184 2168 5264 Faber
2192 5204 2312 5242 cum
2342 5201 2444 5242 ms.
2477 5184 2999 5264 Pltll.,__TlteOd0l'u8;
3025 5184 3166 5264 Sirtn
3199 5230 3214 5252 ,
3249 5186 3417 5245 Theo-

1818 5256 1995 5315 dos'u's.
2040 5261 2116 5314 Ex
2160 5273 2290 5313 mox
2339 5258 2610 5313 annotalis
2655 5259 2821 5328 liquet
2860 5256 3252 5326 prtel'erendutn
3295 5277 3418 5320 esse

1821 5329 2140 5386 Tlteodulus.

1888 5400 2072 5476 (k)_ilta
2116 5415 2239 5457 cum
2273 5400 2572 5476 Athanasio
2608 5415 2672 5457 ac
2718 5400 3062 5476 '[heodorctp
3090 5402 3411 5476 _\_'ari_:eASi.--

1820 5468 2003 5529 mon'di
2035 5474 2319 5529 lectiones.
2348 5471 2419 5528 At
2440 5485 2564 5526 cum
2598 5487 2709 5528 mss
2737 5472 2881 5528 Pith.
2915 5482 2969 5529 et
3006 5468 3163 5527 Colb.
3198 5471 3370 5533 Faber
3396 5518 3411 5544 ,

1818 5546 2155 5617 suspiciones.

1890 5612 1976 5690 ('l)g
2006 5614 2258 5690 Marcello
2298 5622 2356 5690 et
2400 5612 2707 5690 Athanasio
2751 5616 3010 5690 Asclepas
3066 5617 3314 5690 jungitur
3360 5619 3411 5675 in

1817 5685 2012 5759 graecis
2034 5685 2445 5759 exemplaribus
2478 5685 2572 5759 :_in
2603 5686 2797 5759 quibus
2825 5685 3024 5745 deinde
3043 5685 3244 5759 exstat,
3276 5702 3334 5746 ut
3369 5701 3419 5747 ct

1818 5756 2174 5829 imperatores,
2203 5755 2343 5824 δια,
2370 5756 2422 5810 ἰιι
2455 5755 2670 5825 plurali.
