3958 6194
45 280 141 336 Gil

1015 283 1113 342 EX
1148 285 1378 344 OPERE
1420 286 1783 349 lllSTORlCO
1822 288 2308 352 FRAGMENTUM
2349 292 2413 350 ll.

3267 295 3372 359 6&2

50 411 150 448 non
202 401 394 463 potest
444 392 709 467 martyrio
758 395 1050 467 gloriosam
1091 408 1320 456 mortem
1366 403 1662 459 exstitisse.
1693 412 1745 472 Α
1773 405 1872 462 bus
1899 407 2093 478 deiecti
2116 420 2262 475 sunt,
2290 409 2559 480 subjicere
2587 411 2896 466 curavimus
2929 426 2944 465 :
2976 417 3036 466 ut
3066 409 3231 468 sciret
3252 411 3371 469 exi-

50 487 237 541 Adlmc
266 501 500 556 quoque
537 487 740 544 audent
782 491 1045 560 quosdam
1092 494 1332 550 retinere
1367 513 1380 550 :
1415 511 1514 551 nec
1556 496 1663 550 ulla

54 595 210 635 causa
241 579 349 634 fuit
403 580 676 649 criminis,
721 583 822 638 nisi
851 585 992 654 quod
1030 599 1419 657 repugnarent,
1451 599 1505 644 et
1555 591 1668 644 cla-

56 680 259 726 marent
288 671 452 742 quod
481 683 891 731 exsecrarentur
929 677 1185 734 Arianam
1213 690 1268 735 et
1309 681 1666 737 Eusebianam

59 765 337 834 haeresim,
387 777 450 822 et
494 768 700 825 nollent
726 769 927 828 habere
952 787 1075 828 cum
1110 774 1304 831 talibus
1330 777 1668 833 communio-

61 876 194 927 nem,
229 857 312 930 (a)
359 860 432 916 iis
481 870 683 928 autem,
733 862 824 934 qui
864 878 1046 920 secum
1089 867 1293 923 sentire
1337 868 1666 935 maluerunt,

65 952 337 1024 prodesse.
379 955 456 1010 Et
486 955 575 1026 qui
600 968 726 1013 ante
757 957 971 1014 fuerant
991 958 1208 1028 deiecti,
1243 976 1349 1016 non
1378 962 1553 1016 solum
1582 977 1669 1018 rc-

64 1047 193 1117 cepti
223 1057 380 1114 sunt,
414 1048 518 1104 sed
558 1050 720 1106 etiam
751 1051 818 1107 ad
849 1051 1159 1109 clericalem
1187 1053 1502 1125 dignitatem
1534 1071 1666 1126 pro-

66 1141 209 1208 moti,
242 1152 299 1197 et
327 1154 672 1214 acceperunt
703 1148 978 1215 praemium
1013 1147 1289 1204 falsitatis;

131 1233 214 1288 12.
259 1232 483 1288 Ursacii
512 1245 563 1290 et
609 1235 840 1294 Valentis
864 1241 1184 1309 perversitas.
1212 1271 1280 1284 -—
1306 1241 1448 1310 Quid
1485 1251 1666 1300 autem

70 1324 129 1380 de
153 1325 335 1396 impiis
379 1335 441 1383 et
488 1328 556 1383 de
587 1329 854 1400 imperitis
891 1332 1327 1391 adolescentibus
1360 1334 1586 1391 Ursacio
1611 1345 1670 1392 et

73 1418 283 1476 Valente
311 1429 587 1477 statutum
621 1424 712 1488 sit,
739 1426 948 1495 accipe,
981 1426 1289 1484 beatissime
1318 1428 1504 1486 frater.
1529 1431 1668 1500 Quia

29 1515 404 1572 tmanifestum
449 1528 595 1586 erat,
641 1519 741 1575 hos
787 1536 891 1576 non
938 1537 1156 1579 cessare
1195 1523 1511 1580 adulterium
1540 1525 1672 1582 doc-

75 1609 215 1664 trina:
241 1606 320 1681 (ὁ)
366 1608 596 1666 lethalia
636 1613 842 1667 semina
887 1627 1165 1686 spargere,
1208 1625 1258 1670 et
1303 1615 1446 1686 quod
1475 1615 1670 1674 Valens

74 1702 240 1757 relicta
283 1702 530 1758 ecclesia
579 1704 866 1760 ecclesiam
898 1707 1059 1762 aliam
1099 1706 1354 1764 invadere
1382 1708 1667 1774 voluisset,

1769 499 1873 553 mia
1902 497 2146 556 Gravitas
2194 509 2320 568 tua,
2364 501 2452 571 qui
2502 512 2682 556 essent
2730 503 3113 560 communione
3153 503 3369 572 privati.

1769 588 1858 645 Uti
1891 598 2016 646 ante
2043 591 2321 662 pra-locuti
2371 607 2579 660 sumus,
2610 610 2800 650 omnes
2829 594 3026 651 fratres
3076 604 3132 651 et
3179 595 3370 666 coepi-

1768 696 1965 752 scopos
1997 694 2211 738 nostros
2261 684 2457 740 litteris
2503 686 2608 741 tuis
2663 685 2956 742 admonere
3007 686 3269 758 digneris,
3303 702 3372 742 ne

1772 774 1848 847 (g)
1878 777 2151 848 epistolia,
2182 777 2234 835 id
2261 789 2369 848 est,
2399 778 2608 836 litteras
2641 781 3153 838 communicatorias
3182 796 3371 840 eorum

1769 869 2058 940 accipiant.

2241 1000 2444 1046 NOIINA
2483 1004 2881 1048 HEBETICORUI
2891 1029 2903 1045 .

1841 1098 1930 1154 14.
1973 1097 2230 1156 Ursacius
2269 1116 2300 1156 a
2341 1101 2666 1174 Singiduno,
2698 1103 2898 1160 Valens
2929 1117 2960 1159 a
2991 1103 3190 1172 Mursa,
3235 1105 3372 1164 Nar-

1769 1190 1941 1246 cissus
1965 1191 2047 1262 (h)
2078 1192 2148 1248 ab
2175 1191 2441 1264 Jeropoli,
2472 1195 2777 1265 Stephanus
2808 1197 2876 1252 ab
2904 1195 3373 1264 Antiochia,Aca-

1769 1281 1886 1338 cius
1911 1298 1940 1337 a
1963 1283 2233 1354 Ctesarea,
2269 1285 2661 1358 Menophantus
2697 1288 2766 1344 ab
2795 1288 3031 1360 Epheso,
3054 1289 3319 1362 Georgius
3344 1307 3374 1347 a

1769 1374 2040 1431 Laodicia.

1772 1505 1900 1545 ITBI
1939 1505 2138 1546 NOMINA
2184 1506 2548 1551 EPISCOPORUII
2580 1510 2734 1551 INFRA
2759 1537 2773 1562 ,
2803 1511 2892 1562 QUI
2943 1512 3143 1554 SYNODO
3193 1514 3373 1556 SABDI-

1843 1597 1993 1638 CENSI
2023 1599 2348 1641 ADFUEBUNT
2396 1602 2467 1642 ΕΤ
2507 1602 2960 1644 δυηεειιιιιεειωκτ
3011 1605 3161 1646 "DEI!
3193 1605 3244 1646 IN
3281 1605 3372 1646 δυο

1844 1690 2006 1730 υιοιο.

75 1804 120 1848 et
148 1809 208 1849 eo
234 1803 513 1864 tempore,
557 1810 665 1867 quo
708 1796 1029 1854 seditionem
1075 1800 1390 1865 commovit,
1430 1816 1566 1855 unus
1603 1816 1669 1856 ex

1847 1786 1934 1842 15.
1967 1787 2156 1845 Ossius
2194 1789 2264 1845 ab
2303 1791 2540 1861 Spannia
2569 1792 2957 1862 tlurdobensis,
2993 1796 3272 1852 Annianus
3309 1796 3378 1854 ab

77 1885 314 1941 fratribus
375 1887 614 1955 nostris,
667 1887 759 1958 qui
815 1888 1002 1959 fugere
1056 1905 1163 1945 non
1219 1891 1434 1961 potuit,
1490 1890 1674 1946 Viator

81 1979 326 2050 abruptus
357 1991 413 2037 et
443 1982 801 2042 conculcatus
828 1985 880 2040 in
927 1985 1115 2042 eadem
1145 1986 1570 2059 Aquileiensium
1596 1989 1677 2045 ci-

77 2075 224 2131 vitate
249 2075 522 2132 dietertia
547 2077 788 2134 defecit:
818 2094 980 2134 causa
1013 2080 1200 2152 utique
1227 2080 1416 2137 mortis
1448 2082 1546 2138 fuit
1572 2082 1676 2137 Va-

81 2169 201 2233 lens,
239 2169 327 2240 qui
357 2169 726 2240 perturbavit,
776 2171 866 2242 qui
911 2172 1246 2229 sollicitavit.
1289 2173 1398 2229 Sed
1453 2189 1516 2228 ca
1554 2189 1673 2244 quae

82 2260 386 2316 beatissimis
437 2263 704 2333 Augustis
747 2262 1168 2334 significavimus
1220 2279 1342 2320 cum
1392 2263 1670 2335 legeritis,

85 2354 218 2410 facile
247 2354 631 2424 pervidebitis,
682 2353 814 2410 nihil
852 2371 952 2410 nos
997 2355 1440 2424 praetermisisse,
1497 2372 1673 2427 quan-

87 2456 178 2499 tum
207 2449 345 2502 ratio
377 2447 711 2518 patiebatur.
745 2447 810 2502 Et
834 2463 903 2503 ne
931 2448 1157 2503 molesta
1188 2458 1334 2504 esset
1362 2449 1521 2519 longa
1553 2463 1676 2503 nar-

88 2541 225 2606 ratio,
252 2541 341 2612 qui
367 2540 656 2608 fecissent,
681 2551 733 2597 et
758 2540 830 2615 (ο)
854 2557 974 2613 quae
993 2541 1414 2608 commisissent,
1444 2540 1677 2596 insinua-

88 2631 263 2688 vimus.

151 2725 229 2781 15.
258 2725 460 2797 Synodi
506 2727 701 2795 placita
731 2726 950 2792 Siciliw,
983 2727 1247 2784 Sardinia:
1291 2737 1339 2785 et
1374 2728 1548 2786 Italia:
1586 2749 1677 2802 per

91 2815 266 2872 latium
285 2819 630 2876 addiscenda.
663 2851 734 2862 —
763 2822 876 2876 Tua
908 2829 1088 2877 autem
1127 2821 1403 2879 excellens
1432 2823 1675 2894 pruden-

100 2907 157 2961 tia
181 2909 461 2979 disponere
484 2911 672 2978 debet,
703 2922 759 2966 ut
789 2928 883 2982 per
909 2921 996 2968 tua
1024 2913 1246 2982 scripta,
1277 2916 1364 2984 qui
1390 2914 1443 2969 in
1464 2916 1674 2982 Sicilia,

96 2996 232 3071 631
261 3001 310 3054 in
355 3002 633 3070 Sardinia,
669 3005 721 3058 in
773 3003 920 3058 Italia
957 3013 1082 3058 sunt
1111 3003 1301 3059 fratres
1335 3006 1525 3070 nostri,
1557 3022 1678 3077 qnzn

103 3101 198 3146 acta
228 3102 345 3148 sunt
368 3106 418 3150 et
450 3111 578 3167 qua:
607 3094 832 3150 definita
861 3106 1218 3165 cognoscant;
1247 3104 1302 3153 et
1327 3113 1395 3152 ne
1421 3098 1676 3168 ignoran-

1775 1877 2030 1949 Spauniis
2076 1879 2144 1937 de
2185 1880 2498 1950 Castolona,
2548 1881 2900 1941 Florentinus
2946 1886 3015 1940 ab
3053 1885 3270 1957 Spaniis
3309 1886 3378 1944 de

1778 1971 2052 2038 Emerita,
2102 1972 2163 2044 (i)
2216 1973 2564 2030 Dominianus
2618 1977 2688 2032 ab
2729 1977 2943 2047 Spaniis
2986 1979 3056 2035 de
3103 1980 3374 2047 Asturica,

1774 2064 1968 2121 Castus
1996 2065 2065 2120 ab
2094 2065 2311 2138 Spaniis
2341 2069 2408 2123 de
2454 2067 2669 2125 Caesare
2720 2075 2983 2142 Augusta,
3027 2073 3383 2130 Praetextatus

1775 2156 1843 2210 ab
1871 2157 2086 2226 Spaniis
2113 2157 2180 2214 de
2211 2158 2516 2225 Barcilona,
2540 2159 2806 2218 Maximus
2843 2179 2874 2219 a
2902 2162 3098 2222 Tuscia
3122 2164 3190 2221 de
3209 2164 3404 2251 Lucan

1771 2248 1934 2321 632
1961 2249 2158 2306 Bassus
2189 2267 2218 2305 a
2249 2251 2557 2310 Macedonia
2603 2253 2672 2309 de
2718 2253 3162 2329 Diocletianupoli
3188 2298 3204 2325 ,
3250 2259 3386 2314 Pure

1779 2345 2003 2414 phyrius
2030 2359 2060 2397 a
2084 2343 2393 2401 Macedonia
2425 2347 2490 2401 de
2519 2345 2804 2417 Philippis,
2839 2348 3125 2406 Marcellus
3152 2366 3180 2403 a
3208 2351 3387 2407 Mace-

1777 2435 1939 2490 donia
1979 2436 2045 2492 de
2068 2434 2141 2509 (j)
2177 2439 2389 2510 Ancyra
2426 2437 2703 2507 Gallaciae,
2732 2439 2987 2497 Euterius
3027 2457 3057 2496 a
3099 2441 3288 2498 Procia
3314 2443 3386 2500 de

1782 2524 2009 2592 Caindo,
2033 2527 2318 2598 Asclepius
2342 2545 2371 2583 a
2396 2529 2678 2585 Palaestina
2707 2530 2776 2586 de
2796 2531 2962 2599 Gaza,
2992 2531 3066 2605 (k)
3088 2533 3323 2606 Moysins
3346 2549 3380 2590 a

1777 2619 2057 2676 Thessalia
2107 2620 2176 2677 de
2199 2620 2421 2688 Thebis,
2450 2621 2768 2679 Vincentius
2787 2639 2818 2679 a
2851 2624 3142 2696 Campania
3183 2627 3251 2683 de
3279 2626 3387 2684 Ca-

1777 2729 1911 2784 pua,
1937 2713 2221 2769 Ianuarius
2266 2730 2295 2769 a
2337 2714 2632 2786 Campania
2675 2716 2744 2772 de
2789 2716 3118 2786 Benevento,
3153 2719 3384 2776 Protho-

1776 2821 1942 2878 genes
1971 2807 2034 2878 (ι)
2065 2822 2092 2860 a
2123 2806 2285 2863 Dacia
2313 2807 2383 2864 de
2421 2807 2667 2878 Serdica,
2702 2809 2990 2867 Dioscorus
3013 2812 3082 2868 de
3123 2811 3382 2882 Thracia,

1780 2899 1876 2972 (m)
1903 2899 2198 2971 Hymenius
2223 2915 2255 2956 a
2282 2900 2471 2957 Thess.
2499 2901 2568 2957 de
2591 2902 2839 2966 Pearata,
2870 2903 3066 2958 Lucius
3096 2919 3124 2957 a
3152 2903 3384 2959 Thracia

1778 2992 1846 3048 de
1862 2993 2157 3065 Caynopoli
2195 2993 2284 3064 (an
2313 2992 2777 3066 Hadrianopolii),
2807 2993 2887 3067 (η)
2911 2993 3106 3051 Lucius
3131 2995 3199 3050 ab
3229 2994 3383 3050 Italia

1781 3086 1847 3141 de
1891 3086 2130 3151 Verona,
2179 3085 2439 3158 Evagrius
2485 3103 2514 3142 a
2557 3086 2867 3143 Macedonia
2912 3087 2982 3142 de
3029 3087 3384 3144 Heraclianeo

106 3194 170 3238 tes
188 3199 362 3242 eorum
393 3189 672 3259 accipiant
701 3187 908 3244 litteras
935 3191 1468 3257 communicatorias,
1516 3191 1564 3245 id
1593 3201 1676 3247 est

1795 3178 1910 3251 [Με.
1931 3179 2334 3250 Eraclialineo),
2356 3179 2639 3252 Dionysius
2671 3179 2738 3234 ab
2763 3178 2964 3235 Achaia
2993 3178 3059 3234 de
3080 3179 3382 3250 Lignedon,

105 3278 169 3345 (ά)
191 3280 445 3351 epistolia,
479 3297 620 3353 quos
645 3283 788 3353 justa
817 3285 1086 3340 sententia
1117 3284 1450 3356 degradavit,
1484 3301 1678 3358 perse-
1784 3271 1958 3327 1"““3
1995 3272 2063 3327 ab
2086 3271 2282 3328 Αεθοίθ
2323 3272 2391 3329 δε
2435 3271 2511 3346 (υ)
2540 3271 2724 3328 Thebc
2771 3272 3112 3344 eplapyleos-
3146 3271 3386 3328 A'heuo'

108 3384 273 3429 vereut
297 3387 474 3434 autem
508 3377 796 3434 Marcellus
836 3389 891 3434 et
926 3379 1253 3436 Athanasius
1297 3391 1352 3436 et
1397 3381 1681 3452 Asclepius
1783 3365 1948 3420 dorus
1991 3365 2058 3420 ab
2093 3363 2296 3420 Αο¹¹³ί³
2339 3366 2408 3421 de
2451 3364 2630 3420 male“
2665 3362 2819 3438 (Lab-
2872 3380 2902 3420 ³
2950 3365 3109 3421 Dacia
3151 3365 3222 3420 de
3262 3365 3388 3420 Bla‘

108 3463 150 3516 in
175 3476 347 3526 nostra,
371 3471 763 3528 communione
798 3490 812 3527 :
842 3471 964 3543 quia
996 3473 1192 3528 obesse
1220 3473 1298 3529 eis
1330 3491 1434 3528 non
1466 3482 1676 3545 poterat

1795 3463 1959 3529 :ena).
1997 3459 2261 3515 Diodorus
2305 3460 2374 3514 ab
2420 3459 2546 3515 Asia
2593 3459 2663 3514 de
2694 3459 2966 3527 Tenedos,
3014 3458 3324 3516 Alexander
3351 3473 3384 3514 a

111 3554 317 3629 iniquum
353 3561 651 3631 judicium,
679 3562 750 3636 (ε)
777 3573 833 3620 ct
875 3563 1022 3634 fuga,
1067 3574 1122 3619 et
1170 3565 1544 3636 tergiversatio
1575 3581 1674 3622 eo.
1784 3549 2064 3607 Thessalia
2095 3550 2164 3606 de
2201 3549 2438 3615 Larissa,
2467 3547 2694 3606 Acthius
2724 3566 2752 3604 a
2791 3548 3099 3605 Macedonia
3122 3548 3191 3605 de
3215 3548 3388 3605 Thes-

112 3661 227 3716 rum,
249 3651 330 3720 qui
355 3653 419 3708 ad
454 3652 722 3722 judicium
757 3655 996 3709 omnium
1034 3657 1437 3726 episcoporum,
1468 3655 1536 3727 (Γ)
1581 3655 1673 3726 qui

1795 3647 2045 3712 salonica,
2075 3644 2266 3701 Vitalis
2309 3660 2338 3698 a
2379 3644 2542 3700 Dacia
2584 3642 2787 3714 ripensi
2815 3645 2882 3698 de
2929 3643 3120 3713 Aquis,
3149 3641 3386 3713 Parago—

112 3743 446 3809 convenimus,
477 3746 673 3802 venire
714 3747 1032 3802 uoluerunt.
1061 3746 1291 3816 Caetera,
1325 3749 1482 3804 sicuti
1519 3765 1680 3820 supe-
1784 3741 1897 3796 rius
1953 3754 1984 3794 τι
2031 3738 2296 3794 Dardania
2345 3736 2414 3794 de
2473 3737 2688 3808 SCUPiSa
2747 3737 2935 3796 Trifon
2979 3737 3048 3794 ab
3078 3736 3277 3793 Achaia
3320 3736 3392 3794 de

116 3833 212 3890 rius
231 3841 793 3910 commemoravimus,
837 3842 992 3911 plena
1025 3841 1219 3898 relatio
1259 3841 1512 3911 fratrum,
1543 3857 1680 3914 quos
1781 3834 1859 3906 (ρ)
1880 3834 2190 3900 Marciarcc,
2225 3833 2552 3888 Athanasius
2579 3833 2648 3888 ab
2675 3831 3024 3896 Alexandria,
3049 3830 3386 3888 Gaudentius

115 3924 297 3984 sincera
350 3930 590 3988 charitas
664 3941 752 3988 tua
818 3933 1005 4001 misit,
1056 3934 1466 3989 unanimitatem
1533 3944 1678 3989 tuam
1786 3927 1852 3982 ah
1879 3925 2078 3982 Achaia
2109 3923 2161 3997 (a
2193 3922 2377 3994 Dacia)
2411 3924 2479 3979 de
2503 3922 2688 3989 Naiso,
2715 3921 2906 3979 Jonam
2931 3939 2956 3976 a
2983 3921 3296 3978 Macedonia
3315 3921 3384 3977 de

118 4019 414 4086 perdocebit.
460 4025 664 4082 Eorum
698 4035 877 4082 autem
916 4027 1156 4096 nomina,
1186 4031 1276 4098 qui
1301 4042 1398 4099 pro
1424 4025 1680 4083 facinori-
1789 4018 2114 4090 Particopoli
2143 4017 2573 4090 (Parthenopuli,
2614 4024 2706 4071 aut
2732 4014 3130 4085 Parmcopoli),
3161 4013 3388 4086 Alypius

177 4183 243 4264 {al
273 4187 347 4243 Ex
389 4191 625 4249 lectione
649 4207 780 4247 mss.
812 4191 952 4247 Pith.
986 4201 1041 4248 et
1066 4190 1246 4264 Coll!”
1268 4191 1356 4264 qui
1379 4201 1468 4246 aut
1505 4193 1556 4246 in
1588 4207 1685 4246 sw—
1789 4185 1978 4264 cunde:
2001 4183 2145 4264 urbs,
2169 4197 2322 4264 qualn
2345 4178 2829 4264 IrequOlim‘thuc
2854 4192 3113 4264 υοξαηιξξε-

123 4255 218 4309 mlo
241 4263 420 4333 seruire
451 4265 764 4328 maluerunt,
808 4266 1119 4320 confecerat
1162 4255 1360 4328 Faber,
1392 4265 1479 4333 qui
1510 4271 1684 4318 autem

122 4329 278 4382 seculo
299 4336 480 4391 seruire
502 4336 799 4391 noluerunt.
823 4335 939 4390 lluc
959 4335 1318 4390 Baronianam
1343 4329 1680 4391 revocamus.

183 4418 248 4562 (βξ
285 4425 429 4493 Apud
463 4429 686 4491 8³1-οη..
719 4430 774 4482 in
809 4428 986 4494 llalia,
1021 4443 1130 4484 non
1157 4428 1390 4483 lellmlia.

183 4493 224 4554 (ε
285 4493 410 4554 Illud
440 4516 557 4562 ante
584 4499 866 4562 adjicimus
897 4515 964 4554 ex
1004 4498 1167 4554 Sirm.
1204 4499 1390 4555 Baroni

183 4493 410 4583 llellud
440 4516 557 4583 quia
584 4499 866 4583 adjici-mus
897 4515 965 4583 ex_
1004 4498 1467 4583 Sirm.._Ba_ronius
1500 4508 1680 4583 autem

129 4564 387 4678 Btmfereus
407 4564 564 4627 antea
588 4564 702 4642 qua:
727 4571 986 4641 fecissent,
1011 4572 1206 4627 omittit
1234 4581 1282 4626 et
1306 4589 1422 4644 qua:
1470 4572 1682 4627 commi-

153 4645 302 4689 uasat.

193 4699 263 4776 (ά)
283 4707 333 4763 In
360 4726 488 4768 mss.
522 4714 664 4770 Pith.
699 4722 754 4770 et
783 4712 963 4782 Colh.,
995 4715 1051 4768 id
1082 4724 1159 4768 est
1197 4713 1463 4783 epistulas.
1492 4713 1682 4780 Sirm.,

290 4785 610 4854 ερὶεσοραιία.
654 4769 782 4852 Haec
814 4769 976 4842 verba
1004 4769 1386 4842 desiderantur
1411 4769 1550 4856 apud
1585 4769 1687 4839 Ba;

136 4845 336 4925 "mium.
363 4845 462 4924 qui'
487 4857 680 4912 deinde
707 4846 856 4926 legit,
881 4873 1008 4928 quos
1045 4865 1192 4912 extra
1220 4845 1570 4929 episcopdtum
1593 4873 1684 4927 sy-

137 4912 234 4966 nodi
257 4927 486 4966 ιεηωιιεη
511 4930 790 4966 animum

198 4931 234 4966 αι
257 4931 488 4980 sententia
511 4931 809 4984 declaravit.

198 4984 259 5073 ςε)
279 4991 482 5073 39mm,
514 5000 577 5054 de
602 5005 724 5073 fuga
751 5012 799 5054 et
829 4998 1683 5073 tergiversatione.Non‘displice-

198 5017 259 5058 κει
281 5017 482 5066 narum,
514 5017 577 5054 ae
602 5017 620 5070 ι
690 5017 724 5054 a
751 5017 799 5054 et
829 5017 1260 5073 tergiversatione.
1287 5017 1400 5054 non
1430 5017 1683 5070 atspuce-

143 5063 210 5138 ῐρι
227 5073 284 5113 ιαμ
310 5064 448 5138 fuga.
469 5079 598 5137 etc.,
705 5082 806 5130 est.
838 5087 1022 5126 eorum
1049 5071 1316 5128 absolutio
1340 5070 1540 5126 differri
1566 5071 1684 5125 diu-

145 5131 351 5215 ίῖυξλιόει
366 5131 570 5215 debuit,
588 5131 726 5213 quia
756 5145 1004 5215 fugerunt
1027 5144 1247 5215 illorum
1273 5140 1589 5215 adversarii.

207 5198 274 5286 )
309 5207 450 5286 Apud
481 5198 695 5282 Bst-on,
715 5198 1066 5286 quovvenimus
1094 5231 1115 5270 :
1143 5213 1322 5268 minus
1353 5214 1510 5277 bene,
1531 5223 1595 5286 Aut
1625 5213 1690 5267 li-

147 5279 252 5357 ﬁttest
273 5288 332 5330 ex
360 5279 440 5357 his
456 5298 602 5340 num.
629 5279 691 5354 2,
710 5279 892 5357 synodi
919 5289 1146 5341 omnium
1174 5295 1426 5350 nostrum,
1454 5284 1540 5356 qui
1566 5300 1692 5339 con-

149 5339 342 5426 νεξίιζιιις
365 5339 596 5426 episcopi.

212 5407 280 5499 (ﬂ)
323 5417 374 5499 '1}
392 5407 512 5480 'ms.
526 5407 686 5485 rf’itlt.
728 5445 790 5482 ne
823 5427 1066 5496 epistolas
1099 5427 1290 5499 :quod
1321 5427 1492 5499 etiam
1526 5426 1689 5481 habet

155 5473 321 5569 δρῶσι.
351 5473 521 5562 tegas
546 5473 1688 5569 ᾖὸζὶὲέῗενῖἇῖὶιὶὶᾶἷαὶ,Ὶιῖἑὶἷίᾶ’ὲῐῑὶίὶἰᾶεἶιῖ

473 5567 693 5657 Baron.,
715 5608 749 5644 a
775 5589 1118 5659 Neronepoli,
1161 5567 1372 5646 favente
1405 5588 1698 5644 Athanasio

161 5651 536 5755 imam“!!-
579 5651 734 5755 rei:
760 5651 1219 5755 remearem
1255 5659 1694 5755 .S"P'Z‘3.'.‘.'PP‘.;?’

177 5715 554 5801 ξξξξιῇὶάτὶιιέα
575 5715 1010 5789 samera
1024 5715 1224 5799 ausa,
1253 5715 1428 5801 iuq'uit
1450 5715 1701 5787 Thcodol

160 5645 284 5697 milio

1868 4257 1930 4328 (ἰ)
1958 4256 2014 4311 1η
2049 4246 2209 4328 εάἱιξ,
2235 4250 2619 4328 ,υοηεηιὶηηιιδζ
2656 4251 2728 4328 At
2746 4249 2796 4328 i_n
2849 4260 2973 4314 ms.,
3021 4246 3385 4303 Dominiantts.

1788 4318 1952 4385 Forte
1989 4327 2077 4398 qui
2109 4318 2249 4398 apud
2280 4318 2925 4398 Albanas.Domitianus.

1862 4398 1944 4477 (j)
2058 4389 2193 4477 msi,
2218 4396 2420 4477 Ancyra
2445 4391 2699 4477 Gallacia.
2727 4392 2897 4477 Supra
2929 4408 2981 4477 ιιἒ
3008 4391 3070 4475 1,.
3090 4389 3389 4477 Αιξσῃτραατ

1787 4461 1948 4526 latice.
1981 4469 2080 4535 Qui
2110 4475 2266 4521 antea
2296 4461 2377 4519 bis
2407 4464 2699 4534 scripserat
2729 4479 2759 4517 α
2794 4461 3123 4526 Macedonia,
3154 4461 3255 4518 hoc
3273 4462 3387 4533 jam

1789 4542 1966 4608 tertio,
1999 4539 2095 4595 sed
2127 4537 2286 4603 falso,
2317 4536 2403 4592 hic
2433 4537 2707 4605 apposuit.

1709 4605 1762 4666 Β
1860 4605 1960 4710 (Ir):
1984 4635 2156 4710 Alias,
2192 4633 2421 4710 Alcaeus
2444 4648 2477 4686 a
2508 4629 2888 4710 Thessalonica
2915 4645 2936 4684 :
2959 4627 3102 4710 quod
3153 4643 3250 4710 ex
3272 4628 3390 4710 Sir-

1793 4699 1992 4764 mondo
2017 4705 2367 4777 corrigimus.
2399 4707 2476 4777 An
2507 4701 2596 4777 hic
2632 4701 2774 4777 idem
2805 4710 2910 4766 est,
2935 4703 3024 4770 qui
3055 4699 3198 4769 apud
3223 4699 3393 4754 Atha-

1790 4795 1908 4836 nas.
1949 4775 2546 4854 Mnswas'subscriptus
2578 4775 2790 4854 legitur,
2827 4787 2922 4838 per
2949 4786 3108 4854 quem
3150 4785 3394 4854 commu-

1791 4852 2082 4908 nicatorias
2117 4848 2360 4904 Valentis
2385 4843 2437 4902 et
2467 4844 2676 4902 Ursaeii
2709 4843 2916 4898 litteras
2955 4843 3282 4898 Athanasius
3301 4856 3395 4898 ac-

1789 4927 1954 4994 cepit,
1983 4921 2185 4994 quique
2213 4919 2349 4974 infra
2376 4934 2429 4972 n.
2456 4917 2550 4983 2t),
2578 4915 2785 4987 Moyses
2814 4913 3192 4984 nuncupatur?

1862 5014 2018 5099 (l).Et
2051 5013 2140 5069 hic
2167 5028 2289 5068 cum
2319 5011 2484 5068 Sirm.
2529 5007 2866 5080 praeferimus
2911 5025 2943 5062 a
2974 5007 3156 5074 Dacia,
3191 5021 3289 5078 pro
3327 5006 3393 5063 ab

1793 5088 2068 5234 Αεδξέἷίρ
2101 5155 2267 5210 Sirm.
2302 5153 2516 5234 favente
2541 5149 2862 5234 Athanasio.
2889 5149 3028 5218 apud
3061 5165 3222 5234 quem
3263 5149 3394 5234 sub-

1793 5219 1979 5287 scribit
2013 5226 2349 5298 Hymemeus,
2381 5223 2528 5278 Alias
2559 5237 2710 5288 vero,
2746 5219 3030 5293 Hymomus
3067 5240 3098 5276 α
3124 5220 3393 5277 Thessalia

1794 5301 2136 5498 desgfhrgiﬁf
2161 5367 2422 5423 Athanas.
2455 5380 2564 5422 non
2590 5362 2885 5421 subscribit
2913 5361 3128 5429 Lucius,
3162 5363 3257 5421 sed
3291 5361 3399 5420 Lu-

1796 5445 1864 5498 cil
1890 5461 1947 5497 us
1979 5459 1997 5496 :
2031 5444 2168 5497 forte
2189 5441 2234 5495 is
2259 5453 2445 5509 quem,
2476 5436 2702 5508 Apolog.
2741 5453 2794 5508 p.
2827 5433 2954 5500 675,
2989 5445 3179 5509 testem
3210 5435 3399 5509 appel-

1804 5475 1947 5498 puuu
1979 5483 1993 5496 .
2031 5475 2099 5496 un
2117 5475 2168 5497 so
2191 5475 2234 5495 sa
2259 5475 2445 5509 ιιιιυιιι,
2476 5475 2702 5508 "Pu-ub.
2743 5475 2794 5508 ι...
2829 5475 2954 5500 νυν,
2990 5475 3179 5490 ..ιο-ν...
3210 5475 3396 5507 ..νικη-

1804 5515 1902 5581 lat,
1932 5513 2073 5586 quod
2098 5512 2448 5586 Congantem
2482 5522 2770 5586 numquam
2827 5505 3267 5586 solusallogutus
3304 5507 3396 5564 sit.

1879 5575 1965 5658 ('0)-
1999 5584 2054 5638 In
2086 5598 2190 5658 ms.
2224 5575 2670 5658 Tebepsetaﬁleos.
2717 5578 2870 5658 Apud
2901 5576 3066 5634 Labb.
3105 5575 3356 5634 Thebesse
3376 5593 3400 5636 :

1799 5659 1863 5714 et
1887 5649 1967 5732 ei
2001 5654 2316 5732 conjectura
2333 5649 2365 5719 ,ί
2381 5649 2864 5732 Τὴεῦεερςαροιε-ῳ.
3082 5717 3124 5732 κ
3169 5718 3203 5732 Δ.

1878 5728 1957 5802 (p)
1995 5717 2185 5793 Sirm.,
2233 5717 2492 5780 Maccare.
2537 5717 2732 5789 Faber,
2765 5719 3052 5777 Maccroce.
3082 5717 3403 5781 Rctinemus

166 5788 287 5840 tctus
312 5788 393 5848 lib.
446 5814 459 5852 ι
506 5802 636 5860 ilist.
670 5805 840 5871 Eccl.,
878 5788 932 5862 7c.
964 5806 994 5860 7
1035 5821 1050 5860 :
1091 5788 1349 5860 Neronia;
1376 5802 1576 5861 Cilicire
1603 5817 1699 5873 se-_-
1807 5788 2097 5859 lectionem
2131 5788 2264 5857 mss.
