3958 6194
555 261 662 340 sia

1764 283 2009 344 SANCTI
2048 272 2301 344 litLAllll
2344 286 2652 349 EPISCOPI

3772 272 3857 341 θη

557 402 629 452 ab
657 399 860 457 Achaia
885 398 951 456 de
976 394 1566 472 Magari,Macedonius
1595 400 1663 456 ab
1697 398 1930 456 Ardania
1954 398 2141 471 (Labb.
2176 400 2223 461 A
2252 420 2373 462 esse
2388 406 2636 479 potuit(f.
2666 402 2859 477 patuit)
2884 398 3172 472 infectum;
3200 414 3298 461 aut
3318 410 3439 471 eos,
3459 400 3561 477 qui
3584 409 3769 471 postea
3795 403 3856 455 in.

560 507 587 545 ε
632 490 919 562 Dardania)
961 490 1030 547 de
1075 490 1339 560 Ulpianis,
1374 491 1452 565 (a)
1485 492 1683 547 Calvus
1734 493 1802 548 ab
1844 492 2044 547 Achaia
2078 490 2151 547 ri-

560 585 714 655 pcnsi
744 584 811 639 de
836 583 1024 640 Castra
1071 585 1278 653 martis,
1333 586 1753 643 Fortunatianus
1791 586 1860 642 ab
1885 586 2037 643 Italia
2082 584 2153 643 de

559 678 826 748 Aquileia,
852 677 1129 734 Plotarcus
1153 679 1221 735 ab
1253 676 1449 735 Acacia
1477 676 1552 752 (b)
1582 679 1649 735 de
1677 681 1890 749 Patras,
1930 676 2151 735 Eliodo-

558 786 653 826 rus
692 787 721 827 a
762 771 1027 842 Nicopoli,
1080 773 1339 829 Eutarius
1387 789 1415 828 a
1458 773 1769 841 Pannoniis,
1802 773 1877 848 (ε)
1920 774 2084 829 Arius
2123 786 2153 827 a

559 861 865 930 Paitcstina,
890 865 1119 921 Asturus
1136 867 1203 921 ab
1223 865 1444 932 Arabia,
1460 866 1538 937 (ά)
1560 863 1762 921 Cocras
1777 866 1846 921 ab
1864 862 2064 921 Achaia
2087 863 2157 921 de

557 956 920 1027 Asapnfehiis.
952 958 1261 1014 Stercorius
1291 958 1358 1014 ab
1384 958 1577 1032 Apulia
1607 958 1676 1013 de
1703 958 1963 1014 Canusio.
2003 958 2158 1014 Cale-

560 1050 754 1121 podius
777 1066 807 1106 a
824 1050 1141 1122 Campania,
1167 1051 1428 1111 Lerenius
1448 1050 1659 1125 (Athan.
1681 1060 1732 1109 et
1744 1051 1877 1107 ιιι.
1894 1052 2153 1124 Demens)

560 1139 879 1197 abtAcltaia
924 1142 992 1198 de
1034 1141 1282 1209 Sccoro,
1347 1142 1634 1215 Martyrius
1700 1145 1768 1203 ab
1831 1143 2037 1205 Achaia
2089 1143 2160 1200 de

559 1231 806 1304 Neapoli,
848 1234 1139 1305 Dionysius
1161 1235 1233 1306 (ο)
1260 1236 1326 1291 ab
1353 1236 1582 1291 Arcaida
1622 1235 1689 1290 de
1719 1235 1893 1303 Elida,
1923 1234 2161 1293 Severus

562 1324 632 1379 ab
661 1324 808 1380 Italia
839 1327 906 1382 de
924 1327 1284 1393 Ravennensi,
1316 1326 1575 1384 Ursacius
1602 1329 1670 1381 ab
1697 1328 1851 1383 italia
1876 1328 1945 1385 de
1976 1329 2156 1384 Brixa.

562 1415 839 1473 Portasius
869 1419 1057 1493 (Sirm.
1093 1419 1395 1492 Protasius)
1443 1420 1510 1475 ab
1540 1420 1690 1475 Italia
1726 1420 1793 1476 de
1833 1420 2159 1487 Mediolano,

559 1510 723 1589 633
755 1512 964 1568 Marcus
994 1513 1061 1567 ab
1103 1512 1228 1567 Asia
1281 1512 1348 1568 de
1387 1508 1556 1568 Fissia
1590 1512 1777 1586 (Sirm.
1821 1527 1851 1567 a
1893 1512 2055 1573 Dacia
2092 1512 2161 1568 de

563 1605 811 1678 Scissia),
847 1604 1177 1661 Verissimus
1208 1622 1240 1661 a
1260 1605 1431 1663 Gallia
1458 1606 1526 1662 de
1549 1606 1832 1677 Lugdune,
1866 1606 2067 1663 Valens
2093 1606 2161 1660 ab

565 1699 767 1755 Achaia
794 1700 845 1771 (a
871 1699 1057 1775 Dacia)
1090 1700 1306 1769 ripense
1346 1700 1415 1755 de
1454 1698 1602 1765 Scio,
1632 1700 1904 1755 Palladius
1925 1716 1955 1755 a
1988 1701 2162 1755 Mace-

562 1790 723 1849 donia
747 1793 815 1849 de
847 1794 942 1849 Uui
968 1774 1136 1868 (Dio),
1164 1793 1455 1850 Gerontius
1484 1811 1511 1847 a
1542 1794 1850 1851 Macedonia
1881 1795 1948 1850 de
1977 1796 2159 1867 Brevi,
2194 1774 2242 1841 Β
2271 1799 2504 1860 utroque
2526 1787 2824 1855 consultus,
2851 1796 2907 1844 et
2929 1789 3135 1859 positus
3162 1788 3212 1843 in
3239 1784 3421 1842 medio
3448 1782 3752 1857 utriusque
3772 1800 3879 1840 sen-

564 1882 875 1941 Alexauder
899 1885 967 1942 ab
1014 1885 1213 1941 Achaia
1246 1887 1311 1941 dc
1342 1884 1573 1941 Morenis
1612 1882 1801 1958 (Sirm.
1836 1886 1903 1943 de
1946 1885 2162 1959 Cepari-

565 1970 729 2050 sina),
776 1978 1051 2033 Euthilius
1075 1978 1139 2050 (Ῑ.
1174 1977 1480 2053 Enlichius)
1524 1978 1592 2039 ab
1623 1980 1850 2051 Achaia,
1883 1981 2056 2037 Titius
2097 1982 2165 2036 ab

564 2070 695 2124 Asia
736 2067 803 2124 de
834 2067 1104 2125 Mantonis
1142 2070 1233 2142 (an
1259 2086 1287 2124 a
1320 2070 1473 2125 Dacia
1504 2071 1572 2126 de
1600 2070 1919 2129 Montcmnis
1936 2074 2004 2144 ἲ).
2039 2070 2167 2144 Epi—

564 2164 716 2233 sctipi
747 2176 937 2217 omnes
970 2176 1195 2217 numero
1223 2176 1359 2217 unus
1388 2162 1454 2217 de
1478 2164 1776 2234 sexaginta.

639 2253 728 2310 16.
768 2252 1041 2309 Athanasii
1079 2255 1369 2308 innocentia
1405 2255 1695 2324 manifesta.
1739 2254 1998 2326 Sacriﬁcii
2038 2272 2170 2328 opus

568 2347 731 2402 solius
753 2358 827 2403 est
855 2345 1158 2417 presbyteri.
1182 2376 1255 2387 —
1282 2345 1422 2402 «Res
1444 2388 1460 2416 ,
1487 2357 1745 2420 quantum
1786 2349 2023 2406 arbitror
2053 2348 2170 2421 (in-

564 2445 672 2515 quit
703 2442 939 2499 Hilarius
957 2445 976 2515 )
994 2486 1007 2511 ,
1037 2446 1306 2501 sermonis
1333 2444 1559 2502 alterius
1585 2446 2033 2519 interpretatione
2059 2466 2169 2505 non

564 2536 787 2608 indiget.
816 2534 952 2593 Nam
979 2537 1160 2594 omnia
1189 2538 1259 2593 ita
1285 2537 1459 2595 edicta
1487 2551 1612 2596 sunt
1640 2548 1697 2596 et
1720 2555 2001 2614 expressa,
2031 2549 2085 2597 ut
2116 2543 2170 2598 in

564 2631 739 2687 lucem
767 2633 1092 2704 cognitionis
1117 2633 1258 2691 elata
1285 2633 1427 2689 sint:
1463 2643 1626 2691 testes
1653 2650 1721 2691 ex
1751 2634 1989 2709 Egypto
2016 2651 2170 2692 com-

565 2725 768 2797 positi,
802 2724 1130 2783 Athanasius
1160 2727 1277 2799 ipse
1317 2742 1590 2799 pra-setis,
1632 2729 1890 2785 falsorum
1925 2728 2168 2802 judicum

567 2824 828 2872 nocturna
882 2827 934 2872 ct
988 2820 1160 2890 turpis
1210 2835 1305 2890 per
1352 2820 1740 2877 conscietttiatti
1784 2819 1938 2893 fuga,
1991 2829 2169 2877 tauto-

568 2922 688 2964 rum
721 2910 989 2965 scelerum
1020 2913 1200 2982 gravis
1231 2918 1285 2966 et
1314 2913 1557 2983 subjecta
1591 2915 1969 2973 universorum
1998 2911 2170 2970 oculis

568 2999 787 3057 invidia.
816 3000 885 3074 (Γ)
921 3001 1074 3058 Adde
1102 3004 1364 3075 originem
1397 3021 1595 3072 causae,
1624 3022 1691 3061 ex
1720 3022 1819 3075 qua
1852 3007 1905 3062 in
1931 3007 2173 3061 Athana-

2255 496 2526 565 diearunt,
2551 496 2618 574 (i)
2650 499 2970 553 constitutos
3000 513 3105 553 non
3134 496 3324 566 fuisse,
3354 495 3515 570 quod
3546 494 3593 549 si
3626 490 3749 562 fuit,
3773 509 3859 551 non

2257 598 2434 660 potest
2463 602 2569 644 non
2594 586 2797 644 fuisse?

2330 679 2416 735 l7.
2464 678 2732 735 Athanasii
2777 674 2993 734 crimina
3032 696 3135 736 non
3181 689 3439 736 constant.
3486 708 3569 719 —
3618 674 3722 735 «'Si
3766 679 3865 751 quis

2258 770 2421 843 igitur
2460 780 2544 828 est
2583 769 2840 828 humanis
2869 772 3131 829 institutis
3160 773 3224 826 ad
3256 788 3411 828 usum
3452 769 3543 846 (k)
3580 776 3867 829 communis
3916 762 3917 765 “

2260 862 2632 936 intelligentia:
2656 862 2919 930 eruditus,
2941 864 2986 920 si
3015 865 3133 934 quis
3163 862 3478 938 prudentiae
3507 862 3804 935 praeCeptis
3827 864 3866 918 in

2259 959 2400 1012 viam
2442 957 2820 1015 conscelandtn
2861 958 3105 1015 Veritatis
3147 956 3381 1025 insistit;
3413 948 3686 1012 animum
3718 956 3869 1012 inten-

2260 1047 2383 1114 dat,
2424 1055 2480 1104 et
2513 1046 2639 1121 quid
2679 1050 2732 1105 in
2777 1046 3148 1121 hujuscemodi
3188 1049 3424 1120 negotiis
3460 1057 3668 1103 tenere
3709 1062 3768 1104 se
3803 1064 3873 1103 ar-

2261 1141 2409 1197 bitrii
2453 1143 2616 1210 velit,
2665 1140 2965 1212 expendat:
3010 1143 3147 1197 ratio
3187 1139 3402 1197 interim
3433 1136 3515 1196 de
3558 1139 3870 1195 indiciorum

2262 1234 2575 1289 auctoribus
2613 1234 2862 1290 exsistat.
2910 1231 3037 1288 Haac
3075 1228 3183 1288 duo
3213 1226 3457 1288 indicata
3489 1250 3505 1287 :
3544 1248 3718 1286 unum
3750 1233 3872 1303 quod

2262 1328 2469 1383 crimen
2520 1324 2786 1392 afﬁrmet,
2835 1325 3079 1382 criminis
3125 1326 3299 1382 locum
3348 1340 3465 1381 non
3519 1334 3764 1401 occupet
3805 1324 3872 1394 (ι.

2264 1419 2593 1492 nuneupet),
2628 1435 2880 1491 perpessa
2908 1419 3101 1491 injuria
3129 1419 3149 1495 (
3167 1419 3209 1491 f.
3237 1433 3579 1492 perpessum
3612 1416 3872 1488 injuriam)

2264 1511 2538 1568 hominem
2567 1511 2849 1585 designet;
2882 1510 3029 1568 aliud
3055 1528 3204 1579 vero,
3230 1513 3375 1584 quod
3396 1513 3662 1584 crimen,
3693 1510 3871 1573 locum,

2267 1603 2539 1659 hominem
2569 1615 2746 1676 neget.
2773 1604 2990 1673 Quaero,
3016 1605 3069 1659 in
3098 1620 3257 1675 quam
3305 1615 3356 1660 te
3383 1596 3736 1659 sententiam
3760 1616 3871 1656 con-

2266 1696 2461 1752 cedere
2486 1708 2697 1767 aequum
2727 1694 3027 1751 videbitur?
3045 1693 3225 1762 Certe,
3248 1695 3469 1765 Opinor,
3508 1692 3800 1766 quisquam
3820 1695 3875 1746 ab

2272 1878 2477 1946 tentize,
2503 1877 2669 1954 635
2694 1876 2765 1936 ita
2798 1876 3075 1952 loquetur:
3104 1878 3163 1937 Si
3187 1881 3394 1938 crimen
3423 1886 3515 1935 est
3537 1920 3555 1948 ,
3588 1876 3874 1934 docendum

2272 1980 2390 2041 est;
2423 1975 2471 2029 si
2499 1977 2649 2033 locus
2676 1984 2789 2044 est,
2823 1972 3279 2032 demonstrandus
3304 1980 3427 2033 est:
3457 1973 3506 2031 si
3541 1972 3738 2038 homo,
3768 1988 3877 2027 can-

2271 2066 2505 2123 tnendus
2532 2076 2635 2124 est.
2667 2068 2737 2124 At
2765 2078 2893 2124 vero
2922 2082 3043 2124 cum
3074 2070 3130 2124 et
3158 2066 3285 2122 tacti
3320 2065 3454 2123 ﬁdes
3477 2108 3496 2134 ,
3535 2074 3594 2123 et
3628 2062 3735 2121 loci
3764 2062 3874 2120 reli-

2272 2160 2381 2231 gio,
2408 2170 2462 2216 et
2489 2156 2701 2234 injuria:
2731 2159 2894 2216 hoino
2926 2158 3106 2216 nullus
3143 2167 3260 2226 est;
3302 2168 3578 2215 vesanum
3619 2158 3877 2214 existima-

2273 2254 2437 2320 bitur,
2466 2253 2629 2310 rebus
2651 2252 2891 2323 iudicem
2920 2267 3028 2310 non
3057 2248 3392 2311 exstantibus
3417 2249 3702 2322 judicare.

2348 2347 2435 2404 l8.
2467 2347 2742 2402 Athanasii
2768 2346 3052 2402 damnandi
3079 2344 3224 2403 nulla
3248 2363 3426 2404 causa.
3452 2376 3531 2388 —-
3564 2365 3586 2399 ί
3621 2342 3874 2414 Respicite

2274 2440 2327 2497 in
2358 2440 2553 2498 ctelum
2582 2448 2639 2497 et
2662 2449 2828 2508 astra,
2853 2456 2950 2498 vos
2974 2440 3314 2509 sacerdotes;
3344 2454 3397 2498 et
3424 2443 3483 2498 in
3512 2456 3645 2498 eum
3664 2482 3678 2506 ,
3709 2434 3796 2511 qni
3816 2453 3869 2493 ct

2274 2534 2445 2591 nihilo
2476 2534 2601 2592 fecit
2633 2534 2754 2599 illa,
2786 2550 2907 2591 cum
2940 2532 3188 2593 libertate
3219 2532 3343 2592 ﬁdei
3370 2547 3425 2591 et
3455 2532 3583 2606 spei
3612 2546 3772 2604 quam
3798 2546 3872 2585 ac-

2276 2629 2496 2698 cepistis
2516 2670 2530 2694 ,
2559 2627 2823 2684 intendite
2840 2672 2855 2697 ,
2885 2629 3238 2686 recordantes
3263 2628 3426 2684 talem
3453 2626 3622 2684 vobis
3647 2623 3806 2683 futuri
3824 2621 3865 2676 in

2276 2732 2375 2772 vos
2409 2716 2601 2788 judicli
2641 2718 2866 2774 formam
2899 2732 3021 2775 esse
3052 2717 3381 2790 propositam
3403 2760 3417 2784 ,
3455 2720 3517 2774 ut
3549 2730 3662 2788 quo
3687 2714 3867 2785 judicio

2271 2810 2666 2882 judicaveritis,
2695 2812 2965 2884 judicetnr
2990 2810 3058 2868 de
3086 2812 3240 2869 vobis
3267 2811 3488 2884 (Matth.
3513 2828 3591 2867 vn
3611 2853 3625 2878 ,
3649 2806 3731 2883 2).
3758 2804 3867 2864 Haec

2277 2904 2539 2975 qumrenti
2587 2904 2714 2960 mihi
2758 2907 3117 2978 respondete:
3151 2904 3508 2963 Athanasium
3544 2920 3659 2977 quo
3683 2899 3866 2977 judicio

2277 2993 2612 3051 damnastis?
2631 2996 2827 3052 Dicetis
2850 3013 3059 3069 nempe,
3084 2994 3509 3069 Episcoporunt:
3536 3005 3595 3053 et
3624 2997 3741 3050 lucc
3757 3002 3865 3048 ωη-

568 3096 706 3151 siutn
739 3097 952 3153 occasio
973 3106 1055 3151 est
1076 3096 1299 3168 quaesita
1332 3100 1630 3157 sententiae.
1671 3099 1837 3168 Reus,
1869 3099 2165 3174 presbyteri

2277 3088 2529 3147 fessionis
2558 3098 2750 3149 vestrae
2776 3095 2880 3149 erit
2908 3094 3080 3149 venia.
3113 3093 3325 3162 Sccuti,
3355 3093 3534 3167 inquit
3561 3093 3645 3166 (Ῑ.
3673 3089 3862 3164 inquie-

569 3188 650 3242 sui
698 3187 897 3256 impetu
925 3229 939 3253 ,
976 3187 1259 3245 distnrliati
1297 3192 1483 3248 altaris
1523 3192 1576 3247 in
1621 3192 1737 3262 ipso
1776 3195 2165 3250 sacriﬁciorum

2279 3182 2408 3251 tis),
2435 3198 2620 3239 smnus
2649 3194 2888 3240 sanctam
2917 3184 3242 3256 iudiciorum
3276 3180 3377 3241 sub
3406 3182 3710 3258 episcopali
3738 3196 3864 3237 com-

572 3282 817 3349 tctnpore
838 3324 852 3347 ,
884 3281 973 3336 ubi
1000 3281 1204 3354 Scyrus
1235 3286 1515 3356 presbyter
1540 3285 1836 3342 adsistebat
1860 3328 1875 3355 ,
1907 3288 2168 3358 arguitur.

570 3369 774 3444 Scyrus
812 3373 1092 3444 presbyter
1121 3386 1367 3446 negatur,
1413 3386 1466 3432 et
1510 3376 1752 3432 criminis
1803 3378 2007 3436 falsitas
2046 3396 2168 3435 cum

571 3470 794 3522 auctore
833 3466 1134 3527 damnatur.
1185 3468 1352 3524 Porro
1391 3476 1570 3524 autem
1613 3468 1860 3526 sacriﬁcii
1891 3489 2026 3540 opus
2053 3473 2171 3531 sine

574 3559 893 3631 presbytero
924 3574 1046 3616 esse
1079 3576 1182 3616 non
1215 3562 1406 3632 potuit.
1446 3560 1578 3617 Cum
1614 3563 1664 3616 in
1694 3562 1967 3619 hominem
1996 3581 2173 3636 quaas-

576 3653 651 3706 tio
688 3659 808 3721 est,
840 3653 958 3723 ipse
988 3652 1108 3709 facti
1143 3666 1249 3710 tam
1282 3653 1462 3726 gratis
1492 3656 1670 3711 nullus
1699 3668 1781 3712 est
1812 3656 1997 3728 locus,
2030 3662 2175 3733 apud

572 3744 865 3801 Mareotem
899 3744 978 3820 (g)
1006 3746 1230 3803 ecclesia
1262 3748 1405 3803 nulla
1435 3760 1536 3804 cst.
1560 3736 1827 3820 Numquid
1857 3754 2031 3823 potius
2059 3754 2174 3826 ipsa

572 3837 674 3893 soli
721 3835 914 3908 religio
942 3836 1176 3893 deiecit?
1202 3848 1293 3893 aut
1319 3838 1522 3910 aliquo,
1557 3851 1611 3895 ut
1638 3841 1881 3911 adsolet,
1915 3842 2062 3899 hiatu
2094 3846 2174 3901 lo-

571 3944 670 3986 cus
708 3929 891 3985 violati
929 3929 1175 3987 sacriﬁcii
1217 3931 1472 3988 desedit?
1500 3932 1699 4006 Scyrus
1727 3932 1796 3991 de
1835 3935 2064 3993 diacono
2092 3935 2173 4012 (lt)

573 4021 860 4092 episcopus
900 4021 1171 4078 adseritur
1208 4023 1518 4089 ordinatus;
1557 4031 1617 4079 ut
1654 4023 1722 4082 de
1760 4027 2085 4083 c0ntnmelia
2121 4030 2172 4083 in

573 4118 894 4189 presbytero
927 4132 1182 4188 perpessa
1213 4118 1525 4173 mentientis
1563 4118 1805 4190 episcopi
1836 4120 2008 4191 major
2047 4136 2176 4177 auc-

575 4219 766 4268 toritas
787 4211 875 4267 sit.
901 4210 1009 4269 Sed
1036 4213 1187 4269 locus
1208 4212 1452 4268 ecclesia:
1481 4211 1547 4285 (i)
1570 4212 1618 4269 si
1639 4212 1760 4279 fuit,
1783 4222 1837 4270 et
1852 4224 1936 4269 est
1955 4232 1969 4267 :
1990 4216 2041 4269 si
2065 4231 2172 4271 non

575 4311 677 4369 est,
709 4318 808 4357 nec
836 4302 955 4357 fuit.
986 4303 1047 4356 Et
1069 4301 1195 4373 quid
1224 4301 1529 4374 ambiguum
1551 4312 1655 4370 est,
1685 4306 1781 4359 hos
1808 4305 1987 4375 potius
2014 4306 2176 4363 falso-

576 4411 697 4453 rum
725 4394 1012 4452 criminum
1046 4395 1248 4452 indices
1285 4396 1584 4455 asseruisse
1614 4395 1813 4456 factum
1844 4414 1965 4458 esse
1985 4444 1999 4471 ,
2030 4403 2173 4476 quod

2276 3278 2532 3332 ninnione
2571 3278 2951 3334 reverentiam.
2994 3278 3099 3335 Sed
3130 3280 3407 3350 ignorasse
3446 3294 3548 3334 vos
3589 3270 3857 3348 negabitis.

2275 3369 2594 3438 Athanasio,
2619 3374 2772 3443 cujus
2798 3372 3200 3429 damnationem
3228 3387 3260 3426 a
3286 3371 3437 3426 vobis
3470 3364 3699 3453 Valens,
3723 3362 3855 3423 Ursa-

2274 3465 2421 3531 cius,
2450 3467 2772 3521 Saturninus
2797 3466 3046 3536 exigunt,
3077 3465 3145 3520 ab
3171 3464 3363 3531 Ussio,
3396 3462 3711 3533 Maximino,
3736 3454 3856 3516 Julia

2276 3556 2542 3613 redditam
2571 3557 3047 3614 communionem?
3068 3556 3185 3614 Non
3216 3556 3358 3614 facio
3385 3552 3854 3629 comparationem:

2280 3666 2431 3722 rOgo,
2460 3665 2579 3723 quae
2602 3652 2669 3707 de
2694 3652 2920 3709 crimine
2940 3651 3218 3709 Athanasii
3244 3660 3425 3708 vestra
3450 3648 3717 3709 sententia
3738 3644 3855 3702 fuit?

2279 3744 2572 3818 Presbyter
2599 3747 2716 3819 ejus
2749 3745 3048 3803 Macharins
3077 3745 3302 3803 irruisse
3343 3747 3395 3802 in
3437 3744 3722 3803 ecclesiam
3760 3742 3853 3796 Ma-

2280 3840 2541 3895 reotidem
2574 3839 2790 3905 dicitur.
2823 3840 3047 3914 Scyrum
3081 3842 3455 3913 presbyterum
3500 3837 3849 3914 perturbasse.

2280 3943 2332 3989 et
2359 3935 2549 3990 salutis
2577 3947 2777 3992 nostrae
2803 3943 3137 3991 sacramenta
3169 3936 3462 4005 projecisse
3482 3952 3496 3990 :
3515 3934 3590 3997 ad
3623 3930 3768 4001 hujus
3788 3924 3851 3981 rei

2282 4036 2449 4082 testes
2487 4025 2933 4084 cathccumenum
2972 4034 3027 4083 et
3063 4027 3320 4100 gentilem
3367 4028 3739 4098 interrogatos.
3770 4018 3849 4073 Ve

2282 4138 2399 4178 rum
2432 4133 2613 4193 postea
2641 4139 2670 4179 a
2699 4123 2902 4179 sanctis
2929 4122 3207 4194 (Sardica:
3235 4121 3616 4195 congregatis)
3660 4114 3849 4175 nescitis

2278 4216 2576 4287 jadieatum
2615 4216 2791 4288 (adde,
2813 4215 2992 4287 apud)
3042 4216 3643 4273 Iareotemecelssiam
3669 4208 3843 4266 nullam

2281 4322 2437 4376 esse;
2464 4308 2692 4380 Scyrum
2712 4318 2842 4364 vero
2864 4307 3240 4377 presbyterum
3265 4312 3371 4362 non
3393 4305 3605 4364 ﬁtisse.’
3619 4299 3743 4373 Quid
3761 4304 3841 4359 cal.

2282 4402 2426 4471 quod
2448 4401 2621 4459 secuti
2644 4400 2809 4457 estis?
2830 4400 3004 4457 Falsis
3029 4400 3296 4473 episcopis
3324 4403 3689 4458 auctoritatem
3708 4390 3840 4453 datis.

651 4585 730 4662 (a)
762 4584 905 4662 Diti).
953 4599 1081 4648 ms.,
1125 4581 1302 4662 Caius.
1355 4581 1549 4649 Labb.,
1603 4581 1789 4641 Caluus
1829 4601 1863 4641 ο
1892 4584 2063 4641 Dacia
2098 4572 2576 4662 ri-Ijjactitabat.
2631 4585 2909 4662 Mareotici
2962 4597 3141 4662 autem
3196 4589 3500 4662 presbyteri
3551 4607 3614 4647 ac
3660 4581 3835 4662 Mi

577 4655 805 4729 penside
831 4658 1009 4712 Castra
1035 4655 1236 4711 martis.
1386 4726 1398 4729 _
1511 4727 1519 4729 4
1584 4724 1672 4729 _‘
1853 4726 1860 4729 Α
1944 4727 1965 4729 _
2108 4702 2111 4705 .

652 4729 725 4801 (b)
770 4728 877 4801 Sic,
909 4743 1009 4783 ms.
1048 4743 1116 4782 ex
1146 4743 1263 4801 quo
1290 4726 1548 4801 _vulga_vit
1584 4724 1776 4801 Faber,
1826 4726 1904 4801 de_
1933 4727 2159 4787 Patrois.

572 4795 747 4858 Attica
778 4800 1061 4855 mallemus
1099 4795 1427 4859 ab'Acltaia.’
1450 4797 1608 4867 Apud
1636 4798 1831 4864 Lahb.,
1860 4795 2172 4857 Praetereas

575 4875 639 4927 ab
672 4872 867 4925 Achaia
888 4874 951 4924 de
978 4868 1170 4926 Patris.

651 4943 1168 5025 (c)‘Amanuen_sinm
1198 4940 1586 5025 lapsuneditum
1618 4953 1737 5025 erat
1767 4940 1920 4998 Arius
1947 4941 2008 4997 ab
2036 4940 2170 5025 Ara-

575 5010 679 5137 gia',
703 5010 933 5069 'Asturns
960 5030 992 5066 a
1014 5010 1313 5137 animum
1350 5013 1549 5070 Horum
1565 5015 1939 5085 episcoporum
1971 5016 2174 5071 mentio

618 5100 819 5137 tsunra
859 5100 1007 5137 num.
1064 5123 1085 5137 ρ

575 5088 635 5145 ﬁt
660 5102 819 5156 supra
859 5100 1007 5140 num.
1033 5088 1085 5137 7.
1400 5150 1409 5155 _

647 5160 722 5228 (ά)
756 5158 810 5212 lu
844 5173 944 5212 ms.
977 5156 1139 5223 Pith.,
1172 5152 1350 5213 ϐοείας
1378 5158 1439 5211 ab
1468 5154 1703 5221 Aeacius.
1722 5152 1857 5215 Tum
1886 5154 2081 5229 εῖναι,
2110 5158 2176 5214 de

574 5229 970 5299 Ataspofaebiis,

651 5292 725 5388 te)
765 5292 903 5385 intra
936 5300 1149 5384 ιῖηιειιι.
1185 5316 1261 5382 ut,
1289 5316 1344 5356 ιι.
1376 5300 1470 5368 20.
1512 5301 1719 5359 mentio
1749 5302 1811 5356 tit
1840 5292 2079 5376 Dionysii
2107 5300 2173 5357 ab

651 5391 725 5425 ica
748 5388 1021 5425 provmcue
1057 5371 1284 5425 Acltataz.

572 5372 725 5434 Elicit
746 5372 1021 5443 provincia:
1057 5372 1284 5426 Acltaiaz.

576 5442 579 5447 ’
644 5445 726 5518 (f)
757 5446 830 5518 ita
856 5461 923 5499 ex
948 5441 1113 5518 Sirm.
1142 5441 1288 5518 Alias
1315 5457 1466 5509 vero,
1492 5444 1560 5497 At
1585 5441 1647 5518 de
1671 5441 1887 5518 origine.

672 5511 726 5589 g)
761 5517 815 5571 ln
847 5530 914 5589 eo
944 5515 1200 5571 nimirum
1230 5515 1393 5589 vico,
1410 5530 1570 5587 quem
1604 5511 1852 5589 lschy'ras
1882 5513 2169 5589 incolebat.

578 5571 582 5576 .
646 5519 726 5641 ig)
761 5519 815 5571 ln
847 5530 914 5571 eo
944 5519 1200 5571 nimirum
1230 5519 1348 5568 vico
1366 5555 1393 5580 ,κ
1410 5530 1570 5587 quem
1604 5519 1852 5643 lsclt‘yras
1882 5519 2169 5572 incolebat.

576 5592 641 5646 Al
667 5604 725 5659 as
755 5588 938 5641 Itillilie
964 5592 1131 5659 erant
1142 5586 1292 5659 apud!
1308 5583 1596 5643 Mareotem
1623 5600 1716 5642 ecc
1740 5583 1868 5654 esiae
1891 5605 1902 5640 :
1926 5586 2173 5659 quamvis

574 5658 721 5716 aliud
749 5668 942 5712 sonent
973 5655 1157 5711 Hilarii
1186 5657 1367 5712 verba.

652 5726 734 5799 (ἡ)
761 5724 1063 5799 [Schyrasa
1090 5724 1408 5799 NiCaephoro
1435 5726 1610 5799 Iib._tx
1635 5767 1649 5791 ,
1677 5719 1859 5799 φη(
1875 5742 1938 5799 ea;
1960 5742 2014 5781 se
2036 5741 2175 5781 arma

580 5796 840 5872 presbyter
884 5796 1203 5863 appellatur.
1256 5796 1372 5865 Ipse
1417 5812 1476 5852 se
1515 5796 1749 5853 Collutbi
1795 5797 2171 5868 presbyterum

2277 4660 2421 4727 apud
2461 4659 2819 4731 Athanasium
2859 4675 2979 4731 pag.
3024 4661 3164 4726 702,
3195 4659 3585 4731 testiﬁcantur,
3621 4660 3751 4717 illum
3782 4667 3835 4707 ne

2276 4734 2532 4786 clericum
2554 4730 2773 4799 quidem
2799 4746 3051 4801 utquam
3073 4733 3314 4788 habitum
3345 4734 3535 4801 iubae,
3558 4733 3658 4790 nisi
3677 4731 3833 4786 forte:

2275 4804 2520 4878 cognatis
2544 4812 2603 4878 et
2623 4803 2693 4857 ab
2720 4804 2901 4878 iisqui
2932 4804 3088 4878 longe
3116 4805 3365 4878 abAil‘l‘uﬁ
3386 4818 3529 4878 pago
3553 4803 3832 4878 habitare"!-

2349 4874 2413 4946 (i)
2447 4872 2709 4947 Addimus
2758 4872 2841 4939 si,
2864 4875 3007 4946 quod
3032 4872 3327 4933 manifeste
3352 4872 3591 4947 ponium
3616 4872 3833 4933 orationi!

2274 4944 2578 5012 integritas.

2350 5015 2429 5089 (i)
2455 5016 2623 5089 Sir-u-
2650 5031 2716 5071 οι
2744 5032 2847 5073 ηιθ-
2876 5015 3106 5088 Restim,
3136 5018 3471 5076 constitutum
3493 5031 3587 5079 ut.
3614 5018 3688 5075 Bx
3712 5019 3830 5068 utra-

2277 5088 2384 5157 que
2413 5088 2655 5161 lectione
2676 5089 2837 5161 facile
2859 5090 3135 5146 cotttieere
3159 5097 3244 5144 est
3270 5094 3606 5161 const
3629 5098 3699 5144 est
3717 5095 3830 5161 '3‘":

2279 5156 2436 5236 titus:
2466 5160 2709 5229 adeoque
2736 5160 2965 5236 libenter
2986 5156 3559 5236 μωξετφαιιωίᾳωοι
3581 5176 3677 5236 αι
3695 5156 3826 5236 patuit

2278 5230 2557 5306 infectum:
2580 5226 2637 5287 ut
2660 5246 2771 5306 eos,
2797 5226 3087 5306 W_P0;“d
3110 5226 3757 5306 indicannt,'caupicu_m
3770 5226 3827 5306 αξξ

2279 5289 2517 5356 πιὲιιεὶιοε
2543 5319 2642 5356 non
2668 5289 2849 5372 fuisse.
2873 5289 3065 5359 sermo
3084 5313 3232 5359 certe
3259 5312 3344 5358 est
3371 5289 3826 5372 ιὰὠὼᾊιὶρηιίδ

2278 5369 2706 5436 accttsatoribus,
2739 5375 2830 5443 qui
2860 5375 3049 5430 ealteis
3085 5375 3290 5430 etiraeti
3329 5378 3541 5433 crimen
3568 5379 3617 5432 ei
3648 5369 3823 5440 alii":

2267 5446 2446 5516 rupti,
2475 5454 2586 5516 tum
2613 5443 2680 5498 de
2708 5444 3015 5516 Mareoticis
3034 5446 3388 5516 presbyteris,
3413 5464 3478 5504 ac
3499 5444 3825 5516 diacottimﬁf“

2280 5508 2521 5589 criminis
2554 5508 3251 5589 ltuju_s_[alsitatetn'postéa
3298 5508 3609 5577 indicarunt
3628 5509 3747 5589 apud
3769 5508 3826 5559 Α·

2276 5586 2489 5656 titanas:
2523 5594 2643 5656 pag.
2678 5584 2804 5652 792.
3063 5584 3085 5656 ί
3661 5584 3674 5605 ἶ

2348 5653 2439 5783 (1ςᾶ
2468 5643 2699 5726 Ιιίρῖἰυδ
2721 5646 2972 5729 vulgatis,
2993 5662 3051 5714 u‘t
3072 5650 3125 5713 in
3149 5676 3277 5726 ms.,
3298 5656 3661 5719 communionis
3676 5643 3822 5737 {‘l‘l‘ld

2348 5744 2402 5782 :n
2449 5742 2535 5782 um
2577 5728 2629 5782 in
2674 5743 2804 5783 utss.
2850 5724 3006 5783 valde
3046 5728 3303 5783 usitatum
3342 5732 3480 5783 alias
3518 5722 3821 5783 exim-ttth

2278 5744 2535 5784 mendum
2577 5745 2629 5782 ιιι
2674 5744 2804 5785 utss.
2850 5744 3006 5785 value
3046 5744 3103 5785 us

2279 5799 2555 5868 corrigere
2584 5813 2691 5855 non
2720 5792 3103 5856 dubitavimus.

2468 5656 2524 5711 In
2550 5656 2699 5737 prius
2721 5656 2972 5729 vulgatis,
2993 5662 3051 5714 u‘t
3072 5656 3125 5741 in
3149 5676 3277 5726 ms.,
3298 5656 3661 5746 communionis
3676 5656 3822 5737 {‘l‘l‘l"

2449 5742 2535 5782 utn
2577 5745 2629 5782 ιιι
2674 5743 2808 5804 ηιξεέ
2834 5724 3006 5804 valde
3046 5739 3303 5789 usuatum
3342 5732 3480 5790 altas
3518 5736 3735 5804 expetiti
3758 5722 3821 5772 ⁸⁸⁸

3915 3710 3917 3771 4
