3958 6194
574 308 677 363 6i7

1778 297 2024 358 SANCTI
2056 293 2314 353 HILARII
2356 289 2660 349 EPISCOPI

3767 294 3853 348 6i8

578 421 883 491 Exemplum
926 418 1001 492 (a)
1054 416 1330 485 Epistolis,
1385 431 1537 486 quam
1583 422 1696 487 post
1750 413 2174 468 renuntiationem
2202 419 2249 478 Α
2280 410 2386 464 rori
2430 419 2616 464 nostro
2655 408 2866 464 veniam
2905 406 3065 464 fuerit
3100 407 3232 464 dare
3272 408 3516 480 dignata.
3558 409 3857 465 Proﬁtemur

650 512 993 567 Orientalium
1018 508 1090 581 (b)
1109 549 1124 574 ,
1157 509 1498 562 Athanasium
1530 523 1673 560 reum
1699 522 1798 558 non
1821 523 1953 568 esse,
1979 506 2029 558 in
2052 505 2174 558 urbe

652 605 811 660 Roma
835 601 1154 673 Italograplm
1177 618 1332 654 manu
1358 599 1546 654 Valens
1571 598 1866 670 perscripsit
1889 597 2001 670 (an.
2018 597 2168 665 349),

641 707 688 752 et
719 694 968 752 Ursacius
995 693 1314 760 subscripsit.

779 827 1005 886 Domino
1043 827 1362 885 Beatissimo
1394 827 1554 898 Papa:
1591 825 1734 882 Julio
1775 823 1975 880 Valens

1153 932 1211 979 et
1248 921 1500 979 Ursacius
1535 919 1594 977 S.

640 1061 904 1130 Quoniam
961 1066 1202 1124 constat,
1246 1072 1346 1112 nos
1403 1055 1632 1112 antehac
1673 1055 1836 1110 multa
1881 1053 2063 1126 gravia
2103 1053 2171 1110 de

572 1155 792 1211 nomine
819 1152 1098 1208 Athanasii
1125 1151 1362 1222 episc0pi
1395 1149 1590 1206 litteris
1619 1149 1818 1204 nostris
1842 1147 2166 1211 insinuasse,

572 1260 736 1323 atque
769 1251 965 1307 litteris
994 1247 1066 1320 (ε)
1096 1247 1410 1306 Sanctitatis
1439 1255 1544 1302 tua:
1566 1248 1818 1302 conventi
1839 1287 1854 1311 ,
1897 1249 2016 1316 ejus
2053 1243 2165 1310 rei,

570 1345 639 1401 de
687 1361 791 1414 qua
837 1343 1256 1417 signiﬁcavimus
1285 1385 1298 1409 ,
1346 1357 1449 1396 non
1503 1342 1818 1412 prmstitisse
1863 1340 2165 1394 rationem:

569 1436 884 1508 profitemur
911 1435 1050 1506 apud
1087 1434 1437 1490 Sanctitatem
1481 1443 1655 1500 tuam,
1697 1431 1904 1487 cunctis
1932 1445 2170 1501 praesen-

570 1528 712 1585 tibus
741 1527 1068 1600 presbyteris
1094 1525 1349 1582 fratribus
1375 1526 1604 1591 nostris,
1635 1523 1844 1589 omnia,
1872 1539 1992 1594 qua:
2019 1532 2170 1578 ante«

572 1623 673 1678 hac
697 1621 764 1678 ad
805 1638 965 1678 aures
1006 1632 1218 1678 vestras
1259 1626 1624 1691 pervenerunt
1662 1617 1731 1673 de
1774 1618 1991 1672 nomine
2032 1631 2167 1685 pra:-

569 1717 735 1784 dicti,
765 1715 896 1772 falsa
929 1714 1008 1787 (tl)
1039 1731 1070 1770 a
1101 1714 1258 1770 nobis
1286 1727 1410 1768 esse
1439 1712 1703 1766 insinuata
1734 1721 1893 1779 atque
1918 1709 2168 1765 omnibus

571 1812 775 1868 viribus
818 1825 1039 1866 carere:
1084 1820 1248 1880 atque
1293 1807 1415 1862 ideo
1459 1821 1560 1862 nos
1604 1803 1962 1861 libentissime
2007 1805 2169 1877 637
2202 1807 2247 1868 Β

569 1904 828 1976 amplecti
866 1904 1302 1960 communionem
1328 1898 1570 1970 praedicti
1597 1897 1912 1961 Athanasii;
1939 1897 2170 1954 maxime

568 2013 692 2053 cum
729 1997 999 2053 Sanctitas
1042 2004 1130 2050 tua
1150 2035 1164 2061 ,
1199 2007 1294 2065 pro
1322 1990 1478 2048 insita
1509 1991 1610 2046 sibi
1641 1990 2014 2046 benevolentia
2034 2033 2049 2059 ,
2082 2007 2172 2048 er-

569 2161 715 2217 enim
743 2159 811 2215 de
839 2158 990 2214 venia
1023 2157 1183 2228 paulo
1215 2155 1422 2211 facilius
1448 2154 1569 2228 data
1603 2164 1746 2208 esset
1784 2147 2123 2228 excusandus
2146 2197 2161 2218 ,

569 2248 731 2302 quam
762 2231 979 2286 biennio
1008 2225 1212 2302 tantum
1246 2235 1366 2296 post
1397 2225 1662 2297 publicum
1695 2225 2029 2296 paenitentia:
2059 2235 2168 2282 tes-

567 2301 849 2359 timonium
889 2301 1269 2357 concessisset.

641 2375 718 2447 (a)
748 2373 1038 2447 Epistulam
1082 2372 1250 2447 hanc,
1291 2385 1462 2447 quam.
1515 2383 1658 2447 anno
1698 2368 1802 2425 549
1841 2368 2167 2447 consignan-

568 2440 1086 2516 dat'n'prt'tbavimus,
1120 2440 1335 2516 vivente
1376 2440 1554 2516 adhuc
1583 2443 1875 2516 Constante
1911 2445 2166 2516 scriptam

569 2533 690 2574 esse
716 2512 942 2588 planum
963 2524 1138 2588 cst_ex
1169 2514 1347 2588 verbis
1371 2515 1482 2568 Osii
1506 2513 1646 2582 apud
1676 2512 1935 2588 At_hanas.
1971 2513 2035 2588 ad
2061 2512 2170 2588 So-

568 2589 648 2644 lit.
682 2583 798 2659 pag.
855 2587 979 2644 839.
1037 2585 1294 2659 Eamdem
1345 2599 1523 2659 graece
1584 2583 2172 2659 trattslatam__exhibet

567 2655 893 2716 Athanasius
935 2658 1161 2728 Apolog.
1193 2672 1263 2724 ιι,
1293 2657 1360 2711 ad
1390 2656 1709 2728 Constant.,
1739 2671 1861 2726 pag.
1895 2655 2020 2710 776.

639 2730 716 2811 (b)
747 2731 909 2811 Puta,
935 2727 1025 2800 qui
1053 2727 1406 2811 Jero~olymis
1431 2743 1572 2811 anno
1756 2736 2162 2811 convenerunt,

571 2798 659 2857 uti'
674 2798 1011 2874 suspicamur
1041 2815 1107 2856 ex
1139 2798 1326 2874 verbis
1349 2799 1591 2854 Socratis
1629 2799 1719 2855 lib.
1754 2815 1792 2852 ιι
1813 2839 1828 2859 ,
1857 2814 1919 2874 c._
1940 2798 2008 2853 24
2027 2841 2043 2865 ,
2073 2799 2163 2852 ubi

570 2871 799 2944 primum
848 2872 1110 2928 Maximus
1158 2871 1386 2944 concilio
1435 2877 1622 2944 coacto
1664 2871 2163 2944 comntunionem‘ct

569 2940 872 3028 dignitatem
895 2944 1173 3028 pristinam
1203 2943 1485 3025 Athanasio
1502 2942 1760 3028 restituit:
1788 2949 1900 2996 tum
1899 2940 2161 3028 rsynodus

571 3010 933 3070 Alexandrinis
977 3024 1022 3069 et
1073 3015 1320 3069 universis
1373 3029 1460 3074 per
1505 3010 1724 3084 Libyam
1771 3023 1816 3067 et
1872 3010 2161 3083 [Egyptum

567 3089 822 3157 episcopis
873 3103 965 3151 ea,
1015 3101 1128 3155 qua:
1174 3086 1234 3141 de
1280 3085 1561 3157 Athanasio
1614 3094 1805 3157 statuta
1835 3085 2162 3157 iudicumque

568 3154 884 3228 erant,'7per
929 3154 1126 3228 litteras
1140 3155 1510 3228 signiﬁcavit:
1553 3171 1615 3228 ac
1659 3154 1873 3228 tandem
1915 3156 1993 3210 Itis
2022 3172 2160 3228 com-

569 3231 725 3300 pertis
759 3227 1007 3300 Ursacius
1031 3240 1074 3300 et
1110 3225 1336 3290 Valens,
1373 3228 1459 3300 qui
1499 3227 1645 3296 prius
1684 3225 1992 3300 Arianorum
2031 3226 2160 3300 dag—

721 3280 1368 3370 mordicusiaidlttcserant',_
1374 3280 1637 3370 itumitum
1651 3299 1822 3370 priore
1850 3280 2021 3353 studio
2054 3280 2162 3370 1ιῆ.
2191 3280 2236 3343 C

571 3387 706 3425 mam
748 3387 800 3425 se
828 3377 1137 3441 conferunt.
1157 3371 1249 3425 Ηίς
1281 3367 1602 3441 suifragatur
1635 3367 1973 3441 Athanasius
2005 3368 2162 3441 Apol.

571 3457 639 3504 tt,
671 3457 791 3514 pag.
823 3438 962 3509 775‘,
992 3442 1080 3514 ubi
1109 3439 1382 3511 descripta
1412 3438 1606 3514 synodi
1636 3439 2021 3514 ‘Jerosolymit.
2053 3440 2168 3508 epi-

570 3510 708 3584 stola
732 3510 984 3584 subjicit;
1024 3512 1118 3567 llis
1147 3510 1429 3584 conspectis
1445 3510 1527 3584 de
1545 3527 1597 3563 se
1612 3511 1733 3584 jam
1764 3513 2090 3578 desperantes
2119 3519 2166 3564 et

573 3582 894 3640 Ursacius‘et
935 3582 1121 3639 Valens
1158 3583 1373 3638 Romam
1404 3582 1622 3652 profecti
1664 3590 1869 3652 peccata
1909 3598 2003 3635 sua
2049 3598 2165 3635 cum

571 3657 868 3736 pm‘ttitentia
898 3657 1117 3736 confessi
1146 3665 1297 3719 sunt,
1332 3663 1436 3710 etc.
1743 3723 1774 3736 ﬁ
1861 3724 1892 3736 υ

579 3721 583 3725 ⁷
641 3726 713 3798 (c)
745 3727 881 3782 Num
913 3721 1060 3791 aliis,
1091 3741 1250 3796 quam
1274 3741 1408 3794 quas
1434 3723 1718 3780 concilium
1741 3723 2063 3780 Sardicense
2096 3721 2164 3778 ad

579 3796 773 3853 iulium
815 3796 1060 3854 scribens
1099 3811 1261 3866 supra
1303 3813 1357 3851 ιι.
1390 3796 1478 3858 10,
1521 3805 1787 3851 memorat
1826 3795 1908 3851 his
1947 3796 2160 3850 verbis:

571 3867 816 3922 Conventi
857 3883 948 3937 per
983 3868 1298 3938 presbyteros
1340 3877 1536 3938 tuosiet
1573 3867 1875 3936 epistolam,
1905 3868 1971 3920 ad
2009 3883 2164 3938 synof

570 3940 694 3993 dum
721 3953 836 4010 quae
859 3936 1043 4010 futura
1073 3936 1180 3994 erat
1220 3938 1273 3992 in
1302 3938 1426 3992 urbe
1459 3937 1623 3993 Roma
1662 3939 1828 3992 venire
1856 3936 2165 3992 noluerunt?

641 4028 723 4102 (tl)
758 4027 1085 4102 Particulum
1112 4047 1144 4102 ᾳ
1173 4029 1238 4102 in_
1266 4030 1499 4102 vulgatis
1538 4029 1793 4084 omissam
1830 4027 2165 4102 restituimus

570 4099 952 4158 ex'Pttltmano
981 4116 1082 4156 ms.
1118 4100 1193 4156 Ita
1225 4100 1341 4155 haec
1368 4099 1530 4155 lectio
1571 4102 1741 4170 magis
1779 4099 2016 4154 concinit
2042 4115 2162 4154 cum

569 4171 760 4228 ittitio:
799 4173 1052 4241 Quoniam
1080 4183 1278 4226 constat
1296 4212 1310 4236 ,
1339 4187 1432 4226 nos
1459 4172 1676 4226 antehac
1701 4171 1869 4226 multa
1888 4171 2064 4240 gravia
2081 4210 2095 4224 .
2115 4212 2128 4224 .
2146 4210 2160 4225 .

571 4245 879 4298 insinuasse.
911 4242 1238 4315 Athanasius
1273 4258 1402 4298 vero
1430 4258 1606 4315 graace
1639 4258 1744 4297 non
1775 4242 1952 4298 reddit
1979 4241 2107 4297 illud
2135 4261 2167 4296 a

571 4315 734 4369 nobis.
790 4315 909 4382 Ipso
954 4314 1280 4386 suffragante
1319 4314 1475 4370 antea
1523 4315 1864 4382 reposuimus
1907 4315 1975 4368 ad
2015 4331 2166 4379 aures

569 4396 794 4452 uestras,
825 4400 946 4440 cum
978 4385 1138 4455 prius
1156 4386 1422 4442 obtineret
1454 4386 1522 4440 ad
1549 4403 1698 4440 aures
1729 4395 1950 4440 nostras.

646 4478 718 4549 (ε)
752 4479 805 4532 In
855 4477 1083 4548 vulgatis
1139 4478 1418 4532 Athanasii
1471 4479 1603 4534 edit.
1659 4477 1914 4533 Eusebius
1958 4495 1978 4532 :
2019 4477 2162 4545 quod

569 4549 842 4604 nonnullis
890 4551 1097 4611 arrisit,
1141 4564 1207 4604 eo
1235 4549 1454 4605 nomine
1488 4549 1824 4604 Eusebianos
1856 4549 2162 4619 intelligen-

571 4620 735 4684 tibus,
781 4621 906 4691 quia
953 4620 1205 4675 nimirum
1249 4637 1279 4675 e
1323 4622 1466 4675 vivis
1510 4630 1861 4675 excesserant
1889 4622 2001 4674 noti
2053 4632 2162 4675 tres

2276 506 2470 569 etiam,
2502 503 2643 574 quod
2677 503 2720 557 si
2752 502 3044 572 aliquando
3084 517 3182 557 nos
3225 502 3538 558 Orientales
3577 504 3852 569 voluerint,

2273 596 2355 650 vel
2391 596 2531 650 idem
2563 595 2633 668 (e)
2664 592 3026 660 Athanasius,
3060 595 3203 650 malo
3233 595 3414 650 animo
3440 593 3508 648 ad
3534 609 3750 649 causam
3778 610 3857 647 vo-

2273 703 2430 755 care,
2475 688 2609 743 citra
2649 687 3036 742 conscientiam
3079 697 3223 740 tuam
3266 701 3374 740 non
3416 686 3720 742 adfuturos.
3763 684 3860 740 llae-

2274 782 2501 836 reticum
2541 795 2670 835 vero
2696 777 2920 844 Arium,
2951 778 3042 833 sed
3083 788 3140 834 et
3167 778 3428 834 satellites
3474 779 3594 848 ejus
3616 821 3631 844 ,
3675 778 3764 848 qui
3799 778 3863 832 di-

2273 880 2441 937 cunt,
2477 873 2605 926 Erat
2649 882 2860 943 tempus
2904 871 3118 941 quando
3157 887 3262 926 non
3294 882 3410 927 erat
3437 870 3644 935 Filius,
3691 880 3744 926 et
3785 872 3859 939 qui

2271 965 2458 1020 dicunt
2507 982 2570 1020 ex
2623 965 2789 1020 nihilo
2843 966 3042 1032 filium,
3097 973 3149 1020 et
3197 967 3287 1035 qui
3339 973 3540 1034 negant
3589 964 3708 1034 (hic
3749 963 3861 1017 adde

2272 1057 2462 1128 Deunt)
2484 1055 2581 1113 Dei
2603 1057 2768 1112 lilium
2789 1066 2911 1112 ante
2929 1057 3120 1113 saecula
3149 1055 3338 1121 fuisse,
3356 1057 3614 1126 sicutper
3646 1055 3859 1126 priorem

2274 1149 2516 1206 libellum
2547 1161 2792 1204 nosmnn
2813 1192 2827 1215 ,
2861 1165 3022 1220 quem
3053 1148 3194 1219 apud
3233 1147 3598 1204 Mediolanum
3640 1148 3861 1215 porrexi-

2271 1257 2410 1310 mus,
2445 1251 2500 1297 et
2531 1257 2671 1296 nunc
2697 1254 2754 1296 et
2787 1257 3004 1312 semper
3044 1243 3553 1306 anathematizasse,
3596 1241 3698 1294 hac
3719 1254 3861 1293 manu

2272 1343 2487 1400 nostra,
2521 1351 2623 1406 qua
2655 1335 2998 1407 scripsimus,
3035 1338 3391 1406 prolitemur:
3423 1345 3478 1390 et
3520 1336 3716 1390 iterum
3746 1334 3861 1388 dlci-

2274 1445 2426 1492 mus,
2473 1428 2720 1483 haeresim
2767 1428 3055 1492 Arianant,
3108 1439 3165 1483 ut
3207 1429 3459 1499 superius
3509 1429 3772 1492 diximus,
3815 1437 3861 1482 et

2272 1526 2390 1596 ejus
2413 1533 2661 1580 auctores
2685 1523 2736 1580 in
2767 1535 3086 1596 perpetuum
3110 1525 3417 1580 damnasse.
3444 1525 3514 1579 Et
3540 1541 3695 1579 manu
3723 1524 3860 1580 Ursa-

2272 1619 2339 1673 cii
2358 1622 2518 1688 uligo
2546 1618 2798 1674 Ursacius
2827 1617 3124 1689 EpiscOpus
3148 1619 3217 1688 (Γ)
3242 1617 3367 1673 huic
3393 1616 3720 1688 professioni
3748 1631 3858 1670 uos-

2275 1725 2370 1768 trae
2398 1714 2718 1784 subscripsi.

2351 1825 2370 1858 ι
2417 1805 2544 1860 Haec
2590 1804 2815 1876 epistola
2867 1805 3058 1878 (inquit
3119 1802 3378 1875 Hilarius)
3429 1813 3554 1871 post
3600 1802 3860 1858 biennium

2277 1899 2440 1956 missa
2470 1908 2574 1964 est,
2603 1915 2764 1970 quam
2795 1899 3018 1955 haeresis
3044 1897 3356 1971 Photini(g)
3385 1914 3417 1954 a
3444 1899 3704 1954 Romanis
3725 1897 3860 1952 dam-

2282 1999 2406 2046 nata
2435 1999 2538 2047 85b.
2583 2009 2602 2044 Ι

2274 2154 2531 2210 Ιὶοηιτιιιτθ
2578 2155 2824 2212 ecclesia:
2871 2155 3078 2226 legatos
3121 2156 3510 2213 Mediolanensi
3563 2157 3690 2212 anni
3765 2157 3858 2213 ’547

2271 2227 2479 2295 synodo
2502 2227 2813 2282 interfuisse
2847 2229 3005 2282 nohis
3031 2237 3266 2283 Constet.

2345 2298 2504 2353 Petro
2545 2308 2724 2352 autem
2773 2300 2837 2352 de
2868 2297 3042 2353 Marca
3086 2316 3235 2354 suam
3262 2299 3332 2353 de
3361 2300 3611 2355 Romano
3643 2300 3856 2354 concilio

2273 2385 2364 2424 an.
2393 2368 2496 2424 749
2541 2371 2854 2438 Opinionem
2887 2371 3011 2425 hinc
3039 2373 3404 2438 contirtnanti,
3437 2383 3635 2441 praster
3660 2388 3719 2424 ea
3749 2387 3856 2437 qua:

2273 2441 2322 2495 ei
2351 2441 2668 2510 objecitnus,
2701 2441 2854 2495 valde
2886 2442 3225 2497 incommoda
3263 2454 3391 2498 sunt
3419 2445 3583 2498 verba
3620 2445 3857 2508 proxime

2273 2512 2669 2584 antecedentia.
2703 2511 2948 2567 Occurrit
2995 2515 3210 2584 quidem
3256 2513 3446 2584 Steph.
3500 2514 3768 2578 Balozius,
3798 2529 3852 2566 ac

2273 2583 2406 2656 dicit
2429 2583 2480 2636 itt
2514 2585 2596 2638 his
2629 2584 2882 2637 mendum
2912 2583 3056 2650 esse,
3101 2601 3161 2639 ac
3208 2600 3303 2654 pro
3346 2583 3498 2656 quam
3533 2587 3756 2647 limesis,
3791 2587 3854 2638 lc—

2271 2655 2505 2724 gendum
2536 2670 2656 2708 esse
2684 2671 2843 2724 quum
2874 2657 3083 2708 [tmesis
3108 2672 3126 2710 :
3151 2668 3207 2711 at
3237 2671 3336 2711 nec
3359 2655 3441 2710 Sic
3467 2657 3700 2725 extilicat
3739 2656 3849 2725 quid

2270 2727 2373 2780 sibi
2421 2725 2549 2779 velit
2594 2737 2707 2794 post
2756 2726 3016 2780 biennium
3046 2729 3203 2782 missa
3229 2739 3322 2793 est,
3362 2730 3447 2782 cui
3482 2728 3681 2783 deinde
3717 2736 3850 2782 recte

2267 2797 2508 2852 cohaeret
2530 2814 2703 2866 quam,
2738 2812 2843 2852 non
2869 2815 3045 2868 quum.

2344 2889 2542 2961 Verum
2573 2890 2654 2943 his
2683 2891 2884 2961 verbis,
2934 2899 3046 2958 post
3079 2890 3336 2946 biennium
3384 2894 3540 2947 missa
3568 2903 3661 2958 est,
3707 2910 3849 2961 quam

2269 2961 2475 3015 htvresis
2512 2959 2717 3014 Photini
2745 2979 2774 3014 a
2801 2959 3050 3015 Romanis
3073 2963 3316 3016 damnata
3346 2974 3443 3029 est,
3480 2965 3617 3018 idem
3644 2959 3850 3019 omnino

2271 3042 2483 3099 tempus
2532 3031 2865 3101 designatur,
2913 3034 3056 3102 quod
3114 3035 3219 3087 illis
3275 3052 3422 3089 nttnt.
3474 3035 3564 3099 19,
3615 3037 3698 3102 qui
3744 3045 3850 3090 ante

2269 3102 2527 3176 biennium
2547 3106 2666 3176 jam
2696 3105 2746 3156 in
2789 3103 3166 3159 Mediolanensi
3187 3107 3385 3176 synodo
3433 3119 3540 3162 erat
3595 3108 3846 3161 Iucreticus

2269 3173 2566 3247 damnatus.
2625 3173 2925 3247 Utrumque
2977 3177 3123 3230 illum
3179 3173 3354 3231 locum
3413 3180 3500 3247 qui
3549 3181 3842 3240 eontolerit,

2271 3261 2378 3300 non
2429 3246 2634 3301 inficias
2683 3246 2799 3310 ibit,
2830 3247 3112 3315 epistolam
3154 3247 3363 3305 Ursacii
3402 3246 3457 3304 et
3503 3247 3746 3306 Valentis
3773 3249 3847 3302 hic

2269 3317 2529 3373 dcclarari
2560 3319 2783 3389 missam
2805 3332 2872 3372 eo
2918 3320 3034 3385 ipso
3083 3334 3248 3384 anno,
3297 3335 3406 3389 quo
3451 3319 3516 3374 ad
3567 3322 3842 3376 tollendum

2269 3403 2334 3444 ex
2369 3391 2681 3457 episcopatu
2729 3387 3014 3462 Photinum
3045 3405 3108 3444 ex
3134 3387 3383 3462 plurimis
3411 3392 3702 3462 provinciis
3723 3408 3844 3447 con-

2267 3462 2474 3584 gregali
2516 3470 2638 3512 sunt
2671 3461 3009 3522 sacerdotes,
3055 3471 3107 3516 et
3133 3461 3351 3516 Ιιὶιιιιιιὶο
3383 3474 3503 3530 post
3533 3479 3688 3533 quam
3718 3464 3844 3517 idem

2311 3531 2556 3584 mreticus
2581 3529 2868 3584 damnatus
2897 3530 3091 3584 fuerat.
3125 3548 3231 3584 non
3261 3534 3312 3584 in
3346 3534 3610 3584 Romana.
3660 3536 3749 3584 sed
3799 3537 3844 3584 in

2311 3529 2556 3584 mreticus
2581 3529 2868 3585 damnatus
2897 3530 3091 3595 fuerat,
3125 3548 3231 3587 non
3261 3534 3312 3587 in
3346 3529 3610 3600 Romana,
3660 3536 3749 3589 sed
3799 3537 3844 3586 in

2272 3600 2323 3653 Μ
2333 3600 2647 3654 ediolanensi
2670 3602 2887 3671 synodo.

2919 3602 3055 3669 Quid
3090 3604 3248 3674 igitur
3275 3603 3381 3659 sibi
3405 3605 3516 3658 vult
3540 3606 3664 3659 illud
3693 3623 3722 3658 a
3753 3605 3845 3660 Ro-

2269 3674 2434 3725 manis
2454 3671 2478 3724 ?
2526 3671 2691 3725 Valde

2738 3673 3012 3740 probabile
3057 3673 3160 3734 est.
3215 3685 3352 3730 hunc
3397 3691 3584 3730 vocem
3630 3677 3744 3732 ideo
3786 3676 3842 3730 ab

2273 3743 2474 3816 Hilario
2503 3741 2740 3816 additam
2763 3759 2906 3809 esse,
2940 3753 2993 3797 ut
3024 3745 3152 3816 quid
3181 3745 3250 3799 ab
3275 3747 3644 3802 Orientalibus
3669 3747 3843 3802 adver-

2268 3828 2360 3868 sus
2392 3813 2682 3889 l‘hotinum
2714 3825 2925 3889 gestum
2958 3813 3053 3880 sit,
3089 3831 3149 3889 se
3179 3817 3402 3874 minime
3430 3821 3694 3889 attingere
3721 3835 3844 3888 pra:-

2271 3896 2514 3959 tnoneret
2534 3901 2564 3959 ;_
2573 3885 2814 3959 adeoque
2842 3885 3117 3959 Romanos
3139 3887 3225 3944 hic
3249 3891 3449 3959 Opponi
3472 3885 3837 3945 Orientalibus.

2269 3955 2510 4024 Namque
2535 3955 2822 4010 Pltotinum
2853 3959 2920 4012 ah
2961 3955 3338 4015 Orientalibus
3372 3973 3501 4016 ante
3527 3977 3719 4015 annum
3747 3959 3840 4016 547

2267 4027 2577 4082 damnatum
2609 4042 2754 4093 esse,
2786 4030 2936 4082 testis
2967 4039 3050 4084 est
3079 4030 3222 4097 apud
3253 4031 3603 4086 Athanasium
3653 4033 3739 4086 lib.
3780 4032 3840 4086 de

2267 4097 2472 4166 Synod.
2511 4097 2770 4166 prolixior
2809 4114 2997 4154 eorum
3043 4101 3178 4157 ﬁdes
3226 4102 3365 4158 circa
3412 4118 3612 4158 annum
3639 4102 3737 4159 .344
3761 4111 3840 4157 aut

2268 4168 2398 4240 545,
2448 4185 2544 4239 per
2583 4168 2906 4235 Eudoxiunt,
2943 4171 3254 4240 Martyrium
3287 4183 3342 4228 et
3391 4175 3753 4228 Macedoniam
3795 4177 3837 4227 in

2267 4239 2472 4294 Italiam
2503 4241 2811 4300 atnandata,
2847 4243 2898 4296 in
2929 4258 3031 4310 qua
3063 4239 3379 4299 nominatim
3406 4258 3621 4300 notatur
3645 4245 3837 4300 Photini

2269 4311 2493 4383 haeresis
2538 4329 2550 4364 :
2609 4312 2678 4366 ob
2726 4327 2884 4381 quam
2934 4313 3148 4368 tandem
3197 4331 3342 4370 anno
3383 4316 3512 4383 551,
3579 4315 3836 4371 Sirutiensi

2267 4381 2620 4456 Orientalium
2650 4383 2858 4456 synodo
2911 4385 2979 4438 ab
3020 4388 3332 4455 episc0patu
3363 4381 3604 4456 dejectus
3632 4401 3726 4442 est.
3757 4388 3837 4440 llic

2268 4453 2430 4527 igitur
2475 4469 2520 4527 ιι
2552 4453 2937 4527 Sirntiensibus
2987 4453 3249 4512 adversus
3296 4453 3585 4512 Photinutn
3634 4461 3834 4527 altisque

2266 4521 2620 4600 Orientalium
2649 4526 2822 4600 gestis
2844 4527 3082 4582 Romana
3104 4528 3530 4600 distinguuntur.
3561 4531 3619 4584 Et
3642 4521 3833 4600 quidlim

2269 4594 2503 4665 linguam
2533 4597 2754 4671 latinam
2785 4597 3094 4666 Romanam,
3143 4615 3241 4671 eos
3273 4594 3404 4655 Vero
3429 4604 3519 4671 qui
3561 4594 3718 4656 latina
3750 4602 3832 4652 litt-

576 4666 1228 4760 tatassemitatus;
1251 4666 2161 4747 "exigant:transmittitis:
2190 4669 2242 4729 ι)
2268 4681 2368 4760 ξειει
2398 4677 2679 4760 εξιεενξιξξξξς
2701 4666 2970 4760 1:931:99.»
2982 4670 3245 4760 ,ψεετίη
3265 4689 3372 4760 ηρρ
3633 4672 3828 4760 nisa.

577 4761 650 4817 At
702 4763 841 4819 hanc
904 4763 1190 4818 lcetionem
1253 4774 1491 4816 nostram
1546 4762 1830 4817 confirmat
1894 4773 2161 4817 vetustum

567 4838 850 4904 exemplar
893 4849 1127 4904 graecum
1173 4847 1400 4902 Operam
1447 4837 1504 4888 S.
1551 4834 1855 4899 Athanasii,
1903 4833 2044 4903 quod
2109 4835 2160 4888 ιιι

568 4907 715 4976 regia
747 4905 1073 4962 bibliotheca
1102 4913 1430 4962 asservatur.

645 4998 722 5069 (Ῑ)
750 4998 950 5074 “Orum
979 5001 1098 5057 loco
1127 4998 1265 5070 apud
1292 4999 1554 5074 Athanas.
1586 4999 1837 5074 habetur,
1868 4999 1996 5074 ἰεγώ
2033 5001 2165 5074 οὐρ-

569 5072 742 5197 σάξιὲἷς
771 5070 1009 5149 ὁμολογίᾳ
1029 5093 1126 5146 μου
1148 5074 1312 5148 ταύτῃ
1333 5072 1511 5148 πάτρων
1531 5071 1834 5150 ὑπέγραψα,
1872 5070 2059 5143 ὁμοίως·
2079 5070 2164 5126 iul

569 5153 643 5197 Ου
711 5164 791 5197 ης.

569 5143 791 5204 Οὐάλης.

640 5231 721 5306 (9)
763 5233 867 5303 Qui
913 5244 968 5292 et
1012 5235 1154 5306 quod
1203 5235 1353 5291 aiunt
1389 5233 1643 5290 Ursacius
1673 5243 1727 5290 et
1759 5233 1980 5300 Valens,
2015 5250 2074 5290 sc
2104 5234 2170 5289 li-

568 5304 768 5360 bellum
797 5306 938 5378 apud
963 5304 1322 5363 Mediolanum
1337 5308 1685 5378 porrexisse,
1733 5315 1788 5361 et
1827 5307 1970 5378 quod
2004 5314 2167 5361 testa-

569 5379 922 5448 tursyuodus
948 5378 1310 5433 Ariminensis
1336 5378 1554 5448 Fragnt.
1585 5393 1701 5442 vnt,
1733 5395 1789 5431 ιι.
1833 5378 1891 5440 ‘2,
1943 5378 2162 5432 eosdem

567 5447 621 5502 in
658 5446 1052 5520 Mediolancnsi
1098 5449 1328 5504 concilio
1375 5446 1584 5520 veniam
1619 5449 1953 5518 poposcisse,
1983 5450 2047 5503 ad
2077 5464 2167 5520 sy-

565 5517 766 5572 nodum
809 5519 1262 5577 Mediolanensetn
1304 5524 1428 5575 anni
1461 5519 1567 5576 3H
1624 5517 1888 5585 referunt,
1923 5519 2047 5575 ideo
2071 5517 2156 5574 hic

566 5605 600 5640 a
627 5585 874 5645 Romanis
903 5591 1008 5647 dici
1054 5602 1266 5662 putant,
1333 5592 1418 5646 uia
1449 5591 1706 5646 Romana:
1732 5591 1977 5646 ecclesiae
2010 5593 2155 5660 lega-

567 5657 638 5710 tis
660 5659 1056 5716 assistentibus.
1112 5661 1220 5716 Sed
1267 5608 1504 5716 liitellum
1548 5661 1860 5716 orzedictum
1908 5663 2154 5716 petitam-

567 5659 638 5710 tis
660 5659 1066 5732 assistentibus.
1112 5661 1220 5718 Sed
1267 5659 1504 5716 libellum
1548 5661 1860 5732 praedictum
1908 5659 2154 5732 petitam-

567 5739 676 5794 que
704 5729 914 5784 veniam
943 5732 995 5785 in
1045 5746 1246 5787 annum
1269 5733 1376 5788 349
1401 5729 1696 5788 convenire
1737 5733 1849 5803 jam
1895 5729 2154 5788 demOns-

571 5803 767 5853 tratum
794 5809 916 5852 est:
967 5815 1066 5856 nec
1106 5803 1275 5862 ullum
1302 5803 1541 5874 suppetit
1568 5803 1980 5873 monimentum,
2014 5803 2156 5861 unde

2267 4737 2361 4790 sed
2393 4747 2448 4792 et
2472 4737 2677 4816 Latinis
2701 4740 2964 4816 usitatum
2981 4740 3098 4816 fuit.
3131 4741 3282 4816 [inde
3311 4743 3672 4816 Hieronynms
3696 4743 3828 4812 epist.

2273 4823 2406 4872 an,
2433 4809 2498 4862 ad
2530 4807 2888 4878 Theophilum
2918 4812 2992 4865 ait
3020 4830 3031 4864 :
3061 4813 3293 4868 Arbitror
3335 4831 3450 4868 eum
3495 4807 3700 4868 assidua
3727 4807 3833 4867 con-

2267 4879 2583 4948 fabulatione
2624 4890 2672 4933 et
2699 4882 2993 4950 quotidiana
3031 4883 3328 4938 Latinorum
3357 4890 3633 4948 consortio.
3663 4888 3830 4940 Roma-

2267 4966 2449 5026 norum
2494 4967 2595 5004 non
2649 4953 2887 5026 ignorare
2939 4970 3263 5010 sermonem:
3312 4963 3370 5011 et
3415 4957 3556 5026 apud
3607 4959 3827 5012 eumdem

2266 5023 2626 5098 epist._t.xnt,
2673 5022 2904 5098 Rufinus
2955 5034 3181 5080 testatur
3212 5022 3478 5097 plurimos
3528 5029 3828 5098 poposcisse,

2267 5091 2319 5146 ut
2363 5091 2633 5164 Origenem
2665 5093 2953 5168 Romanum
2992 5098 3177 5168 faceret
3193 5091 3226 5164 ;’
3254 5110 3309 5168 et
3357 5091 3684 5168 paulo-post.
3725 5097 3832 5153 Hie-

2273 5179 2557 5238 ronymum
2589 5165 2962 5238 Spopundisse,
2993 5165 3059 5220 ’se
3100 5169 3237 5238 ipsos
3265 5165 3598 5226 Canticorum
3625 5171 3766 5225 libros
3791 5177 3829 5221 et

2272 5235 2402 5313 alios
2454 5253 2636 5313 quant_
2663 5237 2911 5313 plurimos
2959 5235 3208 5313 Romanis
3257 5242 3467 5297 auribus
3529 5244 3826 5313 largiturum.

2271 5306 2378 5382 Sed
2409 5306 2536 5382 quid
2589 5307 2777 5376 plura?
2804 5326 2926 5382 cum
2963 5310 3162 5382 Hilario
3191 5322 3379 5369 nostro
3421 5314 3475 5367 in
3528 5306 3659 5382 psal.
3700 5329 3752 5371 ιι.
3782 5329 3825 5363 ιι.

2401 5378 2455 5430 in
2483 5376 2772 5456 Romanam
2803 5379 3032 5456 linguam
3060 5381 3202 5456 idem
3229 5385 3319 5456 sit,
3353 5383 3502 5456 quod
3528 5376 3584 5440 in
3616 5383 3826 5456 Latinam

2272 5448 2519 5519 linguam.
2571 5448 2648 5504 Ex
2677 5465 2783 5526 q_uo
2803 5448 3089 5526 sequitur,
3132 5453 3259 5510 illud
3287 5473 3318 5510 a
3350 5448 3598 5512 Romanis
3629 5454 3824 5526 perinde

2269 5533 2412 5601 esse,
2447 5528 2606 5588 atque
2635 5537 2667 5601 ᾳ
2699 5519 2940 5601 Lati-nisi
2965 5519 3082 5601 Quo
3119 5519 3689 5601 nomine_itttelligcndi
3718 5533 3825 5601 sunt

2263 5589 2542 5669 ltali,_aut
2588 5591 2750 5645 etiam
2779 5592 2879 5669 alii
2900 5589 3298 5669 Occidentales.
3335 5598 3488 5655 Unde
3521 5589 3822 5669 Epiphanius

2263 5675 2400 5736 cum
2417 5659 2548 5736 Inter.
2575 5676 2736 5736 Διιιιιι,
2765 5679 2821 5718 ιι.
2859 5665 2910 5730 l,
2953 5667 3192 5736 scripsit,
3241 5669 3525 5726 Photinum
3565 5659 3632 5725 in'
3666 5667 3825 5724 Sardi-

2263 5733 2401 5788 censi
2425 5730 2715 5788 Occidentis
2740 5738 2937 5808 synodo
2963 5730 3297 5808 damnatum;
3345 5741 3449 5798 etsi
3479 5758 3584 5799 non
3627 5752 3819 5803 nomen,

2262 5813 2412 5862 certe
2437 5814 2649 5877 tempus
2676 5807 2853 5878 attigit
2874 5807 3088 5880 synodi.

3925 5725 3927 5782 ἰ
