3958 6194
596 254 696 321 651

1789 257 2034 317 SANCTI
2073 255 2330 316 HILARII
2369 248 2675 317 EPISCOPI

3819 260 3909 317 652

599 380 725 451 quia
775 387 1077 449 promptum
1124 382 1208 433 est
1252 390 1319 432 ex
1349 373 1491 431 bono
1522 374 1721 430 malum
1751 375 1916 446 ellici,
1968 372 2197 446 praebuit
2221 380 2277 443 Α
2299 390 2623 446 quamquam
2652 374 2929 444 conceptis
2942 373 3051 444 jam
3072 371 3167 431 diu
3182 360 3241 431 in
3262 358 3625 431 Athanasium
3646 372 3908 430 odiissuis

605 491 712 531 non
756 475 860 530 illis
902 488 1021 543 quas
1069 472 1121 526 in
1176 470 1483 525 Marcellum
1514 478 1661 541 gesta
1704 479 1828 525 ante
1855 468 1930 539 (α)
1965 471 2195 537 fuerant,

607 570 701 625 sed
737 568 820 623 bis
842 581 962 636 qua:
1008 565 1062 620 in
1094 564 1384 619 Pbotinum
1431 563 1667 635 gerenda
1699 573 1876 630 erant,
1909 562 2200 618 auctorita-

611 675 738 719 ιυηι

675 756 766 810 22.
835 753 902 809 1η
944 752 1168 827 gratiam
1223 738 1495 806 Athanasii
1542 758 1683 821 gesta
1725 749 2059 806 Sardicensia
2111 747 2199 818 qui

607 859 851 905 conentur
878 846 1164 902 Orientales
1183 845 1335 899 irrita
1366 849 1630 914 facere.—
1658 861 1677 895 t
1708 843 1841 898 Illud
1870 852 2048 897 autem
2075 854 2198 897 esse

602 943 874 1014 cognitum
920 940 1130 997 cunctis
1157 947 1390 1009 oportet,
1428 938 1629 992 nullam
1656 952 1911 1007 umquam
1937 935 2197 991 adversus

606 1036 943 1099 Marcellum,
990 1042 1188 1105 praeter
1232 1047 1351 1088 eam
1382 1047 1505 1102 quin
1531 1029 1948 1087 Sardicensibus
1975 1039 2059 1084 est
2088 1027 2200 1083 dis-

602 1131 779 1186 soluta
807 1128 1115 1193 sententiis,
1165 1126 1422 1195 deinceps
1468 1125 1735 1197 synodum
1763 1123 1929 1179 luisse
1954 1131 2199 1178 contrac-

603 1233 743 1289 tam;
786 1236 961 1293 neque
989 1220 1065 1292 (ὁ)
1116 1228 1245 1275 tunc
1274 1234 1394 1274 cum
1423 1219 1493 1274 de
1535 1217 1765 1273 Photino
1807 1217 2083 1273 decretum
2128 1216 2199 1271 ab

601 1316 1044 1374 Occidentalibus
1072 1323 1157 1371 est
1182 1324 1237 1368 et
1265 1314 1333 1368 ad
1376 1313 1685 1369 Orientales
1712 1323 1794 1368 est
1820 1314 2070 1378 relatum,
2100 1311 2199 1367 ali-

600 1410 745 1480 quod
775 1411 830 1466 in
859 1424 981 1465 eum
1009 1422 1327 1477 expressum
1357 1406 1521 1463 luisse
1542 1407 1805 1476 judicium
1831 1422 1844 1459 :
1876 1407 1972 1461 sed
2021 1406 2198 1460 homi-

598 1518 697 1562 nes
741 1514 924 1560 mente
971 1501 1219 1568 callidos,
1268 1502 1487 1571 ingenio
1513 1501 1766 1567 subtiles,
1800 1500 1999 1555 malitia
2029 1500 2198 1571 perti-

595 1612 783 1662 naces,
830 1596 1172 1653 occasionem
1215 1594 1527 1650 revolvendi
1570 1595 1710 1664 ejus,
1741 1594 1883 1663 quod
1914 1594 2196 1650 Athanasii

597 1687 938 1745 absolutione
990 1685 1251 1759 (Sardica:
1304 1683 1452 1756 data)
1497 1683 1665 1757 σω
1713 1694 1800 1742 est
1848 1684 2191 1752 dissolutum,

2302 467 2554 535 satisliat,
2582 468 2634 522 in
2667 470 2928 539 majorem
2972 476 3150 523 tamen
3181 467 3408 524 sceleris
3438 467 3671 541 gradum
3712 467 3908 522 molitio

2312 568 2456 615 tanta
2489 559 2750 630 procedit.

2368 651 2459 706 24.
2482 652 2809 722 Rescriptum
2828 652 3109 709 Sirmieuse
3124 653 3279 721 ﬁdem
3297 663 3489 709 rectam
3511 668 3629 725 pro
3645 669 3705 707 se
3724 651 3906 722 farm,

2301 743 2486 814 fraude
2514 755 2561 798 et
2591 761 2780 800 veneno
2823 746 3030 816 plenunt
3059 755 3153 802 est.
3200 777 3273 787 —
3299 765 3319 799 ι
3348 746 3484 802 Nam
3535 747 3741 802 tertius
3796 745 3904 799 mihi

2301 835 2452 892 locus
2479 846 2719 907 prastat,
2771 847 2828 893 ut
2874 834 3059 905 iidem,
3111 854 3271 910 quam
3315 836 3563 909 epistolas
3607 837 3907 909 primordio

2298 931 2689 999 condiderunt,
2749 933 3183 1004 fraudulentam,
3243 936 3580 1002 htereticam,
3632 942 3696 991 et
3738 933 3908 990 verbis

2298 1024 2697 1081 blandientibus
2728 1028 3209 1085 venenointeriure
3236 1028 3497 1085 suffusum
3522 1043 3647 1084 esse
3674 1028 3906 1085 demon-

2298 1128 2487 1174 strem.
2527 1118 2842 1189 l'ro/iternur
2869 1123 3006 1176 enim
3026 1122 3142 1177 ita:
3171 1118 3346 1177 Unum
3371 1121 3584 1194 quidem
3620 1122 3906 1194 ingenitus

2297 1226 2405 1266 esse
2433 1210 2598 1267 Deum
2628 1224 2845 1282 patrem,
2870 1224 2918 1269 et
2944 1231 3102 1269 unum
3129 1216 3339 1270 unicum
3363 1217 3476 1282 eius
3500 1214 3733 1283 Filium,
3754 1215 3907 1271 Dem

2297 1322 2363 1362 ea:
2386 1304 2516 1371 Deo,
2548 1308 2719 1363 lumen
2744 1325 2809 1364 ea:
2829 1309 3039 1377 lumine,
3074 1311 3477 1384 primogenitum
3510 1312 3681 1366 omnis
3710 1321 3906 1365 creatu-

2301 1414 2392 1462 rae,
2417 1408 2464 1453 et
2491 1400 2700 1453 tertium
2724 1401 2972 1456 addentes
3000 1401 3252 1473 Spiritum
3286 1414 3527 1458 sanctum
3547 1405 3907 1476 paracletutn:

2302 1501 2360 1546 ut
2385 1507 2508 1547 cum
2535 1495 2799 1549 securitas
2830 1494 3140 1566 legentium,
3163 1498 3246 1551 vel
3276 1495 3623 1552 indoctorum
3646 1498 3903 1568 simplici

2301 1594 2384 1640 tas
2415 1597 2522 1641 tam
2551 1587 2805 1644 mollibus
2827 1588 2985 1644 fuerit
3012 1589 3304 1659 intercepta
3330 1590 3614 1660 principiis
3637 1605 3794 1656 nmo
3816 1606 3903 1645 eo-

2298 1681 2529 1751 demque
2555 1682 2966 1751 subscriptionis
3001 1684 3194 1738 elicitas
3233 1699 3463 1739 assensu
3492 1725 3508 1750 ,
3564 1683 3620 1738 in
3672 1683 3892 1739 Photini

599 1782 883 1852 quaesiisse
908 1780 1130 1849 judicii;
1179 1788 1236 1834 et
1274 1778 1645 1835 rescribentes
1671 1778 1740 1834 de
1771 1777 2023 1846 Photino,
2052 1779 2196 1833 Μαι-ο
2223 1780 2272 1841 Β
2296 1774 2842 1837 animadversionem.
2868 1776 2921 1830 in
2944 1774 3224 1831 Athanasii
3246 1784 3475 1842 reatum,
3510 1778 3564 1831 in
3587 1776 3895 1832 damnatio-

593 1874 716 1931 celli
760 1873 1116 1935 mentionem,
1146 1871 1296 1926 velut
1330 1870 1727 1925 institutionum
1758 1870 1945 1925 talium
1991 1871 2189 1941 magis.

597 1967 690 2031 tri,
738 1963 1015 2020 addidisse
1048 1983 1060 2017 :
1103 1971 1160 2017 ut
1208 1970 1474 2018 mortuam
1506 1962 1575 2017 de
1604 1961 1902 2018 Athanasio
1941 1962 2061 2032 ipso
2078 1962 2190 2032 jam

596 2070 844 2130 tempore
868 2057 1247 2127 quaestionem,
1297 2066 1351 2112 et
1394 2055 1637 2111 veritatis
1660 2053 1864 2125 judicio
1905 2055 2193 2126 consepul-

598 2161 736 2216 tam.
766 2151 821 2206 in
854 2148 1124 2219 publicam
1154 2148 1585 2205 recordationem
1630 2163 1809 2204 causm
1838 2148 2049 2203 novitas
2096 2164 2191 2204 cx-

593 2245 805 2309 cilaret,
846 2251 902 2297 et
928 2242 1227 2311 subrepens
1257 2258 1351 2310 per
1374 2240 1587 2295 Photini
1618 2240 2019 2296 damnationem
2052 2241 2189 2296 Mar-

590 2336 713 2393 celli
744 2349 940 2391 nomen
969 2332 1265 2388 inveheret.
1292 2332 1483 2387 Exstat
1510 2339 1691 2387 autem
1713 2332 1767 2387 in
1793 2331 1866 2405 (c)
1893 2332 2189 2403 superioris

592 2427 837 2499 epistola:
886 2440 1135 2495 corpore,
1192 2424 1500 2478 Marcellum
1543 2425 1611 2478 ab
1649 2424 1869 2479 Arianis
1899 2423 2188 2480 occasione

587 2521 732 2589 libri,
782 2534 940 2592 quem
970 2519 1037 2574 de
1064 2518 1400 2588 subjectione
1432 2517 1642 2573 Domini
1676 2515 1875 2574 Christi
1906 2517 2180 2584 ediderat,

588 2630 694 2670 una
721 2629 843 2669 cum
868 2611 1167 2667 Athanasio
1196 2611 1361 2665 fuisse
1391 2610 1727 2665 damnatum.
1763 2610 1994 2666 Docetur
2020 2610 2185 2665 etiam

592 2705 912 2762 recitatione
956 2702 1199 2773 ejusdem
1252 2702 1370 2758 libri
1434 2702 1775 2757 innocentem
1826 2702 2179 2772 deprehendi.

589 2800 903 2857 Falsitatem
930 2812 1144 2870 quoque
1159 2796 1348 2867 judicii
1381 2795 1567 2851 Ariani
1596 2796 1670 2869 (in
1706 2797 1905 2868 synodo
1929 2796 2187 2852 Constan-

592 2896 754 2966 tinop.
786 2911 876 2948 an.
910 2889 1039 2959 336)
1064 2891 1327 2946 exstantis
1356 2890 1534 2944 adhuc
1579 2889 1698 2944 libri
1730 2889 1866 2943 lides
1885 2890 2079 2959 arguit.
2107 2889 2185 2944 De

593 2987 824 3041 Pltotino
848 2992 1029 3040 autem
1073 2982 1153 3053 (d)
1200 2993 1428 3047 tantum,
1474 2982 1628 3036 sicuti
1659 2997 1777 3035 mos
1808 2982 2086 3051 poscebat,
2115 2980 2184 3037 ad

583 3079 887 3135 Orientales
915 3076 1159 3148 epistolae
1188 3075 1345 3141 liunt,
1393 3089 1499 3129 non
1547 3074 1743 3145 injuria
1795 3073 2181 3146 extorquendi,

2294 1884 2417 1925 nem
2452 1870 2575 1925 ﬁdei
2622 1870 2901 1925 catholica:
2931 1879 3255 1926 transeatur.
3294 1869 3364 1926 Et
3404 1884 3570 1942 spero
3613 1871 3765 1941 quod
3796 1886 3894 1927 non

2291 1964 2537 2030 exiguam
2566 1973 2772 2033 partem
2793 1963 3115 2033 cognitionis
3138 1963 3291 2019 istius
3318 1963 3464 2036 (scil.
3503 1964 3791 2019 Athanasii
3820 1966 3898 2019 in-

2292 2054 2559 2122 nocentiae)
2590 2055 2829 2126 synodus
2872 2055 3207 2111 Surdicensis
3228 2057 3491 2125 attulerit,
3538 2057 3628 2113 ubi
3676 2060 3903 2115 insecta-

2299 2147 2446 2202 tione
2470 2145 2793 2202 Arianorum
2822 2147 3002 2202 omnia
3049 2150 3102 2203 in
3132 2147 3489 2205 Athanasium
3519 2149 3752 2205 crimina
3778 2164 3902 2207 eon-

2293 2238 2414 2292 licta
2443 2254 2566 2293 esse
2598 2248 2987 2306 monstrantur,
3038 2249 3095 2295 et
3162 2242 3239 2295 vis
3287 2238 3529 2296 adhibita
3605 2240 3756 2313 plebi
3812 2241 3898 2298 Dei

2293 2327 2455 2399 (Vide
2471 2344 2651 2398 supra.
2686 2345 2739 2384 n.
2771 2330 2852 2400 ὅ),
2884 2340 2944 2385 ut
2973 2331 3024 2384 in
3054 2331 3364 2400 pestiferam
3395 2332 3617 2388 letbalis
3641 2333 3899 2390 doctrinae

2272 2424 2690 2499 ,couniventiam
2718 2426 3029 2481 transirent.
3056 2422 3189 2482 Rem
3209 2433 3414 2497 tamen,
3440 2429 3565 2499 quia
3588 2441 3754 2485 causa
3778 2444 3896 2500 pos.

2292 2519 2427 2574 tttlat
2442 2561 2457 2584 ,
2490 2518 2732 2575 breviter
2762 2519 2963 2576 dicam.

2364 2609 2456 2664 ‘15.
2488 2609 2566 2663 Ad
2611 2612 2856 2665 tuendam
2888 2609 3161 2667 Trinitatis
3186 2614 3344 2683 ﬁdem
3369 2626 3577 2681 sempa'
3603 2615 3896 2670 laborarunt

2291 2704 2564 2771 apostolici
2592 2705 2704 2761 viri.
2746 2704 2991 2760 Ecclesia:
3018 2707 3241 2761 hostium
3276 2707 3395 2761 inde
3418 2708 3471 2761 in
3504 2724 3560 2762 se
3581 2711 3891 2762 concitarunt

2291 2796 2486 2851 odium.
2508 2825 2580 2836 —
2607 2816 2625 2848 ε
2650 2794 2785 2853 Cura
2815 2806 2869 2853 et
2896 2798 3165 2869 negotium
3190 2798 3500 2868 apostolicis
3528 2798 3662 2855 viris
3685 2812 3891 2869 semper

2299 2886 2425 2945 luit.
2457 2890 2728 2943 constanti
2752 2897 2808 2943 et
2834 2889 3043 2958 publica
3071 2891 3320 2958 perlecta:
3342 2890 3466 2947 ﬁdei
3493 2891 3886 2958 praedicatione,

2289 2990 2523 3036 conatus
2553 2997 2740 3037 omnes
2779 2982 3099 3037 oblatrantis
3130 2984 3354 3038 haeresis
3402 2985 3793 3054 comprimere,
3825 2990 3879 3037 et

2290 3076 2533 3145 exposita
2562 3076 2973 3148 Evangeliorum
3006 3076 3272 3143 veritate,
3306 3076 3716 3147 perversitatem
3757 3074 3881 3131 doc-

588 3181 648 3227 ut
677 3187 819 3227 nunc
846 3170 918 3241 (c)
967 3170 1165 3239 agitur,
1195 3183 1502 3234 assensum,
1532 3167 1627 3225 sed
1677 3167 2009 3225 instruendae
2058 3166 2178 3222 uni-
2211 3167 2260 3232 C
2294 3171 2447 3223 trina:
2478 3171 2712 3225 errantis
2752 3169 3135 3239 exstinguere;
3188 3184 3258 3226 ne
3299 3170 3634 3226 audientium
3681 3181 3880 3224 mentes

587 3277 871 3319 versorum
898 3262 1141 3316 scientite
1166 3259 1587 3315 consuetudine.

657 3356 750 3412 23.
807 3372 826 3406 t
871 3352 976 3409 Sed
1020 3368 1117 3407 cur
1167 3352 1446 3421 abnegatm
1489 3351 1743 3406 Marcello
1785 3348 2183 3406 communionis

585 3445 909 3504 Athanasius
940 3460 1063 3500 reus
1093 3459 1214 3500 esse
1243 3442 1561 3499 rescribitur
1586 3442 1655 3510 (Α
1687 3443 1963 3497 Sirmiensi
1997 3441 2181 3496 Orien-

585 3542 767 3596 talium
810 3536 1074 3611 synodo)?
1116 3536 1378 3607 Numquid
1414 3544 1633 3605 pr0pter
1664 3534 1785 3588 libri
1818 3535 2005 3589 vitium
2038 3533 2181 3589 Mar-

582 3632 754 3687 cellus
779 3632 1061 3688 abstentus
1086 3627 1210 3684 est?
1236 3624 1428 3681 Testes
1471 3626 1572 3693 ipsi
1618 3633 1765 3690 sunt,
1810 3639 1876 3680 ex
1925 3625 2185 3680 institutis

583 3721 701 3790 ejus
731 3720 1017 3775 Pltotinum
1050 3716 1422 3788 perversitatis
1467 3717 1619 3773 istius
1668 3716 1814 3770 initia
1862 3718 2177 3787 sumpsisse.

586 3812 718 3867 Nam
744 3818 934 3881 negata
958 3809 1060 3865 sibi
1092 3810 1159 3862 ab
1187 3808 1481 3863 Athanasio
1503 3809 1909 3873 communione,
1932 3808 2182 3877 ingressu

584 3919 705 3960 sese
729 3904 975 3960 ecclesia:
999 3900 1284 3955 Marcellus
1311 3900 1587 3954 abstinuit.
1617 3900 1692 3954 Ita
1722 3900 2031 3962 communio
2057 3914 2181 3953 cum

586 4011 651 4053 eo
682 3997 734 4050 in
767 4000 866 4051 ista
901 3994 1005 4049 lide
1035 3992 1101 4064 (Ῑ.
1140 3994 1267 4047 inita
1293 4004 1493 4048 rectam
1538 3992 1720 4061 lidem)
1747 3992 1815 4047 de
1848 3993 2182 4062 subjectione

580 4100 635 4146 et
657 4087 945 4144 traditione
975 4082 1124 4158 regni
1156 4086 1315 4143 docet
1343 4104 1354 4137 :
1379 4081 1540 4158 δή]
1586 4096 1771 4156 negata
1817 4103 2028 4142 rursum
2060 4103 2182 4158 pra-

586 4185 752 4239 vitate
783 4184 906 4254 (leg.
952 4177 1295 4252 pravitatem)
1340 4180 1601 4234 doctrinae
1649 4179 1877 4234 alterius
1919 4180 2179 4235 ostendit.

582 4274 660 4332 Ac
705 4275 783 4330 sic
828 4285 1116 4343 utrumque
1157 4270 1257 4325 viri
1306 4272 1460 4325 istius
1500 4270 1761 4341 judicium
1804 4280 1953 4326 caret
1997 4272 2179 4341 culpa,

582 4383 703 4423 cum
731 4367 782 4420 in
813 4364 937 4421 data
969 4364 1348 4419 connnunione
1380 4363 1569 4435 synodi
1602 4363 1975 4436 (Sardicensis)
2006 4366 2077 4422 sit
2103 4382 2184 4423 se-

582 4469 737 4517 cutus
766 4473 1081 4521 assensum;
1117 4457 1167 4511 in
1208 4457 1466 4527 abnegata
1506 4473 1658 4523 vero,
1691 4458 1811 4528 ipso
1838 4474 1897 4515 se
1927 4461 2182 4517 Marcello

2289 3261 2519 3330 quadam
2543 3262 2667 3317 labe
2692 3261 3069 3317 contaminans
3088 3264 3397 3333 contagium
3424 3263 3542 3318 vitii
3564 3263 3879 3319 adhaerentis

2290 3353 2557 3425 indigeret
2577 3354 2642 3425 (ι’.
2677 3348 2967 3426 inliceret).
3002 3354 3186 3425 Itaque
3214 3354 3502 3426 diligenter
3526 3354 3764 3427 epistolis
3789 3370 3876 3408 ra-

2287 3449 2403 3511 riis,
2436 3464 2556 3518 quae
2584 3446 2654 3504 de
2682 3447 2791 3502 Deo
2820 3460 2974 3517 patre
3003 3448 3188 3517 opinio
3213 3490 3229 3515 ,
3279 3462 3405 3520 quae
3434 3446 3503 3503 de
3533 3447 3626 3505 Dei
3659 3449 3759 3505 lilio
3783 3463 3878 3504 oo-

2288 3539 2478 3611 gnitio,
2511 3554 2631 3609 quae
2671 3544 2722 3593 in
2764 3538 2969 3607 Spiritu
2999 3549 3190 3595 sancto
3225 3540 3583 3596 sanctiﬁcatio
3618 3546 3875 3612 oporteret

2288 3647 2429 3691 esse.
2465 3631 2776 3701 frequenter
2801 3631 3131 3700 copioseque
3172 3632 3447 3700 complexi
3494 3640 3650 3696 sunt;
3678 3628 3868 3701 (supple

2289 3725 2433 3793 ideo)
2474 3730 2534 3778 ut
2577 3724 2825 3793 cognitus
2851 3723 2919 3779 de
2945 3722 3056 3777 Deo
3105 3730 3261 3792 patre
3314 3723 3467 3778 lieret
3509 3718 3672 3796 ω
3718 3719 3868 3776 Filius

2292 3818 2456 3881 Deus,
2484 3825 2539 3873 et
2567 3817 2618 3870 in
2655 3817 2761 3871 Deo
2790 3816 2900 3872 lilio
2930 3816 3140 3889 (supple
3167 3819 3337 3889 esset)
3360 3818 3500 3873 Deus
3530 3828 3711 3888 pater,
3746 3813 3869 3872 etin

2291 3909 2402 3963 Deo
2431 3916 2581 3973 patre
2614 3907 2781 3962 Filius
2811 3908 2973 3963 Deus.
3005 3907 3085 3963 Ac
3111 3909 3189 3963 sic
3217 3909 3518 3964 secundum
3565 3910 3725 3979 ipsius
3747 3906 3871 3962 dei-

2291 4001 2552 4056 nitionem
2587 4001 2817 4056 dicentis
2856 4015 2873 4055 :
2919 3998 3030 4074 Ego
3058 4011 3103 4056 et
3138 3999 3296 4057 Pater
3316 4016 3474 4057 unum
3504 4016 3676 4057 sumas
3704 3998 3862 4075 (lacn.

2292 4108 2349 4158 κ,
2382 4090 2495 4163 '50),
2525 4101 2581 4146 et
2601 4107 2849 4147 rursum:
2885 4092 3053 4161 Sicut,
3089 4092 3266 4161 Pater,
3285 4104 3339 4149 tu
3368 4096 3420 4149 in
3449 4111 3547 4156 me.
3582 4105 3627 4149 et
3649 4110 3733 4166 ego
3753 4094 3866 4147 inte

2293 4183 2473 4258 (han.
2506 4200 2616 4241 xvn
2644 4225 2659 4251 ,
2704 4184 2820 4257 il),
2848 4189 3159 4243 continetur
3186 4189 3319 4244 iides
3346 4200 3534 4245 nostra
3563 4190 3614 4245 in
3640 4187 3862 4244 Patriset

2290 4277 2409 4333 Filii
2455 4278 2763 4333 nominibus
2791 4281 3145 4353 personisque
3171 4281 3316 4338 Deus
3345 4299 3505 4338 unus.
3535 4282 3713 4353 Neque
3736 4282 3858 4336 enim

2290 4372 2373 4431 vel
2403 4371 2601 4427 invidia
2624 4370 2958 4441 Judrcorum,
2977 4375 3062 4431 vel
3085 4374 3268 4431 odium
3299 4374 3607 4446 gentilium,
3632 4375 3709 4434 vel
3733 4374 3860 4431 lusor

2288 4464 2667 4521 haereticorum
2698 4469 2816 4523 aliis
2843 4470 3020 4538 potius
3048 4470 3313 4527 adversus
3335 4486 3435 4526 nos
3473 4470 3653 4526 causis
3674 4481 3750 4525 est
3773 4480 3856 4522 ex-

580 4555 866 4610 abdicante
908 4553 1027 4607 solo
1054 4552 1172 4605 sine
1200 4551 1305 4605 ulla
1356 4552 1548 4624 synodi
1590 4555 1928 4610 auctoritate.
1980 4555 2182 4612 Verum
2211 4562 2268 4624 D
2292 4562 2488 4617 citatus
2509 4606 2523 4631 ,
2553 4578 2711 4634 quam
2753 4565 2894 4637 quod
2933 4566 3247 4621 mteruitatis
3280 4565 3352 4639 (f)
3380 4567 3654 4634 virtutem,
3686 4575 3853 4621 nomen

578 4650 755 4707 omnis
782 4648 879 4702 ista
912 4645 1132 4701 alterius
1160 4660 1336 4701 causa:
1362 4654 1416 4700 et
1443 4645 1649 4702 doloris
1687 4655 1772 4702 est
1817 4650 2063 4720 quaestio.
2115 4649 2183 4707 Et

582 4851 706 4890 men
735 4849 838 4889 non
869 4832 1044 4887 solum
1094 4829 1367 4884 consentit
1414 4828 1704 4897 Sulpicius,
1756 4844 1820 4883 ex
1852 4829 1959 4901 fide
2008 4830 2178 4901 ipsius

579 4907 769 4961 eadem
817 4905 1091 4966 scribens;
1124 4901 1219 4955 sed
1250 4911 1301 4953 el
1326 4901 1426 4953 hoc
1472 4901 1668 4965 ipsum.
1725 4909 1781 4954 ut
1832 4899 1967 4955 infra
2022 4899 2179 4958 initio

584 4993 735 5031 nunt.
791 4976 857 5029 Ξῖ)
918 4974 1247 5033 declaratur,
1298 4968 2012 5043 continebat‘Orientalium
2060 4976 2177 5043 cpi.

581 5051 720 5103 stola
753 5064 816 5102 ex
845 5043 1127 5100 Sirtniensi
1155 5042 1362 5113 synodo
1389 5042 1470 5113 ad
1504 5040 1953 5113 Mediolanensem
1978 5040 2174 5101 rescri-

578 5119 839 5173 bcntium.
871 5115 953 5171 An
983 5114 1120 5168 forte
1150 5111 1296 5167 mera
1318 5112 1432 5167 huic
1454 5111 1552 5165 luit
1570 5111 1924 5167 Orientalium
1950 5115 2170 5171 illorum

577 5189 867 5251 calumnia,
901 5188 991 5258 cui
1016 5186 1260 5258 Hilarius
1278 5182 1667 5258 pattiogl'acilius
1696 5185 2030 5240 crediderit?
2073 5189 2165 5258 qui

575 5260 770 5314 deinde
796 5273 917 5313 cum
947 5257 1024 5311 ait
1052 5256 1359 5310 Marcellum
1408 5256 1476 5307 ab
1520 5258 1814 5309 Athanasio
1857 5256 2164 5314 abstenttitn

571 5332 825 5385 anteriore
853 5339 1079 5395 tempore
1098 5342 1249 5396 quam
1287 5325 1539 5379 Photinus
1568 5328 1836 5396 arguitur;
1865 5342 1969 5381 non
2005 5330 2160 5384 intel-

576 5401 970 5470 ligittempus,
1019 5400 1158 5461 quod
1207 5397 1663 5470 Mediolauensem
1712 5399 1976 5470 synodum
2031 5401 2159 5455 anni

573 5474 677 5528 3-i7
713 5467 1032 5541 praecessit,
1053 5467 1316 5541 sediliud
1348 5478 1574 5541 tantum,
1605 5468 1744 5538 quod
1769 5469 2159 5526 Mediolanensi

573 5543 693 5597 anni
725 5538 830 5597 349
880 5540 1132 5611 superius
1164 5538 1281 5605 fuit,
1311 5538 1401 5593 ubi
1449 5540 1763 5595 solemniori
1810 5540 2039 5610 quadam
2072 5558 2163 5599 ra.

572 5615 713 5667 tione
742 5612 1006 5668 Photinus
1030 5618 1114 5665 est
1137 5611 1443 5664 damnatus.

644 5702 721 5779 (α)
752 5703 971 5779 Scilicet
999 5700 1590 5779 constantinOpolitana
1619 5704 1825 5776 synodo
1856 5706 1984 5763 anni
2025 5708 2152 5779 536,

570 5772 719 5841 cujus
744 5779 893 5844 gesta
924 5772 1228 5827 Sardieensi
1260 5772 1516 5829 dissoluta
1543 5772 1685 5831 sunt.

2292 4653 2411 4711 Filii
2440 4658 2761 4713 conﬁtemur
2807 4659 2860 4714 in
2900 4657 3080 4733 Patre,
3111 4658 3504 4718 iisereticorum
3547 4668 3715 4716 autem
3751 4670 3856 4728 per-

2361 4837 2437 4911 (b)
2488 4837 2641 4895 Hunc
2686 4841 2867 4897 locum
2915 4856 2979 4898 ex
3014 4842 3288 4899 Sirmondi
3322 4845 3644 4903 lectionibus
3668 4852 3847 4903 restau-

2286 4923 2512 4983 ramusi;
2548 4928 2669 4967 cum
2698 4915 2847 4983 prius
2879 4914 3190 4981 haberetur,
3223 4932 3387 4978 neque
3430 4928 3553 4973 tunc
3574 4917 3702 4972 unde
3730 4916 3849 4970 Plio-

2288 4980 2415 5034 tino.
2478 4982 2574 5037 Hic
2629 4980 2948 5057 conquestio
2997 4994 3100 5047 est.
3163 4980 3305 5057 quod
3351 4989 3654 5045 Orientales
3696 4984 3850 5043 Sirmii

2283 5057 2590 5127 congregati
2620 5056 2687 5110 de
2718 5056 2968 5112 Marcello
2997 5056 3193 5112 callide
3220 5060 3632 5127 rescripserint,
3661 5061 3722 5116 de
3761 5071 3850 5126 quo

2281 5121 2659 5180 Occidentales
2690 5141 2721 5183 e
2751 5128 3138 5184 Mcdiolanensi
3169 5130 3380 5202 synodo
3401 5121 3546 5187 nihil
3585 5121 3710 5204 ipsis
3729 5121 3849 5184 scri-

2284 5205 2521 5262 pscratti.

2348 5266 2418 5346 (c)
2450 5266 2611 5346 l_~7dit_i,
2644 5269 2925 5346 superiore.
2959 5270 3149 5346 Melius
3179 5286 3308 5338 ms.,
3333 5274 3640 5346 superioris,
3665 5270 3846 5328 scilicet

2274 5336 2519 5404 epistnltc
2551 5336 2891 5395 Surdi'censis
2919 5356 3069 5397 num.
3098 5343 3153 5398 6.
3298 5336 3303 5338 “
3399 5336 3410 5346 ’
3538 5360 3555 5369 ³

2351 5428 2429 5499 (d)
2455 5429 2746 5500 Adjicintus
2769 5442 2965 5487 tantum
2984 5450 3050 5489 ex
3074 5432 3346 5493 Sirmondi
3373 5438 3703 5495 lectionibus.
3723 5430 3843 5489 Con-

2274 5502 2524 5583 stansltic
2556 5518 2736 5583 sermo
2764 5502 3386 5583 est_d_e_Occide_ntalium
3412 5512 3578 5583 gestis
3598 5509 3646 5563 in
3667 5502 3842 5583 mdio-

2275 5569 2492 5646 lanensi
2510 5574 2716 5646 synodo
2743 5576 2866 5629 anni
2899 5576 3027 5645 549,
3055 5585 3111 5635 et
3138 5578 3207 5637 de
3228 5569 3581 5639 Orientalium
3602 5578 3838 5646 rescripto

2274 5654 2305 5693 e
2336 5639 2614 5697 Sirmiensi
2644 5646 2878 5702 civitate.

2346 5711 2418 5793 (e4)
2443 5711 2611 5793 _Pttta,_
2639 5728 2757 5793 post
2789 5718 3187 5793 Ariminensem
3216 5722 3510 5793 synodum;

2344 5782 2412 5852 (f)
2442 5782 2496 5838 in
2525 5786 2771 5857 vulgatis,
2800 5791 3095 5847 tutel-uitatis
3118 5782 3320 5850 virtute.
3352 5794 3519 5868 Magis
3545 5793 3832 5865 placetcum
