3958 6194
573 276 683 333 655

1773 259 2014 316 SANCTI
2055 257 2309 314 HILARII
2349 256 2652 316 EPISCOPI

3756 264 3841 321 656

573 391 732 460 plena
759 395 920 456 atque
944 381 1176 454 perfecta
1199 382 1306 442 est,
1335 383 1388 430 et
1413 374 1664 428 omnibus
1686 373 1942 444 undique,
1971 373 2165 444 quibus
2192 383 2240 440 Α
2271 375 2640 445 primogenitus
2677 374 2842 428 omnis
2869 384 3116 429 creaturte
3147 390 3165 429 :
3195 375 3314 446 quia
3355 375 3409 429 in
3449 375 3565 444 ipso
3597 380 3840 436 constituta

574 485 816 551 irrepere
857 473 1096 532 haeretici
1129 471 1327 535 solent,
1361 468 1596 522 aditibus
1623 466 1909 534 obseratis,
1944 467 2170 521 inviola-
2216 469 2222 475 ’

579 575 670 630 bili
713 575 854 627 inter
904 567 1118 622 Patrem
1156 573 1209 616 et
1241 561 1436 615 Filium
1484 568 1701 614 arternze
1733 559 1954 613 unitatis
1984 559 2168 614 solidi-

575 679 687 724 tate
733 662 1074 722 connectitur
1105 675 1117 713 :
1152 658 1270 712 hcec
1312 671 1443 711 vero
1479 652 1823 725 simplicitate
1869 653 2166 720 blanditur,

575 763 806 836 primum
837 768 1087 812 asserens
1118 766 1216 808 nos
1250 751 1318 804 ita
1351 748 1598 813 credere,
1633 747 1776 818 quod
1805 747 1944 801 absit
1971 763 2000 800 a
2030 762 2168 816 quo-

574 871 756 928 quam.
785 851 1052 908 Cmteruin
1081 844 1507 902 Occidentalium
1541 842 1695 906 fides,
1729 840 2056 912 evangelicis
2083 840 2168 894 in-

574 949 757 1004 stituta
786 940 1068 1004 doctrinis,
1100 938 1314 992 Patrem
1356 935 1408 990 in
1454 935 1589 989 Filio
1617 976 1629 999 ,
1660 933 1852 988 Filium
1884 934 2172 988 confitetur

573 1041 626 1096 in
647 1038 806 1094 Patre
830 1050 844 1100 ;
874 1033 1088 1088 Patrem
1121 1030 1439 1100 ingenitum,
1465 1025 1659 1080 Filium
1684 1025 1983 1079 substantia
2016 1035 2169 1080 teter-

575 1131 760 1187 nitatis
786 1138 1072 1190 aeternum,
1097 1122 1149 1178 id
1175 1131 1279 1186 est,
1311 1129 1369 1175 ut
1397 1120 1611 1174 Patrem
1641 1135 1877 1188 semper,
1904 1119 1974 1173 ita
2006 1128 2060 1173 et
2087 1118 2172 1172 Fi-

573 1228 706 1283 lium
751 1237 966 1292 semper
1001 1219 1053 1274 in
1088 1218 1265 1278 Patre.
1295 1225 1349 1270 et
1374 1221 1556 1269 natum
1581 1213 1648 1268 de
1679 1210 1975 1284 DeoeﬁﬁI
2005 1212 2171 1266 Deum

574 1337 719 1387 esse,
751 1334 857 1374 non
881 1322 1201 1383 conceptum
1225 1309 1457 1372 scilicet,
1489 1316 1543 1363 et
1566 1307 1617 1362 in
1648 1321 1714 1362 eo
1739 1320 1953 1376 semper
1976 1305 2044 1360 de
2067 1318 2174 1382 quo

573 1422 678 1477 est,
709 1426 851 1468 esse.

643 1507 734 1563 29.
788 1523 807 1557 ι
855 1504 924 1560 At
951 1516 1082 1557 vero
1131 1500 1247 1555 haec
1292 1495 1514 1569 perfidia
1549 1493 1921 1567 (Orientalium
1975 1491 2172 1549 Sirmio

572 1597 984 1665 rescribentium)
1018 1608 1124 1648 non
1169 1591 1304 1646 fides
1326 1631 1342 1656 ,
1399 1589 1565 1643 Deum
1603 1605 1667 1642 ea:
1702 1587 1805 1640 Deo
1837 1586 2024 1641 dicens
2051 1627 2065 1650 ,
2119 1594 2173 1640 et

571 1691 970 1767 primogenitum
997 1683 1387 1743 commendans
1411 1724 1426 1750 ,
1459 1691 1514 1738 et
1555 1681 1838 1736 Trinitatis
1863 1693 2058 1734 nomen
2091 1679 2174 1732 in-

2271 479 2390 522 sunt
2418 469 2588 522 omnia
2618 469 2671 522 in
2700 470 2838 522 (telis
2864 477 2910 522 et
2941 471 2992 522 in
3023 479 3179 536 terra,
3212 470 3433 524 visibifia
3460 481 3508 523 et
3550 472 3808 526 invisibilia
3828 518 3839 540 ,

2270 561 2372 615 sive
2405 561 2613 626 T/u'oni,
2653 562 2760 616 sive
2785 559 3194 628 Dominationes,
3227 563 3331 617 sive
3380 561 3734 634 Principatus,
3766 569 3844 622 sire

2274 653 2575 717 Potestates.
2601 657 2772 710 onmia
2795 673 2882 724 per
2919 658 3087 725 ipsum
3121 668 3170 712 et
3196 659 3246 712 in
3274 659 3390 729 ipso
3418 660 3630 714 condita
3663 674 3788 730 sunt,
3812 674 3846 717 et

2271 748 2381 818 ipse
2429 760 2502 803 est
2535 761 2653 804 ante
2685 767 2861 805 omnes
2892 749 3112 820 (Coloss.
3161 767 3196 816 ι,
3234 753 3324 819 15,
3352 753 3471 823 16).
3521 748 3702 826 Imago
3745 772 3848 826 ergo

2274 841 2367 895 Dei
2385 841 2672 896 invisibilis
2699 859 2765 897 ex
2794 841 2963 897 nihilo
2985 843 3117 897 ordo
3144 853 3246 908 est,
3278 846 3516 915 etctepit
3541 861 3569 898 a
3595 850 3848 916 tempore?

2274 934 2382 989 Aut
2408 935 2528 1004 quia
2554 935 2940 1006 primogenitus
2965 935 3140 990 omnis
3170 947 3435 992 creaturae
3467 947 3574 1003 est,
3595 938 3728 992 ordo
3750 942 3848 1010 qui-

2273 1025 2394 1081 dem
2419 1026 2471 1080 in
2503 1043 2568 1081 eo
2593 1041 2849 1081 connexa:
2880 1026 2954 1098 (τι)
2986 1027 3272 1099 incognitae
3299 1031 3598 1084 creationis
3625 1032 3851 1100 exprimi-

2275 1125 2382 1184 tur,
2413 1117 2506 1172 sed
2539 1133 2643 1172 non
2664 1120 2907 1188 sequitur
2927 1118 3342 1188 primogenitum
3371 1121 3554 1175 omnis
3582 1123 3850 1178 creaturae?

2275 1211 2411 1277 Quia
2443 1212 2494 1266 in
2527 1211 2643 1280 ipso
2683 1212 2972 1267 constituta
3019 1224 3145 1268 sunt
3195 1214 3378 1269 omnia
3413 1213 3468 1268 in
3517 1215 3675 1271 cmlis
3715 1227 3764 1271 et
3811 1219 3851 1271 in

2277 1315 2440 1372 terra,
2466 1305 2518 1361 id
2549 1317 2652 1374 est,
2686 1307 2741 1361 in
2768 1307 2884 1381 ipso
2916 1306 3291 1363 universorum
3323 1309 3718 1365 elementorum
3744 1311 3852 1366 risi-

2275 1399 2458 1454 bilium
2485 1409 2537 1453 et
2564 1397 2911 1454 iuvisibilium
2941 1400 3154 1472 condita
3204 1412 3259 1456 et
3303 1402 3608 1458 constituta
3651 1406 3850 1461 materia

2274 1501 2388 1555 est;
2421 1500 2476 1545 et
2523 1491 2726 1546 idcirco
2755 1493 2936 1547 omnia
2975 1508 3069 1562 per
3101 1494 3275 1563 ipsum
3305 1505 3359 1550 et
3391 1496 3448 1550 in
3479 1497 3600 1566 ipso
3628 1514 3644 1549 :
3682 1497 3854 1558 idcirco

2277 1583 2664 1654 primogenitus
2693 1585 2869 1640 omnis
2896 1594 3178 1654 creaturae,
3214 1588 3338 1658 quia
3372 1588 3427 1642 in
3457 1589 3678 1656 eodem,
3705 1590 3805 1661 jam
3830 1607 3852 1645 a

2275 1677 2561 1749 principio,
2593 1677 2836 1732 omnium
2858 1695 2978 1749 qua:
3009 1678 3298 1748 effecmrus
3329 1691 3469 1747 erat,
3504 1683 3687 1736 omnia
3717 1699 3855 1752 gene-

572 1788 823 1848 stituens,
845 1782 995 1836 virus
1023 1793 1179 1832 suum
1207 1776 1307 1831 sub
1337 1772 1600 1828 modestia
1624 1772 1890 1842 religiosm
1921 1770 2170 1826 modera—
2199 1775 2248 1836 Β
2274 1771 2541 1826 rationum
2573 1770 2738 1844 655
2767 1771 2912 1826 initia
2943 1770 3016 1845 (ὁ)
3044 1773 3424 1828 conSIiterunl.
3449 1774 3635 1846 Atque
3668 1791 3768 1832 non
3793 1776 3849 1830 ita

573 1878 737 1934 tionis
762 1874 1018 1938 occultat,
1055 1869 1266 1934 dicens,
1301 1865 1466 1919 Deum
1495 1879 1557 1918 ex
1601 1863 1710 1916 Deo
1733 1906 1746 1930 ,
1781 1863 1954 1916 lumen
1996 1877 2059 1916 ea:
2085 1861 2169 1914 lu-

571 1973 708 2025 mine
737 1985 754 2022 :
781 1978 840 2022 ut
869 1982 965 2037 per
986 1963 1325 2018 occasionem
1356 1956 1714 2013 confessionis
1747 1956 1901 2009 istius
1920 1996 1936 2020 ,
1967 1970 2031 2010 ex
2059 1954 2169 2010 Deo

570 2081 635 2120 ac
663 2063 883 2123 lumine,
921 2060 1060 2113 Deus
1086 2072 1150 2111 ac
1182 2055 1364 2109 lumen
1397 2055 1565 2105 factus
1588 2065 1616 2103 a
1648 2051 1775 2115 Deo,
1826 2066 1931 2103 non
1960 2050 2170 2118 genitus

569 2160 640 2216 de
669 2157 804 2221 Deo,
837 2154 889 2209 id
917 2161 1021 2216 est,
1051 2166 1155 2204 non
1183 2149 1248 2203 de
1275 2145 1576 2202 substantia
1616 2154 1854 2213 paternae
1893 2142 2170 2224 aeternita—

572 2253 640 2308 tis
662 2247 948 2312 exstiterit;
978 2259 1040 2298 ac
1069 2243 1148 2297 sic
1177 2239 1505 2296 contumelia
1551 2237 1725 2293 Patris
1751 2235 1973 2290 vilescat
1999 2244 2054 2289 et
2083 2232 2170 2289 Fi-

568 2347 698 2409 lius,
729 2343 773 2398 si
803 2342 946 2396 Deus
974 2349 1124 2393 ortus
1152 2350 1218 2390 ex
1249 2333 1416 2388 nihilo
1437 2340 1525 2388 est
1555 2347 1566 2383 :
1595 2332 1644 2384 in
1671 2328 2012 2400 primoqeniti
2040 2341 2169 2382 vero

568 2436 912 2495 confessione
941 2429 1188 2487 ordinem
1220 2425 1506 2498 quemdam
1536 2424 1603 2479 ab
1639 2422 1755 2492 ejus
1784 2431 1904 2476 ortu
1933 2417 2168 2474 creantis

568 2533 633 2602 (f.
662 2526 880 2598 creatis)
915 2523 1098 2578 mundi
1133 2521 1294 2576 rebus
1325 2518 1602 2588 assignent
1632 2532 1646 2570 :
1695 2523 1753 2569 ut
1779 2514 1900 2584 quia
1934 2511 2168 2566 mundus

565 2641 631 2682 ex
660 2633 903 2692 tempore
926 2626 1030 2682 est,
1056 2625 1257 2679 tamen,
1275 2613 1398 2668 licet
1417 2609 1616 2664 mundo
1636 2609 1783 2678 prior
1801 2609 1870 2660 sit
1895 2605 2162 2670 Christus,

566 2734 630 2775 es
657 2729 900 2786 tempore
926 2711 1027 2776 sit;
1073 2718 1129 2764 et
1159 2723 1264 2763 non
1294 2703 1570 2760 aeternitas
1601 2703 1652 2756 in
1685 2716 1751 2756 eo
1783 2711 2025 2768 tempore
2073 2698 2167 2766 (an

565 2823 692 2869 ante
715 2806 1039 2880 tempora?),
1056 2803 1150 2858 sed
1173 2801 1309 2857 ordo
1327 2801 1380 2854 in
1397 2810 1638 2868 tempore
1659 2792 1906 2848 sitcreati
1927 2793 1994 2862 (Γ.
2015 2805 2136 2845 crea
2151 2816 2163 2829 ο

565 2905 657 2980 tis)
691 2923 702 2958 :
731 2919 794 2960 ac
827 2918 923 2974 per
948 2899 1052 2954 huc
1079 2894 1283 2965 aliquid
1305 2891 1448 2964 quod
1491 2901 1616 2944 ante
1639 2903 1761 2942 eum
1787 2887 1855 2980 sit
1888 2886 2162 2980 relinqua-

563 2977 670 3065 tur,
703 2998 795 3069 qui
823 3010 946 3050 esse
973 2991 1138 3062 cmpit
1165 3004 1230 3044 ex
1263 2999 1545 3055 tempore;
1577 2981 1736 3053 (adde
1779 2979 1854 3050 ct)
1901 2977 2165 3033 dissolva-

561 3105 646 3152 tur
678 3096 733 3149 in
761 3091 979 3147 Christo
1016 3099 1179 3141 omne
1207 3081 1349 3153 quod
1397 3081 1540 3134 Deus
1565 3087 1667 3142 est,
1707 3091 1832 3131 cum
1863 3075 1915 3130 in
1959 3089 2024 3129 eo
2054 3089 2160 3130 non

561 3183 823 3242 exstantis
847 3176 1138 3248 aliquando
1166 3174 1345 3229 Mari-.e
1371 3181 1522 3227 ortus
1548 3187 1580 3224 a
1603 3179 1849 3238 tempore
1872 3167 1962 3223 sit.

633 3276 724 3333 50.
752 3273 984 3328 Christus
1008 3286 1106 3339 quo
1128 3283 1278 3323 sensu
1307 3263 1675 3334 primogenitus
1695 3261 1858 3314 omnis
1888 3271 2154 3313 creaturw.

560 3398 632 3410 -——
668 3387 686 3420 ι
721 3365 864 3434 Quin
894 3362 1058 3418 etiam
1108 3359 1354 3414 homines
1393 3370 1488 3423 spe
1518 3352 1663 3408 omni
1692 3352 1831 3407 bona
1861 3352 2054 3415 vacui,
2088 3351 2153 3406 ad

559 3461 899 3518 occasionem
933 3453 1066 3509 tanti
1121 3449 1344 3520 periculi
1388 3445 1765 3499 auctoritatem
1803 3441 2155 3512 apostolicam

561 3551 908 3627 pertendunt;
941 3545 1067 3618 quia
1095 3543 1162 3598 de
1190 3557 1257 3597 eo
1283 3541 1481 3594 dictum
1511 3539 1602 3600 sit,
1641 3536 2011 3627 priniogenitus
2042 3551 2154 3587 ont-

560 3626 640 3702 nis
661 3654 930 3699 creaturae.
977 3637 1085 3693 Sed
1122 3631 1499 3690 subtrahentes
1524 3626 1934 3683 antecedentem
1961 3641 2156 3682 conse-

561 3746 926 3810 quentemque
954 3729 1273 3788 sententiain
1298 3767 1312 3790 ,
1348 3731 1534 3794 aptant
1561 3723 1626 3793 (Ῑ.
1659 3718 1862 3791 aptam)
1894 3720 2159 3776 doctrinis

562 3830 676 3886 suis
703 3828 804 3882 sub
826 3821 1070 3894 Apostoli
1097 3821 1312 3874 nomine
1347 3824 1660 3884 perstruunt
1687 3813 1998 3866 falsitatem.
2025 3811 2157 3867 Nam

561 3921 684 3978 talis
710 3926 794 3975 est
822 3916 954 3973 ordo
977 3914 1241 3969 dictorum
1269 3926 1282 3962 :
1311 3907 1412 3972 Qui
1437 3915 1511 3960 est
1540 3906 1710 3977 imago
1737 3902 1837 3958 Dei
1864 3903 2155 3972 invisibilis,

603 4040 691 4096 uid
724 4035 1076 4106 mutandum,
1110 4029 1280 4106 magis
1331 4023 1596 4106 arrideret
1622 4022 1970 4106 intentionis,
2027 4031 2154 4106 puta

610 4092 912 4168 rientaliutn
947 4123 958 4158 :
991 4092 1080 4175 qui
1114 4092 1308 4175 Sirmio
1336 4096 1736 4175 rescribente's,
1791 4092 1911 4175 fidei
1944 4096 2157 4175 confes-

558 4164 766 4239 sionem
789 4164 1024 4234 onmino'
1042 4174 1238 4230 nudam
1281 4185 1344 4225 ac
1383 4167 1625 4239 jejunam
1657 4164 2155 4220 Photinicondem-

561 4255 766 4310 nationi
796 4251 1221 4307 Subuexuerunt.

631 4307 708 4396 (tt)
738 4307 863 4379 Mss.
910 4321 1187 4396 incognita.
1233 4314 1350 4396 Non
1392 4310 1704 4396 displiceret
1732 4307 2153 4396 congenitte,vel

562 4390 700 4451 ineo
740 4396 941 4466 genitae.
989 4390 1045 4444 In
1092 4390 1208 4456 ipso
1225 4395 1413 4466 autem
1441 4391 1703 4466 nascente
1747 4390 1925 4463 creata
1972 4395 2153 4466 omnia

2277 1863 2328 1916 in
2373 1862 2562 1918 ordine
2609 1875 2974 1918 creaturarum
3004 1907 3019 1928 .
3066 1881 3186 1934 qua:
3228 1866 3280 1920 in
3327 1864 3520 1922 ordine
3563 1868 3852 1923 constituite

2273 1966 2417 2023 sunt,
2450 1957 2654 2024 primus
2707 1957 2759 2010 in
2789 1970 3018 2010 munero
3043 1967 3126 2010 est
3152 1974 3164 2008 :
3190 1956 3283 2012 sed
3315 1957 3432 2025 ipse
3459 1957 3641 2028 imago
3680 1960 3765 2014 Dei
3790 1963 3857 2014 in-

2273 2046 2525 2112 visibilis,
2559 2063 2782 2102 manens
2830 2064 2923 2114 per
2955 2047 3204 2103 virtutem
3259 2047 3530 2104 efficiendi
3565 2065 3782 2121 semper
3815 2053 3857 2106 in

2273 2141 2412 2210 ipso,
2445 2156 2504 2196 se
2532 2140 2945 2210 primogenitum
2977 2139 3229 2196 habuerit
3268 2155 3482 2207 eorum,
3530 2159 3655 2213 qua:
3682 2157 3771 2214 per
3792 2145 3858 2214 ip-

2273 2247 2391 2288 sum
2432 2233 2484 2286 in
2515 2233 2655 2289 caelo
2697 2242 2751 2289 et
2781 2234 2831 2288 in
2866 2243 3007 2288 terra
3039 2235 3270 2288 visibilia
3315 2243 3371 2290 et
3405 2235 3699 2291 invisibilia
3730 2252 3858 2292 crea-

2280 2337 2474 2383 rentur
2491 2329 2790 2383 exstantia.

2340 2421 2430 2475 51.
2461 2419 2686 2474 Trinitas
2733 2421 2819 2489 qui
2869 2421 3048 2490 dispar
3086 2421 3502 2477 inducatur.—t
3535 2422 3676 2490 Quin
3715 2422 3856 2478 etiam

2271 2513 2416 2569 haud
2468 2515 2767 2578 dissimilis,
2802 2513 2855 2568 in
2882 2515 3167 2570 Trinitatis
3200 2518 3641 2587 nuncupatione,
3680 2516 3858 2572 falsita-

2271 2610 2337 2660 tis
2359 2622 2546 2661 eorum
2577 2613 2864 2662 contextus
2893 2615 2996 2661 est.
3025 2605 3121 2662 Ubi
3149 2608 3292 2662 enim
3318 2622 3348 2660 a
3371 2607 3608 2664 diversis
3631 2609 3856 2664 substan-

3929 2295 3931 2344 l

3929 2393 3931 2462 l

2269 2697 2359 2753 tiis
2389 2698 2580 2752 Filium
2622 2713 2652 2752 a
2696 2699 2877 2765 Patre,
2913 2699 3074 2768 impio
3101 2707 3156 2754 et
3185 2700 3452 2756 maledico
3482 2717 3578 2755 ore
3613 2702 3686 2772 (ε)
3715 2702 3852 2756 disci-
3930 2745 3931 2754 ξ

2269 2790 2483 2858 derint,
2527 2799 2580 2846 et
2621 2791 2672 2844 in
2722 2793 2987 2860 separatis
3029 2791 3240 2846 duobus
3275 2797 3498 2850 assistat
3545 2797 3850 2862 auctoritas,

2271 2885 2428 2936 tertia
2483 2883 2859 2939 dinuineratur
2900 2886 2952 2939 in
2987 2884 3188 2954 Spiritu
3224 2903 3234 2937 :
3264 2895 3322 2941 et
3340 2885 3422 2958 (ά)
3455 2903 3578 2942 cum
3624 2891 3685 2942 fit
3719 2888 3853 2944 Pater

2269 2977 2320 3031 in
2352 2975 2486 3030 Filio
2513 2985 2568 3030 et
2593 2977 2764 3032 Filius
2793 2977 2844 3033 in
2869 2977 3048 3045 Patre,
3075 2987 3130 3033 et
3150 2979 3384 3047 Spiritus
3398 2991 3621 3037 sanctus
3649 2982 3849 3053 accipiat

2268 3087 2331 3125 ex
2362 3079 2622 3143 utroque;
2654 3073 2704 3126 in
2735 3088 2801 3127 eo
2821 3114 2834 3139 ,
2865 3072 3006 3142 quod
3039 3073 3274 3140 Spiritus
3308 3075 3634 3142 exprimitur
3676 3083 3851 3132 sancta:

2191 3167 2235 3229 C
2273 3163 2429 3234 hujus
2463 3164 2787 3219 inviolabilis
2811 3165 2988 3219 unitas
3020 3164 3085 3234 (Γ.
3107 3164 3230 3218 add.
3256 3164 3586 3238 Trinitatis),
3621 3167 3850 3222 haeretica

2271 3266 2420 3326 parte
2463 3258 2722 3326 parturiat
2762 3257 2998 3312 Trinitas
3037 3259 3350 3328 pronuntiat
3386 3259 3451 3330 (f.
3491 3260 3849 3331 pronunciata)

2267 3349 2571 3404 dissidiuni.

2335 3443 2424 3496 32.
2457 3441 2510 3494 Ν
2515 3442 2704 3496 ictenus
2731 3450 2977 3497 tractatus
3003 3455 3480 3514 quanuaccuratus.
3509 3477 3576 3486 —-—
3611 3467 3630 3500 ε
3657 3445 3756 3504 Sed
3780 3445 3846 3499 di-

2267 3535 2438 3605 ligens
2468 3534 2668 3589 Nicaeni
2701 3541 2962 3588 tractatus
2986 3535 3365 3608 perfectasque
3393 3553 3573 3594 sermo
3598 3539 3846 3594 artissimo

2269 3627 2512 3681 veritatis
2580 3627 2918 3695 prtcscripto,
2977 3628 3156 3682 omnia
3214 3628 3598 3691 haereticorum
3653 3629 3844 3701 ingenia

2267 3717 2338 3790 (ιτ)
2355 3717 2640 3781 conclusit,
2665 3717 2737 3772 ita
2767 3733 2972 3788 ponens
3001 3718 3302 3776 :Credimus
3322 3722 3376 3774 in
3399 3739 3560 3776 unum
3583 3721 3741 3776 Deum
3765 3737 3844 3791 pa-

2268 3819 2416 3874 trem,
2442 3821 2489 3865 et
2516 3813 2567 3865 in
2594 3828 2756 3866 unum
2785 3812 2949 3881 [ilium
2989 3817 3099 3886 ejus
3147 3813 3329 3869 Iesum
3374 3815 3658 3870 Christum.
3690 3814 3840 3871 Unam

2270 3903 2453 3968 ambo,
2484 3911 2540 3956 et
2569 3914 2797 3974 uterque
2829 3920 3017 3973 unum,
3050 3905 3120 3977 (Γ)
3167 3917 3221 3962 et
3261 3908 3313 3961 in
3348 3908 3618 3977 personali
3652 3908 3843 3963 nomine

2268 4031 2354 4076 tur
2376 4022 2718 4094 discederent.
2746 4021 2951 4078 Sensus
2985 4027 3219 4094 postulat
3243 4027 3542 4082 disciderint
3559 4043 3578 4080 :
3601 4036 3657 4083 et
3677 4027 3839 4084 crebra

2264 4103 2347 4169 est
2373 4093 2426 4146 in
2461 4109 2591 4169 mss.
2621 4095 2638 4146 i
2669 4096 2719 4147 in
2747 4111 2773 4147 e
2799 4098 3058 4161 mutatio;
3091 4097 3249 4154 sicuti
3278 4100 3397 4154 loco
3424 4109 3480 4152 ut
3507 4114 3651 4169 saepe
3670 4115 3837 4154 occur-

2266 4166 2333 4218 rit
2393 4175 2486 4239 et.‘
2514 4164 2770 4239 Adeoque
2798 4172 3040 4239 proxime
3086 4170 3368 4239 legendum
3403 4164 3648 4239 putamus
3670 4213 3684 4236 ,
3720 4181 3768 4222 ut
3797 4171 3838 4224 in

2263 4235 2514 4312 separatis
2542 4235 2738 4289 duobus
2785 4238 2992 4312 assistat
3033 4235 3311 4296 aucioritas
3347 4257 3365 4295 :
3395 4235 3538 4312 quod
3573 4235 3740 4312 potest
3777 4241 3835 4295 ita

2266 4307 2512 4377 intelligi,
2582 4316 2642 4360 ut
2692 4309 3026 4383 auctoritas,
3059 4329 3126 4368 ex
3173 4329 3276 4382 qua
3330 4307 3586 4383 procedit
3627 4313 3834 4382 Spiritus

2266 4389 2505 4453 sanct_us,
2535 4393 2643 4432 non
2685 4380 2756 4453 sit
2777 4395 2903 4445 una,
2935 4382 3029 4436 sed
3076 4383 3127 4436 in
3159 4380 3368 4439 duobus
3393 4387 3656 4453 separatis
3672 4380 3834 4440 exsis-

561 4450 804 4523 conneia
834 4470 990 4518 erant
1016 4471 1069 4516 et
1098 4450 1733 4530 quodaminodogenita:
1764 4453 1884 4530 quia
1909 4451 2152 4530 uascelra-
2177 4456 2230 4516 D
2258 4458 2359 4530 ttat.
2395 4450 2535 4530 .Tlllll
2582 4451 2728 4502 tertia
2776 4453 2992 4523 (snpple
3041 4454 3349 4530 substantia)
3401 4450 3743 4511 dinumeratur
3787 4454 3829 4508 in

560 4522 643 4593 tur
671 4548 869 4592 creator
899 4533 1053 4595 Deus,
1088 4522 1145 4584 ut
1173 4526 1466 4604 exponitur
1497 4525 1588 4577 lib.
1619 4539 1654 4576 tt
1683 4525 1748 4577 de
1774 4525 1924 4604 Trin.
1953 4539 2004 4604 ῃ.
2134 4539 2146 4574 :

563 4609 946 4682 Primogenitus
987 4593 1156 4682 itaque
1190 4593 1356 4682 omnis
1407 4603 1658 4682 creaturte
1680 4604 1785 4676 est.
1808 4593 2147 4682 linq‘ttithlib:

561 4699 654 4737 \‘lll
680 4725 694 4743 ,
748 4674 801 4734 ἶι.
834 4681 924 4743 50,
980 4683 1097 4743 quia
1122 4675 1173 4726 in
1197 4675 1307 4742 ipso
1329 4678 1500 4722 creata
1519 4674 1819 4743 omniasint
1850 4681 1865 4717 :
1893 4674 1945 4718 et
1968 4679 2152 4733 paucas

557 4725 1307 4820 i'tilteije'c'tis';,Piimoqenitus
1341 4725 2006 4820 quoque.'oinnisrcreaturie
2039 4745 2114 4816 est
2134 4776 2148 4797 .

558 4807 822 4878 continens
851 4823 903 4873 in
947 4836 999 4872 se
1023 4807 1369 4888 uitii'ersitatis
1393 4808 1697 4888 exordium;
1733 4808 1805 4860 Ex
1839 4807 2035 4888 quibus
2065 4807 2151 4888 .sic

560 4877 836 4963 explicare
865 4893 979 4946 licet
1018 4889 1156 4942 httnc
1189 4882 1379 4960 Hilarii
1393 4883 1580 4963 iii-cum
1603 4897 1626 4963 ἐξ
1659 4877 1922 4963 Numquid
1952 4880 2037 4963 qui
2065 4878 2144 4963 in-

559 4948 786 5020 visibilis
816 4964 904 5018 Dei
937 4963 1111 5029 imago
1127 4966 1230 5016 est.
1249 4971 1312 5011 et
1334 4951 1498 5006 nihilo
1527 4949 1791 5030 putandus
1817 4955 1993 5030 est,.et
2013 4948 2148 5002 ordo

559 5053 655 5091 seu
686 5041 735 5089 in
767 5037 958 5090 ordine
988 5045 1164 5086 rerum
1197 5036 1497 5101 creataruin
1544 5035 1688 5081 esse,
1719 5029 1772 5074 et
1803 5035 2145 5101 coepisseLex

559 5107 844 5177 tempore?
891 5105 996 5159 Aut
1041 5097 1299 5168 numquid
1359 5095 1532 5177 potius
1586 5107 1707 5177 cum
1761 5095 2148 5170 priinogeuitus

557 5164 862 5248 appellatur
891 5190 1066 5230 omnis
1091 5164 1384 5230 creatur-.c,
1414 5165 1548 5248 ordo
1571 5164 1784 5233 quidem
1808 5177 2066 5248 conuersi:
2095 5164 2146 5248 in

559 5237 927 5318 eo'tainquam
980 5248 1030 5299 in
1062 5257 1220 5299 causa
1261 5255 1356 5318 cre
1376 5237 1556 5291 ttionis
1579 5250 1758 5318 omnis
1788 5237 2144 5318 exprimitur;

556 5323 651 5376 sed
681 5309 801 5376 nun'
823 5317 1064 5388 sequitur
1096 5328 1218 5369 eum
1260 5313 1329 5364 ita
1360 5324 1482 5364 esse
1514 5309 1924 5388 primogenitum
1950 5313 2052 5388 hut
2095 5309 2146 5356 in

557 5395 749 5446 ordine
807 5392 874 5444 sit
903 5376 1103 5443 'rerum
1152 5392 1474 5438 creataruin.
1517 5376 1685 5432 ’l-lauc
1735 5376 2144 5445 explicationem

554 5465 878 5517 confirmant
906 5461 1164 5514 subnexa.
1250 5525 1255 5527 Α
1473 5521 1484 5527 _
1895 5518 1904 5527 .

626 5535 699 5605 (b)
731 5534 784 5586 In
818 5531 1067 5602 vulgatis,
1095 5525 1442 5605 constituerat.
1473 5521 1524 5605 In
1555 5534 1707 5580 mss.,
1743 5521 2110 5605 constituerunt
2116 5533 2143 5605 ί

555 5615 607 5656 et
631 5588 791 5671 paulo
818 5588 959 5660 ante.
991 5588 1078 5670 qui
1105 5599 1382 5672 effecimus
1408 5601 1533 5656 erat,
1563 5606 1666 5644 non
1708 5605 1838 5671 quw.
1885 5590 1997 5641 Duo
2049 5588 2140 5642 illa

554 5667 715 5727 verba
739 5687 844 5726 nOn
876 5667 1078 5727 tetntére
1108 5667 1262 5741 nobis
1289 5667 1532 5741 videmur
1551 5667 1875 5741 correxisse.

631 5742 701 5811 (r)
738 5741 949 5796 Edituin
982 5750 1096 5794 erat
1125 5736 1484 5801 distenderent,
1526 5748 1646 5788 cum
1689 5731 1741 5785 in
1775 5747 1903 5786 mss.
1935 5728 2135 5784 habea-

2260 4521 2490 4591 Spiriru.

2331 4591 2413 4662 (d)
2446 4592 2522 4646 Es
2547 4591 2869 4649 lcetionibus
2899 4595 3063 4650 Sirm.
3098 4596 3344 4652 addimus
3365 4617 3485 4654 cum
3513 4618 3532 4656 :
3558 4602 3648 4658 sed
3679 4609 3727 4656 et
3749 4613 3829 4652 an-

2259 4671 2341 4738 tea
2366 4675 2420 4715 ut
2448 4678 2543 4730 pro
2585 4676 2635 4718 et
2674 4665 2922 4720 lubenter
2959 4667 3379 4738 susciperemus.
3440 4674 3532 4728 Sic
3578 4677 3712 4729 enim
3759 4671 3827 4723 hic

2257 4734 2408 4788 locus
2431 4738 2807 4791 resarciendus
2838 4739 3045 4792 videtur
3075 4757 3086 4791 :
3111 4734 3171 4793 ut
3198 4758 3311 4795 cum
3339 4743 3406 4796 sit
3430 4742 3592 4798 Pater
3615 4746 3662 4798 in
3689 4740 3824 4804 Filio,

2257 4818 2303 4885 ςι
2351 4804 2522 4860 Filius
2561 4809 2612 4885 in
2642 4807 2917 4885 _Patre,_et
2969 4810 3199 4885 Spiritus
3237 4816 3453 4885 accipiat
3500 4827 3825 4885 ex-utroque;

2257 4877 2310 4930 in
2339 4894 2418 4943 eo,
2471 4882 2604 4946 quod
2624 4878 2952 4957 _(secundu_m_
2977 4877 3296 4957 catholicas)
3342 4877 3572 4951 Spiritus
3613 4877 3826 4957 exprimi-

2259 4957 2340 5024 tur
2377 4959 2567 5003 sancta:
2615 4952 2767 5008 huius
2795 4953 3102 5006 inviolabilis
3150 4952 3422 5011 Trinitatis
3453 4961 3644 5024 unitas,
3673 4952 3826 5010 'Ittrre-

2257 5019 2358 5073 tica
2386 5029 2530 5094 parte
2562 5024 2812 5094 parturiat
2837 5025 3040 5077 trinitas
3069 5027 3400 5094 pronuntiata
3426 5019 3704 5083 dissidium.

2334 5094 2406 5159 (ε)
2435 5090 2489 5143 In
2517 5092 2770 5161 vulgatis,
2803 5094 3029 5148 inclusit.
3065 5090 3393 5154 Concitiuius
3418 5110 3598 5156 tamen
3619 5100 3668 5154 in
3690 5111 3820 5156 ωδε..

2259 5163 2541 5236 conclusit,
2572 5164 2621 5216 id
2655 5173 2760 5229 est,
2793 5164 2866 5217 ita
2892 5175 3234 5236 compressit,
3278 5178 3336 5222 ut
3373 5171 3554 5228 nullus
3593 5165 3821 5225 evadendi

2261 5232 2407 5312 locus
2452 5237 2868 5313 relinqueretur.
2939 5232 3107 5313 Paulo
3140 5247 3267 5294 ante
3322 5245 3663 5311 reposuimus
3712 5253 3823 5313 ρνω·

2258 5304 2467 5379 scriptq.
2496 5305 2584 5379 ubi
2614 5305 2894 5379 obtinebat
2919 5310 3217 5379 perscripto.

2327 5374 2395 5497 Si)
2427 5373 2578 5441 Quod
2607 5379 2690 5430 hic
2721 5378 2896 5443 deest,
2919 5373 3084 5434 facile
3111 5373 3458 5452 intelligitur,
3494 5385 3696 5440 Patrem
3715 5381 3815 5437 scil.

2353 5443 2519 5497 Ἠἱιιιιι
2547 5461 2735 5497 natura
2770 5465 2931 5497 unum
2952 5465 3107 5497 esse:
3139 5469 3258 5497 eum
3291 5464 3521 5497 ιιιριιιηιρ
3541 5472 3675 5497 ιιιιιιε
3704 5456 3815 5497 Deus

2252 5454 2306 5522 et
2327 5443 2519 5522 Filium
2547 5461 2735 5522 natura
2770 5465 2931 5502 unum
2952 5465 3108 5516 eSSe;
3139 5469 3258 5506 cum
3290 5443 3521 5522 uterque
3541 5472 3675 5511 unus
3704 5456 3819 5522 Deus

2249 5518 2340 5595 sit,
2367 5519 2465 5567 sub
2493 5521 2709 5595 nomine
2733 5530 2908 5595 tamen
2932 5537 2994 5576 ac
3021 5523 3354 5592 proprietate
3379 5518 3667 5595 personali.
3690 5521 3818 5594 Qtwd

2243 5586 2353 5655 jam
2412 5603 2560 5640 num.
2608 5589 2680 5643 25
2753 5586 3080 5647 declaratum
3123 5586 3228 5649 'est
3281 5586 3645 5654 his-verbis:
3691 5586 3820 5652 Fides

2245 5668 2419 5739 nostra
2449 5660 2561 5714 haec
2593 5663 2753 5739 est,in
2783 5663 2955 5739 Patris
2985 5674 3030 5717 et
3055 5663 3195 5739 Filii
3211 5667 3501 5739 nominibus
3529 5671 3821 5739 personitque

2246 5726 2386 5782 Deus
2411 5745 2562 5785 unus.
2603 5730 2753 5789 Unde
2785 5736 3151 5804 conjectamus
3184 5737 3472 5808 legendum
3522 5726 3663 5808 esse,
3689 5726 3819 5794 tunc»:
