3958 6194
93 318 179 373 661
1026 310 1120 367 EX
1158 310 1389 371 OPEBE
1433 311 1804 372 HISTORICO
1841 312 2321 371 FRAGMENTUM
2362 312 2452 370 Ill.
3279 314 3383 370 662

88 439 263 488 contra
288 425 398 483 illis
426 441 498 482 ex
526 437 627 482 suo
658 421 915 495 pestifero
934 436 1095 480 sensu
1126 422 1452 495 applieabat,
1476 425 1674 496 quibus
1701 428 1757 491 Α
1780 437 1901 490 nus,
1930 426 1983 481 in
2014 423 2131 496 ipsa
2155 424 2425 481 sententia
2451 438 2615 481 manu
2638 424 2857 495 propria
2898 424 3378 495 conscripsenntt:

89 540 148 581 ex
186 520 344 579 rebus
383 526 584 590 aperte
635 514 1032 587 manifestoque
1071 514 1314 571 constitit
1364 514 1675 573 haereticus.
1783 531 2012 586 quorum
2055 530 2248 572 manus
2288 515 2475 572 valens
2514 524 2764 583 testatur,
2790 514 2952 593 ﬁdem
2976 517 3378 575 calidissimum

90 615 284 687 Quique
337 611 681 669 assertiones
748 622 877 665 suas
936 607 1259 680 quibusdam
1338 608 1679 680 squaloribus
1781 608 1931 665 nullo
1950 624 2149 680 genere
2168 609 2503 676 mutandam,
2524 624 2627 666 nec
2647 609 2949 666 Ecclesiam
2973 618 3215 667 sanctam
3244 626 3386 682 pra:-

92 708 337 772 miseens,
392 718 544 760 nunc
587 700 909 759 lalsitatibus
958 699 1207 768 Sabellii,
1264 716 1407 757 nunc
1459 702 1677 759 malitia)
1780 700 2054 758 dicatione
2107 701 2244 757 falsa
2300 701 2852 769 subvertendam;ne
2876 702 2981 760 hoc
3022 702 3187 760 modo
3214 705 3380 773 pestis

92 799 227 858 Pauli
255 794 693 856 Samosatensis,
734 807 876 850 nunc
903 792 1253 863 blasphemiis
1289 793 1525 849 Humani
1568 794 1679 849 ha:-
1780 811 1846 852 ac
1872 797 1991 853 lues
2021 797 2328 852 animarum
2375 796 2627 852 omnibus
2671 796 2988 868 gravissima
3034 796 3378 866 importetur,

95 891 364 949 reticorum
388 890 643 944 omnium
668 886 820 942 ducis
865 895 1052 956 aperte
1098 886 1452 956 permiscens,
1490 903 1679 941 unam-
1780 889 1951 945 Paulo
1980 890 2233 946 dicente:
2262 889 2387 945 Siue
2426 905 2548 955 nos,
2588 890 2691 943 sive
2716 889 2932 960 angelus
2959 888 3023 943 de
3065 888 3191 944 curto
3228 890 3382 944 aliter

95 1000 186 1057 que
207 980 581 1043 confusionem
606 979 673 1034 de
693 976 1020 1047 snpradictis
1043 977 1265 1042 iaciens,
1289 987 1344 1032 ut
1365 978 1679 1047 imprudens
1780 982 2161 1036 annuntiaverit
2202 980 2340 1035 uobis
2389 996 2543 1049 quant
2590 979 2729 1052 quod
2769 980 3058 1049 accepistis,
3107 979 3379 1035 anathema

96 1078 266 1135 Galate
291 1076 347 1132 in
379 1074 533 1130 aliud
577 1072 922 1142 Evangeliqu
954 1071 1261 1134 declinavit,
1294 1071 1434 1141 quod
1458 1086 1566 1127 non
1594 1082 1679 1127 est
1782 1077 1850 1130 sit
1877 1074 2047 1146 (ϐαίη
2073 1091 2110 1139 ι,
2141 1072 2221 1140 8).

96 1170 239 1233 aliud,
265 1165 573 1223 secuiidum
602 1163 747 1235 quod
788 1165 978 1221 beatus
1024 1162 1220 1219 Paulus
1262 1163 1394 1217 tales
1420 1164 1679 1218 condem—
1851 1167 1907 1222 4.
1938 1167 2219 1223 Marcellus
2248 1168 2522 1221 damnatus
2545 1184 2580 1221 a
2604 1166 2839 1238 pluribus
2877 1166 3128 1237 episcopis
3153 1168 3207 1221 in
3240 1183 3380 1221 com.

95 1276 212 1317 nans
234 1260 306 1314 ait
347 1277 361 1315 :
404 1255 525 1310 Etsi
553 1255 768 1329 angelus
819 1255 884 1309 de
927 1255 1052 1309 caelo
1104 1253 1254 1308 aliter
1302 1254 1681 1311 αηηιιηιίαυετὶι
1782 1263 2078 1318 munionem
2106 1260 2860 1332 recipitur.—Vebementer
2894 1268 3074 1315 autem
3128 1259 3378 1315 admirati

96 1355 215 1409 vobis
261 1367 414 1424 quam
490 1348 633 1420 quod
698 1347 964 1419 accepistis
985 1387 1000 1414 ,
1065 1349 1339 1402 anathema
1397 1347 1463 1403 sit
1510 1344 1656 1420 (Gal

1821 1371 1991 1423 uinus,
2019 1365 2285 1426 quatenus
2314 1370 2467 1419 eum,
2503 1354 2595 1423 qui
2633 1354 2790 1409 aliter
2817 1366 2979 1423 quam
3026 1352 3079 1407 in
3117 1366 3250 1408 vero
3299 1359 3384 1407 est

96 1463 145 1516 l,
185 1446 272 1516 8).
1782 1448 1944 1505 audet
1991 1448 2341 1519 Evangelium
2383 1447 2679 1518 praedicare
2704 1488 2721 1515 ,
2775 1446 2992 1518 quidam
3017 1486 3033 1513 ,
3060 1447 3149 1517 qui
3194 1461 3255 1502 se
3292 1462 3381 1501 ec-

155 1539 205 1595 3.
233 1535 411 1593 Prima
432 1533 672 1608 ejusdem
703 1533 1081 1587 condemnatio.
1105 1531 1176 1586 In
1200 1533 1407 1621 archiva
1435 1533 1681 1591 Ecclesia:
1782 1541 2117 1598 clesiasticos
2162 1556 2285 1597 esse
2310 1541 2520 1608 volunt,
2543 1539 2703 1597 facile
2724 1540 2793 1596 ad
2831 1542 3268 1597 communionem
3296 1556 3381 1596 re-

96 1639 357 1687 sumatur
383 1628 644 1683 doctrinis
672 1627 837 1699 ipsius
860 1642 1101 1682 censura.
1152 1656 1224 1668 --
1262 1626 1449 1698 Magna
1497 1637 1678 1686 autem
1782 1634 2022 1704 cipiunt;
2055 1648 2157 1690 nec
2203 1633 2569 1703 blasphemias
2619 1633 2759 1703 ejus,
2807 1647 2927 1702 qua:
2952 1631 3009 1687 in
3041 1632 3208 1702 ipsius
3239 1631 3379 1686 libro

99 1726 181 1781 luit
204 1723 513 1795 parentibus
531 1731 698 1791 atque
720 1718 1022 1791 majoribus
1044 1720 1247 1774 nostris
1270 1720 1581 1777 sollicitudo
1610 1721 1681 1779 de
1784 1727 2009 1797 signata:
2061 1734 2224 1789 sunt,
2277 1725 2640 1795 inquirentes,
2698 1738 2801 1780 nec
2851 1725 2976 1791 illis,
3009 1726 3101 1795 qui
3151 1723 3383 1780 sollicite

100 1816 386 1889 supradicta
433 1815 830 1887 praedicatione
857 1814 1142 1886 sacrilega.
1180 1813 1497 1871 Condicitur
1523 1831 1671 1871 nam-
1705 1825 1753 1886 Β
1780 1826 1971 1874 cuncta
2002 1812 2483 1889 investiga'verunt,
2515 1827 2572 1873 et
2621 1816 2963 1873 invenientes
2985 1816 3133 1887 juste
3161 1816 3383 1872 damna-

100 1911 313 1985 quc(un.
365 1908 500 1981 556)
554 1910 608 1965 111
657 1907 1188 1979 Constantinopolim
1242 1908 1517 1965 civitatem
1575 1910 1677 1966 sub
1781 1919 2010 1979 verunt,
2044 1924 2373 1966 consensum
2394 1908 2806 1965 accommodare
2828 1908 3135 1963 voluerunt.
3166 1904 3381 1962 Etenim

100 2006 358 2078 presentia
386 2002 725 2060 beatissima:
750 2001 1028 2058 memoriae
1052 1999 1393 2056 Constantini
1436 2001 1677 2071 impera-
1779 2004 2086 2071 Marcellus,
2119 2020 2243 2059 cum
2266 2002 2407 2074 apud
2437 2017 2566 2059 suos
2607 2001 2895 2057 haereticus
2945 2000 3256 2065 haberetur,
3291 2014 3383 2068 pe-

101 2100 214 2156 toris
263 2098 557 2155 concilium
615 2098 1017 2169 episcoporum,
1050 2096 1140 2165 qui
1170 2110 1236 2150 ex
1284 2094 1468 2150 multis
1488 2094 1679 2149 Orien-
1780 2096 2165 2169 regrinationis
2193 2096 2491 2167 (c)auxil’ia
2519 2094 3079 2166 requisivitzscilicet
3103 2101 3163 2148 ut
3188 2102 3240 2148 et
3264 2093 3385 2148 illos

101 2192 260 2246 talium
289 2188 595 2261 provinciis
623 2188 984 2252 advenerunt,
1017 2194 1073 2239 ut
1102 2184 1379 2241 hominem
1407 2185 1563 2240 malis
1590 2200 1679 2241 re-
1780 2192 2017 2258 falleret,
2048 2192 2140 2261 qui
2164 2200 2221 2245 et
2249 2192 2424 2260 ipsum
2444 2199 2504 2247 et
2543 2189 2661 2259 ejus
2714 2189 2915 2260 scripta
2946 2186 3199 2257 pestifera
3228 2185 3383 2257 igno-

102 2282 185 2337 lius
206 2282 458 2341 imbutum
484 2280 699 2336 salubri
726 2277 954 2335 consilio
977 2277 1360 2345 retorinarent,
1380 2284 1437 2331 et
1462 2276 1554 2332 ille
1583 2276 1677 2333 ad-
1781 2293 1982 2341 mrem.
2034 2282 2145 2341 Sed
2190 2280 2449 2353 quidquid
2478 2281 2622 2350 apud
2679 2280 2802 2335 illos
2853 2279 3010 2351 agit,
3068 2278 3231 2349 impia
3288 2291 3384 2333 sua

103 2375 370 2431 monitione
397 2374 745 2429 sanctissima
783 2379 1067 2440 correptus
1095 2384 1122 2422 a
1156 2369 1536 2439 praedicatione
1584 2385 1675 2425 εειτ
1780 2379 1979 2449 scripta
2023 2391 2323 2444 sensusque
2353 2373 2607 2444 profanos
2652 2360 2892 2429 occultat
2940 2371 3077 2427 falsa
3106 2386 3202 2442 pro
3239 2370 3384 2427 veris

104 2466 274 2537 crilega
301 2465 654 2522 discederet:
683 2464 883 2534 quique
907 2462 1252 2532 increpantes
1284 2458 1458 2527 illum,
1491 2470 1544 2516 et
1583 2476 1679 2517 εἰ·
1782 2484 2083 2541 Opponcus,
2110 2478 2375 2539 quaestum
2400 2466 2500 2522 sibi
2551 2465 2620 2523 de
2644 2462 2983 2536 simplicibus
3022 2471 3185 2535 atque
3226 2461 3385 2518 inno-

106 2558 433 2627 probrantes,
485 2571 708 2613 necnon
757 2553 1039 2609 charitatis
1086 2552 1284 2608 ali'cctu
1342 2553 1679 2623 postulantes
1781 2561 2031 2619 cantibus
2073 2559 2240 2625 fecit,
2293 2562 2491 2629 quique
2553 2557 2655 2613 sub
2680 2564 2946 2628 praetextu
2997 2555 3383 2611 ecclesiastica:

105 2652 248 2706 multo
288 2663 556 2722 tempore,
586 2664 686 2706 nec
712 2647 1000 2720 quidquam
1031 2645 1404 2719 proliciebant.
1436 2646 1677 2718 Namque
1782 2654 1982 2725 regula;
2028 2652 2225 2707 multos
2278 2650 2535 2705 Ecclesiae
2585 2659 2834 2719 pastores
2892 2647 3105 2703 induxit
3157 2649 3250 2716 (an
3289 2661 3384 2703 se-

107 2754 203 2814 post
228 2759 375 2801 unam
397 2755 450 2799 et
481 2742 783 2799 secundam
808 2741 1112 2809 multasque
1141 2739 1533 2808 correptiones,
1553 2754 1670 2794 cum

1822 2745 1993 2818 usit?)
2021 2764 2035 2800 :
2065 2759 2267 2815 eosque
2298 2744 2348 2798 in
2364 2758 2518 2798 suam
2537 2741 2791 2812 redigens
2805 2738 3385 2810 poteSIatem,Sabellii

107 2836 214 2890 nihil
245 2837 496 2907 prolicere
530 2835 838 2907 pomissent
880 2830 1233 2905 (perdurab-t
1275 2831 1420 2886 enim
1463 2839 1518 2886 el
1544 2846 1677 2886 COD-
1784 2840 2024 2896 haretici
2077 2847 2278 2893 sectam
2308 2835 2570 2892 inducens
2596 2874 2613 2902 ,
2656 2833 2854 2889 callida
2908 2832 3098 2888 l'raude
3141 2831 3382 2903 decepit,

110 2929 371 2984 tradicebat
400 2943 570 2984 rectae
596 2926 743 2991 lidei,
775 2934 830 2981 et
852 2924 1201 2980 contentione
1228 2924 1460 2995 maligna
1491 2923 1680 2979 Eccle-
1783 2939 2095 2986 restaurans
2140 2927 2291 2984 Pauli
2342 2926 2741 2982 Sumosatcnsis
2787 2934 2843 2981 et
2883 2933 3026 2980 artes
3095 2933 3149 2978 et
3198 2922 3377 2982 dolos.

109 3020 185 3074 sire
206 3019 478 3075 catholicae
508 3014 864 3089 resistebat);
897 3014 1093 3072 exinde
1116 3016 1263 3068 illum
1310 3029 1501 3070 omnes
1547 3013 1676 3070 ltor-
1782 3022 1947 3078 Mixla
1993 3026 2136 3076 enim
2182 3027 2268 3077 est,
2312 3020 2552 3074 omnium
2607 3016 2985 3074 haereticorum
3031 3014 3192 3072 sectis
3245 3015 3384 3071 Mar.

110 3129 208 3170 rere
227 3131 287 3172 ac
310 3117 477 3172 vitare
504 3124 798 3186 coeperunt
827 3130 840 3168 :
875 3122 932 3169 et
973 3111 1217 3167 videntes
1265 3110 1520 3181 quoniam
1550 3108 1678 3165 sub-
1783 3117 1903 3172 cclli
1934 3124 2193 3171 extranea
2238 3113 2476 3181 traditio,
2505 3113 2644 3168 sicut
2683 3126 2847 3183 supra
2886 3121 3245 3167 memoratum
3273 3120 3376 3167 est.

110 3218 270 3263 Versus
294 3216 421 3263 esta
455 3213 708 3277 peccato,
738 3213 793 3260 et
840 3212 923 3259 est
968 3218 995 3256 θ
1027 3203 1322 3273 semetipso
1362 3202 1670 3268 damnalIIS.
1704 3216 1749 3281 ο
1785 3206 1933 3264 Unde
1955 3214 2303 3266 convenerat,
2335 3219 2524 3259 omnes
2566 3204 2823 3259 Ecclesiae
2867 3210 3069 3256 sancta:
3118 3203 3381 3271 praeposi-

111 3298 220 3352 act'u
265 3314 379 3354 eum
428 3295 821 3355 ecclesiasticis
868 3294 1283 3361 damnaverunt.
1333 3310 1401 3348 ne
1448 3294 1676 3350 ulterius
1781 3310 1865 3356 tos
1882 3298 2044 3372 651
2069 3311 2338 3353 memores
2363 3296 2629 3353 dictorum
2655 3295 2867 3351 Domini
2888 3294 3087 3350 Christi
3111 3293 3381 3351 dicentis:

112 3404 215 3445 oves
240 3391 427 3448 Christi
479 3390 759 3463 pestiferis
786 3389 1127 3444 contactibus
1157 3389 1323 3458 magis
1355 3388 1672 3444 macularet.
1780 3392 1962 3448 Cavete
2007 3408 2148 3446 vosa
2179 3388 2657 3462 pseudOpropltetis,
2704 3388 2794 3460 qui
2838 3388 3045 3443 veniunt
3084 3386 3152 3442 ad
3198 3402 3286 3442 vos
3325 3387 3380 3443 in

115 3480 236 3537 Tunc
259 3499 482 3555 namque
524 3483 688 3540 etiam
719 3482 836 3552 ejus
869 3480 1077 3549 aliquos
1109 3480 1458 3549 pravissimos
1485 3495 1677 3538 sensus
1780 3486 1959 3540 uestitu
1982 3485 2174 3551 ovium,
2200 3484 2510 3539 intrinsecus
2553 3492 2722 3537 autem
2762 3493 2877 3537 sunt
2922 3482 3035 3552 lupi
3083 3498 3318 3554 rapaces,
3348 3497 3383 3536 a

113 3585 270 3631 contra
318 3577 476 3633 iidem
533 3586 735 3632 rectam
787 3573 1194 3646 Ecclesiamque
1258 3574 1674 3645 sanctissimam,
1780 3578 2031 3650 fructibus
2051 3593 2225 3632 eorum
2245 3577 2556 3649 cognoscetis
2581 3592 2664 3631 eos
2682 3574 3030 3647 (Mattlt.,vu,
3058 3573 3276 3647 15,16),
3302 3574 3381 3632 vi-

115 3681 302 3738 propter
346 3671 664 3727 memoriam
714 3680 1052 3741 posterorum
1103 3670 1516 3741 cautelamqne,
1566 3671 1679 3727 suis
1779 3680 1897 3727 tare
1928 3672 1995 3727 ab
2044 3670 2352 3741 hujusmodi
2392 3680 2445 3726 et
2475 3671 2719 3737 horrere,
2752 3684 2851 3725 nec
2881 3669 2989 3726 illis
3035 3669 3192 3725 facile
3227 3684 3379 3725 com-

116 3763 431 3819 sanctissimis
456 3762 745 3835 scripturis
791 3762 844 3816 in
887 3762 1109 3818 archivo
1132 3762 1390 3817 Ecclesiae
1414 3764 1677 3819 condide-
1782 3767 2077 3835 municare,
2108 3782 2405 3838 agnoscere
2437 3767 2562 3822 illos
2602 3781 2669 3822 ex
2710 3765 2919 3822 actibus
2956 3768 3090 3833 suis,
3130 3772 3293 3836 atque
3315 3781 3386 3823 ex

114 3862 237 3909 111111.
264 3853 361 3911 Sed
393 3856 506 3911 hazc
559 3853 777 3925 quidem
829 3853 1126 3908 secundum
1161 3854 1493 3926 impietatem
1539 3856 1682 3912 Mar-
1783 3878 1969 3918 eorum
2029 3862 2247 3933 scriptis
2278 3861 2554 3933 sacrilegis
2605 3860 2996 3932 prmdamnare.
3057 3857 3213 3915 Nunc
3255 3874 3384 3914 vero

115 3944 218 3998 celli
240 3943 466 4004 haeretici
499 3949 675 4022 prima
700 3949 951 4004 fuerunt:
982 3947 1167 4019 pejora
1188 3957 1316 4005 sunt
1336 3950 1532 4006 deinde
1553 3951 1681 4006 sub-
1781 3955 2132 4011 vehementer
2169 3955 2482 4022 metuimus,
2523 3969 2591 4009 ne
2643 3954 2842 4009 nostris
2872 3949 3206 4023 temporibus
3235 3966 3382 4006 com-

116 4046 289 4093 secuta.
308 4040 989 4114 mxamquislidelium
1008 4041 1321 4110 credat,aut
1340 4043 1573 4114 patiatur
1591 4060 1676 4113 ea,
1782 4049 1993 4118 pleatur
2021 4046 2166 4119 quod
2192 4048 2455 4118 scriptum
2506 4054 2625 4103 est:
2655 4045 2786 4102 Cum
2831 4045 3093 4099 dormiunt
3120 4044 3377 4109 homines,

117 4132 421 4206 qumahipsu
452 4134 935 4205 malegestaatque
954 4135 1258 4205 conscripta
1281 4148 1679 4208 suut,qu:eque
1785 4142 1914 4195 venit
1961 4140 2200 4194 inimicus
2253 4149 2301 4193 et
2349 4138 2545 4209 spargit
2610 4139 2815 4190 zizania
2877 4137 3015 4189 inter
3065 4138 3383 4206 frumentum

120 4218 252 4290 digne
279 4228 721 4283 anathematizata
762 4227 926 4283 sunt?
955 4228 1031 4298 (11)
1064 4227 1224 4302 [Nam
1260 4243 1382 4284 eum
1413 4229 1681 4301 ipsoMar-
1788 4231 2027 4303 (Matth.,
2051 4246 2168 4298 xm,
2195 4230 2311 4301 25).
2353 4228 2488 4285 Cum
2514 4230 2660 4284 enim
2712 4243 2818 4283 non
2866 4227 3090 4300 vigilant
3136 4227 3215 4297 lii,
3247 4240 3384 4296 quos
3456 4214 3459 4219 ’

120 4312 274 4369 Celloa
300 4322 610 4388 parentibus
640 4322 839 4376 nostris
872 4320 923 4375 in
941 4318 1463 4392 Constantinopolim
1490 4323 1681 4378 civita-
1787 4325 2013 4396 vigilare
2046 4324 2339 4395 oportetin
2387 4322 2633 4379 custodia
2689 4320 2988 4391 Ecclesiae;
3034 4319 3168 4376 falsa
3220 4319 3385 4376 verba

122 4406 250 4480 lem.]
269 4409 499 4481 Namque
529 4414 668 4469 liber
690 4412 1077 4468 sententiarum
1108 4421 1283 4468 exstat
1314 4416 1366 4468 in
1404 4414 1578 4485 ipsum
1611 4415 1679 4471 ab
1785 4420 1863 4491 (d)
1893 4419 2175 4481 imitantia,
2199 4417 2439 4473 funditus
2466 4418 2521 4472 id
2544 4420 2689 4488 quod
2714 4424 2924 4473 rectum
2954 4425 3040 4474 est
3077 4425 3311 4473 vertunt.

122 4499 353 4571 episcopis
365 4506 699 4574 conscriptus
720 4522 733 4558 :
754 4504 930 4576 inquo
954 4504 1093 4559 libro
1109 4507 1270 4560 etiam
1293 4506 1402 4572 isti,
1426 4507 1516 4577 qui
1538 4523 1679 4563 nunc
1855 4511 1909 4567 5.
1937 4510 2189 4565 Marcello
2214 4512 2449 4583 neganda
2469 4511 2763 4566 communio
2788 4511 3221 4567 denuntiatur.-
3240 4512 3389 4580 Qua-

124 4605 224 4648 cum
250 4595 359 4667 ipso
375 4610 497 4654 sunt
525 4598 777 4655 Marcello
808 4608 970 4670 atquc
998 4598 1072 4653 illi
1102 4600 1301 4666 lavent,
1332 4599 1385 4655 id
1413 4609 1514 4669 est,
1552 4602 1680 4657 l'ro-
1708 4607 1759 4669 1)
1786 4614 2009 4675 propter
2030 4619 2148 4670 nos,
2173 4605 2263 4676 qui
2298 4604 2455 4675 plene
2478 4619 2542 4662 ex
2599 4605 2737 4663 libro
2778 4600 3013 4661 Marcelli
3039 4604 3154 4675 ejus
3183 4612 3386 4661 sectam

126 4692 315 4757 logenes
338 4690 571 4749 Serdica:
600 4692 836 4749 civitatis
880 4694 1168 4762 episcopus
1216 4705 1272 4748 et
1301 4693 1376 4766 (ὁ)
1407 4693 1683 4750 Siracusa-
1790 4697 2104 4767 sceleraque
2151 4700 2523 4768 cognovimus,
2569 4698 2889 4768 scripsimus
2947 4696 3116 4761 vobis,
3148 4696 3390 4752 dilectis-

128 4845 184 4931 ὦξ
388 4854 560 4931 lupa!
585 4851 645 4931 ἧος
673 4853 700 4909 ὁ
727 4851 1043 4931 λόγος-ὶνδὸν
1069 4855 1229 4926 μᾶνων
1265 4857 1315 4910 ἐν
1362 4858 1685 4931 ἡσυχάζοντι

1827 4874 1898 4931 im
1926 4859 2173 4929 recipiat,
2206 4859 2258 4916 in
2281 4874 2443 4931 quem
2494 4860 2588 4931 ille
2642 4856 2967 4931 sententiam
3014 4858 3224 4913 dixerat
3252 4875 3267 4919 ;
3295 4858 3390 4915 det

126 4925 365 5014 fghllmpi,
395 4922 499 4981 etc'.
526 4925 732 4994 Quibus
759 4922 939 4978 verbis
964 4922 1208 5014 nontam
1265 4922 1686 5014 negatur'exsti-
1793 4930 1882 5014 ille
1905 4922 2132 5013 necesse
2156 4922 2242 4987 est
2292 4922 2505 5014 Cyriaci
2535 4941 2644 5013 tum
2675 4930 2912 4985 defuncti
2943 4945 3137 5014 nomen
3171 4945 3269 4999 pro
3299 4944 3391 4986 ee-

130 4994 448 5070 li_§se,qua_m
477 5010 758 5070 externum
797 5009 934 5062 opus
962 4995 1289 5070 exhibuisse.
1338 4997 1427 5053 Sic
1448 5010 1500 5051 et
1534 5013 1685 5053 more
1790 5003 1952 5056 etesia
2011 5018 2170 5070 quam
2236 4994 2377 5058 rexit
2423 5003 2819 5056 substitutum:
2880 5002 3031 5068 quasi
3086 4994 3384 5067 diceretur,

129 5057 328 5143 aliorum
380 5066 593 5122 Patrum
642 5057 916 5143 afﬁrmare
969 5068 1017 5121 ei
1056 5068 1320 5143 licuerit,
1396 5070 1682 5143 humanam
1788 5057 2398 5143 epi~copiISardicensis
2444 5057 3391 5140 ειΑ111η1116ηδίδξ1ιυ1111011011θρ

128 5129 299 5188 Christi
342 5150 577 5212 naturam
631 5154 727 5209 per
774 5135 1000 5212 gloriam
1054 5138 1109 5192 111
1127 5129 1681 5212 ⁸11111111111111161111111111
1788 5129 1927 5198 cello
1956 5129 2156 5208 lavent,
2187 5145 2336 5212 prius
2386 5144 2439 5197 in
2470 5144 2639 5212 ipsum
2676 5129 3102 5212 sententionﬁsic
3127 5143 3273 5197 enim
3303 5143 3387 5198 le-

133 5143 299 5188 unnstt
342 5150 577 5194 naturam
631 5154 727 5209 per
774 5143 1000 5208 gloriam
1054 5143 1109 5192 in
1141 5143 1304 5193 Deum
1334 5143 1681 5195 transiturum
1788 5145 1927 5198 cello
1956 5145 2156 5208 lavent,
2187 5145 2336 5212 prius
2386 5144 2439 5197 in
2470 5144 2639 5212 ipsum
2676 5145 2976 5197 sententiam
3022 5164 3024 5192 τ

133 5209 461 5287 ξξξῇξρθοὶξιί
485 5212 860 5287 ψιθύειιηοιιῐη
883 5209 995 5265 Deo
1018 5209 1419 5279 conjunctione,
1446 5214 1540 5267 sed
1568 5214 1685 5268 sine
1787 5215 2020 5287 gendum
2075 5215 2308 5287 videtur,
2346 5230 2460 5287 non
2492 5214 2554 5287 in
2607 5216 2720 5286 ipsa
2749 5143 3024 5287 sententias

133 5229 461 5285 manucla"
485 5229 860 5277 quauamcum
883 5229 995 5265 ueo
1018 5229 1419 5279 C0lljunCl10lle,
1446 5229 1540 5267 seu
1568 5229 1685 5268 sine
1787 5229 2020 5283 genuum
2075 5229 2308 5280 vnuetur,
2346 5230 2449 5267 non
2500 5230 2554 5267 111
2607 5230 2720 5286 ipsa
2749 5229 3024 5287 sententia)
3073 5229 3392 5278 conscripse-

133 5270 388 5334 abolitione
415 5282 577 5352 ipsius
624 5291 850 5335 naturae.
1790 5296 1956 5352 runt;
1988 5284 2329 5341 Sardieensis
2377 5283 2593 5355 quidem
2642 5285 2863 5354 proprio
2891 5285 3129 5352 nomine,
3180 5284 3388 5340 Arimi-

197 5362 263 5445 (ᾳ)
289 5368 391 5425 Nisi
420 5386 842 5445 supervacanea
869 5381 995 5445 sunt
1023 5387 1141 5445 qua:
1164 5372 1309 5445 intra
1343 5377 1569 5429 uncinos
1599 5373 1683 5432 in-

1361 5377 1569 5429 ηιοίηοε
1599 5373 1683 5432 in-
1794 5357 1978 5412 nensis
2004 5372 2129 5411 vero
2158 5355 2210 5410 in
2232 5355 2462 5426 Cyriaco
2483 5355 2772 5411 decessore
2800 5371 2920 5411 suo.

138 5431 405 5521 cluduntur,
428 5431 804 5521 desiderantur
834 5443 919 5499 hic
974 5431 1254 5521 nonnulla.
1281 5443 1684 5521 Autucerte‘le-
1873 5447 1943 5521 (c)
1973 5448 2062 5505 Sic
2085 5446 2167 5521 illi
2190 5454 2385 5505 vocant
2413 5445 2650 5503 Marcelli
2680 5451 2800 5515 iter,
2826 5461 2934 5519 quo
2956 5445 3183 5503 Romam
3206 5445 3273 5503 ad
3297 5444 3395 5505 Ju-

140 5506 335 5598 gﬂldnm
365 5506 853 5598 :Anutltentatisatu
898 5525 1017 5598 sunt
1069 5531 1211 5598 sunt.
1238 5517 1347 5598 ipso
1375 5515 1627 5598 glarcello
1652 5534 1685 5572 a
1796 5506 2216 5591 liuin'perrexit.

142 5581 390 5645 parentibus
409 5587 591 5640 nostris
619 5588 672 5639 in
700 5585 1143 5655 Constantinopoli
1166 5581 1365 5643 civitate
1380 5588 1406 5642 ?

1876 5612 1956 5684 {d)
1981 5613 2039 5667 in
2074 5612 2323 5681 vulgatis,
2371 5612 2625 5684 nutantia.
2667 5613 2745 5667 Ex
2773 5628 2906 5668 mss.
2938 5626 3262 5684 revocamus
3281 5612 3402 5667 imi—

208 5666 274 5751 ib)
303 5670 351 5725 in
390 5676 679 5751 archetypo
706 5692 833 5743 ms.,
867 5677 1289 5751 Siriacusanuis:
1330 5678 1472 5735 unde
1502 5681 1544 5734 si
1575 5681 1696 5751 quis
1809 5666 2093 5749 minui;
2124 5666 2408 5746 sivlicerct,
2432 5666 3067 5740 adderemiusuerita—tem.
3090 5666 3214 5740 Mox
3240 5666 3402 5741 etiam

315 5736 694 5828 conﬁciendum
746 5736 1140 5828 esseﬂyrjacus
1160 5736 1700 5828 Arintinrnsisﬁiijus
1809 5736 2257 5828 iungisplacet'et

156 5818 400 5872 successor
426 5817 752 5878 Gaudentius
806 5817 953 5877 infra'
972 5819 1280 5890 damnatur,
1311 5824 1453 5893 quod
1476 5817 1705 5880 Marcel-
