3958 6194
554 303 662 362 663

1763 301 2007 360 SANCTI
2049 301 2304 359 lllLARll
2347 300 2650 358 EPISCOPI
3743 300 3827 354 Otii

555 423 678 480 simi
700 423 937 486 Fratres.
970 431 1029 478 ut
1057 435 1230 492 neque
1261 420 1596 488 Marcellum,
1629 435 1804 492 neque
1827 434 1923 475 eos
1942 419 2034 489 qui
2070 417 2148 473 illi
2179 422 2232 482 Α
2257 417 2672 490 primo'videtur
2699 431 2822 476 esse
2836 415 3143 472 condictum
3173 419 3284 490 (an.
3309 415 3436 484 5'54,
3486 423 3541 470 at
3581 431 3681 470 non
3721 419 3831 469 cele-

550 517 870 589 junguntur,
912 513 978 569 ad
1022 514 1458 569 communionem
1514 521 1715 569 sancta:
1744 512 2003 568 Ecclesiae
2055 511 2153 566 ad-

557 611 782 666 mittatis
809 625 825 674 ;
855 623 1124 662 memores
1170 622 1385 678 quoque
1410 607 1529 662 sitis
1573 608 1851 677 propheta:
1881 607 2042 660 David
2074 605 2156 662 di-

555 703 726 758 centis
757 719 768 753 :
798 699 923 753 Dixi
972 702 1042 754 eis
1076 702 1161 770 qui
1192 700 1388 771 faciunt
1429 701 1654 771 facinus,
1679 716 1741 753 ne
1779 699 1998 768 feceritis
2030 699 2156 770 faci-

556 809 692 859 nus;
726 803 770 845 et
801 791 1230 862 delinquentibus,
1275 808 1338 845 ne
1365 793 1710 846 exaltaneritis
1747 807 1930 845 cornu.
1979 790 2159 846 Nolite

555 887 609 939 in
637 887 799 939 ultum
825 886 1002 938 tollere
1031 901 1191 938 cornu
1220 896 1473 940 vestrum:
1497 901 1562 940 ne
1589 884 1870 955 loquamini
1913 884 2158 938 adversus

555 977 835 1032 Dominum
882 977 1064 1049 iniqua
1107 976 1282 1045 (Psal.
1339 993 1525 1043 LXXIV,
1579 980 1651 1042 5,
1697 978 1773 1046 6).
1839 979 1902 1031 Et
1953 979 2158 1034 credite

559 1071 835 1127 Salomoni
866 1071 1066 1125 dicenti
1099 1087 1110 1122 :
1142 1069 1322 1124 Nolite
1349 1073 1632 1142 transferre
1651 1072 1893 1125 terminos
1917 1083 2156 1138 aeternos,

553 1180 680 1231 quos
711 1163 1085 1216 constituerunt
1114 1173 1282 1234 putres
1309 1164 1462 1217 vestri
1485 1162 1692 1234 (Prom,
1724 1179 1854 1229 uti,
1888 1162 2004 1234 ‘28).
2028 1163 2160 1232 Qua:

555 1273 678 1311 cum
712 1256 783 1310 ita
836 1257 964 1316 sint,
1009 1257 1175 1310 nolite
1215 1255 1512 1324 supradicti
1557 1256 1799 1312 MarCelli
1856 1259 2157 1327 pravissimi

556 1351 710 1417 sequi
736 1364 975 1414 errores,
998 1358 1052 1403 et
1073 1365 1158 1415 ea,
1185 1364 1306 1420 qua:
1327 1351 1394 1403 ab
1413 1349 1532 1418 ipso
1561 1349 1753 1418 injusta
1779 1352 2160 1420 praedicatione

556 1450 765 1498 contra
795 1443 1080 1496 Dominum
1109 1442 1385 1496 Christum
1418 1442 1637 1498 inventa
1664 1443 1966 1512 traditaque
2011 1453 2156 1511 sunt,

477 1583 484 1586 _
558 1535 966 1606 praedamnate;
1017 1550 1083 1588 ne
1139 1532 1489 1603 blasphemiis
1545 1533 1950 1604 sceleribusque
1998 1535 2158 1588 etiam

554 1626 658 1697 ipsi
691 1625 979 1698 participes
1001 1627 1138 1682 sitis.
1165 1625 1273 1682 Sed
1296 1638 1501 1696 propter
1525 1627 1882 1696 compendium
1904 1625 2012 1681 haec
2039 1627 2162 1681 liac-

557 1730 702 1775 tcnus
728 1723 790 1774 de
817 1719 1094 1774 Marcello.
1167 1749 1170 1752 ι

631 1811 684 1867 6.
718 1805 1004 1888 Athanasio
1032 1813 1252 1881 conﬁcta
1303 1813 1542 1867 crimina.
1572 1841 1642 1853 —--
1666 1811 1864 1868 Verum
1893 1813 1960 1868 de
1990 1811 2159 1866 Atha-

555 1914 709 1969 nasio
753 1913 1023 1984 quondam
1083 1912 1424 1968 A‘lexandria:
1474 1913 1731 1984 episcopo
1779 1911 2007 1980 accipite
2036 1925 2156 1980 quae

555 2015 705 2076 gesta
735 2016 880 2060 sunt.
907 2004 1208 2060 Accusatus
1230 2016 1314 2060 est
1348 2012 1585 2075 gravnter
1600 2005 1751 2074 juxta
1784 2003 1957 2058 Deum
1987 2004 2159 2058 sacri-

559 2097 731 2168 legus,
764 2096 996 2167 etjuxta
1047 2097 1301 2167 mysteria
1332 2097 1590 2152 Ecclesia:
1635 2105 1838 2152 sanctze
1882 2096 2158 2165 profanus,

557 2192 758 2263 quique
785 2191 1017 2261 prepriis
1046 2190 1124 2262 (a)
1155 2191 1402 2245 manibus
1423 2189 1743 2246 comminuit
1775 2188 2026 2259 poculum
2053 2188 2162 2243 Deo

559 2296 616 2342 ct
641 2287 860 2342 Christo
907 2286 1147 2341 dicatum
1175 2327 1191 2353 ,
1241 2288 1526 2356 ipsumque
1571 2285 1743 2340 altare
1792 2282 2160 2340 venerandum

556 2379 845 2451 confregit,
875 2378 1172 2448 sedemque
1209 2377 1601 2433 sacerdotalem
1630 2377 1896 2432 subvertit
1923 2377 2056 2445 ipse,
2083 2385 2162 2431 at-

560 2488 665 2543 que
695 2474 865 2544 ipsam
899 2473 1198 2534 basilicam.
1233 2473 1328 2528 Dei
1350 2472 1594 2539 domum,
1618 2473 1914 2528 Ecclesium
1937 2471 2157 2539 Christi,

559 2565 851 2620 demolitus
897 2581 1070 2636 usque
1117 2565 1186 2620 ad
1231 2567 1406 2622 solum
1457 2575 1558 2621 cst.
1593 2567 1976 2639 Presbyterum
2034 2581 2162 2623 vero

559 2658 760 2726 ipsum,
813 2657 982 2712 virum
1023 2673 1242 2728 gravem
1293 2667 1348 2713 et
1389 2657 1619 2728 justum,
1668 2660 1885 2714 nomine
1916 2658 2160 2714 Narchen

563 2747 903 2822 (Iscbyram),
931 2748 1148 2803 tradidit
1170 2751 1430 2804 custodize
1453 2751 1692 2806 militari.
1711 2756 2006 2808 Accusatus
2022 2767 2161 2822 prae-

561 2854 709 2899 terea
757 2852 841 2898 est
885 2843 953 2898 de
999 2842 1230 2912 injuriis,
1293 2845 1573 2909 violentia,
1630 2846 1801 2910 cazdc,
1843 2856 2007 2916 atque
2047 2846 2160 2916 ipsa

563 2936 638 3008 (b)
664 2935 1044 3007 episcoporum
1078 2937 1472 2994 internecione.
1504 2938 1716 3009 Quique
1769 2940 1932 2994 etiam
1972 2940 2163 2994 diebus

562 3029 942 3087 sacratissimis
962 3028 1182 3086 Pascha:
1199 3032 1482 3101 tyrannica
1496 3047 1646 3086 more
1661 3033 1911 3095 saeviens,
1930 3032 2164 3087 Ducibus

561 3135 724 3196 atque
748 3124 1049 3180 Comitibns
1070 3126 1292 3195 junctus
1321 3143 1335 3180 :
1365 3127 1564 3196 quique
1617 3137 1836 3196 propter
1859 3127 2034 3196 ipsum
2065 3127 2163 3182 ali-

2259 513 2481 584 brutum)
2515 530 2527 566 :
2561 521 2758 568 etcum
2809 512 3028 566 minime
3057 513 3124 567 ab
3154 512 3272 582 ipso
3291 511 3378 566 vel
3423 510 3492 566 ab
3536 509 3833 566 satellitibus

2257 606 2324 660 ad
2354 604 2719 672 supradictum
2739 604 3023 660 concilium
3055 614 3450 668 occurreretur,
3480 613 3601 672 post
3628 605 3831 659 alterum

2259 713 2458 751 annum
2485 703 2594 774 (an.
2643 693 2773 766 555)
2825 700 2876 750 in
2925 696 3070 768 Tyro
3095 705 3312 766 propter
3348 697 3468 764 ejus
3500 696 3734 750 facinora
3761 713 3836 751 ne-

2260 789 2498 844 ceSsario
2554 791 2744 844 iterum
2777 789 3099 844 celebratur.
3142 788 3493 844 Advenerunt
3523 789 3757 858 episcopi
3783 790 3838 844 dc

2260 879 2570 936 Macedonia
2599 890 2652 934 et
2677 882 2743 935 de
2765 879 3063 945 Panonnia,
3084 879 3356 952 Bythinia,
3387 889 3440 934 et
3463 879 3716 936 omnibus
3738 897 3838 949 par-

2264 975 2407 1030 tihus
2434 974 2694 1039 Orientis,
2718 973 3060 1043 imperatoris
3085 973 3330 1042 jnssione
3370 973 3653 1027 constricti
3684 990 3697 1024 :
3739 972 3842 1043 qui-

2261 1084 2365 1140 que
2391 1069 2526 1123 actis
2546 1067 2824 1123 Athanasii
2856 1067 3053 1137 llagitia
3085 1057 3839 1136 criminaque'cognoscentes,

2263 1177 2368 1215 non
2400 1160 2600 1231 passim
2653 1174 2752 1214 nec
2801 1169 3004 1214 temere
3049 1157 3456 1212 accusatoribus
3487 1156 3733 1222 credunt,
3760 1156 3840 1211 sed

2263 1273 2361 1312 suo
2390 1257 2456 1312 de
2477 1255 2710 1310 coni-ilio
2756 1255 3013 1310 inlustres
3043 1262 3099 1308 et
3130 1253 3424 1307 laudabiles
3450 1253 3733 1322 episcOpns
3759 1253 3844 1306 cli-

2263 1360 2413 1421 gunt,
2446 1360 2606 1420 atque
2636 1333 2689 1403 iii
2733 1365 2844 1403 rem
2903 1357 3248 1418 praesentem,
3283 1346 3370 1400 ubi
3398 1361 3486 1401 res
3512 1356 3678 1416 gestae
3707 1333 3844 1401 erant

2263 1446 2332 1501 de
2371 1444 2563 1516 quibus
2607 1443 2933 1514 arguebatur
2965 1440 3308 1503 Athanasius,
3346 1441 3569 1494 mittunt
3609 1456 3624 1491 :
3663 1440 3845 1509 quique

2263 1538 2472 1592 oculata
2510 1536 2617 1590 ﬁde
2661 1544 2856 1590 cuncta
2890 1533 3253 1603 adspicientes
3293 1540 3456 1603 atque
3507 1546 3635 1586 vera
3661 1547 3842 1602 cogno-

2263 1640 2498 1696 scentes,
2526 1629 2592 1684 ad
2623 1630 2913 1684 concilium
2945 1629 3190 1694 redeunt,
3214 1626 3440 1696 ejusque
3463 1625 3715 1692 crimina,
3739 1641 3845 1695 qua:

2265 1726 2332 1780 ab
2362 1725 2770 1781 accusatoribus
2817 1722 3236 1794 objiciebantur,
3267 1736 3367 1776 suo
3397 1719 3705 1774 testimonio
3734 1733 3845 1772 vera

2190 1815 2238 1874 B
2263 1819 2606 1876 confirmant.
2662 1811 2904 1889 Unde(c)
2938 1819 2990 1872 in
3019 1827 3338 1887 praesentem
3381 1815 3737 1870 Athanasium
3783 1815 3848 1867 di-

2263 1929 2423 1984 gnam
2454 1929 2549 1983 pro
2568 1912 2886 1968 criminibus
2900 1911 3223 1967 sententiam
3243 1910 3451 1966 dicunt.
3473 1909 3704 1982 Pr0pter
3719 1908 3846 1980 quod

2265 2007 2410 2079 Tyro
2459 2006 2709 2076 fugiens,
2758 2006 3142 2076 imperatorem
3186 2005 3443 2076 appellat.
3488 2005 3653 2059 Audit
3701 2003 3848 2059 etiam

2267 2100 2562 2170 imperator
2593 2117 2604 2152 :
2638 2100 2834 2170 quique
2885 2099 3307 2168 interrogatione
3341 2097 3525 2153 habita
3553 2098 3731 2152 omnia
3748 2096 3850 2166 ejus

2266 2195 2466 2265 ﬂagitia
2489 2207 2905 2265 recognoscens,
2925 2207 3021 2247 sua
3051 2193 3198 2246 illum
3229 2193 3501 2246 sententia
3526 2192 3579 2246 in
3607 2191 3848 2246 exsilium

2269 2287 2570 2362 (Treviros)
2598 2287 2922 2358 deportavit.
2952 2285 3054 2342 llis.
3077 2301 3208 2357 ergo
3230 2289 3301 2340 ita
3338 2285 3659 2342 cadentibus
3681 2286 3848 2346 rebus,

2265 2395 2387 2438 eum
2437 2379 2768 2435 Athanasius
2808 2377 3095 2434 damnatus
3135 2377 3294 2450 digne
3326 2378 3378 2432 in
3410 2375 3612 2432 exsilio
3644 2376 3851 2430 habere-

2268 2484 2354 2528 tur
2374 2473 2444 2528 ob
2496 2473 2746 2527 meritum
2795 2470 3094 2526 facinorum
3148 2484 3369 2525 suorum
3401 2509 3417 2536 ,
3473 2469 3764 2537 sacrilegus
3805 2467 3848 2519 in

2267 2565 2455 2632 Deum,
2486 2565 2538 2619 in
2585 2563 2839 2636 mysteria
2893 2578 3044 2618 sacra
3102 2563 3379 2632 profanus,
3417 2562 3470 2616 in
3515 2560 3846 2616 demolitione

2268 2659 2505 2714 basilicae
2527 2659 2829 2724 violentus,
2881 2658 2934 2711 in
2978 2657 3358 2726 episcoporum
3399 2654 3582 2710 exitiis
3613 2654 3850 2708 innocen-

2267 2755 2506 2822 tiumque
2533 2751 2756 2806 fratrum
2787 2761 3100 2819 persecutor
3123 2748 3186 2820 (f.
3215 2745 3612 2819 persecutione)
3644 2749 3849 2802 horren-

2266 2847 2366 2902 dus
2393 2864 2408 2914 ;
2440 2847 2508 2901 ab
2529 2845 2781 2901 omnibus
2801 2845 3072 2914 episcOpis
3101 2844 3152 2898 in
3180 2843 3490 2912 rejiciendis
3512 2843 3668 2898 malis
3688 2859 3852 2897 serva-

2267 2949 2356 2996 tur
2395 2940 2686 2994 auctoritas
2714 2937 2865 3008 lcgis,
2889 2952 3062 2992 canon
3104 2937 3384 3002 Eaclesim,
3415 2947 3472 2992 et
3500 2937 3850 3008 apostolorum

2268 3041 2458 3088 Sancta
2503 3031 2742 3086 traditio.

2339 3125 2392 3181 8.
2427 3125 2694 3178 Athanasii
2717 3123 2780 3178 ab
2801 3123 2982 3178 exsilio
3008 3121 3217 3178 reditus.
3245 3151 3308 3164 -
3331 3120 3434 3177 Sed
3459 3120 3588 3176 dum
3631 3119 3848 3174 Athana.

562 3231 701 3284 quos
725 3217 776 3268 in
795 3216 1040 3271 custodia
1070 3217 1443 3284 recludebant,
1465 3218 1678 3287 aliquos
1698 3232 1827 3272 vero
1845 3218 2165 3272 verberibus
2191 3207 2237 3270 C
2269 3220 2382 3274 sius
2415 3229 2535 3288 post
2578 3217 2980 3271 damnationem
3029 3232 3179 3270 suam
3228 3216 3460 3270 reditum
3500 3213 3601 3269 sibi
3632 3213 3696 3268 de
3722 3213 3826 3268 exsi

562 3307 897 3379 ﬂagellisque
927 3310 1215 3371 vexabant.
1238 3311 1404 3383 652
1425 3321 1656 3366 cmteros
1682 3312 1911 3367 diversis
1937 3322 2170 3367 tormen-

565 3404 633 3460 tis
655 3404 722 3460 ad
750 3404 1186 3460 communionem
1212 3407 1329 3473 ejus
1357 3406 1672 3475 sacrilegam
1723 3407 2010 3476 adigebant
2034 3405 2169 3478 (Nec

563 3508 712 3555 actus
739 3500 999 3554 commissi
1026 3516 1270 3568 umquam
1292 3499 1354 3552 ab
1383 3500 1732 3554 innocentibus
1756 3501 2015 3570 fuerant);
2048 3516 2171 3569 spe-

565 3607 694 3647 rans
712 3591 816 3646 hoc
840 3591 1002 3646 modo
1030 3607 1157 3645 suos
1182 3606 1446 3660 suamque
1474 3591 1767 3662 praevalere
1799 3606 1958 3658 posse
1985 3594 2173 3649 factio-

562 3697 706 3747 nem,
737 3693 795 3737 ut
826 3699 920 3752 per
951 3684 1123 3737 Duces
1153 3694 1206 3738 et
1235 3681 1454 3738 Judices
1485 3698 1688 3751 per-pie
1709 3698 1960 3739 carceres
1992 3685 2160 3756 ipsos,

569 3777 718 3848 (add.
779 3775 854 3847 et)
903 3778 1126 3832 verbera
1178 3775 1500 3846 diversaque
1538 3784 1803 3832 tormenta
1856 3779 2054 3834 invitos
2099 3780 2162 3834 ad

565 3869 1005 3925 communionem
1047 3883 1198 3922 suam
1228 3880 1468 3938 cogeret,
1499 3871 1745 3926 nolentes
1785 3871 2044 3942 adigeret,
2073 3890 2162 3928 re-

569 3974 870 4033 pugnantes
905 3973 1066 4031 atque
1095 3963 1410 4019 resistentes
1437 3964 1541 4019 sibi
1573 3967 1856 4033 tyrannico
1880 3982 2028 4022 more
2058 3976 2168 4023 ter-

567 4065 734 4110 reret.
773 4053 935 4108 Erant
970 4055 1176 4124 quidem
1201 4055 1294 4109 illa
1339 4057 1516 4128 gravia
1557 4065 1606 4112 et
1632 4058 1813 4111 acerba
1851 4059 1914 4112 ub
1957 4076 2166 4116 accusa-

570 4148 764 4205 toribus
792 4148 1010 4220 objecta.

643 4244 694 4298 7.
718 4241 846 4312 Tyri
858 4253 1036 4297 contra
1051 4243 1386 4298 Athanasium
1404 4245 1789 4316 gesta.-—Nam
1816 4255 2037 4317 propter
2057 4245 2174 4302 hanc

569 4337 876 4394 necessario
928 4337 1220 4392 concilium
1272 4338 1414 4408 apud
1476 4340 1778 4397 Caesaream
1829 4341 2170 4398 Palzestinam

2273 3312 2346 3367 lio
2391 3320 2786 3380 compararet,
2838 3308 2906 3364 de
2952 3307 3126 3364 Gallia
3195 3307 3260 3362 ad
3316 3307 3695 3362 Alexandriam
3742 3313 3849 3375 post

2273 3405 2564 3475 plurimum
2623 3413 2836 3474 tempus
2884 3402 3102 3457 advenit
3147 3402 3255 3474 (an.
3291 3402 3423 3472 558)
3459 3420 3472 3456 :
3505 3404 3700 3472 quique
3729 3415 3848 3470 prie-

2275 3502 2431 3556 terita
2455 3502 2505 3554 in
2537 3499 2768 3554 nihilum
2820 3498 3046 3564 ducens,
3076 3499 3251 3552 acrius
3283 3499 3333 3552 in
3388 3501 3627 3570 nequitia
3660 3512 3846 3570 praeva-

2272 3597 2433 3653 lebat.
2491 3597 2624 3652 Nam
2677 3597 3086 3665 comparatione
3141 3594 3510 3665 sequentium,
3565 3591 3693 3647 levia
3738 3599 3848 3644 sunt

2272 3706 2393 3760 qua:
2417 3691 2484 3744 ab
2509 3692 2624 3760 ipso
2665 3691 2838 3758 prima
2879 3689 3166 3742 connuissa
3212 3695 3354 3740 sunt.
3391 3686 3604 3741 Etenim
3633 3699 3720 3752 per
3747 3697 3848 3736 om-

2268 3798 2392 3838 nem
2419 3781 2558 3836 viam
2583 3782 2786 3836 reditus
2802 3782 2881 3834 sui
2910 3779 3199 3834 Ecclesiani
3215 3779 3377 3852 653
3401 3776 3482 3849 (ά)
3505 3775 3844 3836 subvertebat,

2269 3875 2552 3929 damnatos
2597 3873 2883 3942 episcopos
2923 3873 3134 3941 aliquos
3179 3871 3560 3935 restaurabat,
3606 3868 3846 3939 aliquibus

2270 3985 2420 4040 Spem
2449 3968 2515 4024 ad
2542 3971 2884 4038 episcopatus
2941 3965 3172 4021 reditum
3220 3965 3609 4035 promittebat,
3659 3961 3844 4028 aliquos

2271 4081 2335 4119 ex
2371 4061 2669 4118 inlidelibus
2709 4060 3069 4116 constituebat
3109 4059 3416 4128 episcopos,
3471 4058 3634 4111 salvis
3674 4062 3723 4108 et
3769 4052 3838 4105 in—

2276 4158 2439 4225 tegris
2491 4153 2929 4224 permanantibus
2958 4151 3370 4216 sacerdotibus,
3422 4166 3518 4218 per
3564 4161 3756 4220 pugnas
3802 4153 3845 4198 ct

2273 4249 2450 4304 ozedes
2495 4246 2774 4317 gentilium
2804 4286 2819 4311 ,
2854 4243 2986 4298 nihil
3049 4243 3345 4311 respiciens
3398 4244 3564 4310 leges,
3619 4241 3843 4309 despera-

2281 4341 2414 4399 tioni
2445 4340 2685 4396 tribuens
2734 4347 2926 4393 totum.
2987 4335 3138 4393 Unde
3169 4351 3264 4407 per
3293 4337 3438 4403 vim,
3493 4350 3592 4407 per
3643 4333 3844 4392 cmdem,

640 4537 714 4614 (a)
748 4538 863 4615 Non
906 4547 1237 4615 accusarunt
1268 4541 1588 4615 eum,_quod
1619 4544 1871 4613 propriis,
1901 4544 1995 4600 sed
2017 4544 2160 4615 quod
2189 4552 2241 4611 l)
2267 4560 2315 4599 c.
2348 4544 2380 4596 5
2411 4552 2465 4599 et
2491 4543 2576 4597 15.
2602 4539 2882 4615 Nonnulli,
2911 4540 3000 4611 qui
3027 4541 3140 4597 lucc
3171 4543 3352 4598 omnia
3379 4545 3446 4600 ad
3476 4549 3701 4612 primum
3723 4543 3845 4598 illius

561 4610 780 4667 Macarii
831 4611 1130 4685 presbyteri
1157 4610 1240 4666 sui
1273 4612 1522 4685 manibus
1577 4614 1680 4668 hoc
1721 4610 1911 4669 scelus
1971 4610 2164 4685 perpe-

569 4693 802 4811 gisse‘t:
849 4692 944 4737 aut
999 4684 1176 4753 potius
1233 4683 1394 4739 modo
1447 4683 1572 4757 hoc,
1634 4685 1796 4740 modo
1837 4683 2163 4742 illuddicti-

663 4772 728 4808 an
762 4796 775 4809 .

640 4847 714 4920 (b)
743 4847 922 4901 Edidit
944 4845 1136 4912 Faber,
1163 4848 1412 4919 episcOpi;
1435 4848 1572 4920 bene
1592 4849 1833 4916 quidem,
1858 4850 1902 4904 si
1923 4852 2168 4906 veritatis

566 4919 754 4978 lioStes
781 4920 1064 4972 calumniis
1105 4935 1134 4971 a
1178 4936 1236 4971 se
1266 4919 1586 4988 excogitatis
1629 4929 1871 4988 starent,
1910 4924 1996 4976 hic
2021 4924 2165 4976 enim

566 4990 866 5062 resiiiciunt
905 4991 970 5062 ad
1007 4990 1183 5043 fictam
1214 4988 1427 5045 Arseuii
1475 5005 1684 5046 necem.
1717 4995 1784 5046 At
1812 5009 1935 5046 cum
1967 4994 2167 5062 ubique

567 5063 774 5131 priores
806 5061 1066 5115 l‘alsitates
1092 5074 1216 5115 suas
1243 5071 1593 5132 exugerent,
1616 5063 1779 5117 etiam
1815 5064 1900 5117 hic
1929 5061 2170 5118 retinen-

567 5134 697 5188 dum
753 5143 1002 5202 putamus
1050 5147 1172 5187 cum
1229 5133 1524 5206 archetypo
1577 5135 1873 5205 exemplari
1906 5138 2170 5209 episcopo-

565 5221 703 5259 rum.

643 5299 715 5368 (c)
749 5297 987 5370 Falsum;
1006 5297 1108 5352 hoc
1139 5313 1259 5353 esse
1281 5297 1541 5370 Liberius
1571 5301 1711 5370 apud
1745 5300 2173 5368 Theodoretum,

565 5371 660 5424 lib.
696 5385 732 5424 ιι
783 5371 898 5424 llist
951 5368 1125 5435 Eccl,
1149 5385 1200 5424 e.
1237 5369 1320 5435 l6,
1351 5385 1534 5424 coram
1563 5368 1884 5427 constantio
1916 5379 2172 5440 asseruit,

566 5456 744 5509 neque
776 5442 886 5514 ipsi,
929 5457 991 5494 ea
1016 5442 1066 5494 in
1097 5456 1156 5496 re
1185 5454 1277 5495 ant
1308 5441 1676 5514 Constantius,
1701 5453 1793 5498 aut
1822 5446 1914 5514 qui
1946 5461 2070 5500 cum
2101 5460 2168 5501 eo

567 5524 748 5577 erant,
772 5513 890 5567 ausi
918 5522 1043 5566 sunt
1077 5513 1351 5567 reluctari.

639 5612 718 5678 td)
751 5607 844 5662 llis
868 5604 1332 5678 criminationibus
1359 5606 1532 5660 locum
1563 5606 1788 5671 dedere,
1818 5624 1938 5678 qua:
1969 5618 2082 5664 tum
2112 5609 2164 5664 in

569 5675 747 5746 primo
778 5691 884 5731 tum
917 5676 1155 5730 sceniido
1182 5675 1459 5731 Athanasii
1495 5678 1562 5732 ad
1592 5675 1874 5734 ecclesiam
1900 5695 2048 5733 suam
2076 5697 2161 5735 re-

570 5751 686 5801 ditu
719 5749 1011 5812 contigere.
1059 5748 1114 5816 In
1157 5760 1385 5814 utroque
1427 5748 1571 5801 enim
1621 5749 1793 5804 varias
1848 5751 2160 5806 Arianorum

566 5817 802 5876 factione
839 5818 1130 5874 seditiones
1150 5827 1296 5872 ortas
1325 5827 1440 5874 esse
1471 5829 1655 5873 narrat
1683 5821 1956 5885 Socrates,
1999 5822 2087 5876 lib.
2122 5839 2160 5889 1,

2272 4615 2503 4670 reditum
2535 4616 2799 4688 referunt,
2835 4612 2905 4667 ob
2944 4615 3104 4668 verba
3127 4615 3524 4688 subsequentia
3563 4619 3842 4688 opinantur.

2271 4702 2393 4741 eum
2424 4696 2550 4740 tunc
2577 4686 2844 4755 temporis
2877 4699 3059 4738 secum
3092 4687 3375 4755 plerosque
3420 4686 3638 4745 exsules
3668 4690 3715 4743 in
3741 4699 3844 4741 suas

2270 4759 2430 4813 sedes
2459 4757 2780 4830 restituisse.
2819 4754 3150 4830 Quamquam
3185 4754 3308 4812 hinc
3332 4761 3504 4814 videri
3536 4770 3707 4830 potest
3733 4758 3841 4830 iusi-

2274 4831 2506 4882 mulatus
2551 4829 2694 4899 quod
2739 4826 3010 4899 damnatos
3049 4829 3313 4898 episcopos
3355 4826 3698 4896 restaurubat,
3741 4827 3841 4899 quia

2275 4900 2491 4961 Paulus,
2529 4898 2808 4964 Asclepas,
2840 4897 3126 4953 Marcellus
3153 4910 3206 4953 et
3226 4897 3444 4958 Lucius
3469 4905 3628 4959 simul
3655 4897 3768 4958 cuni
3791 4915 3843 4954 eo

2275 4971 2501 5024 Romam
2541 4969 2766 5038 profecti
2789 5010 2804 5033 ,
2842 4970 3030 5023 iisdem
3061 4970 3188 5026 Julii
3231 4973 3431 5029 litteris
3457 4976 3712 5031 ecclesias
3740 4987 3842 5026 suas

2274 5051 2683 5111 recuperarunt.
2727 5041 2845 5114 ASed
2876 5041 3171 5114 quodpost
3199 5045 3466 5114 synodum
3499 5046 3842 5102 Sardiceusem

2274 5123 2483 5182 gestum
2517 5113 2680 5166 rel'ert
2720 5111 2994 5173 Socrates.
3029 5113 3120 5166 lib.
3153 5111 3290 5180 n,'c.
3322 5117 3750 5173 ‘24:.4tltanasius
3773 5131 3844 5181 per

2279 5183 2548 5259 Pelusium
2570 5183 2878 5259 iter_fac_i_ens
2905 5183 3293 5246 Alexandriam,
3317 5188 3370 5241 in
3387 5191 3608 5258 singulis
3636 5206 3720 5258 per
3737 5203 3845 5259 quas

2279 5254 2532 5309 transibat
2577 5254 2888 5317 civitatibus,
2923 5267 3132 5310 cunctos
3173 5254 3524 5315 commonebat
3562 5273 3615 5316 ut
3637 5254 3842 5314 'Arianos

2276 5327 2895 5402 quidem“aversarentur2
2922 5342 3008 5381 eos
3029 5345 3144 5382 vero
3184 5333 3505 5402 susciperent
3546 5333 3631 5402 qui
3655 5328 3842 5386 consub-

2278 5395 2535 5470 stantialis
2568 5395 2721 5470 [idem
2763 5397 3137 5466 proﬁterentur.
3187 5399 3254 5454 In
3283 5395 3587 5470 quibusdam
3612 5407 3752 5457 etiam
3776 5417 3844 5454 ec-

2275 5469 2443 5522 clesiis
2491 5469 2835 5522 ordinationes
2881 5471 3021 5540 fecit.
3073 5471 3200 5538 Quae
3244 5469 3323 5526 res
3370 5476 3583 5529 alterius
3625 5476 3840 5527 adversus

2276 5540 2424 5614 illum
2457 5540 2828 5614 criminationis
2873 5559 3053 5594 ausum
3081 5542 3311 5607 pr'tebnit,
3343 5555 3611 5614 prapterea
3640 5543 3764 5611 quod
3795 5544 3836 5593 in

2274 5611 2495 5686 aliorum
2529 5611 2763 5686 ecclesiis
2799 5615 3042 5686 ordinare
3080 5611 3350 5686 tentasset.
3383 5611 3491 5670 Hoc
3534 5620 3726 5686 ipsum,
3761 5623 3836 5667 aut

2273 5682 2473 5758 aliquid
2528 5682 2835 5750 hujus-modi
2879 5697 3005 5758 ante
3040 5685 3284 5739 eamdem
3331 5682 3594 5758 synodum
3639 5689 3701 5740 ab
3739 5687 3835 5753 ipso

2273 5754 2569 5830 praestitum
2600 5770 2718 5809 esse
2757 5771 2862 5810 non
2902 5755 3128 5811 obscure
3163 5754 3405 5813 innuitur
3436 5761 3486 5814 in
3515 5761 3577 5815 iis
3607 5773 3719 5830 qua:
3745 5771 3836 5827 prio

2273 5824 2517 5882 inanibus
2545 5831 2687 5881 sinit.
