3958 6194
91 323 188 380 (Ξὕῖ

1018 327 1109 383 EX
1146 325 1373 389 OPERE
1413 327 1776 388 HISTORICO
1811 330 2297 392 FRAGMENTUM
2328 335 2414 391 Ill.

3285 340 3388 398 €66

90 456 177 513 per
225 439 449 506 bellum,
509 440 1003 501 Alexandrinorum
1029 445 1280 501 basilicas
1321 445 1683 517 deprmdatttr.
1714 452 1763 509 Α
1790 464 2003 507 cassum
2043 454 2357 523 provenisse
2394 444 2779 526 cognosceret,
2814 457 2881 513 ad
2918 458 3117 517 Julium
3160 459 3388 517 Romam

89 540 380 599 Constituto
419 542 540 613 jam
595 544 649 598 in
695 543 815 614 ejus
860 545 1036 601 locum
1085 560 1151 602 ex
1198 545 1403 616 judicio
1459 550 1682 606 concilii

94 636 218 709 (scil.
255 635 572 689 Antiocheni
596 652 682 690 an.
706 634 837 707 541)
864 647 1053 693 sancto
1082 648 1137 694 et
1165 639 1376 711 integro
1402 643 1687 699 sacerdote

96 723 383 796 (Gregorio)
413 736 475 779 ut
523 726 783 781 barbarus
816 727 1007 791 hostis,
1036 739 1089 784 et
1117 741 1172 784 ut
1205 732 1372 801 pestis
1416 734 1675 805 Sacrilego

93 815 322 870 adductis
366 814 662 885 gentilium
708 818 921 889 pupulis
974 819 1068 874 Dei
1101 823 1359 892 templum
1414 825 1675 892 incendit,

98 911 252 967 altare
276 911 628 978 comminuit,
658 921 713 967 et
743 914 882 968 clam
908 914 1040 971 exiit
1067 915 1136 972 de
1159 916 1399 984 civitate,
1445 920 1685 976 occulte-

96 1016 187 1073 que
211 1000 468 1072 profugit.

153 1094 203 1150 9.
251 1093 529 1167 Episcopis
558 1095 677 1151 aliis
699 1097 763 1150 ab
799 1098 984 1153 exsilio
1024 1102 1243 1156 reuersis
1268 1103 1437 1174 oﬂicta
1463 1104 1680 1160 scelera.

97 1186 272 1259 Corpus
301 1186 517 1242 Domini
538 1200 911 1269 consecratum.
940 1190 1275 1265 Sacriﬁcium
1298 1200 1685 1269 confectum.—

96 1279 185 1336 Sed
198 1280 269 1359 de
297 1280 471 1335 Paulo
504 1266 1116 1355 Curistantinopolitanze
1153 1266 1680 1363 civitatis-quondam

97 1376 332 1445 episcopo
378 1384 506 1444 post
551 1376 783 1432 reditum
831 1380 1006 1435 exsilii
1057 1382 1138 1436 sui
1176 1384 1220 1438 si
1263 1385 1384 1455 quis
1428 1387 1680 1454 audierit,

97 1469 475 1541 perhorrescet.
511 1469 687 1526 Fuere
715 1489 945 1543 namque
974 1484 1029 1530 et
1068 1476 1117 1531 in
1153 1479 1362 1549 Ancyra
1391 1481 1682 1550 provincia:

99 1562 318 1630 Galatiae,
367 1572 491 1634 post
528 1564 762 1620 reditum
812 1566 1045 1624 Marcelli
1092 1570 1350 1640 haeretici,
1396 1572 1679 1629 domorum

98 1655 320 1719 incendia
346 1664 402 1711 et
428 1673 634 1731 genera
656 1658 866 1715 diversa
899 1661 1183 1719 bellorum.
1220 1663 1356 1720 Nudi
1382 1666 1451 1721 ab
1475 1666 1591 1737 ipso
1612 1668 1680 1723 ad

101 1748 253 1803 forum
285 1748 644 1806 trahebantur
667 1752 991 1823 presbyteri,
1012 1765 1088 1820 et,
1113 1756 1253 1825 quod
1278 1772 1398 1810 cum
1424 1758 1679 1830 lacrymis

1792 546 2067 617 perrexit,
2096 547 2190 604 sed
2213 556 2268 605 et
2292 549 2358 603 ad
2384 549 2554 605 Italiae
2580 551 2838 622 quosdam
2869 553 3037 623 ipsius
3070 555 3239 624 partis
3267 556 3387 626 epi-

1789 655 1982 710 sc0pos
2018 660 2032 696 :
2083 658 2219 714 quos
2251 643 2515 700 seducens
2546 662 2642 716 per
2667 646 3016 714 epistularum
3052 646 3342 703 falsitatem
3367 689 3384 717 ,

1788 733 1857 787 ab
1897 734 2101 790 eisdem
2149 736 2405 803 perfacile
2454 724 2504 791 in
2546 738 2929 810 communione
2979 749 3229 808 receptus
3278 748 3395 795 est.‘

1791 824 1994 881 Deinde
2023 841 2240 897 coepere
2270 828 2347 884 illi
2380 844 2487 883 non
2517 838 2624 883 tam
2658 846 2757 900 pro
2786 833 2924 900 ipso.
2958 846 3117 901 quam
3147 847 3245 902 pro
3273 832 3388 888 suis

1788 918 1996 972 actibus
2022 912 2309 974 laborare:
2337 920 2479 988 quod
2511 920 2585 974 illi
2612 930 2915 989 pertemere
2940 921 3213 979 credendo
3235 938 3387 978 com-

1787 1011 2214 1067 municaverant.
2252 1011 2467 1068 Etenim
2495 1014 2541 1069 si
2576 1014 2785 1070 fuerant
2816 1014 2922 1070 illm
2958 1014 3155 1071 litterae
3181 1016 3389 1088 aliquo-

1785 1117 1905 1157 rum
1932 1144 1948 1168 ,
1980 1119 2087 1158 non
2115 1114 2293 1161 tamen
2321 1120 2508 1160 eorum
2541 1108 2630 1177 qui
2663 1115 2757 1163 aut
2780 1107 2989 1178 judices
3012 1107 3225 1164 fuerant
3248 1153 3263 1176 ,
3297 1119 3392 1166 aut

1786 1197 1840 1250 in
1868 1197 2097 1253 concilio
2125 1198 2458 1254 assederunt.
2498 1200 2629 1268 Qua:
2660 1202 2876 1271 quidem
2914 1202 3075 1257 etiam
3120 1202 3163 1256 si
3206 1213 3391 1260 essent

1783 1288 2110 1357 aliquorum,
2164 1298 2371 1346 temere
2411 1291 2484 1346 illi
2530 1292 2710 1355 fidem,
2752 1291 2824 1364 (c)
2870 1309 2966 1362 pro
3014 1309 3074 1349 se
3120 1294 3383 1364 dicentes,

1788 1380 1986 1436 habere
2008 1397 2293 1452 numquam
2321 1382 2602 1439 deberent.
2637 1384 2742 1441 Sed
2774 1395 2827 1440 et
2853 1385 3085 1455 jndices,
3118 1387 3207 1457 qui
3239 1387 3386 1443 illum

1783 1474 2277 1541 sententiaverunt,‘
2299 1474 2524 1532 credere
2551 1476 2865 1531 noluerunt.

1804 1598 1809 1603 -
1855 1566 1945 1621 11.
1993 1566 2068 1620 Ab
2116 1567 2323 1622 Arionis
2361 1570 2579 1640 depositi
2611 1570 2699 1640 qui
2739 1587 2792 1625 se
2838 1570 3135 1642 defendant.
3163 1571 3387 1628 —ldeo

1784 1659 1907 1729 quia
1932 1667 1986 1714 et
2012 1660 2102 1713 alii
2136 1661 2336 1730 quique
2363 1661 2441 1733 (d)
2468 1661 2521 1715 in
2546 1662 2854 1731 praetorium
2880 1652 3110 1733 pro‘suis
3136 1665 3390 1721 facinori-

1783 1749 1886 1805 bus
1924 1749 2123 1805 dett-cti
2161 1758 2307 1815 sunt,
2355 1768 2496 1807 nunc
2532 1767 2654 1807 cum
2696 1753 2950 1809 Marcello
2997 1764 3052 1810 et
3090 1755 3390 1812 Athanasio

97 1843 323 1913 luctuque
355 1844 687 1912 dicendum;
723 1857 1097 1904 consecratum
1137 1850 1347 1905 Domini
1390 1865 1586 1921 corpus
1613 1852 1678 1907 ad
1713 1862 1757 1923 Β
1785 1842 2058 1911 “mimica
2089 1850 2246 1909 sum;
2276 1843 2519 1899 ἀθοίιηυε
2544 1856 2724 1900 amem
2756 1846 3015 1916 Αεοίθβθε
3038 1858 3164 1904 “me
3193 1849 3383 1905 decem

97 1939 409 1994 sacerdotum
433 1940 579 1995 colla
611 1955 932 2012 suspensum
962 1944 1135 2013 palam
1160 1944 1477 2015 publiceque
1502 1945 1685 2014 profa-

98 2030 256 2096 nabat,
288 2030 641 2102 virginesque
678 2033 1048 2088 sanetissimas
1089 2034 1200 2089 Deo
1235 2035 1560 2106 Christoque
1595 2037 1682 2093 di-

101 2134 230 2180 catas
255 2123 464 2194 publice
496 2126 553 2180 in
587 2125 727 2194 foro,
758 2127 933 2181 media
969 2129 1020 2182 in
1048 2129 1284 2195 civitate,
1310 2132 1709 2186 concurrenti-'

97 2217 181 2274 hus
206 2220 427 2290 populis,
475 2221 768 2277 abstractis
811 2224 1074 2291 vestibus,
1120 2224 1388 2281 horrenda
1434 2225 1679 2284 foeditate

100 2314 322 2369 nudabat.
357 2314 464 2371 Sed
506 2315 569 2370 in
604 2316 822 2373 civitate
852 2318 994 2389 Gaza
1044 2320 1339 2388 provincia:
1379 2319 1682 2377 Palaestina:

99 2419 199 2477 p05t
226 2408 447 2464 reditum
478 2425 642 2464 suum
690 2411 946 2481 Asclepas
986 2412 1154 2467 altare
1180 2414 1513 2479 comminuit,
1546 2415 1683 2469 mul-

103 2510 261 2571 tasque
289 2501 590 2558 seditiones
616 2501 813 2559 elfeeit.
863 2503 1129 2560 Praeterea
1161 2505 1542 2577 lladrianopoli
1575 2507 1682 2562 Lu—

103 2595 199 2651 eius
224 2605 339 2664 post
366 2597 606 2653 reditum
636 2613 791 2653 suum
820 2598 1144 2654 sacrificium
1174 2616 1202 2655 a
1228 2602 1432 2656 sanctis
1457 2611 1511 2655 et
1538 2601 1678 2657 inte-

104 2688 194 2757 gris
210 2689 578 2746 sacerdotibus
597 2690 926 2759 confectum,
946 2693 990 2746 si
1020 2691 1102 2747 fas
1123 2701 1206 2746 est
1231 2692 1432 2759 dicere,
1457 2694 1681 2749 canibus

103 2781 457 2851 projiciendum
486 2783 737 2854 iubebat.
769 2784 936 2855 Igitur
964 2800 1085 2841 cum
1120 2785 1235 2841 haec
1260 2788 1332 2841 ita
1353 2787 1486 2853 sint,
1520 2803 1647 2842 num
1666 2806 1681 2827 -'

104 2875 321 2944 quidnam
357 2877 497 2950 lupis
532 2879 699 2933 tantis
741 2893 804 2933 ac
838 2878 1032 2934 talibus
1068 2893 1196 2933 oves
1230 2879 1432 2934 Christi
1470 2880 1536 2935 ad
1576 2879 1680 2935 huc

107 2984 248 3041 usque
274 2970 567 3036 credimus,
591 2980 648 3027 et
676 2971 914 3028 membra
950 2969 1148 3027 Christi
1178 2973 1421 3028 membra
1449 2971 1681 3028 fornica-

108 3061 233 3118 torite
253 3062 505 3120 faciemus
527 3065 555 3118 ?
585 3065 757 3120 Absit.

164 3157 238 3213 10.
268 3158 540 3214 Athanasii
582 3158 849 3231 facinora,
885 3158 929 3213 Α
966 3156 1111 3214 Iulio
1137 3156 1185 3214 et
1215 3157 1385 3213 Italia:
1424 3159 1678 3230 episcOpis

1785 1946 1840 1990 et
1886 1945 2092 2006 septem
2134 1952 2306 1992 annos
2344 1940 2687 2009 episcopatus
2723 1939 2929 1995 honore
2971 1941 3269 1998 discincuts
3310 1953 3394 1999 est

1785 2025 1904 2098 (an.
1942 2026 2127 2099 .350);
2171 2029 2375 2085 deinde
2406 2031 2627 2085 Paulum
2660 2042 2709 2084 et
2742 2029 3005 2098 Lucium,
3053 2040 3107 2086 et
3134 2041 3396 2104 quotquot

1785 2121 1980 2176 talibus
2021 2122 2293 2190 conjuncti
2334 2131 2460 2178 sunt
2496 2124 2934 2179 :circumeuntes
2980 2118 3140 2179 simul
3181 2122 3395 2181 exteras

1785 2214 2055 2284 regiones.
2090 2214 2776 2285 persuadebuntindicibus
2794 2230 2900 2271 non
2931 2216 3392 2271 esseeredendnm

1783 2306 1912 2370 illis,
1945 2306 2035 2376 qui
2066 2306 2120 2360 in
2141 2321 2237 2361 cos
2265 2306 2425 2377 digne
2451 2308 2773 2362 sententiam
2802 2306 3171 2375 protulerunt;
3205 2316 3263 2363 ut
3288 2308 3393 2365 hoc

1781 2413 1983 2468 genere
2005 2399 2314 2454 commercii
2343 2399 2445 2453 sibi
2477 2398 2764 2468 quemdam
2794 2398 2860 2452 ad
2883 2398 3226 2468 episcOpatus
3250 2399 3395 2455 redi—

1782 2500 1894 2546 tum
1928 2499 2298 2558 procurarent.
2331 2489 2443 2545 Nec
2465 2490 2514 2544 in
2541 2490 2673 2560 ipsis
2701 2491 2856 2554 locis,
2885 2490 2936 2544 in
2965 2490 3163 2561 quibus
3192 2505 3389 2563 pecca-

1786 2593 1996 2649 verant,
2013 2598 2117 2639 uec
2134 2585 2183 2635 in
2200 2583 2482 2654 proximis,
2506 2584 2585 2637 vel
2611 2582 2698 2637 uhi
2723 2592 3068 2638 accusatores
3091 2581 3388 2653 habebant,

1783 2694 1844 2733 se
1875 2677 2270 2744 defendebant;
2312 2677 2406 2732 sed
2432 2677 2580 2747 juxta
2609 2676 2949 2747 peregrinos,
2975 2688 3028 2731 et
3053 2677 3209 2748 longe
3236 2693 3265 2732 a
3300 2693 3389 2735 re-

1782 2770 2029 2842 gionibus
2055 2770 2168 2825 suis
2196 2771 2398 2839 positos
2433 2770 2741 2841 ignorantes
2759 2781 3035 2838 gestorum
3054 2768 3212 2824 fidem
3235 2811 3248 2833 ,
3275 2769 3392 2840 jus~

1782 2872 1890 2919 tam
1924 2864 2245 2919 sententiam
2273 2864 2607 2935 conabantur
2636 2861 2985 2931 perfringere,
3003 2861 3069 2917 ad
3100 2862 3225 2918 illos
3254 2862 3392 2917 refe-
3446 2898 3467 2907 -

1784 2968 1964 3014 rentes
1980 2970 2135 3014 actus
2158 2970 2306 3017 suos,
2331 2957 2419 3027 qui
2445 2955 2562 3009 illos
2584 2971 2675 3024 per
2694 2955 2871 3009 omnia
2891 2954 3389 3027 nesciebant.655

1787 3055 1980 3108 Astute
2014 3053 2114 3107 hoc
2145 3050 2367 3106 faciunt.
2419 3049 2667 3105 Scientes
2708 3039 2853 3103 enini
2892 3048 2960 3103 de
2983 3047 3287 3117 iudicibus,
3318 3048 3389 3102 de

1785 3143 2213 3211 accusatoribus,
2259 3143 2329 3198 de
2377 3141 2607 3196 teStibus
2647 3142 2845 3195 multos
2892 3140 3214 3203 decessisse,
3264 3147 3389 3211 post

107 3250 367 3320 δυεάρῑιαν,
400 3280 470 3292 ...
512 3219 649 3305 Νεξιη
690 3262 874 3321 postea
902 3249 1229 3305 Aumnasius
1262 3219 1681 3321 peragrlangper
1707 3249 1750 3310 ρ
1786 3245 1867 3319 tot
1896 3246 2179 3307 tantasque
2204 3234 2525 3299 sententias,
2561 3219 2887 3303 putaverunt
2913 3232 3057 3287 aliud
3083 3242 3390 3287 restaurare

109 3341 314 3398 diversas
345 3357 523 3415 partes
555 3344 704 3401 orbis
734 3353 1021 3411 terrarum,
1054 3345 1262 3399 scilicet
1284 3344 1552 3398 seducens
1580 3343 1681 3396 ali-

1791 3330 2063 3399 iudicium,
2090 3329 2336 3383 volentes
2353 3326 2493 3396 apud
2519 3341 2616 3381 nos
2639 3341 2857 3382 causam
2878 3326 3081 3391 dicere,
3107 3326 3195 3396 qui
3218 3340 3392 3395 neque

111 3448 223 3504 quos
245 3451 334 3506 per
354 3452 503 3492 suam
536 3435 803 3491 fallaciam
835 3435 1312 3505 adulationemque
1345 3435 1680 3506 pestiferam,

111 3525 348 3596 decipiens
371 3529 693 3583 innocentes
713 3528 995 3598 episcopos
1017 3528 1106 3596 qui
1133 3529 1252 3596 ejus
1273 3527 1510 3583 facinora
1535 3528 1685 3597 igno-

112 3618 291 3687 rabant,
314 3622 390 3675 vel
410 3619 700 3693 Egyptios
717 3619 1105 3693 esaaﬁquos
1122 3619 1238 3688 ejus
1265 3627 1417 3674 actus
1438 3618 1689 3689 ignoran-

114 3719 197 3775 tes,
217 3715 400 3783 scripta
421 3730 449 3768 a
472 3713 696 3785 singulis
718 3712 1128 3776 etnendicando,
1155 3711 1413 3767 ecclesias
1440 3711 1685 3781 pacilicas

116 3805 445 3871 perturbabat,
476 3815 569 3859 aut
616 3804 732 3876 ipse
772 3804 874 3858 sibi
921 3817 1088 3857 novas
1115 3818 1211 3872 pro
1254 3818 1351 3857 sua
1386 3802 1672 3857 voluntate

117 3895 178 3967 (ιι)
203 3897 436 3968 ﬁngebat.
454 3897 598 3953 Nihil
624 3907 801 3952 tamen
825 3897 926 3951 hoc
942 3895 1123 3949 Valere
1146 3893 1681 3965 potuitadjudicium

114 3984 478 4057 jamdudnm'a
541 3990 898 4046 sanctissimis
950 4000 1002 4045 et
1057 3988 1372 4044 inlustribus
1414 3988 1683 4058 episcopis

119 4094 480 4140 consecratum.
510 4083 626 4139 Non
655 4083 800 4140 enim
829 4080 1227 4137 commendatio
1249 4096 1460 4147 eormn,
1483 4079 1560 4152 (b)
1594 4082 1683 4151 qui

120 4187 203 4229 nec
222 4176 270 4229 in
296 4177 521 4232 concilio
547 4175 759 4247 judices
791 4175 1026 4240 fuerunt,
1055 4188 1156 4228 nec
1183 4174 1396 4227 concilii
1421 4172 1682 4242 judicium

123 4264 389 4324 habuerunt
408 4268 721 4341 aliquando,
746 4283 843 4323 nec
872 4277 1170 4336 praesentes
1192 4281 1314 4320 cum
1341 4264 1684 4335 supradictus

126 4361 416 4419 Athanasius
442 4364 756 4428 audiretur,
807 4359 976 4416 fuisse
1006 4366 1336 4423 noscuntur,
1369 4365 1464 4413 aut
1503 4358 1686 4413 valere

126 4456 188 4512 illi
222 4460 403 4529 potuit,
452 4469 546 4517 aut
574 4459 852 4532 prodesse.
900 4456 1139 4526 Denique
1184 4468 1306 4510 cum
1347 4454 1450 4509 sibi
1485 4453 1601 4508 hare
1631 4454 1682 4507 in

188 4576 255 4653 (tt)
280 4580 509 4653 Verbum
540 4581 761 4653 ﬁngebat
787 4575 1105 4653 supplemus
1131 4589 1207 4653 es
1225 4571 1499 4653 Sirm_ondi
1522 4570 1687 4653 variis
1710 4576 1764 4635 D

129 4641 432 4708 lectionibus.
462 4641 1087 4726 Qu'od'proxime'aiunt.
1108 4642 1475 4726 Athanasium
1504 4641 1684 4695 diver-

130 4732 201 4794 sas
220 4716 553 4794 orbisgpart'es
582 4716 918 4794 peragrando
953 4718 1151 4785 scripta
1180 4730 1211 4794 a
1244 4716 1466 4783 singulis
1495 4727 1683 4767 emen-

132 4788 329 4860 dicasse,
351 4788 543 4849 l'hdicio
566 4788 648 4849 est
677 4788 823 4847 illum
855 4790 958 4843 hoc
978 4799 1094 4857 post
1121 4789 1349 4860 primum
1371 4794 1461 4838 aut
1491 4799 1684 4838 secun-

131 4861 246 4939 dum_
260 4857 762 4939 reditntngeﬂ'ecisse,
787 4859 928 4939 qu_od
960 4868 1079 4928 pust
1104 4857 1371 4939 tertium“;
1386 4863 1506 4926 post
1523 4870 1680 4936 quem

132 4934 395 5008 presbyteri
424 4937 561 4992 illius
597 4937 789 4995 Petrus
805 4928 1109 5008 ,__lrteneus,
1131 4938 1262 5008 etc,
1285 4928 1503 5008 litteras
1536 4928 1679 5007 paci-

136 5000 243 5059 ﬁcas
266 4996 355 5075 ipsi
384 5007 730 5077 undequaqne
752 5004 1105 5077 collegerunt,
1138 5009 1196 5054 ut
1218 4996 1540 5054 Athanasius
1571 4999 1683 5066 ipse

136 5087 361 5150 Illettinl'ul
387 5080 449 5132 ad
478 5076 627 5136 Solit.
648 5076 712 5150 ρ.
746 5076 873 5131 826·
1424 5149 1429 5150 γ
1506 5139 1516 5150 .

195 5144 264 5221 (ρ)
308 5150 598 5206 Sublestam
649 5144 742 5221 hie
770 5150 955 5221 facere
993 5151 1261 5221 conantur
1315 5144 1687 5221 auctoritatem

140 5211 427 5281 scriptorum
462 5236 580 5276 cum
610 5225 680 5276 ab
718 5215 1096 5274 Alexandrinis
1118 5255 1131 5271 .
1178 5224 1288 5266 tum
1329 5226 1358 5265 a
1388 5211 1691 5265 Mareotieis

143 5289 435 5359 presbyteris
458 5300 513 5348 et
535 5292 795 5357 diaconis,
830 5297 942 5343 tum
981 5285 1050 5359 ab
1070 5284 1204 5359 aliis
1229 5284 1535 5359 missonim,
1568 5297 1690 5359 qua:

145 5352 450 5437 Athanasius,
491 5363 740 5437 Apulog._
767 5352 973 5437 lippag‘.
1024 5357 1121 5411 79l
1172 5364 1226 5410 et
1254 5369 1406 5437 seqq.
1441 5352 1687 5433 inseruit,

144 5427 310 5491 quibus
336 5426 617 5502 perspectis
638 5426 821 5488 Julius
842 5426 894 5485 in
925 5428 1170 5483 Romano
1196 5426 1428 5482 ceneilio
1451 5438 1573 5479 eum
1604 5426 1687 5477 in-

147 5502 283 5575 lentis
307 5504 607 5575 criminibus
634 5502 880 5575 absolviL
1167 5568 1179 5575 ,
1614 5565 1624 5575 ι

208 5571 272 5638 (c)
316 5573 456 5629 Hllttc
487 5577 658 5631 locum
689 5590 756 5629 ex
787 5574 950 5629 Sirm.
982 5568 1341 5625 resarcimus:
1384 5581 1506 5622 cum
1543 5568 1696 5635 prius

151 5638 422 5700 decurtatus
451 5646 601 5701 estin
630 5646 773 5699 hunc
824 5642 1040 5699 modum
1066 5682 1079 5701 .
1110 5641 1189 5694 illi
1215 5640 1372 5710 fidem
1404 5642 1692 5708 proferunt.

154 5715 331 5780 credere
355 5717 634 5770 noluerunt.
666 5716 896 5771 Litteras
918 5716 969 5768 in
1000 5713 1273 5767 Athanasii
1296 5710 1519 5780 gratiam
1543 5710 1695 5762 datas

158 5779 314 5854 aiunt.
344 5787 393 5839 l°
414 5788 652 5854 falsitatis
677 5801 795 5843 esse
818 5796 1127 5854 sitspectas;
1150 5782 1208 5834 τ’
1237 5779 1342 5836 non
1368 5797 1486 5836 esse
1508 5794 1693 5854 eorum

160 5848 234 5917 Qui
262 5852 391 5912 illum
415 5847 824 5927 iudicaverunt”
855 5847 1057 5916 δ”ἐιιιιι
1088 5851 1193 5910 sint
1223 5865 1417 5909 eorum
1438 5847 1525 5921 qui
1546 5861 1696 5907 eom-

1785 3423 1911 3478 illos
1940 3423 2339 3488 exeusavimus,
2385 3434 2557 3490 neque
2591 3417 2973 3489 indicavimus,
3005 3416 3110 3485 Qui
3139 3418 3287 3473 enim
3305 3419 3392 3488 ju-

1788 3516 2128 3579 dicaverunt,
2147 3514 2258 3586 jam
2286 3513 2353 3568 ad
2384 3512 2670 3566 Dominum
2702 3526 3010 3579 perrexere.

1788 3632 1795 3639 ι
1864 3610 1953 3665 12.
2006 3607 2391 3664 Insimulantur
2434 3608 2582 3677 quasi
2636 3604 2924 3659 Orientales
2973 3602 3390 3658 Occidentalibus

1791 3704 2085 3775 subjiciunt.
2129 3732 2203 3743 —
2243 3701 2543 3756 Voluerunt
2585 3709 2765 3755 autem
2811 3699 2972 3753 etiam
3022 3697 3391 3753 Orientalibus

1788 3798 2058 3867 episcopis
2091 3796 2162 3868 (ε)
2197 3796 2493 3850 etveninnt
2521 3808 2619 3865 pro
2644 3793 2912 3863 jndicibus
2936 3792 3271 3860 defensores,
3293 3808 3392 3863 pro

1789 3887 2169 3945 defensoribus
2216 3888 2319 3951 rei,
2365 3903 2429 3943 eo
2474 3896 2716 3956 tempore
2756 3900 2877 3941 cmn
2917 3899 3102 3939 eormn
3146 3884 3392 3942 defensio

1791 3994 1898 4034 non
1930 3979 2141 4034 valebat
2171 3997 2185 4034 :
2225 3979 2455 4034 maxime
2482 3993 2603 4033 cum
2636 3988 2764 4033 tnnc
2800 3976 3017 4033 defendi
3044 3977 3265 4034 minime
3292 3993 3390 4048 po-

1793 4078 2044 4137 tuerunt,
2075 4071 2292 4142 quando
2341 4071 2466 4125 illos
2491 4082 2841 4124 accusatores
2872 4068 2954 4123 sui
2995 4066 3186 4123 faciem
3215 4069 3281 4124 ad
3315 4068 3392 4123 fa-

1790 4167 1929 4222 ciem
1963 4166 2284 4235 arguebant.
2313 4163 2529 4219 'Novam
2573 4163 2745 4228 legem
2795 4160 3138 4216 introducere
3168 4172 3388 4231 putave-

1791 4276 1950 4331 runt,
1995 4275 2050 4319 ut
2085 4248 2388 4319 Orientales
2427 4262 2668 4330 episcopi
2696 4262 2765 4315 ab
2792 4259 3231 4316 Occidentalibus
3246 4261 3392 4331 judi-

1790 4367 2064 4413 carentur.
2113 4357 2179 4411 Et
2230 4355 2488 4410 volebant
2534 4354 2793 4410 Ecclesize
2837 4354 3103 4425 jndicimn
3151 4369 3249 4426 per
3294 4369 3392 4411 eos

1791 4466 1952 4523 posse
1975 4458 2251 4515 constare,
2297 4446 2387 4519 qui
2431 4464 2538 4502 non
2584 4456 2691 4503 tam
2725 4447 2940 4502 illorum
2971 4446 3390 4514 miserebantur,

1793 4567 2050 4623 munione
2097 4580 2220 4620 cum
2255 4563 2552 4619 Athanasio
2591 4562 2991 4617 incensiderate
3034 4559 3209 4632 juncti
3250 4560 3390 4628 sint,

1794 4639 1902 4694 illis
1932 4654 2028 4709 pro
2056 4652 2119 4709 se
2135 4636 2469 4709 dicentibus,
2494 4650 2599 4688 non
2628 4649 2748 4709 esse
2782 4634 2887 4709 fide
2917 4631 3127 4709 dignas.
3164 4631 3386 4709 Domum

1792 4701 2077 4778 culpantur
2102 4707 2241 4773 Itali,
2267 4707 2407 4776 quod
2437 4708 2503 4761 iis
2530 4706 2755 4762 credere
2784 4703 3074 4770 noluerint,
3104 4703 3193 4774 qui
3218 4701 3387 4756 Atha-

1793 4782 2002 4835 nasium
2035 4780 2449 4835 damnaverunt.

1863 4851 1943 4924 (ά)
1974 4851 2100 4906 Ha-e
2124 4853 2190 4904 ita
2223 4848 2539 4924 corrigenda
2569 4848 2894 4924 arbitramur
2919 4861 2935 4924 ς
2964 4845 3055 4924 alii
3076 4845 3282 4914 quique,
3306 4845 3394 4915 qni

1787 4925 1842 4977 in
1871 4918 2187 4996 'pragtert'tunr
2228 4938 2323 4996 pro
2352 4918 2455 4996 suis
2501 4918 3032 4996 facinoribusdejerti
3062 4925 3211 4996 sunt,
3258 4932 3393 4970 nunc

1786 4987 1900 5048 cum
1930 4992 2175 5048 Marcello
2205 4987 2250 5046 et
2279 4987 2561 5069 Athanasio
2584 4989 2842 5069 conjuncti
2864 4987 3015 5069 sunt:
3055 4987 3273 5067 dt'ciinns
3291 5002 3394 5069 att-

1796 5075 1897 5120 tem
1933 5066 2226 5131 Asclepam,
2277 5064 2365 5131 qui
2407 5073 2543 5126 ante,
2592 5058 2698 5115 etc.
2743 5060 2916 5131 Certe,
2946 5058 3239 5131 hypocrita:
3290 5058 3389 5131 illi,

1795 5152 2065 5191 summum
2086 5128 2299 5203 ubique
2314 5132 2691 5187 ecclesiastica:
2713 5128 3008 5199 disciplima
3034 5129 3281 5203 Studium
3297 5128 3394 5183 ob-

1797 5207 2081 5261 tendentes
2102 5245 2116 5268 ,
2152 5200 2525 5272 prudentiores
2551 5212 2706 5257 erant
2728 5242 2741 5264 ,
2773 5215 2933 5270 quam
2964 5211 3017 5253 nt
3050 5200 3284 5268 ιιι-αξιοι·ἰί
3305 5216 3391 5272 ιιι-

1794 5278 1992 5332 diciu'm
2016 5291 2075 5330 se
2093 5270 2707 5344 vindicarejactitarent.
2732 5272 2835 5327 Sed
2861 5282 2911 5344 et
2933 5272 3091 5333 infra,
3122 5287 3270 5325 unm.
3300 5270 3389 5336 15,

1789 5348 1901 5419 jam
1929 5349 2046 5402 sine
2077 5347 2273 5402 mendo
2304 5348 2607 5419 legereest,
2634 5359 2694 5397 ea
2725 5343 3070 5419 auscultando
3097 5356 3392 5419 esse,_qu'.e

1796 5412 1829 5474 2:
1858 5419 2089 5492 patribus
2114 5428 2293 5492 contra
2315 5412 2532 5492 ipsosin
2564 5417 2875 5492 praeteritum
2913 5417 3113 5484 fuerant
3132 5412 3389 5492 judicuta.

1871 5492 1944 5617 ie)
1979 5484 2348 5560 Supplendnni
2381 5484 2590 5543 videtur
2620 5488 2672 5541 id
2706 5487 3015 5566 imponeret
3042 5496 3132 5537 aut
3164 5484 3287 5567 quid
3320 5486 3395 5566 si-

1896 5580 1960 5617 e:
2000 5578 2062 5617 ac
2097 5561 2291 5617 deinde
2322 5559 2602 5617 lettcndum
2632 5573 2754 5613 esse
2777 5601 2792 5617 .
2824 5567 2878 5611 ut
2906 5568 3103 5610 venrant
3138 5572 3230 5617 pro
3249 5559 3395 5617 μιαι-

1797 5556 1960 5628 ῐηίιιές
2000 5556 2071 5617 αρ’
2097 5556 2291 5617 deinde
2322 5559 2602 5629 legendum
2632 5573 2754 5613 esse
2777 5601 2792 5624 ,
2824 5567 2878 5611 ut
2906 5556 3103 5610 veniant
3138 5572 3231 5629 pro
3249 5556 3395 5629 judi-

1796 5626 1956 5699 cibus,
1982 5634 2085 5690 hoc
2112 5642 2193 5687 eSt
2224 5646 2346 5686 cum
2368 5626 2576 5701 judices
2601 5644 2721 5685 esse
2752 5630 3038 5693 deberent,
3075 5643 3178 5680 ιιοιι
3202 5626 3391 5701 defen-

1797 5696 1953 5760 sores
1973 5714 2065 5760 aut
2095 5703 2169 5759 rei
2195 5720 2208 5755 :
2239 5712 2293 5758 et
2316 5696 2673 5758 id'volnerunt
2703 5716 2768 5754 cu
2791 5712 3055 5769 tempOre,
3080 5715 3187 5768 quo
3205 5696 3394 5753 defen-

1796 5777 1878 5831 sio
1908 5792 2094 5832 eorum
2122 5790 2227 5828 non
2259 5776 2508 5839 valebat;
2538 5772 2679 5844 quod
2713 5788 2818 5826 non
2843 5771 2952 5844 jam
2981 5772 3046 5827 ad
3071 5769 3396 5838 Orientales,

1798 5847 1894 5906 sed
1918 5849 1983 5905 ad
2014 5844 2366 5905 Athanasium
2387 5860 2448 5913 ac
2476 5841 2654 5903 socios
2676 5841 3037 5901 referendum;
