3958 6194
557 306 662 363 667

1741 303 1990 360 SANCTI
2035 293 2292 365 HlLAth
2331 305 2638 364 EPISCOl’l
3739 311 3825 361 sta

555 440 718 500 quam
773 425 984 482 aetibus
1023 423 1158 478 suis.
1209 421 1284 497 (α)
1333 421 1445 479 Hoc
1481 422 1662 493 itaque
1703 419 1857 478 nefas
1892 420 2147 491 quoniam
2179 423 2228 485 Α
2252 436 2391 493 gene
2419 431 2474 478 et
2495 420 2653 476 Osslo
2683 420 2923 488 fuerunt,
2957 430 3014 477 ut
3041 420 3110 476 de
3149 435 3249 476 suo
3273 429 3419 478 coetu
3450 421 3724 476 damnatos
3745 439 3824 477 es.

557 535 846 591 numquam
870 518 1074 588 recepit
1089 517 1461 574 ecclesiastica
1477 515 1796 586 disciplina;
1814 529 2150 585 quaesumus,

558 610 896 669 dilectissimi
917 609 1159 677 Fratres,
1178 616 1235 663 ut
1251 607 1888 681 sceleratamperniciem
1907 614 2155 662 conatus-

557 721 664 776 que
687 701 998 758 mortiferos
1025 701 1359 773 perditorum
1383 701 1664 758 nobiscum
1689 702 1849 757 etiam
1876 700 1979 772 ipsi
2001 701 2153 756 dam-

559 799 718 855 netis.

631 891 717 946 15.
755 887 917 955 Quasi
955 889 1324 944 consentientes
1355 903 1471 940 cum
1502 887 1567 946 iis
1603 902 1731 958 quos
1760 886 2150 941 damnaverant.

557 1011 628 1024 ——
653 981 866 1036 Etenim
906 994 1029 1035 cum
1061 979 1238 1035 adhuc
1275 989 1424 1035 esset
1461 979 1750 1047 episcopus
1789 977 2115 1033 Athanasius
2141 1019 2156 1042 ,

557 1076 844 1144 Asclepam
873 1074 1175 1142 depositum
1203 1088 1298 1127 sua
1328 1071 1593 1126 sententia
1623 1071 1738 1142 ipse
1763 1069 1836 1142 (b)
1863 1070 2154 1125 damnavit.

561 1167 666 1225 Sed
695 1176 750 1221 et
779 1165 1065 1222 Marcellus
1097 1165 1350 1220 similiter
1381 1179 1674 1233 numquam
1715 1163 2155 1218 communicavit.

561 1260 759 1316 Paulus
784 1274 916 1316 vero
940 1259 1214 1314 Athanasii
1245 1257 1570 1328 expOsitioni
1591 1255 1863 1322 interfuit,
1891 1271 2162 1327 manuque

562 1355 783 1426 propria
813 1354 1136 1408 sententiam
1164 1352 1432 1419 scribens,
1459 1367 1580 1406 cum
1605 1350 1819 1404 caeteris
1847 1365 1969 1404 eum
1998 1350 2161 1404 etiam

563 1448 677 1514 ipse
702 1447 1000 1500 damnavit.
1030 1445 1097 1500 Et
1125 1445 1377 1515 quamdiu
1401 1446 1631 1516 quisque
1655 1459 1843 1500 eorum
1873 1445 2164 1514 episcopus

561 1539 680 1602 fuit,
727 1555 821 1594 sua
853 1538 1051 1608 judicia
1089 1536 1452 1593 continuavit.
1498 1537 1604 1593 Sed
1643 1552 1764 1591 cum
1816 1536 2050 1592 diversis
2091 1552 2160 1592 ex

561 1634 740 1690 causis
778 1633 1119 1701 diversisque
1161 1631 1500 1703 temporibus
1539 1632 1735 1702 singuli
1778 1646 1968 1687 eorum
2006 1632 2166 1701 digne

563 1728 632 1783 de
688 1726 930 1784 Ecclesia
976 1726 1090 1782 suis
1135 1741 1233 1796 pro
1278 1725 1485 1781 meritis
1524 1725 1876 1794 pellerentur,
1905 1723 2164 1792 majorem

2253 517 2556 583 eluderent,
2577 532 2751 588 neque
2771 516 3142 588 peccatoribus
3156 519 3642 572 communicarent:
3661 517 3828 575 deinde

2256 628 2359 668 una
2405 613 2686 669 nobiscum
2723 611 2974 667 audirent
3011 627 3096 678 ea,
3142 627 3260 682 quae
3304 627 3334 666 ιι
3373 611 3618 682 patrihus
3657 613 3832 668 nostris

2257 714 2443 762 contra
2504 705 2651 775 ipsos
2712 705 2765 760 in
2805 705 3134 775 praeteritum
3179 704 3386 759 fuerant
3424 703 3662 774 iudicata
3711 704 3832 771 (nam

2258 800 2396 856 liber
2422 799 2655 854 Marcelli
2687 814 2792 853 non
2819 799 3169 869 exspectabat
3196 798 3605 852 accusationem
3633 839 3648 860 ,
3680 811 3767 864 per
3786 812 3834 852 se

2259 892 2404 946 enim
2439 898 2626 959 aperte
2655 889 2939 945 haereticus
2967 887 3312 960 noscebatur)
3340 907 3352 941 :
3386 898 3439 943 et
3463 903 3532 942 ne
3559 886 3706 941 falsis
3733 903 3838 957 sug-

2259 983 2592 1052 gestinnibns
2621 983 2905 1037 crederent
2935 1025 2947 1046 ,
2978 982 3047 1053 (e)
3081 998 3186 1035 non
3210 996 3399 1035 eorum
3427 981 3707 1050 quisquam
3737 996 3840 1050 pra-

2263 1076 2540 1132 vissimam
2574 1087 2810 1131 mentem
2841 1083 3060 1146 prapter
3095 1076 3269 1129 locum
3300 1073 3645 1143 episcopatus
3670 1073 3842 1127 obscu-

2269 1178 2413 1224 rant.
2448 1169 2519 1224 At
2566 1169 2640 1224 illi
2683 1176 2869 1222 contra
2920 1167 3032 1221 huic
3069 1166 3430 1220 resistebant:
3479 1178 3585 1231 qua
3633 1167 3839 1228 ratione,

2264 1262 2554 1317 nescimus.
2590 1261 2698 1316 Nec
2725 1276 2784 1315 se
2813 1259 3088 1314 voluerunt
3120 1259 3189 1313 ab
3218 1259 3459 1327 ipsorum
3484 1259 3843 1312 communione

2264 1369 2574 1420 secernere,
2609 1368 2708 1408 con
2720 1353 2996 1408 firmantes
3019 1352 3258 1407 Marcelli
3283 1351 3527 1406 haeretici
3553 1360 3775 1404 sectam:
3801 1359 3846 1403 et

2266 1447 2504 1503 facinora
2539 1445 2820 1501 Athanasii
2849 1453 3279 1515 ca‘tertirumque
3303 1444 3514 1499 scelera
3546 1441 3668 1498 fidei
3694 1442 3846 1496 eccle-

2265 1542 2498 1600 siasticae
2528 1541 2753 1610 pacique
2785 1539 3192 1610 praeponebant.

2344 1635 2424 1689 l6.
2459 1634 2554 1690 llis
2581 1635 2758 1702 itaque
2782 1633 3034 1704 cognitis,
3063 1647 3160 1687 nos
3189 1633 3464 1702 octoginta
3497 1630 3568 1702 (Ῑ)
3598 1631 3843 1700 episcOpi.

2267 1730 2357 1800 qui
2388 1737 2610 1799 propter
2640 1743 2824 1798 pacem
2851 1726 3272 1782 confirmandam
3306 1725 3565 1781 Ecclesim
3592 1740 3656 1778 ex
3686 1722 3847 1778 diver~

563 1821 913 1876 concordiam
973 1834 1078 1874 una
1126 1819 1529 1887 conspiratione
1567 1807 1853 1883 fecerunt;
1901 1818 2164 1873 donantes
2195 1821 2343 1883 Bsis
2385 1823 2799 1892 longinquisque
2859 1821 3318 1893 provinciis-cum
3373 1819 3576 1891 ingenti
3617 1818 3756 1873 exitu
3806 1828 3851 1872 et

564 1912 664 1968 sibi
694 1913 922 1982 quisque
948 1911 1144 1966 delicta
1167 1952 1183 1978 ,
1227 1927 1346 1981 quae
1383 1926 1508 1966 cum
1539 1911 1781 1982 episcopi
1810 1919 2026 1976 essent,
2065 1925 2164 1981 pro

563 2006 887 2060 auctoritate
913 2003 1093 2059 divina
1115 2003 1460 2060 damnat-unt.

639 2099 725 2155 M.
757 2097 1086 2154 Sardicensis
1108 2099 1315 2152 concilii
1345 2099 1515 2152 initia.
1547 2124 1618 2139 -ο
1644 2096 1886 2165 Namque
1908 2096 2163 2165 quoniam

566 2191 900 2249 Athanasius
935 2192 989 2246 in
1031 2191 1233 2247 Italiam
1272 2201 1328 2247 et
1369 2191 1599 2248 Galliam
1632 2206 1864 2263 pergens
1895 2190 1993 2246 sibi
2024 2190 2168 2260 judi-

565 2286 711 2340 cium
737 2283 1074 2354 comparavit
1102 2300 1117 2349 ;
1155 2295 1272 2352 post
1301 2292 1530 2339 mortem
1553 2284 1856 2354 aliquorum
1886 2293 2170 2338 accusato-

567 2393 708 2444 rum,
737 2380 982 2441 testium,
1009 2377 1376 2447 judicnmqne,
1400 2386 1454 2432 et
1475 2377 1705 2432 credidit
1728 2392 1886 2447 posse
1907 2392 1966 2432 se
1991 2377 2170 2434 denuo

570 2481 813 2541 tempore
839 2471 1047 2534 audiri,
1080 2471 1225 2540 quod
1255 2471 1372 2541 ejus
1401 2469 1601 2540 flagitia
1633 2481 1876 2524 vetustas
1909 2471 2170 2540 temporis

567 2564 905 2620 obscuraret.
940 2563 1038 2619 Cui
1067 2578 1391 2619 consensum
1424 2563 1831 2618 eommodantes
1861 2577 1969 2617 non
1999 2572 2166 2629 recte,

567 2656 738 2712 Julius
787 2657 936 2712 urbis
981 2657 1166 2712 Romae
1209 2657 1514 2726 episcopus,
1568 2655 1831 2710 Maximus
1894 2654 2170 2726 (Maximi-

569 2764 674 2804 nus
694 2746 930 2821 Trevir.)
950 2757 1007 2804 et
1033 2747 1244 2813 Ossius,
1264 2747 1553 2817 caeterique
1574 2747 1882 2816 complures
1902 2746 2170 2816 ipsorum,

569 2844 858 2899 concilium
889 2841 1030 2912 apud
1063 2841 1338 2899 Serdicam
1379 2841 1494 2896 ﬁeri
1539 2857 1605 2896 ex
1636 2842 1978 2911 imperatoris
2023 2840 2174 2896 beni-

569 2939 773 3008 gnitate
787 2935 954 3009 650
968 2947 1340 3006 sumpserunt.
1356 2935 1701 2990 Occurrimus
1717 2934 1782 2989 ad
1805 2933 2082 2990 Serdicam
2097 2934 2177 2990 lit-

570 3030 703 3088 teris
723 3029 1062 3098 imperatoris
1076 3029 1349 3082 couventi.
1379 3028 1496 3096 Quo
1515 3042 1637 3083 cum
1655 3029 2017 3092 venissemus,
2035 3026 2174 3083 didi-

570 3122 744 3178 cimus
762 3125 813 3177 in
838 3121 1015 3178 media
1035 3123 1268 3178 ecclesia
1297 3121 1673 3188 Athanasium,
1699 3121 2034 3185 Marcellum,
2053 3136 2173 3177 om-

2267 1916 2453 1971 labore
2491 1915 2556 1970 ad
2605 1915 2884 1970 Serdicam
2929 1929 3253 1970 veneramus
3277 1955 3291 1979 ,
3337 1911 3586 1967 videntes
3616 1913 3728 1968 haec
3759 1926 3848 1966 non

2269 2010 2386 2063 sine
2417 2009 2670 2080 laetymis
2697 2006 3023 2062 ferebamus.
3049 2005 3191 2060 Leve
3212 2007 3356 2061 enim
3382 2020 3488 2060 non
3515 2013 3654 2068 erat,
3676 2004 3807 2075 quod
3827 2019 3851 2057 a

2268 2116 2328 2157 se
2353 2116 2448 2158 eos
2477 2099 2754 2156 dimittere
2773 2100 2994 2154 omnino
3020 2098 3311 2168 negabant,
3335 2113 3470 2168 quos
3493 2105 3674 2167 patres
3699 2097 3852 2151 nostri

2271 2195 2469 2252 merito
2491 2195 2604 2251 suis
2637 2208 2736 2264 pro
2765 2193 3081 2248 criminibus
3106 2201 3233 2248 ante
3260 2191 3610 2247 damnarunt.
3651 2189 3745 2246 llis
3769 2191 3854 2242 ita-

2269 2306 2375 2363 que
2397 2290 2799 2346 communicare
2830 2287 2980 2344 nefas
3017 2287 3299 2353 duximus,
3334 2302 3513 2356 neque
3546 2301 3668 2341 cum
3696 2285 3854 2354 profa-

2272 2387 2356 2440 nis
2404 2385 2672 2440 voluimus
2717 2393 2903 2438 saneta
2954 2382 3164 2437 Domini
3217 2391 3554 2438 sacramenta
3606 2381 3852 2436 miscere.

2272 2486 2552 2534 servantes
2594 2485 2650 2532 et
2700 2486 2947 2531 tenentes
3005 2476 3243 2546 regulam
3291 2474 3679 2529 ecclesiastica.-
3714 2472 3856 2526 dist-i-

2276 2573 2454 2642 plinaa.
2496 2571 2628 2627 Nam
2660 2581 2716 2626 ut
2744 2571 3078 2640 supradictos
3117 2571 3328 2626 Ossium
3358 2583 3472 2623 a'se
3497 2569 3854 2636 Protogenen:-

2273 2680 2378 2737 que
2403 2681 2507 2721 non
2531 2665 2882 2731 dimitterent,
2915 2663 2992 2735 (g)
3013 2665 3344 2720 conscientia
3370 2648 3509 2719 torte
3532 2663 3692 2729 mala,
3709 2660 3851 2732 35']

2275 2772 2434 2827 quam
2464 2757 2566 2812 sibi
2594 2772 2782 2810 eorum
2808 2757 3174 2825 unusquisque
3193 2755 3423 2810 debebat
3455 2754 3646 2808 nudari
3671 2755 3851 2822 aliquo.

2277 2866 2434 2922 quam
2466 2851 2530 2906 ad
2564 2852 2736 2919 palam
2767 2850 2880 2906 fieri
2913 2865 3239 2919 magnOpere
3263 2849 3714 2918 pertimescebant
3738 2865 3748 2901 :
3773 2863 3856 2901 nec

2277 2946 2355 3001 sic
2384 2949 2436 3000 iu
2468 2960 2563 3000 eos
2589 2944 2823 3000 audebat
2855 2959 3040 2998 eorum
3075 2943 3272 3014 aliquis
3299 2943 3626 2998 sententiam
3655 2943 3854 3002 dicere.

2280 3053 2348 3092 nc
2377 3046 2429 3093 et
2453 3052 2511 3092 se
2544 3038 2660 3107 ipse
2688 3037 2989 3100 damnaret,
3021 3035 3161 3104 quod
3196 3035 3303 3090 illis
3322 3045 3512 3090 contra
3538 3034 3852 3090 interdictum

2280 3129 2804 3196 communicassent,
2847 3127 3042 3198 quibus
3071 3127 3470 3184 communicare
3502 3126 3650 3181 nullo
3678 3140 3853 3195 genere

572 3230 669 3271 nes
708 3216 1003 3270 sceleratos
1049 3215 1264 3270 concilii
1303 3216 1574 3270 sententia
1618 3217 1832 3282 pulsos,
1876 3225 1932 3270 et
1979 3216 2172 3272 merito
2200 3211 2246 3276 C
2276 3231 2571 3292 oporteret.

571 3307 815 3375 singulos
842 3319 941 3375 pro
962 3306 1075 3360 suis
1101 3306 1435 3360 facinoribus
1466 3307 1890 3375 praidamuatos,
1921 3322 2044 3362 cum
2069 3307 2174 3363 0s-

571 3399 654 3454 sio
683 3409 736 3455 et
768 3398 1071 3468 Protogene
1105 3397 1297 3453 sedere
1339 3399 1500 3454 simul
1527 3409 1581 3454 et
1615 3400 1921 3469 disputare,
1951 3410 2005 3455 ct
2034 3398 2176 3468 quod

573 3502 659 3549 est
683 3494 946 3558 deterius,
981 3493 1164 3548 divina
1195 3494 1448 3565 mysteria
1479 3494 1778 3561 celebrare.
1811 3492 1920 3548 Nec
1949 3492 2179 3549 confun-

571 3587 801 3643 debatur
822 3587 1156 3657 Protogenes
1186 3587 1438 3644 Serdices
1460 3587 1748 3656 episcopus
1774 3589 2178 3645 communicare

571 3679 824 3734 Marcello
849 3680 1129 3746 lueretico,
1159 3680 1314 3750 cujus
1338 3689 1394 3734 et
1420 3691 1622 3735 sectam
1648 3688 1704 3735 et
1735 3681 2024 3750 reprobum
2048 3697 2174 3737 sen-

573 3789 716 3839 sum,
743 3772 797 3826 in
839 3773 1072 3828 concilio
1121 3772 1194 3844 (ε)
1239 3783 1432 3843 quater
1471 3773 1758 3828 sententiis
1795 3775 2173 3844 episcoporum

574 3864 944 3929 subscribens,
995 3865 1210 3934 prepria
1254 3881 1391 3920 voce
1437 3866 1552 3934 ipse
1594 3865 1968 3923 damnaverat.
2020 3867 2174 3924 Unde

575 3956 919 4012 manifestum
951 3967 1054 4024 est,
1079 3959 1204 4028 quia
1226 3972 1347 4013 sese
1375 3959 1488 4028 ipse
1509 3975 1602 4013 sua
1625 3961 1890 4014 sententia
1920 3961 2177 4017 condent.

575 4052 746 4116 navit,
778 4065 901 4106 cum
933 4066 992 4106 se
1022 4051 1100 4106 illi
1129 4051 1578 4106 communicando
1607 4053 1926 4122 participem
1956 4052 2104 4107 fecit.

648 4145 734 4201 £5.
777 4145 1123 4200 Orientalium
1166 4156 1384 4202 conatus
1425 4155 1481 4199 ut
1511 4145 1850 4199 Athanasium
1893 4155 1943 4200 et
1981 4145 2114 4200 alios
2148 4161 2180 4200 ο

574 4239 775 4309 synodo
803 4239 1036 4311 ejiciont.
1067 4267 1140 4278 —
1162 4238 1361 4295 Verum
1397 4253 1495 4293 nos
1524 4245 1773 4294 tenentes
1796 4238 2182 4295 ecclesiasticas

578 4332 778 4400 regulae
813 4331 1151 4402 disciplinam
1174 4373 1188 4398 ,
1222 4341 1276 4388 et
1313 4332 1557 4388 volentes
1588 4331 1821 4388 miseros
1852 4331 1905 4386 in
1935 4331 2182 4402 aliquano

580 4428 746 4484 tulum
775 4427 856 4498 (ά)
887 4428 1071 4483 vivere
1094 4468 1110 4494 ,
1137 4427 1510 4484 mandavimus
1537 4428 1644 4483 illis
1664 4468 1682 4496 ,
1713 4427 1805 4498 qui
1834 4441 1956 4483 cum
1986 4425 2181 4482 Proto-

2356 3314 2442 3368 l7.
2473 3313 2667 3368 Verum
2698 3325 2797 3367 nos
2834 3311 3028 3367 iterum
3058 3311 3177 3366 illos
3219 3319 3378 3381 atque
3417 3311 3616 3364 iterum
3657 3309 3855 3379 rogaba-

2281 3422 2402 3462 mus
2427 3447 2442 3470 ,
2479 3420 2545 3460 ne
2577 3407 2728 3458 firma
2759 3403 3042 3473 solidaque
3071 3410 3463 3469 concuterent,
3495 3417 3564 3457 nc
3603 3400 3854 3456 subverte-

2281 3509 2401 3554 rent
2433 3497 2638 3567 legem,
2674 3511 2774 3551 nec
2817 3495 2936 3564 jura
2988 3495 3165 3550 divina
3223 3494 3525 3559 turbarent,
3569 3507 3636 3548 ne
3689 3501 3854 3546 cuncta

2280 3587 2704 3651 confunderent.
2731 3596 2893 3658 atque
2921 3587 3264 3644 traditionem
3287 3585 3547 3640 Ecclesiae
3576 3599 3642 3640 ne
3665 3583 3854 3654 quidem

2285 3683 2494 3740 modica
2526 3696 2658 3752 pace
2689 3679 2709 3753 (
2728 3684 2766 3751 f.
2801 3671 2988 3752 parte)
3023 3679 3346 3735 frustrarem
3377 3697 3389 3732 :
3421 3679 3516 3734 sed
3550 3678 3648 3733 nec
3686 3691 3852 3734 novam

2285 3785 2486 3834 sectam
2519 3775 2838 3830 iuducercnt
2856 3817 2870 3839 ,
2904 3784 2997 3829 aut
3015 3773 3382 3829 Orientalibus
3405 3773 3674 3843 episcopis
3699 3770 3855 3826 conci-

2284 3870 2480 3937 liisque
2508 3867 2868 3924 sanctissimis
2896 3867 2964 3922 de
2993 3865 3289 3922 Occidente
3319 3865 3599 3920 venientes
3626 3864 3785 3933 aliqua
3810 3861 3854 3916 in

2284 3974 2434 4031 parte
2468 3970 2866 4033 praeponerent.
2897 3963 2964 4017 At
2999 3961 3074 4017 illi
3116 3970 3302 4016 contra
3345 3959 3704 4030 despicientes
3729 3959 3848 4019 base,

2286 4058 2442 4115 nobis
2471 4057 2835 4118 minabantur.
2858 4065 2912 4110 et
2945 4069 3005 4110 se
3036 4053 3389 4108 Athanasium
3419 4061 3473 4105 et
3513 4060 3733 4106 casuros
3756 4063 3856 4102 sce-

2288 4151 2487 4206 leratos
2520 4148 2890 4203 vindicaturos
2936 4145 3348 4216 pollicebantur.
3378 4143 3544 4212 Quasi
3589 4157 3709 4198 vero
3732 4137 3854 4194 aliud

2291 4241 2467 4297 facere
2495 4249 2585 4295 aut
2611 4239 2791 4295 dicere
2820 4247 3074 4310 possent,
3105 4238 3193 4307 qni
3240 4237 3536 4290 sceleratos
3586 4247 3759 4290 omnes
3803 4244 3855 4284 ac

2291 4333 2530 4405 perditos
2561 4333 2612 4386 in
2653 4346 2807 4386 suum
2860 4330 3191 4384 consortium
3236 4335 3583 4395 receperunt.
3617 4326 3853 4381 Praeterea

2291 4427 2506 4496 ingente
2540 4423 2643 4479 hoc
2671 4431 2884 4478 tumore
2904 4430 3230 4492 proponunt,
3261 4418 3485 4474 audacia
3511 4417 3681 4489 potius
3705 4430 3761 4472 ac
3785 4423 3854 4470 tc-

651 4592 726 4666 (τι)
760 4591 956 4666 Faber,
985 4592 1246 4649 asterisco
1269 4595 1475 4666 posito,
1494 4593 1738 4666 qua-dam
1764 4590 2179 4666 hicdeesse‘no-
2204 4590 2259 4652 D
2285 4587 2398 4666 rius
2423 4602 2492 4666 _e_x
2529 4583 2640 4639 sola
2670 4582 2883 4665 illorum
2915 4579 3018 4636 fide
3053 4577 3367 4640 asseruerit,
3394 4575 3584 4650 fragm.
3618 4591 3674 4642 ιι,
3703 4592 3750 4629 ιι.
3777 4574 3851 4640 21,

578 4660 728 4737 tavit.
766 4663 977 4737 Integra
1009 4676 1187 4720 tamen
1216 4660 1371 4719 nobis
1395 4660 1606 4720 videtur
1634 4665 1898 4720 sententia
1926 4681 1938 4737 ε
1978 4671 2036 4716 ιιι
2065 4660 2170 4737 0_c-

577 4731 908 4804 cidentales,‘
938 4737 1047 4805 qui,
1103 4753 1251 4790 num.
1302 4738 1389 4800 10,
1431 4753 1534 4791 non
1563 4745 1673 4790 tam
1708 4750 1805 4806 pro
1856 4731 2172 4806 Athanasio,

575 4824 730 4934 guam
758 4825 851 4881 pro
876 4807 981 4863 suis
1007 4808 1205 4862 actibus
1232 4808 1468 4862 laborare
1494 4805 1728 4878 coepisse
1753 4805 1880 4859 dicti
1917 4812 2062 4868 sunt,
2087 4817 2180 4856 eo-

615 4895 699 4933 ern
732 4895 892 4934 sensu
923 4896 1064 4933 nunc
1091 4879 1338 4934 dicantur
1366 4894 1470 4934 non
1501 4889 1608 4934 tam
1649 4878 1792 4932 illius
1815 4890 1881 4932 ac
1906 4875 2176 4931 sociorum

615 4895 699 4933 em
732 4875 892 4934 sensu
923 4896 1064 4933 nunc
1091 4879 1338 4934 dicantur
1366 4894 1470 4934 non
1501 4875 1608 4934 tam
1649 4878 1792 4932 illius
1815 4890 1881 4932 ac
1906 4875 2176 4931 sociorum

579 4950 808 5011 aetibus.
844 4966 1002 5020 quam
1032 4951 1145 5005 suis
1172 4949 1439 5007 misereri.

655 5043 733 5113 (li)
788 5041 1273 5098 Condemnatinnis
1317 5042 1476 5113 hujus
1522 5042 1726 5098 nullum
1775 5049 1859 5095 est
1902 5047 1993 5113 aut
2038 5037 2179 5107 apud

581 5112 954 5177 Athanasium,
980 5124 1073 5169 aut
1098 5114 1239 5180 apud
1266 5111 1403 5169 alios
1420 5131 1587 5169 sacrae
1616 5113 1857 5168 historias
1884 5111 2180 5178 scriptores

579 5185 886 5254 vestigium.
915 5184 1024 5240 Nec
1048 5186 1161 5240 veri
1185 5185 1396 5240 videtur
1422 5187 1621 5250 simile,
1648 5197 1703 5239 ut
1732 5183 2058 5240 Athanasius
2081 5183 2179 5234 As-

580 5257 788 5325 clepatn
839 5255 1211 5321 damnaverit,
1271 5273 1428 5327 quem
1483 5256 1835 5326 reprehendit
1880 5267 2175 5327 nusquam,

582 5323 779 5397 passim
815 5327 1064 5382 laudibus
1099 5323 1328 5382 extollti.
1378 5323 1632 5399 Ejusdem
1681 5329 1868 5382 farina:
1907 5323 2176 5399 «uisenda

581 5395 727 5466 sunt,
754 5415 872 5468 quze
903 5399 970 5454 de
998 5399 1252 5454 Marcello
1278 5412 1330 5454 et
1359 5395 1525 5455 Paulo
1542 5400 1920 5468 subjiciuntur.
1953 5397 2016 5451 Et
2043 5395 2180 5450 Pau-

583 5470 692 5524 lum
728 5467 946 5540 quidem
975 5512 990 5535 ,
1031 5473 1344 5541 priusquam
1384 5472 1451 5525 ab
1485 5467 1794 5538 episcOpatu
1824 5467 2147 5541 dejiceretnr
2170 5508 2185 5532 ,

585 5537 770 5595 secum
795 5537 1225 5596 communicasse
1249 5544 1380 5597 satis
1406 5543 1606 5597 indicat
1635 5537 1958 5596 Athanasius
1992 5537 2058 5590 ad
2089 5537 2190 5590 Su-

585 5611 681 5682 lit.
715 5628 766 5678 p.
811 5613 937 5668 8l3.
975 5613 1110 5668 Hinc
1150 5624 1334 5668 nostra
1378 5622 1605 5678 augetur
1645 5613 1901 5682 suapicio,
1944 5625 2011 5664 ne
2051 5607 2190 5682 forte

595 5681 804 5743 Ariani,
841 5684 1040 5738 Sirmio
1078 5685 1440 5741 rescribentes
1473 5685 1541 5739 de
1566 5679 1911 5740 damnatione
1947 5679 2182 5745 Photini,

594 5748 945 5805 Athanasium
999 5770 1029 5805 a
1079 5755 1316 5810 Marcelli
1372 5758 1752 5810 communione
1805 5771 1864 5811 sc
1915 5751 2186 5806 abstinere

594 5817 928 5877 mendaciter
956 5823 1282 5883 inseruerint
1301 5867 1317 5894 ,
1359 5827 1520 5897 idque
1545 5828 1706 5898 paulo
1733 5824 2005 5883 credulior
2042 5823 2187 5879 llila-

2287 4668 2343 4713 ut
2365 4658 2493 4712 ibid.
2529 4655 2856 4710 monuimus.

2355 4726 2593 4803 (c)AQnid-
2620 4726 2733 4803 sibi
2749 4725 2880 4779 velit
2921 4721 3049 4777 illud
3088 4730 3294 4803 quater,
3325 4733 3432 4774 nun
3464 4718 3620 4803 rasili?
3646 4716 3846 4803 (ligni—sq

2283 4789 2685 4861 cuin'llilarius,
2711 4795 3010 4865 fragmento
3029 4789 3316 4865 superiori,
3341 4807 3487 4845 num.
3517 4789 3608 4853 ‘22,
3630 4789 3847 4845 aflirmet.

2285 4873 2483 4926 nullam
2515 4885 2753 4935 umquam
2779 4863 3022 4922 adversus
3053 4863 3380 4921 Marcellum.
3425 4873 3611 4934 praeter
3643 4877 3741 4913 rant
3761 4871 3852 4935 qua

2289 4932 2681 4999 Surdicensibus
2708 4949 2778 4994 est
2797 4937 3048 4992 dissoluta
3075 4935 3356 5000 sententiis,
3379 4932 3616 5001 deinceps
3637 4932 3851 5002 synodum

2289 5015 2447 5088 fuisse
2475 5023 2806 5088 contractam.

2363 5086 2439 5156 (ά)
2476 5085 2654 5156 Forte,
2687 5079 3072 5156 removere,Avel
3103 5086 3323 5131 remotos
3351 5078 3532 5156 vivere.

2357 5144 2432 5241 (ε)
2474 5154 2910 5236 Mendosadectio
2936 5151 3012 5206 sic
3048 5157 3224 5220 potest
3250 5144 3672 5241 corrig'inzln‘lam
3708 5155 3853 5241 forant

2285 5216 2498 5302 quisque
2524 5226 2878 5298 probissimum
2903 5216 3120 5302 mentem
3157 5260 3167 5272 .
3199 5261 3210 5272 .
3242 5260 3254 5272 .
3287 5219 3614 5283 occultabat;
3645 5216 3741 5277 vel,
3763 5226 3853 5265 runt

2286 5295 2461 5354 eorum
2494 5295 2703 5366 quisque
2737 5336 2750 5350 .
2791 5334 2802 5346 .
2841 5333 2855 5346 .
2888 5295 3186 5366 occultaret.

2361 5373 2427 5440 (f)
2460 5359 2710 5425 Socrates
2745 5367 2835 5440 lib.
2869 5381 2929 5429 tl,
2958 5379 3008 5418 c.
3049 5363 3140 5424 '20,
3183 5377 3246 5440 es
3293 5361 3478 5440 Sabini
3514 5359 3616 5440 fide
3642 5361 3854 5440 recens-ef

2298 5423 2500 5496 ιιιιίἰῖιιιι
2541 5438 2872 5508 septuaginta
2905 5423 2997 5489 sex
3019 5476 3034 5502 ,
3080 5423 3179 5489 nec
3224 5433 3495 5488 habentur
3523 5430 3658 5485 infra
3687 5427 3774 5481 nisi
3800 5423 3854 5477 75

2297 5514 2453 5570 SUbSt‘
2464 5512 2738 5581 riptioues.

2371 5606 2449 5678 (g)
2479 5604 2839 5678 lnnms.._cur_n
2863 5596 3092 5678 icicntia.
3110 5596 3334 5678 Plenior
3352 5595 3603 5678 sic‘esset
3634 5593 3736 5647 haec
3756 5603 3856 5678 scn-

2298 5665 2493 5733 tetiiiit:
2530 5665 2848 5728 Conscientia
2888 5673 3017 5742 forte
3043 5669 3180 5742 mala
3213 5665 3631 5742 prohibebantur,
3670 5679 3758 5732 quo
3780 5674 3858 5742 ,θοι

2295 5731 2408 5804 rum
2433 5747 2775 5818 unusquisque
2805 5731 3010 5800 tiniebat
3046 5731 3230 5798 nudari
3266 5740 3328 5794 ab
3350 5739 3546 5810 aliqua,
3575 5731 3690 5808 quis
3714 5731 3859 5810 palam

2294 5821 2432 5893 ﬁeri,
2456 5828 2563 5878 etc.
