3958 6194
71 294 166 351 669

71 510 202 567 enim
246 506 391 581 quod
449 507 508 578 ii,
545 508 632 579 qui
662 507 947 566 damnatos
994 506 1284 578 recipiunt,
1317 506 1372 563 in
1402 506 1659 567 otl'ensam

70 603 369 671 crimenque
397 600 684 659 incurrunt
711 607 771 655 ut
799 599 1090 656 violatores
1120 599 1420 661 ctelestium
1447 599 1657 672 legum;

71 694 151 751 tali
176 692 504 750 auctoritate
524 692 789 762 judicium
832 692 1163 749 constituere
1202 693 1575 758 conabantur,
1605 699 1663 748 ut

71 802 178 843 sese
198 784 407 855 iudices
434 784 683 859 judicum
731 784 913 841 dicere
962 783 1195 849 vellent,
1230 793 1393 853 atque
1438 800 1658 853 eorum,

73 881 149 952 qui
177 878 285 953 jam
321 894 450 934 cum
484 878 602 933 Deo
641 887 787 945 sunt,
810 878 856 934 si
887 876 968 934 fas
1005 886 1111 945 est,
1138 880 1463 935 sententiam
1503 878 1662 935 refri-

75 988 204 1029 care.
228 971 336 1031 Nos
362 987 496 1028 vero
519 972 844 1047 rogabamus
873 972 995 1027 illos
1025 987 1121 1044 per
1148 973 1410 1043 plurimos
1433 971 1573 1041 dies,
1605 982 1662 1030 ut

75 1082 99 1121 a
116 1082 169 1122 se
190 1064 477 1121 damnatos
504 1065 826 1138 abjicerent,
854 1076 908 1122 et
936 1081 998 1123 se
1024 1067 1281 1124 Ecclesia:
1306 1078 1509 1125 sancta:
1532 1084 1662 1125 con-

73 1160 355 1231 jungerent,
380 1165 551 1229 atque
580 1158 822 1227 patribus
845 1173 968 1214 vera
998 1158 1306 1217 dicentibus
1334 1175 1660 1219 consensum

76 1248 557 1306 accommodarent.
595 1247 701 1305 Sed
731 1249 806 1304 illi
838 1264 898 1307 sc
927 1250 1028 1305 hoc
1054 1248 1294 1308 facturos
1319 1253 1539 1308 omnino
1566 1268 1663 1310 ne:

78 1342 273 1414 gabant.

140 1434 215 1489 l8.
245 1429 522 1511 Delegatos
548 1449 613 1488 ea:
641 1440 860 1503 utraque
883 1441 1029 1508 parte
1070 1431 1357 1490 Mareotam
1384 1435 1659 1495 mittendos

82 1534 372 1599 proponunt.
399 1553 476 1566 —
508 1525 912 1581 Altercantihns
935 1526 1099 1594 igitur
1117 1526 1295 1594 nobis,
1320 1536 1663 1585 emerserunt

80 1619 289 1690 quinque
310 1617 560 1691 episcopi
582 1633 649 1674 ex
680 1618 922 1691 partibus
952 1617 1154 1677 nostris
1176 1660 1191 1685 ,
1223 1620 1315 1695 qui
1342 1621 1661 1692 superstites

83 1710 139 1767 de
170 1720 313 1766 sexto
342 1725 579 1766 numero
608 1725 795 1766 eorum
815 1752 829 1775 ,
862 1711 950 1785 qui
1005 1710 1072 1765 ad
1122 1710 1412 1769 Mareotam
1467 1712 1659 1771 directi

1000 292 1095 352 EX
1134 291 1363 351 OPERE
1401 293 1763 357 HISTORIGO
1798 295 2277 357 FBAGHENTUM
2319 297 2405 354 III.

70 414 325 482 meritate,
356 426 528 484 quam
576 411 811 487 legitima
857 413 1068 471 ratione
1112 413 1372 487 possessi.
1402 412 1659 471 Videntes
1685 421 1732 479 Λ
1763 415 2079 485 volebamus
2119 416 2315 483 talibus
2342 413 2632 490 aliquando
2659 414 2913 487 conjungi

3250 301 3354 357 Οἳ)

2955 435 2966 469 :
2998 416 3144 489 iique
3175 418 3354 490 vulgo,

1764 510 2125 583 omnibusque
2149 511 2402 584 gentibus
2428 512 2448 584 (
2465 516 2508 582 f.
2540 511 2954 583 hominibusque
2990 512 3316 586 gentilibus)
3337 551 3353 583 ,

1764 601 1818 659 id
1847 603 1989 673 quod
2016 604 2158 663 inter
2197 619 2297 660 nos
2324 603 2503 663 fuerat
2541 605 2870 672 referebant,
2901 619 2999 675 pro
3042 606 3182 665 veris
3224 606 3355 662 falsa

1766 694 2058 765 tingentes;
2085 710 2184 753 nec
2220 696 2549 753 discordiam
2579 697 2718 752 inter
2745 713 2844 753 nos
2867 711 2932 754 ett
2964 712 3127 757 causa
3158 699 3247 753 Dei
3267 715 3359 754 or.

1766 796 1898 857 tam,
1933 787 2029 844 sed
2055 806 2122 845 ex
2165 790 2400 845 humana
2428 791 2848 860 praesumptione
2875 790 3186 849 narrabant.
3217 791 3359 847 Divi-.-

1764 880 1850 935 nis
1876 879 2112 937 humana
2140 882 2453 947 miscentes.
2482 894 2539 938 et
2567 881 2951 943 ecclesiasticis
2984 882 3149 939 rebus
3178 884 3358 958 priva-

1765 979 1846 1029 tas
1872 971 2255 1045 adjuitgentes,
2287 973 2521 1029 civitatis
2561 971 2715 1027 nobis
2766 984 3085 1031 concentum
3126 974 3348 1031 seditio-

1764 1080 1996 1136 nemque
2024 1063 2327 1123 contlarunt
2347 1106 2363 1132 ,
2389 1062 2633 1121 dicentes
2663 1079 2761 1119 nos
2802 1079 3017 1136 gravem
3063 1064 3356 1125 schismate

1764 1158 1967 1214 civitati
2012 1159 2330 1228 importasse
2377 1158 2668 1230 injuriatn,
2702 1159 2803 1214 nisi
2848 1159 2991 1225 illis,
3018 1154 3161 1229 qubd
3205 1159 3356 1215 nefas

1763 1257 1900 1317 erat,
1933 1253 2460 1306 communicaretnus
2491 1267 2504 1303 :
2534 1260 2591 1305 et
2611 1250 2727 1306 lucc
2759 1251 3067 1321 frequenter
3091 1250 3357 1305 acclama-

1762 1340 1912 1397 bant.
1944 1341 2054 1398 Nos
2078 1343 2225 1399 enim
2250 1343 2470 1398 omnino
2496 1342 2603 1398 illis
2630 1343 3029 1399 communicare
3062 1343 3352 1410 noluimus,

1764 1438 1868 1494 nisi
1907 1451 2003 1493 eos
2046 1453 2183 1509 quos
2229 1436 2607 1495 damnavimus
2636 1437 3018 1507 projecissent,
3048 1444 3106 1493 et
3130 1436 3353 1508 dignum

1763 1531 2027 1587 honorem
2055 1530 2298 1587 Concilio
2327 1530 2566 1591 Orientis
2592 1532 2912 1587 tribuerent.

1834 1623 1926 1681 20.
1963 1622 2105 1692 Quos
2133 1624 2370 1681 scelestos
2410 1622 2694 1694 pradicant
2715 1663 2730 1689 ,
2758 1623 3114 1683 communione
3139 1622 3356 1681 donatos

1762 1733 1873 1775 esse
1920 1726 2322 1788 conquerantur.
2372 1746 2443 1759 -—
2491 1715 2623 1785 Quae
2681 1730 2810 1772 vero
2856 1715 2957 1785 ipsi
2996 1714 3229 1786 egerint,
3271 1712 3356 1773 vel

83 1803 284 1872 fuerant,
316 1812 714 1872 remanserant,
743 1814 799 1863 et
829 1805 988 1863 talem
1021 1804 1128 1860 illis
1159 1806 1434 1876 optionem
1464 1820 1661 1880 prapo-
1692 1810 1741 1873 Β
1766 1809 1926 1881 quale
1953 1809 2243 1869 concilium
2272 1808 2593 1876 habuerint,
2625 1807 2751 1864 hinc
2779 1806 3058 1864 addiscere
3082 1807 3352 1879 poteritis.

84 1905 199 1957 nunt
226 1916 240 1954 :
270 1897 571 1957 mittendos
593 1914 716 1955 esse
743 1914 809 1955 ex
841 1907 1070 1971 utroque
1107 1900 1338 1956 concilio
1378 1902 1661 1975 episcopos

84 1990 267 2062 aliquos
291 1994 357 2046 ad
387 1992 533 2058 loca,
559 1992 612 2048 in
636 1994 828 2065 quibus
853 1994 1184 2052 Athanasius
1204 1995 1410 2053 scelera
1436 1995 1665 2068 ﬂagitia-

86 2097 174 2154 que
194 2083 455 2145 commisit
471 2126 487 2151 ,
524 2094 586 2141 ut
613 2086 717 2144 sub
746 2087 1126 2144 testiﬁcatione
1151 2088 1246 2144 Dei
1276 2099 1467 2147 cuncta
1491 2074 1665 2146 tichi-

89 2182 156 2229 ter
178 2175 497 2244 scriberent;
528 2185 587 2233 et
615 2178 658 2232 si
684 2177 816 2235 falsa
859 2179 1075 2235 inventa
1104 2180 1301 2237 fuerint
1330 2197 1450 2252 qua:
1477 2183 1660 2238 conci-

90 2268 151 2323 lio
176 2269 553 2334 nuntiavimus.
589 2271 692 2341 ipsi
722 2272 1059 2340 damnemnr,
1093 2289 1194 2330 nec
1226 2275 1662 2345 imperatoribus,

94 2376 175 2416 nec
202 2361 452 2428 concilio,
489 2379 595 2419 nec
638 2362 884 2437 cuiquam
928 2366 1186 2436 episcopo
1230 2380 1660 2438 conqueramur;

95 2453 210 2527 quod
240 2455 280 2509 si
312 2470 497 2517 verum
530 2458 840 2519 constiterit
865 2458 1007 2530 quod
1034 2469 1161 2516 ante
1186 2460 1440 2525 diximus,
1472 2461 1537 2517 ad
1566 2477 1664 2518 nn-

99 2561 279 2609 merum
308 2558 558 2611 nostrum
589 2565 653 2604 ex
680 2548 832 2607 vobis
861 2566 999 2621 quos
1024 2550 1321 2622 delegistis,
1350 2552 1402 2608 id
1433 2562 1547 2619 est,
1573 2555 1665 2627 qui

24 2634 25 2639 “
97 2630 357 2696 Athanasio
385 2650 508 2721 post
543 2640 946 2699 damnationem
978 2644 1535 2714 communicaverunt,
1568 2646 1664 2713 scd

100 2739 142 2785 et
159 2746 239 2786 eos
258 2732 340 2803 qui
366 2732 671 2789 Athanasio
691 2742 744 2790 et
766 2735 1024 2792 Marcello
1053 2734 1295 2795 fautores
1320 2737 1667 2795 defensores-

99 2835 183 2893 que
206 2832 339 2886 snnt,
361 2839 727 2896 exponamus,
759 2841 858 2882 nec
889 2828 1304 2901 imperatoribus
1324 2871 1338 2897 ,
1363 2846 1462 2886 nec
1484 2831 1669 2888 conci?

102 2910 177 2981 lio,
202 2913 356 2989 658
381 2931 479 2971 nec
505 2917 762 2986 cuiquam
791 2918 1047 2989 episeopo
1074 2918 1238 2991 aliqui
1264 2928 1506 2977 vestrum
1536 2936 1667 2985 con-

100 3017 373 3079 querantur.
400 3008 557 3066 Hanc
602 3010 879 3082 optionem
906 3027 935 3067 a
960 3013 1161 3069 nostris
1200 3016 1531 3086 propositam
1567 3017 1667 3073 Os-

102 3098 191 3152 sius
211 3109 258 3154 et
286 3100 618 3176 Protogenes
656 3116 954 3177 omnesque
983 3118 1174 3163 eorum
1214 3106 1345 3165 socii
1390 3108 1679 3177 suscipere-

103 3194 376 3253 timuerunt.

160 3286 233 3343 l9.
282 3288 510 3348 Serdica:
564 3302 895 3367 congregatos
952 3293 1230 3354 infamat.
1277 3324 1351 3337 —
1394 3294 1661 3361 Immensa

102 3390 248 3435 autem
270 3381 609 3447 conﬂuxerat
634 3384 698 3441 ad
741 3385 1020 3443 Serdicam
1053 3388 1341 3445 multitudo
1370 3391 1662 3447 scelerato-

104 3486 197 3527 rum
220 3477 441 3533 omnium
478 3492 550 3534 ac
591 3478 947 3547 perditorum,
981 3481 1382 3541 adventantium
1415 3484 1483 3541 de
1512 3484 1657 3541 Con-

103 3566 429 3641 slautinopoli,
462 3570 539 3626 de
576 3568 903 3626 Alexandria
938 3589 952 3627 :
985 3573 1074 3644 qui
1116 3574 1192 3649 rei
1222 3574 1657 3649 homicidiorum,

105 3660 165 3710 rei
182 3664 452 3731 sanguinis,
477 3664 559 3720 rei
582 3664 767 3729 czedis,
794 3665 873 3720 rei
897 3642 1324 3735 latrociniorum,
1346 3669 1420 3724 rei
1452 3669 1659 3739 prteda-

104 3762 218 3813 rum,
239 3755 306 3807 rei
331 3755 650 3821 spoliorum,
682 3756 1145 3828 nefandorumque
1173 3760 1411 3815 omnium
1433 3762 1659 3818 sacrile-

104 3839 282 3911 giorum
316 3857 364 3901 et
398 3848 690 3907 criminum
734 3850 850 3916 rei;
882 3851 971 3922 qui
1018 3851 1205 3907 altaria
1237 3851 1617 3925 confregerunt
1640 3897 1658 3924 ,

104 3937 317 3995 ecclesias
358 3940 734 4008 incenderunt,
765 3943 1064 4017 domosque
1092 3945 1423 4017 privatorum
1455 3948 1663 4020 compi-

104 4024 310 4084 laverunt
334 4048 346 4096 ;
368 4034 747 4105 profanatores
772 4037 1155 4109 mysteriorum
1175 4038 1297 4107 Dei,
1322 4040 1659 4109 proditores-

105 4131 188 4187 ‘hte
211 4134 655 4183 sacramentorum
683 4127 918 4198 Christi;
945 4130 1035 4202 qui
1060 4129 1281 4202 impiam
1311 4132 1660 4191 sceleratam-

106 4222 187 4277 que
229 4210 592 4277 haereticorum
638 4218 939 4279 doctrinam
983 4232 1170 4278 contra
1211 4223 1470 4282 Ecclesiae
1500 4226 1658 4299 (idem

106 4314 381 4379 asserentes,
405 4312 840 4384 sapientissimos
864 4315 1215 4387 presbyteros
1237 4316 1353 4382 Dei,
1378 4318 1659 4395 diacones,

113 4400 383 4459 sacerdotes
412 4407 671 4463 atrociter
721 4405 1164 4477 demactaverunt
1198 4428 1214 4467 ε
1244 4421 1299 4471 et
1335 4427 1428 4475 eos
1471 4428 1661 4471 omnes

110 4497 259 4545 secum
283 4494 531 4554 collectos
577 4498 631 4553 in
661 4514 764 4555 suo
806 4501 1190 4561 conventiculo
1230 4502 1534 4563 habuerunt
1563 4506 1663 4565 Os-

106 4577 193 4633 sius
217 4591 269 4639 et
291 4584 649 4661 Protogenes;
681 4606 885 4664 eosque
928 4591 1283 4662 honorantes,
1320 4612 1419 4654 uos
1463 4612 1652 4655 omnes
1684 4580 1740 4651 Ῑ)

106 4666 316 4732 diacones
335 4689 386 4735 et
409 4681 833 4753 sacerdotespei
859 4684 1253 4765 deSpiciebant,
1277 4689 1402 4763 quia
1422 4705 1525 4748 nec
1546 4691 1649 4767 ipsi

136 4856 439 4957 .i‘EEEIPE-
463 4869 1362 4957 Ρίιιιφειηεῑει.ςιεοτηοάοὲειψθυε
1381 4874 1523 4932 hand
1551 4876 1653 4957 de:

106 4921 178 5016 igni
193 4921 1652 5016 icrihendidni'51388}diem;'Iféiiii'a‘tuﬂi'vfdit

109 4993 240 5084 _Sirtn.
256 5019 434 5084 uenena}
468 4993 532 5068 Et
557 4993 940 5071 ἐιίὲὧῖέᾷὺᾶ
958 4993 1308 5072 ’ἐᾶίὶιὲῖἐῖῗὸ
1339 4993 1538 5072 sint:
1548 4993 1650 5074 s1;

109 5074 361 5151 prioribus
396 5080 727 5142 Sardicensls
759 5086 952 5142 litteris
983 5085 1090 5141 duo
1133 5086 1483 5143 subscrihunt
1527 5091 1648 5145 Dio-

107 5142 239 5226 usi}.
263 5161 387 5226 ultus
409 5155 469 5206 ab
489 5153 681 5211 Achaia
710 5158 773 5212 de
795 5156 1078 5226 Lignedon,
1098 5157 1233 5213 alter
1251 5158 1316 5212 ab
1330 5142 1556 5215 Arcoidn
1572 5142 1648 5216 ide

148 5210 525 5307 ﬁgeretur-ea
568 5210 1649 5307 “pausans,spoiOgg‘tig.‘in3‘,"oial

110 5283 221 5359 "Ni
243 5301 273 5359 ρ
293 5283 440 5347 Laida
462 5297 508 5350 ἐν
527 5298 674 5359 Δήιδι
705 5283 968 5354 meminit.

167 5351 230 5423 (δ)
255 5355 307 5411 Ill
330 5376 426 5442 ms.
450 5351 1048 5425 Tessttlo—rtt'cemi
1080 5368 1405 5441 Protogenis.
1433 5371 1489 5428 Si
1523 5372 1644 5430 loco

153 5434 391 5484 τοιοςκηη.
414 5446 614 5484 mutam
640 5453 693 5484 nt
722 5457 868 5484 mpm
898 5444 954 5484 lit
979 5443 997 5484 ὅ
1023 5441 1075 5484 ἰιι
1102 5459 1132 5484 ρ
1162 5443 1367 5484 Immun-
1395 5441 1638 5484 Prnlnno.

114 5441 391 5513 "mitem.
414 5446 614 5497 mutato
640 5453 696 5496 ut
722 5457 868 5512 su-pe
898 5444 955 5495 lit
979 5443 997 5495 i
1023 5441 1075 5496 in
1102 5459 1132 5497 e
1161 5443 1367 5512 legatur
1391 5441 1638 5517 Protoge~

111 5496 483 5584 {fﬁhelﬂcietnn
516 5527 618 5566 non
644 5513 956 5584 episcopum
984 5513 1304 5567 Thessalon.
1327 5514 1635 5584 Protogeni,

113 5560 187 5642 ⁸οίὲ
212 5560 529 5648 Ιξτυωςθηείη
557 5560 814 5654 episcopo
835 5560 1174 5639 r'l‘hessalon.
1208 5560 1371 5639 mulia
1412 5560 1640 5642 criﬁii'ifé

114 5630 328 5682 oblcmleu
381 5644 519 5682 Amnl
550 5652 568 5682 I
593 5655 817 5682 ..λιιι-...η
851 5662 1021 5682 Am..--
1066 5658 1279 5682 μαψ-ι.-
1305 5655 1608 5682 ἰνιηηημμε

114 5644 347 5759 maiae.
375 5644 519 5727 Apud
549 5644 817 5708 lithhetim
849 5662 1026 5738 exstat
1052 5658 1279 5710 Joannes
1305 5655 1638 5741 Thessaloni-

116 5721 1436 5824 τ..ηελιξξιιίιὲὶξνέξὲρξξξαέειξξξτιδὲηὲιξείῑ-ξιξξ
1479 5729 1640 5824 eius

153 5776 553 5851 lienalonicensis
566 5776 1199 5868 Epiicobtiioin'én',"noﬁ
1479 5776 1639 5858 i:

1762 1904 1896 1967 Nam
1943 1905 2294 1978 Protogenes,
2346 1906 2488 1963 sicut
2534 1919 2696 1975 supra
2744 1904 3000 1971 diximus,
3049 1901 3188 1973 apud
3240 1908 3362 1956 acta

1750 1996 2227 2063 'anathematizans
2254 1996 2568 2059 Marcellum
2595 2006 2652 2052 et
2683 1996 2929 2062 Paulum,
2962 2003 3147 2065 postea
3175 2008 3276 2053 eos
3303 1993 3360 2051 in

1763 2091 2206 2149 commuttionem
2229 2091 2489 2159 suscepit.
2512 2089 2826 2161 Dionysium
2856 2102 2985 2143 vero
3011 2085 3088 2159 (α)
3115 2086 3181 2141 ah
3211 2085 3360 2145 Elica

1764 2182 2059 2254 provincia:
2081 2182 2325 2248 Achaiae,
2352 2197 2510 2253 quem
2536 2181 2639 2252 ipsi
2671 2190 3058 2255 exposuerunt,
3093 2178 3147 2243 in
3179 2176 3365 2234 conci--~

1766 2275 1838 2329 lio
1868 2272 2190 2333 habuerunt.
2216 2272 2386 2333 Simul
2413 2288 2620 2339 secum,
2650 2281 2707 2335 et
2737 2279 3076 2339 exponentes
3105 2279 3158 2326 et
3194 2283 3365 2339 expo-

1765 2366 1856 2424 siti
1882 2407 1898 2433 ,
1916 2366 2129 2437 judiees
2154 2376 2208 2423 et
2232 2367 2335 2433 rei,
2376 2365 2841 2423 communicantes
2882 2363 3138 2434 mysteria
3178 2360 3362 2419 divina

1767 2464 2120 2530 pertractant.
2170 2457 2396 2515 Bassum
2426 2466 2606 2511 autem
2652 2455 2722 2511 de
2770 2453 3102 2513 Diocletiana
3144 2452 3363 2512 civitate

1767 2549 1822 2605 in
1847 2548 2062 2619 ﬂagitiis
2091 2547 2499 2619 sceleribusque
2518 2545 2813 2619 detectum,
2843 2552 2900 2599 et
2932 2543 3133 2607 merito
3159 2542 3227 2603 de
3255 2542 3362 2614 Sy-

1767 2642 1850 2701 ria
1894 2643 2262 2712 deportatum.
2310 2642 2702 2699 ordinaverunt
2744 2639 3059 2709 episeopum
3099 2653 3115 2690 :
3159 2635 3363 2707 quitu

1767 2734 1908 2805 apud
1955 2736 2104 2806 ipsos
2136 2735 2458 2791 sceleratius
2506 2733 2695 2791 vivens
2722 2732 2992 2797 detectus,
3020 2739 3077 2787 et
3113 2728 3182 2787 ab
3226 2727 3364 2800 ipsis

1767 2831 2075 2897 damnatus,
2108 2845 2232 2887 cum
2265 2829 2398 2900 ipsis
2426 2826 2585 2883 hodie
2616 2825 2829 2881 videtur
2855 2838 2979 2881 esse
3017 2824 3358 2887 coniunctus.

1769 2925 1839 2985 Et
1862 2927 1984 2996 quia
2015 2926 2066 2981 io
2097 2924 2171 2995 (ὁ)
2200 2922 2703 2981 Thessalonicensis
2731 2920 3019 2991 Protogeni
3051 2918 3220 2992 659
3248 2916 3360 2972 fre-t

1768 3028 1996 3090 quenter
2012 3017 2212 3090 probra
2232 3016 2397 3072 multa
2413 3014 2749 3085 criminaque
2764 3012 2982 3085 obiecit,
2999 3010 3140 3083 quod
3157 3010 3363 3077 diceret

1768 3113 1919 3169 illum
1940 3113 2270 3169 concubinas
2293 3118 2351 3168 et
2368 3110 2622 3166 habuisse
2640 3117 2694 3164 et
2716 3107 2937 3171 habere.
2956 3106 3043 3163 cui
3064 3103 3362 3161 communi.

1690 3196 1736 3262 C
1767 3222 2195 3277 carenumquam
2210 3206 2398 3270 voluit,
2415 3218 2555 3261 nunc
2565 3218 2693 3261 vero
2711 3203 2764 3257 in
2777 3200 3070 3261 amicitiam
3089 3206 3360 3268 receptus,

1764 3301 1915 3371 quasi
1934 3300 2176 3369 ῃ‹·]οι·ιιηι
2194 3297 2471 3354 consortio
2496 3305 2848 3365 exnurgatus,
2868 3292 3012 3361 apud
3034 3294 3180 3360 ipsos
3194 3290 3360 3346 hahe-

1764 3403 1851 3450 tur
1888 3400 1950 3449 ut
1983 3392 2184 3461 justus.
2206 3391 2468 3457 Asclepas
2498 3395 2678 3447 alitem
2697 3429 2713 3451 ,
2740 3401 2862 3443 cum
2887 3385 2955 3441 ad
2977 3384 3360 3441 Constantino-

1762 3484 1931 3555 polim
1964 3484 2241 3539 civitatem
2273 3491 2496 3552 prepter
2522 3479 2751 3541 Paulum
2796 3480 3067 3542 venisset,
3101 3485 3223 3546 post
3253 3475 3358 3537 im-

1761 3578 2078 3635 inanitatem
2103 3590 2284 3637 rerum
2306 3573 2773 3642 atrocitatemque.
2798 3568 3069 3629 commisit
3097 3582 3218 3637 quia:
3247 3579 3362 3620 me-

1761 3669 1851 3727 dia
1897 3670 1949 3724 in
1977 3666 2208 3745 ecclesia
2246 3663 2847 3735 Constantitwpolitana
2875 3670 3027 3733 gesta
3055 3667 3204 3728 sunt,
3239 3669 3362 3728 post

1762 3761 1910 3818 mille
1936 3758 2248 3825 homicidia,
2281 3774 2404 3831 qua:
2443 3758 2632 3817 altaria
2670 3757 2788 3827 ipsa
2819 3756 3053 3815 humano
3099 3751 3361 3821 sanguine

1760 3853 2248 3924 coinquinaverunt
2264 3892 2277 3919 ,
2300 3862 2418 3924 post
2448 3849 2855 3913 interfectiones
2878 3848 3103 3906 fratrum
3123 3846 3363 3902 esstinc.

1763 3946 2053 4018 tionesque
2098 3945 2421 4016 gentilium,
2467 3942 2738 4014 hodieque
2791 3957 2914 3998 cum
2969 3940 3154 4003 Paulo.
3204 3937 3361 4009 cujus

1760 4051 1928 4095 causa
1947 4036 2064 4095 hac
2088 4046 2241 4109 gesta
2271 4046 2417 4103 sunt,
2450 4036 2852 4097 communicare
2879 4048 2984 4091 non
3008 4041 3187 4091 cessat
3225 4030 3360 4087 :sed

1761 4142 1818 4191 et
1847 4132 1946 4197 illi,
1975 4129 2068 4201 qui
2101 4145 2198 4203 per
2226 4130 2513 4200 Asclepam
2545 4128 2709 4183 Paulo
2752 4124 3159 4185 communicant
3177 4162 3191 4186 ,
3219 4123 3360 4185 acci-

1760 4226 1973 4298 pientes
1996 4225 2065 4281 ab
2089 4223 2282 4281 eodem
2325 4223 2530 4293 scripta
2567 4229 2728 4290 atque
2749 4219 2817 4277 ad
2857 4219 3006 4277 illum
3056 4217 3354 4277 mittentes.

1763 4320 1842 4387 Ex
1869 4318 1971 4385 hac
1991 4318 2155 4391 igitur
2174 4314 2572 4389 aemulatione,
2591 4323 2753 4384 atque
2774 4329 2839 4369 ex
2871 4311 3204 4386 perditorum
3229 4325 3355 4367 cett-

1760 4415 2100 4485 gregatione,
2120 4410 2277 4482 quale
2298 4408 2538 4480 patuerit
2558 4406 2825 4467 celebrari
2845 4406 3154 4469 concilium.
3178 4405 3230 4463 in
3252 4418 3362 4474 quo

1763 4506 1963 4577 ﬂagitia
1993 4519 2090 4563 sua
2120 4517 2228 4561 non
2256 4510 2367 4559 tam
2398 4501 2693 4572 puniebant
2712 4540 2729 4575 ,
2757 4514 2916 4570 quam
2958 4495 3360 4569 agnoscet-iant?

1835 4598 1926 4659 21.
1956 4596 2056 4655 His
2080 4595 2356 4661 admisceri
2376 4596 2678 4661 detrectant.
2707 4623 2777 4635 -—
2806 4592 2922 4649 Non
2966 4591 3110 4653 enim
3166 4604 3360 4651 secun-

1757 4692 1888 4759 dum
1922 4691 1996 4766 (β)
2029 4706 2150 4761 nos,
2178 4690 2269 4762 qui
2297 4690 2543 4751 ecclesiis
2588 4682 3353 4755 sanctissimisapraesidemus,

1756 4878 1870 4935 cuit
1897 4878 2114 4949 quidem
2141 4879 2194 4935 in
2219 4877 2381 4951 Tyrio
2403 4877 2633 4935 concilio
2657 4873 2963 4951 Alexander
2987 4872 3147 4951 hujus
3165 4871 3359 4951 civim-3

1756 4951 1826 5004 tis
1878 4943 2166 5020 episeopus
2214 4943 2347 5020 :V'ac
2392 4944 3025 5020 prmterea_Athanasi_us
3073 4944 3233 5009 Apol.
3289 4943 3353 4999 ad

1753 5015 1946 5076 Const.
2003 5015 2280 5092 p.tig.l692,
2307 5015 2603 5092 dEfeuttutu
2653 5015 3214 5092 Tltessal_t_)_nicensent_
3240 5032 3355 5071 tne-

1757 5103 1953 5160 morat,
1986 5084 2184 5147 cui'vis
2221 5084 2276 5144 in
2303 5088 2584 5145 Mediolani.
2615 5089 2842 5143 concilio
2871 5085 3016 5141 illata
3052 5087 3159 5160 sit,
3183 5084 3355 5143 donec

1754 5162 1822 5216 ab
1846 5156 2122 5217 Athanasii
2146 5162 2526 5216 comumnione
2547 5176 2606 5215 se
2629 5173 2966 5216 recessurum
2992 5156 3348 5228 promitteret.

1754 5231 1861 5288 Sed
1894 5233 2099 5286 millmn
2154 5233 2404 5286 novimus
2430 5230 2716 5287 Joannem.
2750 5229 2846 5283 Vix
2878 5229 3169 5298 ambigere,
3204 5228 3347 5293 licet,

1751 5304 1880 5374 quin
1913 5304 2002 5358 hic
2030 5304 2168 5358 idem
2199 5313 2444 5370 notetur,
2470 5303 2558 5373 qui
2587 5304 2637 5355 in
2671 5301 2975 5374 Sardicensi
3006 5297 3223 5374 synodo
3242 5300 3351 5374 ρο-

1747 5368 2108 5430 cidentalibns
2130 5374 2353 5443 junctus
2378 5368 2693 5435 sdhécribit,
2722 5389 2829 5443 non
2860 5368 3107 5436 Joannes,
3134 5370 3225 5443 sed
3248 5369 3351 5424 Ae-

1747 5446 1885 5500 tltitts
1903 5463 1933 5500 α
1958 5440 2262 5501 Macedonia
2290 5446 2353 5500 de
2386 5443 2769 5500 Thessalonica.
2791 5440 2949 5498 Forte
2969 5444 3128 5495 etiam
3156 5440 3352 5496 littera:

1749 5517 1801 5591 i_o
1853 5534 1973 5591 non
2004 5527 2129 5591 suqt
2160 5517 2495 5591 primm._sed
2530 5524 2816 5591 pestremm
2848 5514 3080 5575 nominis
3110 5512 3351 5591 episcopi

1750 5583 2272 5643 Thessalonitiensis.
2311 5583 2570 5656 Adeoque
2594 5586 2724 5642 nihil
2759 5594 2905 5640 vetat
2934 5598 3041 5657 quo
3071 5583 3250 5639 minus
3274 5583 3350 5641 le-

1746 5669 1924 5730 gatur.
1950 5657 2131 5715 Aetltio
2159 5657 2603 5716 Tltessaloniceusi
2630 5659 2959 5730 Protogenes,
2989 5666 3094 5709 etc.

1823 5729 1897 5802 (ε)
1921 5731 2018 5791 Hic
2048 5730 2389 5788 desideratur
2417 5750 2505 5791 eos
2531 5748 2549 5788 :
2577 5748 2639 5788 ac
2673 5724 2853 5802 postca
2893 5728 2973 5784 his
2995 5724 3348 5802 repetendum

1748 5797 1895 5865 esset
1918 5803 2139 5863 verbum
2170 5818 2345 5862 sumtu
2370 5822 2390 5862 :
2408 5813 2559 5880 puta,
2583 5797 2839 5866 nouerunt
2863 5797 3137 5859 secundum
3162 5813 3248 5861 eos
3271 5797 3349 5874 (id
