3958 6194
557 291 660 350 67-1

1792 288 2035 348 SANCTI
2077 285 2329 344 HILARII
2373 285 2681 343 EPISCOPI

3743 283 3837 338 (πὶ

555 409 880 483 populisque
915 418 1153 465 rectores
1179 423 1388 478 sumus,
1425 408 1688 465 donantes
1716 415 1772 464 et
1795 405 2155 470 dimittentes,
2185 407 2237 468 Α
2265 400 2554 456 traditione
2583 399 2865 456 discedere
2895 415 3000 455 non
3041 413 3353 471 possumus,
3382 396 3508 469 quia
3549 411 3648 453 nec
3688 399 3829 457 talem

556 515 682 572 quae
729 501 798 555 ab
835 500 966 571 ipsis
1016 515 1116 554 nec
1153 500 1350 554 dimitti
1382 514 1633 571 umquam
1659 505 1887 569 possunt
1918 510 2018 552 nec
2061 494 2159 578 dos

558 595 676 650 nari
701 611 712 624 ·
745 593 942 663 quique
968 593 1131 648 etiam
1163 593 1417 649 Marcello
1436 603 1492 650 et
1521 593 1818 649 Athanasio
1840 591 2160 661 caeterisque

563 687 842 744 sceleratis
881 684 1078 756 ﬂagitia
1111 688 1500 758 blaSphetnias,
1530 704 1650 758 qua:
1681 687 1831 743 nefas
1872 684 2048 740 fuerat
2075 685 2158 739 di-

563 781 801 845 mittere,
826 781 1204 836 condonarunt
1238 800 1250 835 :
1283 798 1404 837 cum
1433 783 1693 850 scriptum
1721 782 1813 847 sit,
1839 781 1900 834 Si
1923 795 2162 848 peccave-

558 872 628 927 rit
655 873 804 926 homo
826 873 879 924 in
908 874 1187 939 hominem,
1222 875 1436 927 orabunt
1468 890 1560 942 pro
1588 889 1645 927 eo
1667 873 1734 926 ad
1767 871 2048 925 Dominum
2072 886 2092 935 ,°
2118 871 2160 923 si

557 973 731 1017 autem
775 965 829 1017 in
863 962 1028 1018 Deum
1070 967 1355 1035 peccaverit
1388 968 1559 1030 homo,
1591 965 1704 1036 quis
1752 963 1914 1018 orabit
1964 980 2056 1032 pro
2102 979 2162 1040 eo

563 1054 772 1130 (lReg.
804 1072 841 1112 tt
865 1098 878 1120 ,
909 1057 982 1113 25
1001 1059 1061 1126 )?
1093 1057 1206 1113 Nos
1230 1069 1400 1113 autent
1430 1059 1582 1113 talem
1609 1059 2033 1112 consuetudinem
2063 1075 2164 1112 non

562 1149 830 1214 habemus,
860 1167 952 1205 nec
992 1150 1228 1206 Ecclesia
1259 1151 1361 1206 Dei
1393 1153 1412 1224 (
1432 1153 1450 1206 Ι
1480 1152 1599 1208 Cor.
1633 1169 1724 1216 x1,
1753 1150 1876 1223 16).
1911 1151 2016 1207 Sed
2066 1167 2166 1208 nec

566 1242 683 1298 haec
712 1244 914 1298 docere
940 1243 1154 1312 aliquos
1184 1246 1436 1313 patimur,
1485 1259 1584 1299 nec
1630 1259 1797 1298 novas
1851 1243 2165 1298 traditiones

565 1335 859 1391 inducere:
897 1351 962 1388 ne
993 1334 1297 1404 proditores
1331 1335 1452 1389 ﬁdei
1502 1336 1896 1404 traditoresque
1923 1333 2166 1401 Scriptu-

567 1441 748 1481 rarum
775 1425 1094 1490 divinarum,
1131 1425 1273 1496 quod
1309 1427 1456 1481 nefas
1485 1435 1592 1494 est,
1623 1427 1889 1494 dicamur,
1915 1443 1981 1482 ne
2011 1440 2040 1481 a
2062 1427 2168 1481 Do-

569 1521 720 1576 mino
751 1529 807 1574 et
830 1520 898 1574 ah
926 1519 1234 1576 hominibus
1260 1519 1710 1576 condemnemur.

639 1613 733 1668 ’22.
755 1611 1062 1668 Schismatis
1080 1612 1330 1666 invidiam
1350 1613 1404 1667 in
1438 1612 1794 1667 Occidentales
1813 1613 2072 1685 rejiciunt.
2099 1641 2169 1652 --

569 1708 771 1764 Verum
798 1708 872 1762 illi
901 1707 1196 1778 supradicti
1223 1709 1384 1762 etiam
1409 1707 1525 1762 haec
1551 1707 1811 1763 adversus
1842 1722 1942 1762 nos
1965 1705 2170 1760 machi-

2261 495 2638 550 auctoritatem
2668 493 2899 562 sumpsit
2921 493 3181 557 Ecclesia,
3216 507 3317 547 nec
3344 491 3506 546 talem
3546 500 3837 561 potestatem

2261 603 2291 642 a
2323 585 2434 641 Deo
2466 587 2702 658 accepit;
2732 585 3076 657 supradictos
3115 585 3181 640 ad
3231 586 3496 640 honorem
3525 585 3840 654 dignitatem-

2263 697 2368 751 que
2401 681 2658 736 Ecclesia:
2685 696 2783 736 nec
2809 681 2908 750 ipsi
2941 679 3285 752 suscipimus,
3309 687 3367 732 et
3392 677 3750 748 suscipientes
3772 679 3838 732 di-

2264 791 2368 846 gne
2422 776 2760 830 damnamus.
2814 774 2921 830 Sed
2967 789 3069 830 nec
3119 773 3278 839 alios,
3326 771 3415 840 qui
3472 781 3567 825 aut
3614 770 3738 824 olim
3771 785 3844 827 aut

2269 879 2454 939 postea
2485 871 2678 922 merito
2709 866 2949 921 damnati
2979 877 3126 930 sunt,
3158 864 3211 918 in
3256 863 3500 918 Ecclesia
3537 851 3844 931 recipimus,

2265 961 2603 1016 adhaerentes
2635 940 2840 1030 legibus
2871 958 2962 1013 Dei
2995 955 3484 1023 traditionibusque
3513 954 3751 1023 paternis
3774 965 3844 1008 at.

2266 1071 2374 1128 que
2403 1054 2784 1110 ecclesiasticis
2808 1051 3108 1120 disciplinis
3129 1091 3142 1117 ,
3172 1049 3461 1103 credentes
3487 1048 3762 1118 propheta:
3784 1049 3850 1103 di-

2268 1153 2409 1207 centi
2445 1169 2457 1204 :
2493 1150 2620 1204 Noli
2646 1147 2935 1220 transgredi
2980 1146 3222 1200 terminos
3251 1153 3494 1206 wtcrnos,
3525 1158 3650 1212 quos
3691 1159 3851 1209 posue-

2269 1255 2388 1299 runt
2418 1254 2589 1314 patres
2621 1244 2694 1296 tui
2725 1240 2910 1312 (Prov:
2943 1255 3074 1305 χχιι,
3104 1239 3220 1310 28).
3246 1237 3427 1305 Quare
3451 1249 3553 1288 nos
3583 1250 3851 1305 numquam

2272 1339 2375 1392 lixa
2399 1337 2678 1405 solidaque
2701 1335 3039 1389 Concutimns
3073 1348 3087 1385 :
3129 1331 3223 1384 sed
3256 1330 3428 1400 magis
3455 1342 3520 1382 ea
3541 1343 3660 1398 qum
3689 1338 3805 1382 sunt
3828 1343 3853 1381 a

2272 1429 2589 1502 parentibus
2615 1427 2905 1482 constituta
2937 1437 3238 1478 serramus.

2343 1523 2666 1591 24.‘Quibus
2711 1524 3001 1593 negandum
3045 1529 3286 1574 censeant
3330 1517 3756 1573 communionem.
3797 1547 3854 1557 ——

2273 1619 2402 1675 Post
2427 1620 2596 1673 multa
2624 1618 2788 1688 igitur
2809 1658 2824 1683 ,
2848 1613 3185 1670 dilectissimi
3216 1613 3410 1668 fratres
3431 1654 3443 1676 ,
3478 1612 3594 1665 lisec
3629 1611 3776 1665 vobis
3802 1627 3853 1664 ex

2272 1719 2461 1781 aperto
2484 1709 2824 1776 mandamus,
2847 1724 2912 1763 ne
2932 1706 3054 1778 quis
3076 1715 3317 1761 vestrum
3339 1705 3408 1758 ab
3429 1705 3611 1773 aliquo
3635 1706 3854 1758 circum-

572 1801 860 1856 nabantur.
899 1801 964 1854 Et
990 1801 1245 1871 quoniam
1284 1800 1564 1865 sciebant,
1596 1815 1693 1856 nos
1732 1814 1836 1853 non
1871 1813 2029 1868 posse
2072 1797 2172 1853 sibi

2285 1801 2470 1858 ventus
2497 1801 2785 1872 aliquando
2823 1800 3206 1862 communicet,
3240 1799 3292 1852 id
3326 1807 3440 1862 est,
3470 1795 3652 1858 Ossio.
3688 1795 3858 1849 Proto-

571 1895 926 1950 scelestarum
971 1891 1046 1966 (τι)
1083 1893 1348 1950 beneﬁcio
1391 1895 1832 1960 communicare;
1858 1908 1926 1948 ex
1953 1891 2171 1962 scriptis

573 2001 675 2040 nos
732 1985 1123 2056 Imperatorum
1177 1995 1383 2041 terrere
1433 1986 1717 2057 putabant,
1761 1993 1818 2040 ut
1866 1985 2063 2041 invitos
2103 1984 2170 2039 ad

571 2093 726 2133 suam
780 2079 1214 2134 communionem
1267 2078 1544 2132 traherent
1585 2096 1597 2132 :
1639 2086 1693 2132 et
1738 2077 1811 2149 (b)
1856 2077 2176 2146 speetabant

575 2170 742 2226 dividi
775 2172 942 2226 totius
968 2171 1150 2226 mundi
1172 2169 1492 2242 profundam
1525 2170 1787 2227 Ecclesia
1807 2179 2175 2239 aeternamque

579 2277 766 2333 pacem
815 2273 1038 2334 propter
1080 2265 1434 2319 Athanasium
1480 2270 1538 2319 et
1568 2263 1878 2319 Marcellum
1908 2304 1923 2329 ,
1957 2271 2176 2333 propter

579 2371 716 2427 quos
745 2373 940 2412 nomen
965 2355 1188 2417 Domini
1217 2356 1620 2426 blasphematur
1648 2356 1702 2410 in
1732 2355 2007 2426 gentibus,
2040 2369 2174 2426 quos

583 2450 892 2520 oportebat,
920 2450 964 2505 si
984 2451 1035 2504 in
1063 2465 1122 2505 se
1151 2450 1353 2521 aliquid
1379 2450 1589 2505 timoris
1619 2449 1714 2505 Dei
1745 2449 2080 2515 habuissent,
2110 2464 2177 2504 nc

587 2542 744 2598 turbo
785 2544 884 2598 iste
911 2544 1000 2614 qui
1031 2559 1127 2614 per
1166 2545 1314 2614 ipsos
1337 2554 1494 2598 natus
1521 2552 1603 2599 e‘st
1629 2553 1994 2616 permaneret,
2023 2557 2053 2596 a
2080 2557 2176 2597 sua

585 2637 904 2708 pravissima
939 2638 1358 2707 praesumptione
1385 2637 1470 2691 vel
1492 2652 1615 2692 sero
1638 2637 1917 2692 discedere
1938 2677 1953 2702 ,
1985 2651 2050 2690 ne
2091 2636 2174 2706 ip-

583 2745 767 2786 sorum
815 2746 977 2786 causa
1005 2741 1197 2788 contra
1231 2747 1352 2787 sese
1395 2731 1737 2787 scinderetur
1785 2731 2019 2786 Ecclesia
2046 2747 2058 2782 :
2084 2739 2179 2785 aut

581 2823 628 2879 si
675 2824 726 2878 in
769 2823 858 2887 iis,
901 2826 991 2894 qui
1035 2840 1132 2892 pro
1181 2825 1311 2894 ipsis
1359 2834 1590 2890 certant,
1649 2833 1822 2879 metus
1867 2824 1961 2877 Dei
2009 2831 2175 2887 esset,

581 2917 790 2972 etiamsi
821 2917 954 2972 nihil
982 2931 1105 2973 esse
1130 2917 1438 2973 damnabile
1467 2918 1607 2989 apud
1635 2919 1778 2987 ipsos
1806 2917 2142 2971 inveniretur
2161 2960 2175 2981 ,

580 3007 746 3080 660
774 3016 950 3064 tamen
992 3019 1045 3063 ct
1090 3009 1234 3078 quod
1275 3019 1494 3079 propter
1535 3012 1682 3078 ipsos
1715 3011 1891 3063 unitas
1921 3008 2178 3064 Ecclesia:

583 3100 867 3167 scinditur,
895 3111 949 3156 et
972 3112 1192 3170 propter
1218 3100 1462 3156 insanam
1493 3099 2179 3170 rabiem'cupiditatemque

2273 1895 2417 1967 geni,
2469 1895 2786 1958 Athanasio,
2835 1891 3114 1956 Marcello,
3158 1889 3425 1960 Asclepio,
3461 1889 3649 1955 Paulo,
3686 1887 3856 1952 Julio;

2276 1990 2371 2045 sed
2399 2003 2499 2044 nec
2526 1990 2777 2058 cuiquam
2809 1986 3186 2040 damnatorum
3216 1983 3286 2038 de
3315 1982 3560 2037 Ecclesia
3589 1991 3768 2036 sancta
3791 1996 3860 2036 re-

2272 2081 2448 2152 jectis,
2482 2095 2660 2151 neque
2690 2079 2854 2134 sociis
2877 2078 3116 2147 ipsorum
3135 2117 3149 2139 ,
3178 2077 3268 2145 qui
3299 2075 3403 2129 illis
3425 2076 3541 2128 sive
3569 2089 3664 2142 per
3683 2087 3741 2128 se
3763 2072 3856 2127 sive

2279 2193 2376 2250 per
2417 2177 2615 2246 scripta
2666 2174 3093 2230 communicant.
3124 2172 3302 2239 Quare
3349 2184 3448 2225 nec
3492 2184 3591 2224 vos
3636 2168 3703 2222 ad
3757 2166 3857 2222 illus

2276 2271 2514 2327 scribere
2543 2284 2792 2340 umquam
2817 2267 3056 2333 debetis,
3088 2279 3190 2320 nec
3212 2264 3280 2319 ab
3305 2264 3437 2334 ipsis
3474 2263 3679 2333 scripta
3707 2263 3855 2317 susci-
3930 2249 3931 2334 ξ

2279 2379 2424 2436 pere.
2450 2362 2566 2418 Jam
2595 2361 2737 2431 quod
2788 2369 3060 2460 superest;
3105 2373 3322 2412 oramus
3374 2370 3472 2411 vos
3497 2397 3514 2424 ,
3543 2354 3853 2410 dilectissimi

2278 2455 2517 2519 Fratres,
2548 2462 2606 2509 ut
2634 2454 2825 2508 unitati
2858 2448 3112 2507 Ecclesiae
3142 2448 3439 2504 consulatis
3460 2455 3520 2502 et
3549 2448 3664 2516 paci
3691 2461 3856 2517 perite

2280 2559 2413 2616 ture;
2443 2562 2661 2605 sanctos
2710 2548 2994 2618 episcopos
3043 2544 3288 2616 eligatis,
3321 2541 3602 2612 inquibus
3650 2549 3702 2596 et
3746 2540 3855 2594 ﬁdes

2279 2643 2482 2713 integra
2512 2651 2564 2696 et
2595 2650 2779 2696 sancta
2812 2639 2877 2693 sit
2906 2638 3047 2704 vita;
3086 2637 3445 2691 abhorrentes
3486 2650 3618 2701 eos,
3651 2635 3738 2705 qui
3779 2648 3856 2704 pro

2279 2733 2596 2789 criminibus
2627 2733 2737 2786 suis
2765 2731 2834 2786 ab
2857 2730 3201 2799 episcopatus
3233 2728 3441 2782 honore
3461 2726 3708 2782 discincti
3730 2737 3852 2789 sunt,

2281 2825 2572 2890 volantque
2601 2823 2796 2877 iterum
2821 2807 3061 2889 recipere
3093 2811 3288 2873 locum
3309 2860 3324 2884 ,
3353 2833 3514 2888 quem
3555 2809 3733 2888 digne
3775 2832 3853 2886 pro

2281 2916 2394 2972 suis
2418 2915 2580 2988 661
2605 2913 2933 2969 facinoribus
2957 2912 3258 2966 amiserunt
3285 2927 3298 2965 :
3324 2911 3605 2981 magisque
3623 2910 3851 2966 hosexse-

2281 3013 2530 3077 cramini,
2556 3027 2692 3081 quos
2721 3018 2842 3080 post
2863 3007 3070 3062 facinus
3091 3007 3287 3060 videtis
3314 3005 3498 3076 pejora
3522 3005 3850 3059 committere.

2282 3104 2394 3159 Nec
2440 3103 2725 3158 Dominum
2775 3100 2998 3156 audiunt
3047 3100 3358 3154 dicentem:
3395 3097 3654 3163 Peccasti,
3685 3097 3854 3166 quiesce

587 3194 849 3248 honorum
882 3209 982 3264 pax
1018 3194 1278 3262 profunda
1307 3194 1659 3258 subvertitur,
1691 3193 1962 3249 exsecrari
1989 3207 2086 3248 eos
2115 3208 2178 3248 ac
2205 3197 2249 3258 C
2284 3197 2474 3269 (Ereti.
2504 3213 2626 3263 XXI,
2654 3195 2728 3268 l).
2765 3196 2840 3269 (Δ)
2868 3194 3116 3250 Inltibere
3143 3194 3390 3248 nesciunt
3419 3193 3562 3247 enim
3581 3234 3594 3254 ,
3621 3201 3671 3246 et
3700 3191 3852 3244 fortio-

587 3285 914 3358 perhorrere
940 3286 1220 3342 deberent.

659 3379 748 3434 23.
783 3377 1028 3432 Ecclesia:
1057 3387 1244 3448 negant
1273 3379 1399 3432 olim
1425 3379 1682 3448 depositas
1713 3378 2016 3432 restituendi
2042 3389 2185 3452 pote-

586 3481 790 3527 statem.
810 3501 881 3513 —-
903 3469 1039 3526 Cum
1078 3473 1150 3526 ita
1179 3487 1267 3526 res
1303 3485 1525 3527 currere
1554 3470 1860 3525 videremus
1879 3511 1895 3537 ,
1921 3471 1985 3524 ad
2031 3483 2183 3524 suam

589 3567 816 3637 patriam
846 3565 1058 3634 regredi
1101 3576 1347 3620 nostrum
1391 3564 1730 3634 unusquique
1766 3561 2043 3618 decrevit:
2075 3563 2185 3632 pla-

589 3660 811 3728 ettitque
847 3659 1002 3713 nobis
1045 3659 1117 3726 (c)
1153 3657 1222 3712 de
1264 3657 1487 3712 Serdica
1533 3656 1793 3723 scribere,
1845 3665 1902 3712 et
1951 3672 2012 3712 ea
2068 3673 2186 3725 qum

588 3760 740 3821 gesta
769 3763 895 3805 sunt
935 3752 1197 3814 nuntiare,
1243 3761 1590 3821 nostramque
1639 3753 1962 3805 sententiam
2008 3751 2191 3808 decla-

588 3858 736 3898 rare.
766 3841 878 3897 Nos
917 3843 1060 3898 enim
1118 3843 1471 3897 Athanasium
1519 3853 1575 3899 et
1627 3842 1970 3908 Marcellum,
2003 3845 2092 3915 qui
2136 3847 2186 3899 itt

591 3934 876 3990 Dominum
925 3935 1090 4005 impie
1139 3923 1574 4003 blaspltemantes
1625 3937 1874 3992 scelerati
1916 3937 2187 4002 vixerunt,

590 4028 868 4098 expositos
893 4027 1022 4082 olim
1049 4037 1212 4098 atque
1243 4027 1527 4083 damnatos
1550 4045 1655 4082 non
1690 4043 1974 4097 possumus
1998 4030 2189 4085 iterum

591 4123 644 4179 in
673 4123 1017 4192 episcopatus
1043 4123 1318 4176 honorem
1371 4122 1650 4189 suscipere
1685 4138 1697 4176 :
1732 4104 1932 4192 quique
1977 4121 2193 4177 cruciﬁ—

589 4227 780 4289 gentes
805 4231 995 4271 verum
1029 4201 1102 4289 (Ῑ.
1135 4215 1367 4287 iterum)
1403 4216 1567 4270 lilium
1591 4217 1711 4283 Dei,
1739 4228 1900 4288 atque
1922 4217 2074 4273 illum
2100 4219 2194 4274 de-

592 4325 700 4365 nuo
729 4308 1088 4377 publicantes,
1112 4307 1326 4362 acerbis
1353 4308 1545 4363 ictibus
1565 4307 1899 4364 conﬁxerunt
1918 4307 2102 4382 (Hebr.
2118 4325 2190 4377 vr,

591 4398 670 4472 6).
707 4400 860 4454 Alter
880 4399 1024 4455 enim
1057 4401 1320 4468 ipsorum,
1355 4399 1783 4470 blasphemando
1815 4401 1867 4455 in
1899 4399 2066 4456 ﬁlium
2101 4401 2195 4456 Dei

591 4505 754 4564 atque
784 4495 835 4547 in
859 4493 975 4564 ejus
999 4508 1246 4563 regnum,
1279 4502 1480 4547 aeterna
1513 4502 1688 4550 morte
1717 4507 1962 4550 mortuus
2000 4506 2084 4551 est
2112 4511 2197 4551 se-

2284 3305 2373 3345 res
2393 3290 2460 3345 de
2486 3289 2780 3345 sceleribus
2805 3287 3115 3343 efﬁciuntur
3147 3307 3159 3340 ;
3194 3294 3249 3342 et
3273 3294 3476 3355 quanto
3520 3285 3637 3353 plus
3664 3284 3711 3336 in
3735 3297 3844 3352 gur-

2285 3383 2452 3456 gitem
2474 3383 2723 3438 vitiorum
2756 3391 3035 3452 mergunt,
3075 3387 3224 3433 tanto
3263 3380 3382 3448 plus
3426 3378 3612 3433 urbem
3659 3377 3851 3431 subver-

2286 3487 2426 3534 tunt.
2454 3476 2824 3535 Seditionibus
2868 3483 3124 3529 vacantes
3144 3514 3160 3541 ,
3191 3471 3331 3527 bella
3379 3470 3850 3541 persecutionesque

2286 3571 2578 3626 acerrimas
2629 3569 2831 3623 sanctis
2880 3565 3139 3623 Ecclesiis
3179 3565 3450 3635 ingerunt,
3509 3571 3565 3618 et
3611 3560 3850 3633 tyrannica

2290 3678 2439 3718 more
2464 3661 2688 3731 populos
2718 3658 2927 3714 Domini
2977 3659 3029 3712 in
3058 3671 3214 3711 suum
3259 3655 3559 3710 dominium
3605 3653 3841 3722 captivae

2291 3756 2652 3814 contendunt.

2361 3851 2452 3906 25.
2499 3847 2781 3915 Perperam
2821 3855 3015 3901 tantam
3047 3844 3306 3916 synodum
3340 3851 3574 3896 coactam
3602 3840 3852 3894 volunt.—

2292 3943 2534 4010 Namque
2558 3956 2623 3995 ex
2657 3940 2740 3994 his
2762 3941 2922 3994 rebus
2959 3936 3223 4007 pessimos
3261 3949 3448 3990 eorum
3479 3944 3696 3988 conatus
3716 3943 3852 4000 agno-

2292 4037 2447 4097 scite,
2482 4033 2698 4104 quando
2724 4031 2883 4087 talem
2919 4027 3120 4083 mundo
3149 4031 3488 4096 tempestatis
3507 4023 3773 4094 procellam
3793 4021 3854 4072 itt-

2293 4128 2586 4190 dttxerunt,
2628 4137 2686 4180 ut
2719 4125 2993 4178 Orientem
3029 4109 3195 4191 prope
3241 4128 3409 4174 totum
3441 4117 3854 4181 Occidentemque

2294 4221 2612 4283 turbarent;
2657 4227 2714 4272 ut
2740 4217 3114 4285 relinquentes
3142 4213 3339 4284 singuli
3371 4209 3756 4267 ecclesiasticas
3779 4219 3852 4259 cu-

2295 4328 2403 4379 ras,
2438 4312 2773 4382 p0pulosque
2806 4308 2901 4364 Dei
2926 4307 3264 4372 deserentes,
3315 4314 3484 4374 atque
3526 4304 3690 4372 ipsam
3713 4299 3856 4354 Evan-

2295 4405 2421 4476 gelii
2449 4404 2757 4460 doctrinam
2788 4409 3203 4472 postponentes,
3248 4397 3317 4453 de
3363 4398 3654 4468 longinquo
3677 4392 3855 4450 adveni-

2299 4514 2480 4554 remus
2521 4511 2682 4551 senes
2721 4503 2884 4549 aetate
2912 4507 3126 4563 graves,
3160 4505 3393 4562 corpore
3422 4489 3650 4555 debiles,
3676 4486 3851 4555 aegritu-

592 4588 720 4643 mel.
747 4589 898 4642 Alter
928 4587 982 4641 in
1005 4601 1203 4656 corpus
1227 4586 1436 4641 Domini
1463 4585 1638 4657 (adde,
1667 4585 1748 4658 et)
1782 4588 2037 4656 mysteria
2069 4587 2186 4656 ejus
2214 4582 2264 4642 D
2290 4591 2415 4646 dine
2462 4589 2656 4645 inﬁrmi
2687 4587 3164 4656 (trahebamurque
3193 4601 3288 4654 per
3308 4585 3544 4649 diversa,
3571 4592 3844 4651 nostrosque

591 4679 871 4750 pr0phano
902 4693 1053 4734 more
1079 4679 1333 4733 atrociter
1355 4691 1584 4746 peccans
1605 4718 1618 4739 ,
1650 4687 1955 4748 caeteraque
1982 4678 2180 4750 ﬂagitia

593 4773 900 4828 immaniter
919 4789 1134 4843 gerens.
1169 4773 1551 4842 episcoporum
1577 4773 1847 4827 sententia
1873 4773 2078 4843 ejectus
2103 4783 2189 4830 est

592 4881 754 4940 atque
790 4867 1094 4924 damnatus.
1138 4867 1497 4934 Quamobrem
1531 4866 1782 4938 quoniam
1827 4883 1858 4923 a
1905 4877 2188 4938 parentum

596 5041 701 5097 est,
721 5031 785 5086 ad
810 5037 1014 5087 morem
1032 5029 1244 5099 eorum)
1263 5044 1354 5083 nos
1373 5028 1458 5098 qui
1476 5026 1698 5081 ecclesiis
1717 5027 2050 5084 sanctissimis
2064 5045 2196 5099 pra:-

597 5103 841 5161 sidetnus.
887 5105 1193 5175 papulisqne
1235 5114 1474 5175 rectores
1506 5115 1707 5175 sumus,
1740 5114 1926 5175 sumus
1948 5101 2197 5175 donantes

596 5187 643 5229 et
685 5169 1011 5231 dimittentes.
1051 5169 1164 5244 qua:
1197 5169 1474 5244 αὺνὶρεῑεγ(
1495 5170 1786 5224 secundum
1815 5170 2197 5228 ecclesiasticae

595 5247 894 5306 disciplina:
928 5243 1104 5315 lt-geS)
1132 5261 1223 5297 nec
1249 5243 1437 5298 dimitti
1465 5243 1707 5315 possunt,
1731 5251 1837 5296 etc.

667 5315 742 5400 (α)
761 5315 873 5400 ῌοο
900 5313 1004 5400 est,
1031 5313 1292 5400 beneﬁcio
1312 5313 1708 5369 communionis
1733 5329 1796 5369 ac
1837 5314 2077 5382 pristina:
2117 5314 2200 5370 di—

596 5385 817 5460 gnitatis
842 5387 1088 5460 scelestis
1119 5385 1341 5460 indulto.

671 5459 745 5529 (b)
769 5459 962 5522 Faber,
985 5458 1246 5529 asterisco
1270 5455 1355 5510 hic
1376 5457 1622 5529 apposito
1639 5455 1788 5529 quasi
1813 5455 2010 5525 aliquid
2030 5456 2188 5520 desit,

597 5531 730 5601 legit
778 5542 986 5599 postea,
1039 5528 1333 5601 spectabunt
1373 5528 1542 5601 dividi»
1579 5528 1732 5601 totius
1774 5528 1953 5580 mundi
1974 5531 2193 5599 profun-

607 5598 749 5665 dum,
776 5598 880 5656 etc.
919 5601 1021 5654 Pro
1049 5600 1358 5668 profundunt
1381 5641 1394 5662 ,
1429 5613 1495 5652 co
1523 5598 1730 5652 facilius
1759 5601 2032 5666 posuimus
2070 5598 2196 5667 pro-

607 5673 843 5741 (undam,
865 5671 1008 5741 quod
1033 5686 1153 5724 mox
1186 5677 1431 5741 recurrat
1449 5685 1552 5741 paa:
1575 5669 1832 5738 profunda
1859 5671 2185 5741 subvertitur.

509 5774 514 5778 -
608 5737 742 5809 Nam
771 5737 1058 5809 spectabant
1083 5757 1189 5808 prm
1216 5756 1273 5793 se
1301 5740 1406 5809 felt
1429 5737 1752 5809 archetypos
1777 5755 1877 5792 ius.
1907 5739 2060 5796 Unde
2083 5743 2193 5809 jam

616 5759 742 5792 nam
771 5759 1058 5809 specravmtt
1083 5759 1189 5808 pl'zl‘.
1216 5759 1273 5793 SB
1301 5759 1406 5793 tert
1429 5759 1752 5808 arcnetypus
1777 5759 1877 5792 [ιι-ε.
1911 5759 2060 5796 υηιιθ
2109 5759 2193 5796 am

616 5806 776 5863 tlcttsn
809 5808 1016 5876 integro
1049 5809 1296 5872 habetur;
1327 5803 1565 5864 Ecclesia-
1595 5801 1751 5861 totlnr
1774 5808 1950 5863 mundi
1979 5759 2195 5881 )tt'oititld

2291 4693 2611 4756 aegrotantes
2655 4683 2708 4738 in
2755 4682 3036 4737 itineribus
3081 4681 3466 4736 deserebatnus
3500 4691 3711 4751 propter
3758 4689 3853 4746 per-

2291 4791 2488 4849 paucos
2543 4775 2802 4832 scelestos
2851 4773 2980 4828 olim
3038 4774 3196 4844 digne
3247 4773 3532 4826 damnatos
3562 4813 3576 4835 ,
3626 4771 3841 4840 primitus

2299 4871 2564 4928 Ecclesia:
2616 4881 2805 4925 contra
2859 4867 2937 4923 las
2972 4869 3368 4938 appetentes):
3412 4876 3672 4937 geratque
3711 4875 3854 4918 curam

2301 5031 2422 5084 dum
2487 5038 2830 5098 wternamque
2911 5043 3087 5097 pacem
3159 5025 3318 5079 dividi
3391 5025 3715 5090 spectabant.
3771 5031 3850 5077 etc.

2301 5101 2554 5158 Proxime
2581 5099 2749 5155 Sirm.
2785 5113 2855 5154 ex
2874 5114 2976 5153 ms.
3002 5098 3236 5168 Remig.,
3263 5114 3353 5166 per
3382 5114 3530 5168 quos,
3565 5114 3666 5153 tton
3692 5105 3852 5167 propter

2335 5190 2429 5227 uos
2456 5172 2601 5237 legit.

2301 5190 2429 5244 quos
2458 5190 2601 5240 tegit.

2307 5315 2315 5317 _
2376 5243 2613 5317 (c)_Non
2673 5241 2872 5317 audent
2915 5241 3115 5317 dicere
3143 5239 3208 5317 de
3252 5238 3628 5317 I’Itilippopoli.
3660 5237 3749 5317 sed
3791 5236 3854 5289 hic

2302 5311 2646 5383 impudenter
2673 5312 3060 5370 mentientibus
3086 5311 3219 5375 ﬁdes
3245 5311 3438 5366 merito
3467 5318 3685 5382 negetur
3704 5313 3746 5365 in
3771 5323 3851 5363 ca:-

2308 5389 2461 5442 teris.

2370 5458 2449 5526 (d)
2483 5458 2672 5521 Sirm.,
2698 5458 3033 5522 iuvenescunt
3072 5455 3225 5508 enim.
3258 5452 3402 5526 Pitlt.
3448 5469 3582 5526 gms,"
3607 5453 3756 5526 iubere
3791 5448 3852 5502 vel

2289 5523 2475 5602 jubere
2501 5527 2938 5602 nesciuntuenint:
2965 5541 3030 5582 ex
3054 5541 3160 5602 quo
3189 5523 3425 5602 confecit
3446 5525 3624 5602 Faber
3643 5524 3844 5602 inhibere,

2299 5595 2405 5656 etc.
2444 5599 2587 5655 Satis
2619 5598 2938 5668 intelligitur
2985 5596 3113 5665 quid
3159 5598 3257 5650 sibi
3286 5599 3471 5660 velint,
3496 5667 3501 5668 ν
3529 5597 3626 5649 etsi
3651 5595 3846 5668 _verliunt

2299 5671 2472 5740 ipsum
2516 5685 2624 5740 quo
2661 5672 2741 5723 usi
2790 5660 2916 5723 sunt
2945 5660 3050 5740 non
3082 5679 3232 5740 certo
3269 5667 3590 5740 perspicias.
3623 5665 3780 5740 [Eque
3797 5660 3847 5715 ad

2299 5734 2493 5814 c'grtnn
2519 5734 2854 5814 sententiain
2877 5738 3227 5810 pertinebunt
3244 5734 3528 5808 quiescere;
3559 5747 3646 5794 aut
3673 5734 3850 5790 mam

2305 5805 2379 5880 re,
2413 5805 2494 5866 vel
2526 5809 2576 5868 se.
2612 5805 2890 5866 malum;
