  <div class='ocr_page' id='page_1' title='image "/cluster/home/n/w/nwhite01/storage/ocr_20150623/10/uva.x000826522/345.png"; bbox 0 0 3958 6194; ppageno 0'>
   <div class='ocr_carea' id='block_1_1' title="bbox 591 283 699 341">
    <p class='ocr_par' dir='ltr' id='par_1_1' title="bbox 591 283 699 341">
     <span class='ocr_line' id='line_1_1' title="bbox 591 283 699 341; baseline 0 -1"><span class='ocrx_word' id='word_1_1' title='bbox 591 283 699 341; x_wconf 75' lang='lat'><strong>675</strong></span> 
     </span>
    </p>
   </div>
   <div class='ocr_carea' id='block_1_2' title="bbox 1797 269 2684 349">
    <p class='ocr_par' dir='ltr' id='par_1_2' title="bbox 1797 269 2684 349">
     <span class='ocr_line' id='line_1_2' title="bbox 1797 269 2684 349; baseline 0.002 -3"><span class='ocrx_word' id='word_1_2' title='bbox 1797 283 2041 346; x_wconf 83' lang='lat' dir='ltr'><strong>SANCTI</strong></span> <span class='ocrx_word' id='word_1_3' title='bbox 2083 269 2337 347; x_wconf 79' lang='lat' dir='ltr'><strong>HILARtl</strong></span> <span class='ocrx_word' id='word_1_4' title='bbox 2380 273 2684 349; x_wconf 82' lang='lat' dir='ltr'><strong>EPISCOPI</strong></span> 
     </span>
    </p>
   </div>
   <div class='ocr_carea' id='block_1_3' title="bbox 3784 289 3872 349">
    <p class='ocr_par' dir='ltr' id='par_1_3' title="bbox 3784 289 3872 349">
     <span class='ocr_line' id='line_1_3' title="bbox 3784 289 3872 349; baseline 0.023 -2"><span class='ocrx_word' id='word_1_5' title='bbox 3784 289 3872 349; x_wconf 77' lang='lat'><strong>6&#39;6</strong></span> 
     </span>
    </p>
   </div>
   <div class='ocr_carea' id='block_1_4' title="bbox 593 399 3872 474">
    <p class='ocr_par' dir='ltr' id='par_1_4' title="bbox 593 399 3872 474">
     <span class='ocr_line' id='line_1_4' title="bbox 593 399 3872 474; baseline 0 -19"><span class='ocrx_word' id='word_1_6' title='bbox 593 401 886 470; x_wconf 73' lang='lat' dir='ltr'><strong>stantinop.</strong></span> <span class='ocrx_word' id='word_1_7' title='bbox 909 400 1110 458; x_wconf 86' lang='lat' dir='ltr'><strong>nefario</strong></span> <span class='ocrx_word' id='word_1_8' title='bbox 1137 399 1340 455; x_wconf 85' lang='lat' dir='ltr'><strong>homini</strong></span> <span class='ocrx_word' id='word_1_9' title='bbox 1365 413 1426 454; x_wconf 90' lang='lat' dir='ltr'><strong>ac</strong></span> <span class='ocrx_word' id='word_1_10' title='bbox 1441 400 1648 470; x_wconf 82' lang='lat' dir='ltr'><strong>perdito</strong></span> <span class='ocrx_word' id='word_1_11' title='bbox 1670 401 1872 470; x_wconf 88' lang='lat' dir='ltr'><strong>primus</strong></span> <span class='ocrx_word' id='word_1_12' title='bbox 1904 403 2019 471; x_wconf 87' lang='lat' dir='ltr'><strong>ipse</strong></span> <span class='ocrx_word' id='word_1_13' title='bbox 2039 417 2186 458; x_wconf 81' lang='lat' dir='ltr'><strong>com-</strong></span> <span class='ocrx_word' id='word_1_14' title='bbox 2213 405 2268 466; x_wconf 81' lang='grc' dir='ltr'>Α</span> <span class='ocrx_word' id='word_1_15' title='bbox 2293 404 2410 467; x_wconf 91' lang='lat' dir='ltr'><strong>bus,</strong></span> <span class='ocrx_word' id='word_1_16' title='bbox 2457 419 2550 472; x_wconf 91' lang='lat' dir='ltr'><strong>per</strong></span> <span class='ocrx_word' id='word_1_17' title='bbox 2571 417 2731 474; x_wconf 85' lang='lat' dir='ltr'><strong>quem</strong></span> <span class='ocrx_word' id='word_1_18' title='bbox 2785 402 3187 458; x_wconf 77' lang='lat' dir='ltr'><strong>sanctificantur</strong></span> <span class='ocrx_word' id='word_1_19' title='bbox 3227 402 3420 457; x_wconf 61' lang='lat' dir='ltr'><strong>anima;</strong></span> <span class='ocrx_word' id='word_1_20' title='bbox 3469 401 3521 456; x_wconf 90' lang='lat' dir='ltr'><strong>in</strong></span> <span class='ocrx_word' id='word_1_21' title='bbox 3554 400 3732 472; x_wconf 91' lang='lat' dir='ltr'><strong>ipsum</strong></span> <span class='ocrx_word' id='word_1_22' title='bbox 3763 403 3872 458; x_wconf 82' lang='lat' dir='ltr'><strong>fide-</strong></span> 
     </span>
    </p>
   </div>
   <div class='ocr_carea' id='block_1_5' title="bbox 594 491 2190 564">
    <p class='ocr_par' dir='ltr' id='par_1_5' title="bbox 594 491 2190 564">
     <span class='ocr_line' id='line_1_5' title="bbox 594 491 2190 564; baseline 0.001 -17"><span class='ocrx_word' id='word_1_23' title='bbox 594 495 907 564; x_wconf 86' lang='lat' dir='ltr'><strong>municavit,</strong></span> <span class='ocrx_word' id='word_1_24' title='bbox 945 492 1162 561; x_wconf 89' lang='lat' dir='ltr'><strong>etquod</strong></span> <span class='ocrx_word' id='word_1_25' title='bbox 1196 493 1307 560; x_wconf 91' lang='lat' dir='ltr'><strong>ipse</strong></span> <span class='ocrx_word' id='word_1_26' title='bbox 1353 501 1517 546; x_wconf 76' lang='lat' dir='ltr'><strong>tanta:</strong></span> <span class='ocrx_word' id='word_1_27' title='bbox 1567 491 1735 546; x_wconf 69' lang='grc' dir='ltr'><strong>ειλόγθ</strong></span> <span class='ocrx_word' id='word_1_28' title='bbox 1770 507 1928 547; x_wconf 87' lang='lat' dir='ltr'><strong>causa</strong></span> <span class='ocrx_word' id='word_1_29' title='bbox 1981 492 2098 559; x_wconf 82' lang='lat' dir='ltr'><strong>fuit,</strong></span> <span class='ocrx_word' id='word_1_30' title='bbox 2131 503 2190 548; x_wconf 90' lang='lat' dir='ltr'><strong>ttt</strong></span> 
     </span>
    </p>
   </div>
   <div class='ocr_carea' id='block_1_6' title="bbox 596 584 2187 654">
    <p class='ocr_par' dir='ltr' id='par_1_6' title="bbox 596 584 2187 654">
     <span class='ocr_line' id='line_1_6' title="bbox 596 584 2187 654; baseline 0.001 -14"><span class='ocrx_word' id='word_1_31' title='bbox 596 585 795 640; x_wconf 80' lang='lat' dir='ltr'><strong>Paulus</strong></span> <span class='ocrx_word' id='word_1_32' title='bbox 844 585 907 638; x_wconf 90' lang='lat' dir='ltr'><strong>ad</strong></span> <span class='ocrx_word' id='word_1_33' title='bbox 954 584 1475 654; x_wconf 89' lang='lat' dir='ltr'><strong>Constantinopolim</strong></span> <span class='ocrx_word' id='word_1_34' title='bbox 1521 585 1791 640; x_wconf 88' lang='lat' dir='ltr'><strong>civitatem</strong></span> <span class='ocrx_word' id='word_1_35' title='bbox 1819 595 2187 652; x_wconf 75' lang='lat' dir='ltr'><strong>revocaretur,</strong></span> 
     </span>
    </p>
   </div>
   <div class='ocr_carea' id='block_1_7' title="bbox 593 675 2192 748">
    <p class='ocr_par' dir='ltr' id='par_1_7' title="bbox 593 675 2192 748">
     <span class='ocr_line' id='line_1_7' title="bbox 593 675 2192 748; baseline 0 -18"><span class='ocrx_word' id='word_1_36' title='bbox 593 687 812 747; x_wconf 89' lang='lat' dir='ltr'><strong>propter</strong></span> <span class='ocrx_word' id='word_1_37' title='bbox 837 675 976 744; x_wconf 79' lang='lat' dir='ltr'><strong>quod</strong></span> <span class='ocrx_word' id='word_1_38' title='bbox 1007 675 1290 732; x_wconf 90' lang='lat' dir='ltr'><strong>homicidia</strong></span> <span class='ocrx_word' id='word_1_39' title='bbox 1338 676 1506 730; x_wconf 88' lang='lat' dir='ltr'><strong>multa</strong></span> <span class='ocrx_word' id='word_1_40' title='bbox 1541 677 1676 732; x_wconf 84' lang='lat' dir='ltr'><strong>facta</strong></span> <span class='ocrx_word' id='word_1_41' title='bbox 1707 685 1853 732; x_wconf 86' lang='lat' dir='ltr'><strong>sunt.</strong></span> <span class='ocrx_word' id='word_1_42' title='bbox 1883 677 2058 732; x_wconf 81' lang='lat' dir='ltr'><strong>Causa</strong></span> <span class='ocrx_word' id='word_1_43' title='bbox 2092 678 2192 748; x_wconf 61' lang='grc' dir='ltr'><strong>ἰαί-ι</strong></span> 
     </span>
    </p>
   </div>
   <div class='ocr_carea' id='block_1_8' title="bbox 596 768 2189 842">
    <p class='ocr_par' dir='ltr' id='par_1_8' title="bbox 596 768 2189 842">
     <span class='ocr_line' id='line_1_8' title="bbox 596 768 2189 842; baseline 0.003 -20"><span class='ocrx_word' id='word_1_44' title='bbox 596 779 681 824; x_wconf 89' lang='lat' dir='ltr'><strong>tur</strong></span> <span class='ocrx_word' id='word_1_45' title='bbox 731 768 1140 824; x_wconf 87' lang='lat' dir='ltr'><strong>ltomicidiorum</strong></span> <span class='ocrx_word' id='word_1_46' title='bbox 1196 779 1466 824; x_wconf 91' lang='lat' dir='ltr'><strong>tantorum</strong></span> <span class='ocrx_word' id='word_1_47' title='bbox 1512 771 1628 840; x_wconf 86' lang='lat' dir='ltr'><strong>ipse</strong></span> <span class='ocrx_word' id='word_1_48' title='bbox 1672 769 1792 838; x_wconf 87' lang='lat' dir='ltr'><strong>fuit,</strong></span> <span class='ocrx_word' id='word_1_49' title='bbox 1833 769 1926 842; x_wconf 85' lang='lat' dir='ltr'><strong>qui</strong></span> <span class='ocrx_word' id='word_1_50' title='bbox 1965 770 2189 826; x_wconf 85' lang='lat' dir='ltr'><strong>Paulum</strong></span> 
     </span>
    </p>
   </div>
   <div class='ocr_carea' id='block_1_9' title="bbox 592 861 2057 936">
    <p class='ocr_par' dir='ltr' id='par_1_9' title="bbox 592 861 2057 936">
     <span class='ocr_line' id='line_1_9' title="bbox 592 861 2057 936; baseline 0.002 -19"><span class='ocrx_word' id='word_1_51' title='bbox 592 863 720 918; x_wconf 81' lang='lat' dir='ltr'><strong>olim</strong></span> <span class='ocrx_word' id='word_1_52' title='bbox 771 861 1080 918; x_wconf 86' lang='lat' dir='ltr'><strong>damnatum</strong></span> <span class='ocrx_word' id='word_1_53' title='bbox 1111 865 1176 918; x_wconf 89' lang='lat' dir='ltr'><strong>ad</strong></span> <span class='ocrx_word' id='word_1_54' title='bbox 1205 862 1730 936; x_wconf 88' lang='lat' dir='ltr'><strong>Constantinopolim</strong></span> <span class='ocrx_word' id='word_1_55' title='bbox 1761 866 2057 921; x_wconf 81' lang='lat' dir='ltr'><strong>revocavit.</strong></span> 
     </span>
    </p>
   </div>
   <div class='ocr_carea' id='block_1_10' title="bbox 662 955 2191 1026">
    <p class='ocr_par' dir='ltr' id='par_1_10' title="bbox 662 955 2191 1026">
     <span class='ocr_line' id='line_1_10' title="bbox 662 955 2191 1026; baseline 0.003 -18"><span class='ocrx_word' id='word_1_56' title='bbox 662 955 752 1010; x_wconf 71' lang='grc'><strong>28.</strong></span> <span class='ocrx_word' id='word_1_57' title='bbox 797 956 1024 1022; x_wconf 84' lang='lat' dir='ltr'><strong>PrOpter</strong></span> <span class='ocrx_word' id='word_1_58' title='bbox 1065 956 1160 1010; x_wconf 90' lang='lat' dir='ltr'><strong>has</strong></span> <span class='ocrx_word' id='word_1_59' title='bbox 1191 957 1352 1026; x_wconf 82' lang='lat' dir='ltr'><strong>igitur</strong></span> <span class='ocrx_word' id='word_1_60' title='bbox 1381 972 1571 1013; x_wconf 80' lang='lat' dir='ltr'><strong>causas</strong></span> <span class='ocrx_word' id='word_1_61' title='bbox 1585 959 1788 1026; x_wconf 89' lang='lat' dir='ltr'><strong>justum</strong></span> <span class='ocrx_word' id='word_1_62' title='bbox 1829 957 1982 1013; x_wconf 76' lang='lat' dir='ltr'><strong>duxit</strong></span> <span class='ocrx_word' id='word_1_63' title='bbox 2008 958 2191 1013; x_wconf 85' lang='lat' dir='ltr'><strong>conci-</strong></span> 
     </span>
    </p>
   </div>
   <div class='ocr_carea' id='block_1_11' title="bbox 592 1046 2191 1120">
    <p class='ocr_par' dir='ltr' id='par_1_11' title="bbox 592 1046 2191 1120">
     <span class='ocr_line' id='line_1_11' title="bbox 592 1046 2191 1120; baseline 0.004 -20"><span class='ocrx_word' id='word_1_64' title='bbox 592 1046 745 1114; x_wconf 88' lang='lat' dir='ltr'><strong>littm,</strong></span> <span class='ocrx_word' id='word_1_65' title='bbox 771 1047 1049 1103; x_wconf 78' lang='lat' dir='ltr'><strong>utJulium</strong></span> <span class='ocrx_word' id='word_1_66' title='bbox 1083 1048 1230 1104; x_wconf 83' lang='lat' dir='ltr'><strong>urbis</strong></span> <span class='ocrx_word' id='word_1_67' title='bbox 1271 1049 1474 1113; x_wconf 64' lang='lat' dir='ltr'><strong>Romae,</strong></span> <span class='ocrx_word' id='word_1_68' title='bbox 1505 1060 1558 1104; x_wconf 91' lang='lat' dir='ltr'><strong>et</strong></span> <span class='ocrx_word' id='word_1_69' title='bbox 1585 1049 1819 1115; x_wconf 86' lang='lat' dir='ltr'><strong>Ossium,</strong></span> <span class='ocrx_word' id='word_1_70' title='bbox 1856 1059 2191 1120; x_wconf 65' lang='lat' dir='ltr'><strong>crateresque</strong></span> 
     </span>
    </p>
   </div>
   <div class='ocr_carea' id='block_1_12' title="bbox 592 1142 2190 1212">
    <p class='ocr_par' dir='ltr' id='par_1_12' title="bbox 592 1142 2190 1212">
     <span class='ocr_line' id='line_1_12' title="bbox 592 1142 2190 1212; baseline 0.003 -19"><span class='ocrx_word' id='word_1_71' title='bbox 592 1155 754 1208; x_wconf 82' lang='lat' dir='ltr'><strong>supra</strong></span> <span class='ocrx_word' id='word_1_72' title='bbox 807 1150 1135 1195; x_wconf 88' lang='lat' dir='ltr'><strong>memoratos</strong></span> <span class='ocrx_word' id='word_1_73' title='bbox 1157 1142 1484 1211; x_wconf 77' lang='lat' dir='ltr'><strong>discingeret</strong></span> <span class='ocrx_word' id='word_1_74' title='bbox 1527 1149 1688 1212; x_wconf 87' lang='lat' dir='ltr'><strong>atque</strong></span> <span class='ocrx_word' id='word_1_75' title='bbox 1727 1143 2029 1198; x_wconf 84' lang='lat' dir='ltr'><strong>damnaret.</strong></span> <span class='ocrx_word' id='word_1_76' title='bbox 2057 1142 2190 1209; x_wconf 63' lang='lat' dir='ltr'><strong>Quae</strong></span> 
     </span>
    </p>
   </div>
   <div class='ocr_carea' id='block_1_13' title="bbox 591 1235 2188 1306">
    <p class='ocr_par' dir='ltr' id='par_1_13' title="bbox 591 1235 2188 1306">
     <span class='ocr_line' id='line_1_13' title="bbox 591 1235 2188 1306; baseline 0.003 -18"><span class='ocrx_word' id='word_1_77' title='bbox 591 1249 714 1288; x_wconf 90' lang='lat' dir='ltr'><strong>cum</strong></span> <span class='ocrx_word' id='word_1_78' title='bbox 738 1235 807 1288; x_wconf 91' lang='lat' dir='ltr'><strong>ita</strong></span> <span class='ocrx_word' id='word_1_79' title='bbox 833 1236 962 1300; x_wconf 87' lang='lat' dir='ltr'><strong>sint,</strong></span> <span class='ocrx_word' id='word_1_80' title='bbox 989 1237 1265 1291; x_wconf 88' lang='lat' dir='ltr'><strong>custodire</strong></span> <span class='ocrx_word' id='word_1_81' title='bbox 1294 1252 1390 1291; x_wconf 88' lang='lat' dir='ltr'><strong>vos</strong></span> <span class='ocrx_word' id='word_1_82' title='bbox 1411 1237 1478 1292; x_wconf 89' lang='lat' dir='ltr'><strong>ab</strong></span> <span class='ocrx_word' id='word_1_83' title='bbox 1502 1238 1631 1306; x_wconf 83' lang='lat' dir='ltr'><strong>ipsis</strong></span> <span class='ocrx_word' id='word_1_84' title='bbox 1655 1247 1710 1292; x_wconf 91' lang='lat' dir='ltr'><strong>et</strong></span> <span class='ocrx_word' id='word_1_85' title='bbox 1736 1238 2007 1293; x_wconf 86' lang='lat' dir='ltr'><strong>abstinere</strong></span> <span class='ocrx_word' id='word_1_86' title='bbox 2024 1238 2188 1293; x_wconf 87' lang='lat' dir='ltr'><strong>debe-</strong></span> 
     </span>
    </p>
   </div>
   <div class='ocr_carea' id='block_1_14' title="bbox 595 1326 2190 1400">
    <p class='ocr_par' dir='ltr' id='par_1_14' title="bbox 595 1326 2190 1400">
     <span class='ocr_line' id='line_1_14' title="bbox 595 1326 2190 1400; baseline 0.003 -21"><span class='ocrx_word' id='word_1_87' title='bbox 595 1328 682 1392; x_wconf 88' lang='lat' dir='ltr'><strong>tis,</strong></span> <span class='ocrx_word' id='word_1_88' title='bbox 731 1326 1066 1384; x_wconf 84' lang='lat' dir='ltr'><strong>dilectissimi</strong></span> <span class='ocrx_word' id='word_1_89' title='bbox 1094 1328 1331 1394; x_wconf 85' lang='lat' dir='ltr'><strong>Fratres,</strong></span> <span class='ocrx_word' id='word_1_90' title='bbox 1367 1344 1466 1384; x_wconf 89' lang='lat' dir='ltr'><strong>nec</strong></span> <span class='ocrx_word' id='word_1_91' title='bbox 1493 1345 1590 1384; x_wconf 91' lang='lat' dir='ltr'><strong>eos</strong></span> <span class='ocrx_word' id='word_1_92' title='bbox 1619 1329 1908 1400; x_wconf 88' lang='lat' dir='ltr'><strong>aliquando</strong></span> <span class='ocrx_word' id='word_1_93' title='bbox 1939 1330 2005 1384; x_wconf 84' lang='lat' dir='ltr'><strong>ad</strong></span> <span class='ocrx_word' id='word_1_94' title='bbox 2040 1345 2190 1385; x_wconf 82' lang='lat' dir='ltr'><strong>com-</strong></span> 
     </span>
    </p>
   </div>
   <div class='ocr_carea' id='block_1_15' title="bbox 593 1419 2186 1492">
    <p class='ocr_par' dir='ltr' id='par_1_15' title="bbox 593 1419 2186 1492">
     <span class='ocr_line' id='line_1_15' title="bbox 593 1419 2186 1492; baseline 0.002 -19"><span class='ocrx_word' id='word_1_95' title='bbox 593 1419 904 1474; x_wconf 91' lang='lat' dir='ltr'><strong>munioncm</strong></span> <span class='ocrx_word' id='word_1_96' title='bbox 949 1431 1182 1475; x_wconf 83' lang='lat' dir='ltr'><strong>vestram</strong></span> <span class='ocrx_word' id='word_1_97' title='bbox 1210 1421 1528 1477; x_wconf 83' lang='lat' dir='ltr'><strong>admittere:</strong></span> <span class='ocrx_word' id='word_1_98' title='bbox 1562 1422 1656 1477; x_wconf 87' lang='lat' dir='ltr'><strong>sed</strong></span> <span class='ocrx_word' id='word_1_99' title='bbox 1706 1439 1806 1478; x_wconf 85' lang='lat' dir='ltr'><strong>nec</strong></span> <span class='ocrx_word' id='word_1_100' title='bbox 1834 1423 2068 1492; x_wconf 85' lang='lat' dir='ltr'><strong>ipsorum</strong></span> <span class='ocrx_word' id='word_1_101' title='bbox 2097 1423 2186 1476; x_wconf 79' lang='lat' dir='ltr'><strong>lit-</strong></span> 
     </span>
    </p>
   </div>
   <div class='ocr_carea' id='block_1_16' title="bbox 594 1513 2186 1581">
    <p class='ocr_par' dir='ltr' id='par_1_16' title="bbox 594 1513 2186 1581">
     <span class='ocr_line' id='line_1_16' title="bbox 594 1513 2186 1581; baseline 0.003 -16"><span class='ocrx_word' id='word_1_102' title='bbox 594 1523 736 1566; x_wconf 81' lang='lat' dir='ltr'><strong>teras</strong></span> <span class='ocrx_word' id='word_1_103' title='bbox 761 1513 1029 1581; x_wconf 73' lang='lat' dir='ltr'><strong>accipcre,</strong></span> <span class='ocrx_word' id='word_1_104' title='bbox 1081 1528 1182 1569; x_wconf 90' lang='lat' dir='ltr'><strong>nec</strong></span> <span class='ocrx_word' id='word_1_105' title='bbox 1211 1514 1278 1569; x_wconf 88' lang='lat' dir='ltr'><strong>ad</strong></span> <span class='ocrx_word' id='word_1_106' title='bbox 1310 1515 1430 1570; x_wconf 89' lang='lat' dir='ltr'><strong>illos</strong></span> <span class='ocrx_word' id='word_1_107' title='bbox 1461 1516 1670 1570; x_wconf 79' lang='lat' dir='ltr'><strong>litteras</strong></span> <span class='ocrx_word' id='word_1_108' title='bbox 1697 1515 1999 1570; x_wconf 87' lang='lat' dir='ltr'><strong>dominicas</strong></span> <span class='ocrx_word' id='word_1_109' title='bbox 2033 1517 2186 1572; x_wconf 85' lang='lat' dir='ltr'><strong>dare.</strong></span> 
     </span>
    </p>
   </div>
   <div class='ocr_carea' id='block_1_17' title="bbox 593 1591 2190 1757">
    <p class='ocr_par' dir='ltr' id='par_1_17' title="bbox 593 1591 2190 1757">
     <span class='ocr_line' id='line_1_17' title="bbox 593 1591 2190 1757; baseline 0.004 -101"><span class='ocrx_word' id='word_1_110' title='bbox 593 1601 659 1656; x_wconf 87' lang='lat' dir='ltr'><strong>Et</strong></span> <span class='ocrx_word' id='word_1_111' title='bbox 688 1603 943 1672; x_wconf 81' lang='lat' dir='ltr'><strong>quoniam</strong></span> <span class='ocrx_word' id='word_1_112' title='bbox 965 1603 1289 1669; x_wconf 74' lang='lat' dir='ltr'><strong>catholicam</strong></span> <span class='ocrx_word' id='word_1_113' title='bbox 1349 1617 1403 1661; x_wconf 89' lang='lat' dir='ltr'><strong>et</strong></span> <span class='ocrx_word' id='word_1_114' title='bbox 1432 1591 1975 1757; x_wconf 42' lang='lat' dir='ltr'><strong>apostoli‘cﬁiidem</strong></span> <span class='ocrx_word' id='word_1_115' title='bbox 2004 1608 2190 1663; x_wconf 74' lang='lat' dir='ltr'><strong>volue-</strong></span> 
     </span>
     <span class='ocr_line' id='line_1_18' title="bbox 593 1694 2189 1757; baseline 0.004 -8"><span class='ocrx_word' id='word_1_116' title='bbox 593 1704 720 1749; x_wconf 90' lang='lat' dir='ltr'><strong>runt</strong></span> <span class='ocrx_word' id='word_1_117' title='bbox 742 1694 1035 1757; x_wconf 67' lang='lat' dir='ltr'><strong>infringere</strong></span> <span class='ocrx_word' id='word_1_118' title='bbox 1061 1697 1094 1750; x_wconf 89' lang='lat' dir='ltr'><strong>ii</strong></span> <span class='ocrx_word' id='word_1_119' title='bbox 1117 1699 1206 1757; x_wconf 84' lang='lat' dir='ltr'><strong>qui</strong></span> <span class='ocrx_word' id='word_1_120' title='bbox 1232 1713 1350 1752; x_wconf 90' lang='lat' dir='ltr'><strong>cum</strong></span> <span class='ocrx_word' id='word_1_121' title='bbox 1375 1699 1532 1754; x_wconf 90' lang='lat' dir='ltr'><strong>Ossio</strong></span> <span class='ocrx_word' id='word_1_122' title='bbox 1557 1715 1617 1754; x_wconf 89' lang='lat' dir='ltr'><strong>er</strong></span> <span class='ocrx_word' id='word_1_123' title='bbox 1720 1742 1734 1756; x_wconf 94' lang='lat'><strong>.</strong></span> <span class='ocrx_word' id='word_1_124' title='bbox 1764 1701 2189 1757; x_wconf 70' lang='lat' dir='ltr'><strong>indui-cotesque</strong></span> 
     </span>
    </p>
   </div>
   <div class='ocr_carea' id='block_1_18' title="bbox 593 1694 2189 1770">
    <p class='ocr_par' dir='ltr' id='par_1_18' title="bbox 593 1694 2189 1770">
     <span class='ocr_line' id='line_1_19' title="bbox 593 1694 2189 1770; baseline 0.004 -21"><span class='ocrx_word' id='word_1_125' title='bbox 593 1704 720 1749; x_wconf 90' lang='lat' dir='ltr'><strong>runt</strong></span> <span class='ocrx_word' id='word_1_126' title='bbox 742 1694 1035 1767; x_wconf 75' lang='lat' dir='ltr'><strong>infringere</strong></span> <span class='ocrx_word' id='word_1_127' title='bbox 1061 1697 1094 1750; x_wconf 90' lang='lat' dir='ltr'><strong>ii</strong></span> <span class='ocrx_word' id='word_1_128' title='bbox 1117 1699 1206 1768; x_wconf 85' lang='lat' dir='ltr'><strong>qui</strong></span> <span class='ocrx_word' id='word_1_129' title='bbox 1232 1713 1350 1752; x_wconf 90' lang='lat' dir='ltr'><strong>cum</strong></span> <span class='ocrx_word' id='word_1_130' title='bbox 1375 1699 1532 1754; x_wconf 89' lang='lat' dir='ltr'><strong>Ossio</strong></span> <span class='ocrx_word' id='word_1_131' title='bbox 1557 1694 1734 1763; x_wconf 53' lang='lat' dir='ltr'><strong>er‘.</strong></span> <span class='ocrx_word' id='word_1_132' title='bbox 1764 1701 2189 1770; x_wconf 80' lang='lat' dir='ltr'><strong>indm-entesque</strong></span> 
     </span>
    </p>
   </div>
   <div class='ocr_carea' id='block_1_19' title="bbox 2291 493 3874 568">
    <p class='ocr_par' dir='ltr' id='par_1_19' title="bbox 2291 493 3874 568">
     <span class='ocr_line' id='line_1_20' title="bbox 2291 493 3874 568; baseline -0.001 -19"><span class='ocrx_word' id='word_1_133' title='bbox 2291 495 2414 549; x_wconf 87' lang='lat' dir='ltr'><strong>liter</strong></span> <span class='ocrx_word' id='word_1_134' title='bbox 2441 494 2746 550; x_wconf 88' lang='lat' dir='ltr'><strong>credentes.</strong></span> <span class='ocrx_word' id='word_1_135' title='bbox 2781 493 2878 568; x_wconf 90' lang='lat' dir='ltr'><strong>[(b)</strong></span> <span class='ocrx_word' id='word_1_136' title='bbox 2912 493 3194 549; x_wconf 74' lang='lat' dir='ltr'><strong>Credimus</strong></span> <span class='ocrx_word' id='word_1_137' title='bbox 3244 501 3299 549; x_wconf 89' lang='lat' dir='ltr'><strong>et</strong></span> <span class='ocrx_word' id='word_1_138' title='bbox 3327 494 3378 547; x_wconf 90' lang='lat' dir='ltr'><strong>in</strong></span> <span class='ocrx_word' id='word_1_139' title='bbox 3411 501 3662 548; x_wconf 84' lang='lat' dir='ltr'><strong>sanctam</strong></span> <span class='ocrx_word' id='word_1_140' title='bbox 3714 493 3874 549; x_wconf 81' lang='lat' dir='ltr'><strong>Eccle-</strong></span> 
     </span>
    </p>
   </div>
   <div class='ocr_carea' id='block_1_20' title="bbox 2289 585 3872 655">
    <p class='ocr_par' dir='ltr' id='par_1_20' title="bbox 2289 585 3872 655">
     <span class='ocr_line' id='line_1_21' title="bbox 2289 585 3872 655; baseline -0.001 -14"><span class='ocrx_word' id='word_1_141' title='bbox 2289 587 2446 652; x_wconf 89' lang='lat' dir='ltr'><strong>siam,</strong></span> <span class='ocrx_word' id='word_1_142' title='bbox 2481 588 2532 641; x_wconf 93' lang='lat' dir='ltr'><strong>in</strong></span> <span class='ocrx_word' id='word_1_143' title='bbox 2581 587 2951 643; x_wconf 87' lang='lat' dir='ltr'><strong>remissionem</strong></span> <span class='ocrx_word' id='word_1_144' title='bbox 3003 595 3366 655; x_wconf 83' lang='lat' dir='ltr'><strong>peccatorum,</strong></span> <span class='ocrx_word' id='word_1_145' title='bbox 3407 585 3461 640; x_wconf 92' lang='lat' dir='ltr'><strong>in</strong></span> <span class='ocrx_word' id='word_1_146' title='bbox 3493 585 3687 640; x_wconf 86' lang='lat' dir='ltr'><strong>carnis</strong></span> <span class='ocrx_word' id='word_1_147' title='bbox 3714 599 3872 641; x_wconf 86' lang='lat' dir='ltr'><strong>resur-</strong></span> 
     </span>
    </p>
   </div>
   <div class='ocr_carea' id='block_1_21' title="bbox 2290 676 3872 750">
    <p class='ocr_par' dir='ltr' id='par_1_21' title="bbox 2290 676 3872 750">
     <span class='ocr_line' id='line_1_22' title="bbox 2290 676 3872 750; baseline -0.001 -17"><span class='ocrx_word' id='word_1_148' title='bbox 2290 681 2618 746; x_wconf 88' lang='lat' dir='ltr'><strong>rectionem,</strong></span> <span class='ocrx_word' id='word_1_149' title='bbox 2644 679 2698 735; x_wconf 88' lang='lat' dir='ltr'><strong>in</strong></span> <span class='ocrx_word' id='word_1_150' title='bbox 2726 680 2891 736; x_wconf 86' lang='lat' dir='ltr'><strong>vitam</strong></span> <span class='ocrx_word' id='word_1_151' title='bbox 2921 676 3228 750; x_wconf 65' lang='lat' dir='ltr'><strong>aeternam]</strong></span> <span class='ocrx_word' id='word_1_152' title='bbox 3257 676 3383 732; x_wconf 86' lang='lat' dir='ltr'><strong>lllos</strong></span> <span class='ocrx_word' id='word_1_153' title='bbox 3411 691 3540 732; x_wconf 88' lang='lat' dir='ltr'><strong>vero</strong></span> <span class='ocrx_word' id='word_1_154' title='bbox 3570 677 3668 748; x_wconf 86' lang='lat' dir='ltr'><strong>qui</strong></span> <span class='ocrx_word' id='word_1_155' title='bbox 3693 677 3872 743; x_wconf 86' lang='lat' dir='ltr'><strong>dicunt,</strong></span> 
     </span>
    </p>
   </div>
   <div class='ocr_carea' id='block_1_22' title="bbox 2292 767 3880 843">
    <p class='ocr_par' dir='ltr' id='par_1_22' title="bbox 2292 767 3880 843">
     <span class='ocr_line' id='line_1_23' title="bbox 2292 767 3880 843; baseline -0.003 -16"><span class='ocrx_word' id='word_1_156' title='bbox 2292 773 2370 828; x_wconf 79' lang='lat' dir='ltr'><strong>Ex</strong></span> <span class='ocrx_word' id='word_1_157' title='bbox 2399 773 2450 827; x_wconf 91' lang='lat' dir='ltr'><strong>id</strong></span> <span class='ocrx_word' id='word_1_158' title='bbox 2497 771 2642 843; x_wconf 91' lang='lat' dir='ltr'><strong>quod</strong></span> <span class='ocrx_word' id='word_1_159' title='bbox 2674 786 2778 826; x_wconf 90' lang='lat' dir='ltr'><strong>non</strong></span> <span class='ocrx_word' id='word_1_160' title='bbox 2826 771 2928 826; x_wconf 86' lang='lat' dir='ltr'><strong>fuit</strong></span> <span class='ocrx_word' id='word_1_161' title='bbox 2957 771 3095 825; x_wconf 81' lang='lat' dir='ltr'><strong>illius</strong></span> <span class='ocrx_word' id='word_1_162' title='bbox 3145 770 3240 824; x_wconf 89' lang='lat' dir='ltr'><strong>Dei</strong></span> <span class='ocrx_word' id='word_1_163' title='bbox 3287 769 3503 839; x_wconf 81' lang='lat' dir='ltr'><strong>(exnon</strong></span> <span class='ocrx_word' id='word_1_164' title='bbox 3547 767 3880 824; x_wconf 80' lang='lat' dir='ltr'><strong>exstantibus</strong></span> 
     </span>
    </p>
   </div>
   <div class='ocr_carea' id='block_1_23' title="bbox 2290 859 3881 934">
    <p class='ocr_par' dir='ltr' id='par_1_23' title="bbox 2290 859 3881 934">
     <span class='ocr_line' id='line_1_24' title="bbox 2290 859 3881 934; baseline -0.004 -14"><span class='ocrx_word' id='word_1_165' title='bbox 2290 878 2412 920; x_wconf 89' lang='lat' dir='ltr'><strong>esse</strong></span> <span class='ocrx_word' id='word_1_166' title='bbox 2436 863 2629 918; x_wconf 86' lang='lat' dir='ltr'><strong>Filium</strong></span> <span class='ocrx_word' id='word_1_167' title='bbox 2687 861 2827 934; x_wconf 88' lang='lat' dir='ltr'><strong>Dei).</strong></span> <span class='ocrx_word' id='word_1_168' title='bbox 2858 870 2948 916; x_wconf 90' lang='lat' dir='ltr'><strong>aut</strong></span> <span class='ocrx_word' id='word_1_169' title='bbox 2980 877 3044 916; x_wconf 79' lang='lat' dir='ltr'><strong>ex</strong></span> <span class='ocrx_word' id='word_1_170' title='bbox 3086 861 3187 915; x_wconf 84' lang='lat' dir='ltr'><strong>alia</strong></span> <span class='ocrx_word' id='word_1_171' title='bbox 3220 859 3545 927; x_wconf 80' lang='lat' dir='ltr'><strong>substantia,</strong></span> <span class='ocrx_word' id='word_1_172' title='bbox 3577 868 3638 916; x_wconf 89' lang='lat' dir='ltr'><strong>et</strong></span> <span class='ocrx_word' id='word_1_173' title='bbox 3683 873 3788 914; x_wconf 88' lang='lat' dir='ltr'><strong>non</strong></span> <span class='ocrx_word' id='word_1_174' title='bbox 3828 874 3881 914; x_wconf 79' lang='lat' dir='ltr'><strong>ex</strong></span> 
     </span>
    </p>
   </div>
   <div class='ocr_carea' id='block_1_24' title="bbox 2294 941 3882 1028">
    <p class='ocr_par' dir='ltr' id='par_1_24' title="bbox 2294 941 3882 1028">
     <span class='ocr_line' id='line_1_25' title="bbox 2294 941 3882 1028; baseline -0.004 -14"><span class='ocrx_word' id='word_1_175' title='bbox 2294 960 2439 1024; x_wconf 90' lang='lat' dir='ltr'><strong>Deo;</strong></span> <span class='ocrx_word' id='word_1_176' title='bbox 2465 967 2555 1013; x_wconf 90' lang='lat' dir='ltr'><strong>aut</strong></span> <span class='ocrx_word' id='word_1_177' title='bbox 2583 959 2672 1028; x_wconf 93' lang='lat' dir='ltr'><strong>qui</strong></span> <span class='ocrx_word' id='word_1_178' title='bbox 2701 957 2911 1021; x_wconf 87' lang='lat' dir='ltr'><strong>dicunt,</strong></span> <span class='ocrx_word' id='word_1_179' title='bbox 2933 956 3095 1010; x_wconf 77' lang='lat' dir='ltr'><strong>fuisse</strong></span> <span class='ocrx_word' id='word_1_180' title='bbox 3121 954 3414 1026; x_wconf 88' lang='lat' dir='ltr'><strong>aliquando</strong></span> <span class='ocrx_word' id='word_1_181' title='bbox 3435 941 3666 1026; x_wconf 79' lang='lat' dir='ltr'><strong>tempus</strong></span> <span class='ocrx_word' id='word_1_182' title='bbox 3690 953 3772 1008; x_wconf 88' lang='lat' dir='ltr'><strong>vel</strong></span> <span class='ocrx_word' id='word_1_183' title='bbox 3799 967 3882 1008; x_wconf 63' lang='lat' dir='ltr'><strong>sae-</strong></span> 
     </span>
    </p>
   </div>
   <div class='ocr_carea' id='block_1_25' title="bbox 2291 1045 3886 1120">
    <p class='ocr_par' dir='ltr' id='par_1_25' title="bbox 2291 1045 3886 1120">
     <span class='ocr_line' id='line_1_26' title="bbox 2291 1045 3886 1120; baseline -0.004 -15"><span class='ocrx_word' id='word_1_184' title='bbox 2291 1049 2472 1105; x_wconf 89' lang='lat' dir='ltr'><strong>culum</strong></span> <span class='ocrx_word' id='word_1_185' title='bbox 2543 1049 2761 1120; x_wconf 77' lang='lat' dir='ltr'><strong>quando</strong></span> <span class='ocrx_word' id='word_1_186' title='bbox 2807 1061 2912 1104; x_wconf 91' lang='lat' dir='ltr'><strong>non</strong></span> <span class='ocrx_word' id='word_1_187' title='bbox 2972 1047 3072 1103; x_wconf 89' lang='lat' dir='ltr'><strong>fuit</strong></span> <span class='ocrx_word' id='word_1_188' title='bbox 3115 1047 3287 1111; x_wconf 78' lang='lat' dir='ltr'><strong>illius,</strong></span> <span class='ocrx_word' id='word_1_189' title='bbox 3341 1045 3635 1102; x_wconf 65' lang='lat' dir='ltr'><strong>hmreticos</strong></span> <span class='ocrx_word' id='word_1_190' title='bbox 3683 1046 3886 1100; x_wconf 84' lang='lat' dir='ltr'><strong>damnat</strong></span> 
     </span>
    </p>
   </div>
   <div class='ocr_carea' id='block_1_26' title="bbox 2291 1137 3879 1207">
    <p class='ocr_par' dir='ltr' id='par_1_26' title="bbox 2291 1137 3879 1207">
     <span class='ocr_line' id='line_1_27' title="bbox 2291 1137 3879 1207; baseline -0.003 -11"><span class='ocrx_word' id='word_1_191' title='bbox 2291 1150 2476 1196; x_wconf 83' lang='lat' dir='ltr'><strong>sancta</strong></span> <span class='ocrx_word' id='word_1_192' title='bbox 2521 1150 2577 1196; x_wconf 91' lang='lat' dir='ltr'><strong>et</strong></span> <span class='ocrx_word' id='word_1_193' title='bbox 2613 1139 2879 1197; x_wconf 84' lang='lat' dir='ltr'><strong>catholica</strong></span> <span class='ocrx_word' id='word_1_194' title='bbox 2913 1140 3175 1196; x_wconf 84' lang='lat' dir='ltr'><strong>Ecclesia.</strong></span> <span class='ocrx_word' id='word_1_195' title='bbox 3224 1138 3490 1194; x_wconf 80' lang='lat' dir='ltr'><strong>Similiter</strong></span> <span class='ocrx_word' id='word_1_196' title='bbox 3518 1147 3575 1193; x_wconf 88' lang='lat' dir='ltr'><strong>et</strong></span> <span class='ocrx_word' id='word_1_197' title='bbox 3623 1137 3771 1204; x_wconf 89' lang='lat' dir='ltr'><strong>illos,</strong></span> <span class='ocrx_word' id='word_1_198' title='bbox 3800 1140 3879 1207; x_wconf 89' lang='lat' dir='ltr'><strong>qui</strong></span> 
     </span>
    </p>
   </div>
   <div class='ocr_carea' id='block_1_27' title="bbox 2291 1229 3887 1298">
    <p class='ocr_par' dir='ltr' id='par_1_27' title="bbox 2291 1229 3887 1298">
     <span class='ocr_line' id='line_1_28' title="bbox 2291 1229 3887 1298; baseline -0.003 -10"><span class='ocrx_word' id='word_1_199' title='bbox 2291 1235 2477 1288; x_wconf 89' lang='lat' dir='ltr'><strong>dicunt</strong></span> <span class='ocrx_word' id='word_1_200' title='bbox 2508 1244 2616 1289; x_wconf 87' lang='lat' dir='ltr'><strong>tres</strong></span> <span class='ocrx_word' id='word_1_201' title='bbox 2635 1248 2758 1290; x_wconf 85' lang='lat' dir='ltr'><strong>esse</strong></span> <span class='ocrx_word' id='word_1_202' title='bbox 2787 1233 2920 1288; x_wconf 90' lang='lat' dir='ltr'><strong>deos</strong></span> <span class='ocrx_word' id='word_1_203' title='bbox 2945 1249 2959 1298; x_wconf 92' lang='lat'><strong>;</strong></span> <span class='ocrx_word' id='word_1_204' title='bbox 2995 1239 3088 1287; x_wconf 82' lang='lat' dir='ltr'><strong>aut</strong></span> <span class='ocrx_word' id='word_1_205' title='bbox 3111 1231 3384 1288; x_wconf 81' lang='lat' dir='ltr'><strong>Christum</strong></span> <span class='ocrx_word' id='word_1_206' title='bbox 3413 1245 3524 1286; x_wconf 90' lang='lat' dir='ltr'><strong>non</strong></span> <span class='ocrx_word' id='word_1_207' title='bbox 3542 1245 3667 1286; x_wconf 85' lang='lat' dir='ltr'><strong>esse</strong></span> <span class='ocrx_word' id='word_1_208' title='bbox 3699 1229 3887 1295; x_wconf 86' lang='lat' dir='ltr'><strong>Deum;</strong></span> 
     </span>
    </p>
   </div>
   <div class='ocr_carea' id='block_1_28' title="bbox 2292 1322 3888 1399">
    <p class='ocr_par' dir='ltr' id='par_1_28' title="bbox 2292 1322 3888 1399">
     <span class='ocr_line' id='line_1_29' title="bbox 2292 1322 3888 1399; baseline -0.002 -18"><span class='ocrx_word' id='word_1_209' title='bbox 2292 1337 2383 1382; x_wconf 89' lang='lat' dir='ltr'><strong>aut</strong></span> <span class='ocrx_word' id='word_1_210' title='bbox 2413 1336 2537 1381; x_wconf 87' lang='lat' dir='ltr'><strong>ante</strong></span> <span class='ocrx_word' id='word_1_211' title='bbox 2572 1326 2697 1399; x_wconf 83' lang='lat' dir='ltr'><strong>(leg.</strong></span> <span class='ocrx_word' id='word_1_212' title='bbox 2724 1327 2922 1383; x_wconf 56' lang='lat' dir='ltr'><strong>saecula</strong></span> <span class='ocrx_word' id='word_1_213' title='bbox 2951 1341 3057 1381; x_wconf 92' lang='lat' dir='ltr'><strong>non</strong></span> <span class='ocrx_word' id='word_1_214' title='bbox 3083 1324 3275 1395; x_wconf 87' lang='lat' dir='ltr'><strong>fuisse)</strong></span> <span class='ocrx_word' id='word_1_215' title='bbox 3302 1340 3363 1380; x_wconf 88' lang='lat' dir='ltr'><strong>ea</strong></span> <span class='ocrx_word' id='word_1_216' title='bbox 3395 1340 3560 1379; x_wconf 90' lang='lat' dir='ltr'><strong>unum</strong></span> <span class='ocrx_word' id='word_1_217' title='bbox 3593 1339 3703 1379; x_wconf 89' lang='lat' dir='ltr'><strong>non</strong></span> <span class='ocrx_word' id='word_1_218' title='bbox 3737 1322 3888 1379; x_wconf 83' lang='lat' dir='ltr'><strong>fuisse</strong></span> 
     </span>
    </p>
   </div>
   <div class='ocr_carea' id='block_1_29' title="bbox 2292 1419 3885 1491">
    <p class='ocr_par' dir='ltr' id='par_1_29' title="bbox 2292 1419 3885 1491">
     <span class='ocr_line' id='line_1_30' title="bbox 2292 1419 3885 1491; baseline -0.001 -17"><span class='ocrx_word' id='word_1_219' title='bbox 2292 1419 2586 1486; x_wconf 79' lang='lat' dir='ltr'><strong>Christum,</strong></span> <span class='ocrx_word' id='word_1_220' title='bbox 2622 1435 2798 1491; x_wconf 83' lang='lat' dir='ltr'><strong>neque</strong></span> <span class='ocrx_word' id='word_1_221' title='bbox 2837 1420 3004 1474; x_wconf 84' lang='lat' dir='ltr'><strong>filium</strong></span> <span class='ocrx_word' id='word_1_222' title='bbox 3034 1419 3162 1478; x_wconf 86' lang='lat' dir='ltr'><strong>Dei:</strong></span> <span class='ocrx_word' id='word_1_223' title='bbox 3197 1427 3290 1474; x_wconf 83' lang='lat' dir='ltr'><strong>aut</strong></span> <span class='ocrx_word' id='word_1_224' title='bbox 3315 1419 3490 1489; x_wconf 89' lang='lat' dir='ltr'><strong>ipsum</strong></span> <span class='ocrx_word' id='word_1_225' title='bbox 3525 1419 3678 1490; x_wconf 88' lang='lat' dir='ltr'><strong>(eum</strong></span> <span class='ocrx_word' id='word_1_226' title='bbox 3728 1421 3885 1488; x_wconf 87' lang='lat' dir='ltr'><strong>ipsum</strong></span> 
     </span>
    </p>
   </div>
   <div class='ocr_carea' id='block_1_30' title="bbox 2293 1510 3888 1581">
    <p class='ocr_par' dir='ltr' id='par_1_30' title="bbox 2293 1510 3888 1581">
     <span class='ocr_line' id='line_1_31' title="bbox 2293 1510 3888 1581; baseline 0.001 -16"><span class='ocrx_word' id='word_1_227' title='bbox 2293 1513 2438 1581; x_wconf 88' lang='lat' dir='ltr'><strong>esse)</strong></span> <span class='ocrx_word' id='word_1_228' title='bbox 2489 1513 2697 1567; x_wconf 79' lang='lat' dir='ltr'><strong>Patrem</strong></span> <span class='ocrx_word' id='word_1_229' title='bbox 2742 1519 2797 1566; x_wconf 90' lang='lat' dir='ltr'><strong>et</strong></span> <span class='ocrx_word' id='word_1_230' title='bbox 2846 1511 3041 1566; x_wconf 85' lang='lat' dir='ltr'><strong>Filium</strong></span> <span class='ocrx_word' id='word_1_231' title='bbox 3089 1517 3144 1568; x_wconf 87' lang='lat' dir='ltr'><strong>et</strong></span> <span class='ocrx_word' id='word_1_232' title='bbox 3189 1512 3450 1581; x_wconf 78' lang='lat' dir='ltr'><strong>Spiritum</strong></span> <span class='ocrx_word' id='word_1_233' title='bbox 3478 1510 3768 1578; x_wconf 78' lang='lat' dir='ltr'><strong>sanetum;</strong></span> <span class='ocrx_word' id='word_1_234' title='bbox 3810 1521 3888 1567; x_wconf 85' lang='lat' dir='ltr'><strong>aut</strong></span> 
     </span>
    </p>
   </div>
   <div class='ocr_carea' id='block_1_31' title="bbox 2295 1603 3888 1677">
    <p class='ocr_par' dir='ltr' id='par_1_31' title="bbox 2295 1603 3888 1677">
     <span class='ocr_line' id='line_1_32' title="bbox 2295 1603 3888 1677; baseline 0.001 -19"><span class='ocrx_word' id='word_1_235' title='bbox 2295 1619 2402 1658; x_wconf 89' lang='lat' dir='ltr'><strong>non</strong></span> <span class='ocrx_word' id='word_1_236' title='bbox 2435 1611 2616 1657; x_wconf 72' lang='lat' dir='ltr'><strong>natum</strong></span> <span class='ocrx_word' id='word_1_237' title='bbox 2647 1603 2845 1668; x_wconf 86' lang='lat' dir='ltr'><strong>lilium;</strong></span> <span class='ocrx_word' id='word_1_238' title='bbox 2877 1614 2967 1658; x_wconf 82' lang='lat' dir='ltr'><strong>aut</strong></span> <span class='ocrx_word' id='word_1_239' title='bbox 3009 1620 3113 1659; x_wconf 91' lang='lat' dir='ltr'><strong>non</strong></span> <span class='ocrx_word' id='word_1_240' title='bbox 3174 1605 3443 1659; x_wconf 85' lang='lat' dir='ltr'><strong>sententia</strong></span> <span class='ocrx_word' id='word_1_241' title='bbox 3493 1604 3776 1677; x_wconf 86' lang='lat' dir='ltr'><strong>(consilio)</strong></span> <span class='ocrx_word' id='word_1_242' title='bbox 3803 1620 3888 1659; x_wconf 81' lang='lat' dir='ltr'><strong>ue-</strong></span> 
     </span>
    </p>
   </div>
   <div class='ocr_carea' id='block_1_32' title="bbox 2294 1698 3888 1771">
    <p class='ocr_par' dir='ltr' id='par_1_32' title="bbox 2294 1698 3888 1771">
     <span class='ocr_line' id='line_1_33' title="bbox 2294 1698 3888 1771; baseline 0.002 -20"><span class='ocrx_word' id='word_1_243' title='bbox 2294 1714 2399 1770; x_wconf 90' lang='lat' dir='ltr'><strong>que</strong></span> <span class='ocrx_word' id='word_1_244' title='bbox 2449 1699 2726 1754; x_wconf 82' lang='lat' dir='ltr'><strong>voluntate</strong></span> <span class='ocrx_word' id='word_1_245' title='bbox 2755 1699 2926 1754; x_wconf 88' lang='lat' dir='ltr'><strong>Deum</strong></span> <span class='ocrx_word' id='word_1_246' title='bbox 2976 1707 3183 1770; x_wconf 85' lang='lat' dir='ltr'><strong>patrem</strong></span> <span class='ocrx_word' id='word_1_247' title='bbox 3225 1700 3478 1771; x_wconf 75' lang='lat' dir='ltr'><strong>genuisse</strong></span> <span class='ocrx_word' id='word_1_248' title='bbox 3523 1699 3741 1753; x_wconf 81' lang='lat' dir='ltr'><strong>tilium:</strong></span> <span class='ocrx_word' id='word_1_249' title='bbox 3803 1698 3888 1754; x_wconf 87' lang='lat' dir='ltr'><strong>bos</strong></span> 
     </span>
    </p>
   </div>
   <div class='ocr_carea' id='block_1_33' title="bbox 593 1789 3890 1864">
    <p class='ocr_par' dir='ltr' id='par_1_33' title="bbox 593 1789 3890 1864">
     <span class='ocr_line' id='line_1_34' title="bbox 593 1789 3890 1864; baseline 0.001 -21"><span class='ocrx_word' id='word_1_250' title='bbox 593 1805 785 1843; x_wconf 84' lang='lat' dir='ltr'><strong>novam</strong></span> <span class='ocrx_word' id='word_1_251' title='bbox 817 1798 1018 1846; x_wconf 82' lang='lat' dir='ltr'><strong>sectam</strong></span> <span class='ocrx_word' id='word_1_252' title='bbox 1067 1791 1144 1864; x_wconf 77' lang='grc' dir='ltr'><strong>(α)</strong></span> <span class='ocrx_word' id='word_1_253' title='bbox 1189 1793 1348 1848; x_wconf 89' lang='lat' dir='ltr'><strong>indco</strong></span> <span class='ocrx_word' id='word_1_254' title='bbox 1397 1793 1592 1848; x_wconf 88' lang='lat' dir='ltr'><strong>crouiti</strong></span> <span class='ocrx_word' id='word_1_255' title='bbox 1637 1794 1874 1850; x_wconf 81' lang='lat' dir='ltr'><strong>Marcelli</strong></span> <span class='ocrx_word' id='word_1_256' title='bbox 1903 1796 2064 1849; x_wconf 82' lang='lat' dir='ltr'><strong>mixta</strong></span> <span class='ocrx_word' id='word_1_257' title='bbox 2096 1794 2194 1849; x_wconf 85' lang='lat' dir='ltr'><strong>Sa-</strong></span> <span class='ocrx_word' id='word_1_258' title='bbox 2221 1789 2272 1851; x_wconf 86' lang='lat' dir='ltr'><strong>B</strong></span> <span class='ocrx_word' id='word_1_259' title='bbox 2298 1808 2489 1848; x_wconf 87' lang='lat' dir='ltr'><strong>omnes</strong></span> <span class='ocrx_word' id='word_1_260' title='bbox 2533 1793 2955 1849; x_wconf 84' lang='lat' dir='ltr'><strong>anatbetnatizat</strong></span> <span class='ocrx_word' id='word_1_261' title='bbox 2982 1799 3036 1849; x_wconf 86' lang='lat' dir='ltr'><strong>et</strong></span> <span class='ocrx_word' id='word_1_262' title='bbox 3065 1800 3381 1849; x_wconf 76' lang='lat' dir='ltr'><strong>exsecratur</strong></span> <span class='ocrx_word' id='word_1_263' title='bbox 3409 1802 3597 1848; x_wconf 90' lang='lat' dir='ltr'><strong>sancta</strong></span> <span class='ocrx_word' id='word_1_264' title='bbox 3629 1803 3680 1848; x_wconf 87' lang='lat' dir='ltr'><strong>et</strong></span> <span class='ocrx_word' id='word_1_265' title='bbox 3713 1793 3890 1849; x_wconf 86' lang='lat' dir='ltr'><strong>catho-</strong></span> 
     </span>
    </p>
   </div>
   <div class='ocr_carea' id='block_1_34' title="bbox 593 1877 2220 1952">
    <p class='ocr_par' dir='ltr' id='par_1_34' title="bbox 593 1877 2220 1952">
     <span class='ocr_line' id='line_1_35' title="bbox 593 1877 2220 1952; baseline 0.001 -14"><span class='ocrx_word' id='word_1_266' title='bbox 593 1882 753 1938; x_wconf 89' lang='lat' dir='ltr'><strong>bellio</strong></span> <span class='ocrx_word' id='word_1_267' title='bbox 783 1895 836 1936; x_wconf 89' lang='lat' dir='ltr'><strong>et</strong></span> <span class='ocrx_word' id='word_1_268' title='bbox 864 1883 1052 1946; x_wconf 86' lang='lat' dir='ltr'><strong>Paulo,</strong></span> <span class='ocrx_word' id='word_1_269' title='bbox 1087 1886 1212 1940; x_wconf 85' lang='lat' dir='ltr'><strong>inde</strong></span> <span class='ocrx_word' id='word_1_270' title='bbox 1239 1898 1441 1952; x_wconf 85' lang='lat' dir='ltr'><strong>artem;</strong></span> <span class='ocrx_word' id='word_1_271' title='bbox 1489 1887 1800 1941; x_wconf 84' lang='lat' dir='ltr'><strong>necessario</strong></span> <span class='ocrx_word' id='word_1_272' title='bbox 1823 1877 2220 1940; x_wconf 68' lang='lat' dir='ltr'><strong>ordinavimus~</strong></span> 
     </span>
    </p>
   </div>
   <div class='ocr_carea' id='block_1_35' title="bbox 592 1976 2193 2048">
    <p class='ocr_par' dir='ltr' id='par_1_35' title="bbox 592 1976 2193 2048">
     <span class='ocr_line' id='line_1_36' title="bbox 592 1976 2193 2048; baseline 0.001 -17"><span class='ocrx_word' id='word_1_273' title='bbox 592 1976 874 2032; x_wconf 73' lang='lat' dir='ltr'><strong>catholica:</strong></span> <span class='ocrx_word' id='word_1_274' title='bbox 920 1977 1179 2032; x_wconf 66' lang='lat' dir='ltr'><strong>Ecclesiae</strong></span> <span class='ocrx_word' id='word_1_275' title='bbox 1225 1978 1404 2040; x_wconf 83' lang='lat' dir='ltr'><strong>fidem,</strong></span> <span class='ocrx_word' id='word_1_276' title='bbox 1435 1993 1596 2047; x_wconf 87' lang='lat' dir='ltr'><strong>quam</strong></span> <span class='ocrx_word' id='word_1_277' title='bbox 1643 1987 1978 2048; x_wconf 72' lang='lat' dir='ltr'><strong>negaverunt</strong></span> <span class='ocrx_word' id='word_1_278' title='bbox 2005 1993 2193 2047; x_wconf 80' lang='lat' dir='ltr'><strong>supra-</strong></span> 
     </span>
    </p>
   </div>
   <div class='ocr_carea' id='block_1_36' title="bbox 593 2066 2189 2139">
    <p class='ocr_par' dir='ltr' id='par_1_36' title="bbox 593 2066 2189 2139">
     <span class='ocr_line' id='line_1_37' title="bbox 593 2066 2189 2139; baseline 0 -17"><span class='ocrx_word' id='word_1_279' title='bbox 593 2067 720 2122; x_wconf 82' lang='lat' dir='ltr'><strong>dicti</strong></span> <span class='ocrx_word' id='word_1_280' title='bbox 769 2068 859 2138; x_wconf 91' lang='lat' dir='ltr'><strong>qui</strong></span> <span class='ocrx_word' id='word_1_281' title='bbox 905 2073 1026 2122; x_wconf 86' lang='lat' dir='ltr'><strong>cum</strong></span> <span class='ocrx_word' id='word_1_282' title='bbox 1072 2066 1229 2123; x_wconf 80' lang='lat' dir='ltr'><strong>Ossin</strong></span> <span class='ocrx_word' id='word_1_283' title='bbox 1262 2077 1424 2131; x_wconf 87' lang='lat' dir='ltr'><strong>sunt,</strong></span> <span class='ocrx_word' id='word_1_284' title='bbox 1454 2080 1508 2123; x_wconf 88' lang='lat' dir='ltr'><strong>et</strong></span> <span class='ocrx_word' id='word_1_285' title='bbox 1537 2067 1788 2123; x_wconf 70' lang='lat' dir='ltr'><strong>Marcello</strong></span> <span class='ocrx_word' id='word_1_286' title='bbox 1819 2067 2058 2124; x_wconf 69' lang='lat' dir='ltr'><strong>breretici</strong></span> <span class='ocrx_word' id='word_1_287' title='bbox 2105 2067 2124 2139; x_wconf 96' lang='lat'><strong>(</strong></span> <span class='ocrx_word' id='word_1_288' title='bbox 2147 2071 2189 2138; x_wconf 74' lang='grc' dir='ltr'><strong>[ο</strong></span> 
     </span>
    </p>
   </div>
   <div class='ocr_carea' id='block_1_37' title="bbox 593 2160 2196 2233">
    <p class='ocr_par' dir='ltr' id='par_1_37' title="bbox 593 2160 2196 2233">
     <span class='ocr_line' id='line_1_38' title="bbox 593 2160 2196 2233; baseline -0.002 -15"><span class='ocrx_word' id='word_1_289' title='bbox 593 2162 824 2218; x_wconf 82' lang='lat' dir='ltr'><strong>Marcelli</strong></span> <span class='ocrx_word' id='word_1_290' title='bbox 867 2160 1138 2233; x_wconf 65' lang='lat' dir='ltr'><strong>hazresim)</strong></span> <span class='ocrx_word' id='word_1_291' title='bbox 1173 2161 1526 2217; x_wconf 79' lang='lat' dir='ltr'><strong>induxerunt.</strong></span> <span class='ocrx_word' id='word_1_292' title='bbox 1573 2161 1924 2232; x_wconf 88' lang='lat' dir='ltr'><strong>Consequens</strong></span> <span class='ocrx_word' id='word_1_293' title='bbox 1979 2171 2083 2224; x_wconf 91' lang='lat' dir='ltr'><strong>est,</strong></span> <span class='ocrx_word' id='word_1_294' title='bbox 2134 2170 2196 2216; x_wconf 89' lang='lat' dir='ltr'><strong>ut</strong></span> 
     </span>
    </p>
   </div>
   <div class='ocr_carea' id='block_1_38' title="bbox 593 2254 2192 2325">
    <p class='ocr_par' dir='ltr' id='par_1_38' title="bbox 593 2254 2192 2325">
     <span class='ocr_line' id='line_1_39' title="bbox 593 2254 2192 2325; baseline -0.001 -17"><span class='ocrx_word' id='word_1_295' title='bbox 593 2256 828 2325; x_wconf 87' lang='lat' dir='ltr'><strong>acceptis</strong></span> <span class='ocrx_word' id='word_1_296' title='bbox 861 2256 1058 2310; x_wconf 87' lang='lat' dir='ltr'><strong>litteris</strong></span> <span class='ocrx_word' id='word_1_297' title='bbox 1094 2256 1293 2308; x_wconf 75' lang='lat' dir='ltr'><strong>nostris</strong></span> <span class='ocrx_word' id='word_1_298' title='bbox 1317 2255 1513 2325; x_wconf 75' lang='lat' dir='ltr'><strong>singuli</strong></span> <span class='ocrx_word' id='word_1_299' title='bbox 1561 2270 1885 2310; x_wconf 88' lang='lat' dir='ltr'><strong>consensum</strong></span> <span class='ocrx_word' id='word_1_300' title='bbox 1914 2254 2040 2308; x_wconf 89' lang='lat' dir='ltr'><strong>huic</strong></span> <span class='ocrx_word' id='word_1_301' title='bbox 2065 2269 2192 2308; x_wconf 88' lang='lat' dir='ltr'><strong>sen-</strong></span> 
     </span>
    </p>
   </div>
   <div class='ocr_carea' id='block_1_39' title="bbox 596 2347 2193 2426">
    <p class='ocr_par' dir='ltr' id='par_1_39' title="bbox 596 2347 2193 2426">
     <span class='ocr_line' id='line_1_40' title="bbox 596 2347 2193 2426; baseline -0.001 -22"><span class='ocrx_word' id='word_1_302' title='bbox 596 2351 778 2405; x_wconf 72' lang='lat' dir='ltr'><strong>tentia:</strong></span> <span class='ocrx_word' id='word_1_303' title='bbox 819 2348 1248 2426; x_wconf 77' lang='lat' dir='ltr'><strong>contn_iodatttes,</strong></span> <span class='ocrx_word' id='word_1_304' title='bbox 1291 2348 1506 2404; x_wconf 83' lang='lat' dir='ltr'><strong>decreta</strong></span> <span class='ocrx_word' id='word_1_305' title='bbox 1556 2357 1738 2402; x_wconf 84' lang='lat' dir='ltr'><strong>nostra</strong></span> <span class='ocrx_word' id='word_1_306' title='bbox 1798 2351 2013 2417; x_wconf 86' lang='lat' dir='ltr'><strong>propria</strong></span> <span class='ocrx_word' id='word_1_307' title='bbox 2060 2347 2193 2402; x_wconf 86' lang='lat' dir='ltr'><strong>sub-</strong></span> 
     </span>
    </p>
   </div>
   <div class='ocr_carea' id='block_1_40' title="bbox 594 2438 2190 2514">
    <p class='ocr_par' dir='ltr' id='par_1_40' title="bbox 594 2438 2190 2514">
     <span class='ocr_line' id='line_1_41' title="bbox 594 2438 2190 2514; baseline -0.003 -16"><span class='ocrx_word' id='word_1_308' title='bbox 594 2443 888 2514; x_wconf 85' lang='lat' dir='ltr'><strong>scriptione</strong></span> <span class='ocrx_word' id='word_1_309' title='bbox 913 2444 1156 2511; x_wconf 80' lang='lat' dir='ltr'><strong>signetis.</strong></span> <span class='ocrx_word' id='word_1_310' title='bbox 1192 2442 1285 2496; x_wconf 82' lang='lat' dir='ltr'><strong>Est</strong></span> <span class='ocrx_word' id='word_1_311' title='bbox 1311 2449 1491 2496; x_wconf 83' lang='lat' dir='ltr'><strong>autem</strong></span> <span class='ocrx_word' id='word_1_312' title='bbox 1524 2440 1659 2496; x_wconf 80' lang='lat' dir='ltr'><strong>fides</strong></span> <span class='ocrx_word' id='word_1_313' title='bbox 1673 2450 1856 2496; x_wconf 83' lang='lat' dir='ltr'><strong>nostra</strong></span> <span class='ocrx_word' id='word_1_314' title='bbox 1876 2440 1998 2495; x_wconf 90' lang='lat' dir='ltr'><strong>talis</strong></span> <span class='ocrx_word' id='word_1_315' title='bbox 2038 2438 2190 2512; x_wconf 79' lang='lat' dir='ltr'><strong>(Vid.</strong></span> 
     </span>
    </p>
   </div>
   <div class='ocr_carea' id='block_1_41' title="bbox 604 2533 1273 2605">
    <p class='ocr_par' dir='ltr' id='par_1_41' title="bbox 604 2533 1273 2605">
     <span class='ocr_line' id='line_1_42' title="bbox 604 2533 1273 2605; baseline -0.003 -17"><span class='ocrx_word' id='word_1_316' title='bbox 604 2534 694 2589; x_wconf 80' lang='lat' dir='ltr'><strong>lib.</strong></span> <span class='ocrx_word' id='word_1_317' title='bbox 728 2534 791 2588; x_wconf 83' lang='lat' dir='ltr'><strong>de</strong></span> <span class='ocrx_word' id='word_1_318' title='bbox 813 2535 1043 2605; x_wconf 80' lang='lat' dir='ltr'><strong>Synodis</strong></span> <span class='ocrx_word' id='word_1_319' title='bbox 1071 2552 1125 2589; x_wconf 79' lang='grc' dir='ltr'><strong>η.</strong></span> <span class='ocrx_word' id='word_1_320' title='bbox 1157 2533 1273 2603; x_wconf 76' lang='grc'><strong>54).</strong></span> 
     </span>
    </p>
   </div>
   <div class='ocr_carea' id='block_1_42' title="bbox 666 2622 2197 2697">
    <p class='ocr_par' dir='ltr' id='par_1_42' title="bbox 666 2622 2197 2697">
     <span class='ocr_line' id='line_1_43' title="bbox 666 2622 2197 2697; baseline -0.001 -17"><span class='ocrx_word' id='word_1_321' title='bbox 666 2626 758 2681; x_wconf 74' lang='lat'><strong>‘29.</strong></span> <span class='ocrx_word' id='word_1_322' title='bbox 800 2627 1084 2682; x_wconf 82' lang='lat' dir='ltr'><strong>Credimus</strong></span> <span class='ocrx_word' id='word_1_323' title='bbox 1114 2627 1166 2680; x_wconf 88' lang='lat' dir='ltr'><strong>in</strong></span> <span class='ocrx_word' id='word_1_324' title='bbox 1195 2642 1359 2680; x_wconf 88' lang='lat' dir='ltr'><strong>unum</strong></span> <span class='ocrx_word' id='word_1_325' title='bbox 1407 2627 1572 2682; x_wconf 89' lang='lat' dir='ltr'><strong>Deum</strong></span> <span class='ocrx_word' id='word_1_326' title='bbox 1606 2635 1812 2695; x_wconf 84' lang='lat' dir='ltr'><strong>patrem</strong></span> <span class='ocrx_word' id='word_1_327' title='bbox 1861 2622 2027 2697; x_wconf 59' lang='grc' dir='ltr'><strong>σοι</strong></span> <span class='ocrx_word' id='word_1_328' title='bbox 2074 2637 2197 2679; x_wconf 85' lang='lat' dir='ltr'><strong>om-</strong></span> 
     </span>
    </p>
   </div>
   <div class='ocr_carea' id='block_1_43' title="bbox 599 2716 2190 2788">
    <p class='ocr_par' dir='ltr' id='par_1_43' title="bbox 599 2716 2190 2788">
     <span class='ocr_line' id='line_1_44' title="bbox 599 2716 2190 2788; baseline -0.003 -14"><span class='ocrx_word' id='word_1_329' title='bbox 599 2720 932 2788; x_wconf 83' lang='lat' dir='ltr'><strong>nipotentem</strong></span> <span class='ocrx_word' id='word_1_330' title='bbox 959 2757 976 2785; x_wconf 95' lang='lat'><strong>,</strong></span> <span class='ocrx_word' id='word_1_331' title='bbox 1051 2718 1420 2774; x_wconf 84' lang='lat' dir='ltr'><strong>institutorem</strong></span> <span class='ocrx_word' id='word_1_332' title='bbox 1475 2728 1530 2773; x_wconf 88' lang='lat' dir='ltr'><strong>et</strong></span> <span class='ocrx_word' id='word_1_333' title='bbox 1577 2728 1879 2773; x_wconf 85' lang='lat' dir='ltr'><strong>creatorem</strong></span> <span class='ocrx_word' id='word_1_334' title='bbox 1926 2716 2190 2779; x_wconf 83' lang='lat' dir='ltr'><strong>omnium,</strong></span> 
     </span>
    </p>
   </div>
   <div class='ocr_carea' id='block_1_44' title="bbox 597 2812 2195 2882">
    <p class='ocr_par' dir='ltr' id='par_1_44' title="bbox 597 2812 2195 2882">
     <span class='ocr_line' id='line_1_45' title="bbox 597 2812 2195 2882; baseline -0.001 -14"><span class='ocrx_word' id='word_1_335' title='bbox 597 2830 663 2868; x_wconf 83' lang='lat' dir='ltr'><strong>ex</strong></span> <span class='ocrx_word' id='word_1_336' title='bbox 685 2829 794 2882; x_wconf 90' lang='lat' dir='ltr'><strong>quo</strong></span> <span class='ocrx_word' id='word_1_337' title='bbox 809 2814 989 2868; x_wconf 88' lang='lat' dir='ltr'><strong>omnis</strong></span> <span class='ocrx_word' id='word_1_338' title='bbox 1018 2823 1268 2868; x_wconf 87' lang='lat' dir='ltr'><strong>creatura</strong></span> <span class='ocrx_word' id='word_1_339' title='bbox 1281 2814 1598 2882; x_wconf 76' lang='lat' dir='ltr'><strong>(paternitas</strong></span> <span class='ocrx_word' id='word_1_340' title='bbox 1608 2823 1622 2879; x_wconf 83' lang='grc'><strong>)</strong></span> <span class='ocrx_word' id='word_1_341' title='bbox 1655 2813 1708 2867; x_wconf 92' lang='lat' dir='ltr'><strong>in</strong></span> <span class='ocrx_word' id='word_1_342' title='bbox 1735 2813 1878 2868; x_wconf 69' lang='lat' dir='ltr'><strong>calo</strong></span> <span class='ocrx_word' id='word_1_343' title='bbox 1893 2823 1945 2868; x_wconf 87' lang='lat' dir='ltr'><strong>et</strong></span> <span class='ocrx_word' id='word_1_344' title='bbox 1970 2812 2022 2866; x_wconf 91' lang='lat' dir='ltr'><strong>in</strong></span> <span class='ocrx_word' id='word_1_345' title='bbox 2053 2821 2195 2866; x_wconf 83' lang='lat' dir='ltr'><strong>terra</strong></span> 
     </span>
    </p>
   </div>
   <div class='ocr_carea' id='block_1_45' title="bbox 598 2904 2192 2975">
    <p class='ocr_par' dir='ltr' id='par_1_45' title="bbox 598 2904 2192 2975">
     <span class='ocr_line' id='line_1_46' title="bbox 598 2904 2192 2975; baseline -0.002 -15"><span class='ocrx_word' id='word_1_346' title='bbox 598 2907 930 2960; x_wconf 84' lang='lat' dir='ltr'><strong>nominatur.</strong></span> <span class='ocrx_word' id='word_1_347' title='bbox 965 2906 1030 2960; x_wconf 90' lang='lat' dir='ltr'><strong>Et</strong></span> <span class='ocrx_word' id='word_1_348' title='bbox 1053 2905 1108 2960; x_wconf 87' lang='lat' dir='ltr'><strong>in</strong></span> <span class='ocrx_word' id='word_1_349' title='bbox 1169 2905 1498 2975; x_wconf 78' lang='lat' dir='ltr'><strong>unigenitum</strong></span> <span class='ocrx_word' id='word_1_350' title='bbox 1531 2904 1701 2959; x_wconf 85' lang='lat' dir='ltr'><strong>filium</strong></span> <span class='ocrx_word' id='word_1_351' title='bbox 1747 2905 1866 2974; x_wconf 87' lang='lat' dir='ltr'><strong>ejus</strong></span> <span class='ocrx_word' id='word_1_352' title='bbox 1910 2904 2192 2958; x_wconf 85' lang='lat' dir='ltr'><strong>Dominum</strong></span> 
     </span>
    </p>
   </div>
   <div class='ocr_carea' id='block_1_46' title="bbox 600 2996 2195 3067">
    <p class='ocr_par' dir='ltr' id='par_1_46' title="bbox 600 2996 2195 3067">
     <span class='ocr_line' id='line_1_47' title="bbox 600 2996 2195 3067; baseline -0.002 -14"><span class='ocrx_word' id='word_1_353' title='bbox 600 3009 844 3055; x_wconf 88' lang='lat' dir='ltr'><strong>nostrum</strong></span> <span class='ocrx_word' id='word_1_354' title='bbox 887 2997 1074 3052; x_wconf 85' lang='lat' dir='ltr'><strong>Jesum</strong></span> <span class='ocrx_word' id='word_1_355' title='bbox 1115 2996 1413 3063; x_wconf 87' lang='lat' dir='ltr'><strong>Christum,</strong></span> <span class='ocrx_word' id='word_1_356' title='bbox 1469 2997 1560 3066; x_wconf 88' lang='lat' dir='ltr'><strong>qui</strong></span> <span class='ocrx_word' id='word_1_357' title='bbox 1609 3009 1734 3051; x_wconf 86' lang='lat' dir='ltr'><strong>ante</strong></span> <span class='ocrx_word' id='word_1_358' title='bbox 1772 3011 1947 3050; x_wconf 69' lang='lat' dir='ltr'><strong>rerum</strong></span> <span class='ocrx_word' id='word_1_359' title='bbox 1991 2996 2195 3067; x_wconf 84' lang='lat' dir='ltr'><strong>(omnia</strong></span> 
     </span>
    </p>
   </div>
   <div class='ocr_carea' id='block_1_47' title="bbox 599 3089 2194 3162">
    <p class='ocr_par' dir='ltr' id='par_1_47' title="bbox 599 3089 2194 3162">
     <span class='ocr_line' id='line_1_48' title="bbox 599 3089 2194 3162; baseline -0.004 -14"><span class='ocrx_word' id='word_1_360' title='bbox 599 3091 822 3162; x_wconf 66' lang='lat' dir='ltr'><strong>sit-cuia)</strong></span> <span class='ocrx_word' id='word_1_361' title='bbox 851 3106 915 3146; x_wconf 81' lang='lat' dir='ltr'><strong>ex</strong></span> <span class='ocrx_word' id='word_1_362' title='bbox 950 3091 1109 3144; x_wconf 85' lang='lat' dir='ltr'><strong>Patre</strong></span> <span class='ocrx_word' id='word_1_363' title='bbox 1133 3099 1423 3160; x_wconf 74' lang='lat' dir='ltr'><strong>generatus</strong></span> <span class='ocrx_word' id='word_1_364' title='bbox 1448 3099 1552 3154; x_wconf 87' lang='lat' dir='ltr'><strong>est,</strong></span> <span class='ocrx_word' id='word_1_365' title='bbox 1586 3106 1651 3146; x_wconf 77' lang='lat' dir='ltr'><strong>ex</strong></span> <span class='ocrx_word' id='word_1_366' title='bbox 1686 3089 1799 3144; x_wconf 88' lang='lat' dir='ltr'><strong>Deo</strong></span> <span class='ocrx_word' id='word_1_367' title='bbox 1821 3089 1982 3154; x_wconf 91' lang='lat' dir='ltr'><strong>Deus,</strong></span> <span class='ocrx_word' id='word_1_368' title='bbox 2013 3104 2080 3143; x_wconf 84' lang='lat' dir='ltr'><strong>ex</strong></span> <span class='ocrx_word' id='word_1_369' title='bbox 2111 3089 2194 3142; x_wconf 83' lang='lat' dir='ltr'><strong>lu-</strong></span> 
     </span>
    </p>
   </div>
   <div class='ocr_carea' id='block_1_48' title="bbox 2300 1885 3889 1956">
    <p class='ocr_par' dir='ltr' id='par_1_48' title="bbox 2300 1885 3889 1956">
     <span class='ocr_line' id='line_1_49' title="bbox 2300 1885 3889 1956; baseline 0 -16"><span class='ocrx_word' id='word_1_370' title='bbox 2300 1885 2399 1940; x_wconf 89' lang='lat' dir='ltr'><strong>lica</strong></span> <span class='ocrx_word' id='word_1_371' title='bbox 2434 1887 2697 1941; x_wconf 87' lang='lat' dir='ltr'><strong>Ecclesia.</strong></span> <span class='ocrx_word' id='word_1_372' title='bbox 2726 1888 2866 1956; x_wconf 85' lang='lat' dir='ltr'><strong>Opto</strong></span> <span class='ocrx_word' id='word_1_373' title='bbox 2895 1900 2990 1940; x_wconf 89' lang='lat' dir='ltr'><strong>vos</strong></span> <span class='ocrx_word' id='word_1_374' title='bbox 3013 1886 3067 1942; x_wconf 90' lang='lat' dir='ltr'><strong>in</strong></span> <span class='ocrx_word' id='word_1_375' title='bbox 3102 1887 3330 1941; x_wconf 88' lang='lat' dir='ltr'><strong>Domino</strong></span> <span class='ocrx_word' id='word_1_376' title='bbox 3369 1887 3509 1942; x_wconf 87' lang='lat' dir='ltr'><strong>bene</strong></span> <span class='ocrx_word' id='word_1_377' title='bbox 3541 1887 3745 1942; x_wconf 80' lang='lat' dir='ltr'><strong>valere.</strong></span> <span class='ocrx_word' id='word_1_378' title='bbox 3778 1886 3889 1942; x_wconf 83' lang='lat' dir='ltr'><strong>Ste-</strong></span> 
     </span>
    </p>
   </div>
   <div class='ocr_carea' id='block_1_49' title="bbox 2299 1977 3888 2050">
    <p class='ocr_par' dir='ltr' id='par_1_49' title="bbox 2299 1977 3888 2050">
     <span class='ocr_line' id='line_1_50' title="bbox 2299 1977 3888 2050; baseline -0.002 -17"><span class='ocrx_word' id='word_1_379' title='bbox 2299 1979 2509 2049; x_wconf 90' lang='lat' dir='ltr'><strong>phanus</strong></span> <span class='ocrx_word' id='word_1_380' title='bbox 2536 1980 2835 2050; x_wconf 89' lang='lat' dir='ltr'><strong>Episcopus</strong></span> <span class='ocrx_word' id='word_1_381' title='bbox 2888 1978 3190 2034; x_wconf 81' lang='lat' dir='ltr'><strong>Antiochia:</strong></span> <span class='ocrx_word' id='word_1_382' title='bbox 3237 1978 3536 2048; x_wconf 73' lang='lat' dir='ltr'><strong>provinciae</strong></span> <span class='ocrx_word' id='word_1_383' title='bbox 3577 1979 3753 2049; x_wconf 66' lang='lat' dir='ltr'><strong>Syriae</strong></span> <span class='ocrx_word' id='word_1_384' title='bbox 3804 1977 3888 2048; x_wconf 84' lang='grc' dir='ltr'><strong>(αι.</strong></span> 
     </span>
    </p>
   </div>
   <div class='ocr_carea' id='block_1_50' title="bbox 2299 2069 3885 2144">
    <p class='ocr_par' dir='ltr' id='par_1_50' title="bbox 2299 2069 3885 2144">
     <span class='ocr_line' id='line_1_51' title="bbox 2299 2069 3885 2144; baseline 0.001 -18"><span class='ocrx_word' id='word_1_385' title='bbox 2299 2069 2578 2144; x_wconf 85' lang='lat' dir='ltr'><strong>Sprecilac)</strong></span> <span class='ocrx_word' id='word_1_386' title='bbox 2625 2069 2802 2127; x_wconf 72' lang='lat' dir='ltr'><strong>lees</strong></span> <span class='ocrx_word' id='word_1_387' title='bbox 2844 2079 2972 2142; x_wconf 83' lang='lat' dir='ltr'><strong>epto</strong></span> <span class='ocrx_word' id='word_1_388' title='bbox 3003 2085 3098 2127; x_wconf 87' lang='lat' dir='ltr'><strong>vos</strong></span> <span class='ocrx_word' id='word_1_389' title='bbox 3147 2071 3198 2126; x_wconf 85' lang='lat' dir='ltr'><strong>in</strong></span> <span class='ocrx_word' id='word_1_390' title='bbox 3231 2071 3460 2127; x_wconf 90' lang='lat' dir='ltr'><strong>Domino</strong></span> <span class='ocrx_word' id='word_1_391' title='bbox 3505 2071 3648 2127; x_wconf 79' lang='lat' dir='ltr'><strong>bene</strong></span> <span class='ocrx_word' id='word_1_392' title='bbox 3694 2071 3885 2128; x_wconf 87' lang='lat' dir='ltr'><strong>velere.</strong></span> 
     </span>
    </p>
   </div>
   <div class='ocr_carea' id='block_1_51' title="bbox 2297 2162 3886 2236">
    <p class='ocr_par' dir='ltr' id='par_1_51' title="bbox 2297 2162 3886 2236">
     <span class='ocr_line' id='line_1_52' title="bbox 2297 2162 3886 2236; baseline 0 -18"><span class='ocrx_word' id='word_1_393' title='bbox 2297 2164 2556 2234; x_wconf 82' lang='lat' dir='ltr'><strong>Olltnpius</strong></span> <span class='ocrx_word' id='word_1_394' title='bbox 2584 2165 2876 2234; x_wconf 87' lang='lat' dir='ltr'><strong>episcopus</strong></span> <span class='ocrx_word' id='word_1_395' title='bbox 2907 2163 3164 2219; x_wconf 71' lang='lat' dir='ltr'><strong>Dolic&#39;eus</strong></span> <span class='ocrx_word' id='word_1_396' title='bbox 3193 2173 3322 2236; x_wconf 89' lang='lat' dir='ltr'><strong>opto</strong></span> <span class='ocrx_word' id='word_1_397' title='bbox 3348 2177 3444 2218; x_wconf 82' lang='lat' dir='ltr'><strong>vos</strong></span> <span class='ocrx_word' id='word_1_398' title='bbox 3473 2163 3526 2218; x_wconf 88' lang='lat' dir='ltr'><strong>in</strong></span> <span class='ocrx_word' id='word_1_399' title='bbox 3558 2162 3788 2220; x_wconf 87' lang='lat' dir='ltr'><strong>Domino</strong></span> <span class='ocrx_word' id='word_1_400' title='bbox 3804 2163 3886 2218; x_wconf 90' lang='lat' dir='ltr'><strong>be-</strong></span> 
     </span>
    </p>
   </div>
   <div class='ocr_carea' id='block_1_52' title="bbox 2301 2254 3889 2328">
    <p class='ocr_par' dir='ltr' id='par_1_52' title="bbox 2301 2254 3889 2328">
     <span class='ocr_line' id='line_1_53' title="bbox 2301 2254 3889 2328; baseline -0.001 -18"><span class='ocrx_word' id='word_1_401' title='bbox 2301 2271 2367 2310; x_wconf 93' lang='lat' dir='ltr'><strong>ue</strong></span> <span class='ocrx_word' id='word_1_402' title='bbox 2425 2256 2623 2311; x_wconf 89' lang='lat' dir='ltr'><strong>valere.</strong></span> <span class='ocrx_word' id='word_1_403' title='bbox 2670 2256 2962 2328; x_wconf 83' lang='lat' dir='ltr'><strong>Gerontius</strong></span> <span class='ocrx_word' id='word_1_404' title='bbox 2989 2257 3278 2327; x_wconf 84' lang='lat' dir='ltr'><strong>episcOpus</strong></span> <span class='ocrx_word' id='word_1_405' title='bbox 3309 2254 3684 2326; x_wconf 72' lang='lat' dir='ltr'><strong>Lampbanize.</strong></span> <span class='ocrx_word' id='word_1_406' title='bbox 3713 2255 3889 2311; x_wconf 79' lang='lat' dir='ltr'><strong>Meno-</strong></span> 
     </span>
    </p>
   </div>
   <div class='ocr_carea' id='block_1_53' title="bbox 2300 2346 3884 2418">
    <p class='ocr_par' dir='ltr' id='par_1_53' title="bbox 2300 2346 3884 2418">
     <span class='ocr_line' id='line_1_54' title="bbox 2300 2346 3884 2418; baseline 0 -20"><span class='ocrx_word' id='word_1_407' title='bbox 2300 2346 2534 2416; x_wconf 88' lang='lat' dir='ltr'><strong>phantus</strong></span> <span class='ocrx_word' id='word_1_408' title='bbox 2589 2349 2875 2418; x_wconf 87' lang='lat' dir='ltr'><strong>episcopus</strong></span> <span class='ocrx_word' id='word_1_409' title='bbox 2919 2348 2986 2402; x_wconf 90' lang='lat' dir='ltr'><strong>ab</strong></span> <span class='ocrx_word' id='word_1_410' title='bbox 3016 2347 3231 2417; x_wconf 86' lang='lat' dir='ltr'><strong>Epheso</strong></span> <span class='ocrx_word' id='word_1_411' title='bbox 3255 2357 3384 2417; x_wconf 91' lang='lat' dir='ltr'><strong>opto</strong></span> <span class='ocrx_word' id='word_1_412' title='bbox 3415 2360 3512 2402; x_wconf 90' lang='lat' dir='ltr'><strong>vos</strong></span> <span class='ocrx_word' id='word_1_413' title='bbox 3564 2347 3620 2402; x_wconf 87' lang='lat' dir='ltr'><strong>in</strong></span> <span class='ocrx_word' id='word_1_414' title='bbox 3672 2347 3884 2402; x_wconf 88' lang='lat' dir='ltr'><strong>Domino</strong></span> 
     </span>
    </p>
   </div>
   <div class='ocr_carea' id='block_1_54' title="bbox 2299 2442 3884 2512">
    <p class='ocr_par' dir='ltr' id='par_1_54' title="bbox 2299 2442 3884 2512">
     <span class='ocr_line' id='line_1_55' title="bbox 2299 2442 3884 2512; baseline -0.003 -15"><span class='ocrx_word' id='word_1_415' title='bbox 2299 2442 2438 2497; x_wconf 85' lang='lat' dir='ltr'><strong>bene</strong></span> <span class='ocrx_word' id='word_1_416' title='bbox 2468 2443 2667 2498; x_wconf 87' lang='lat' dir='ltr'><strong>valere.</strong></span> <span class='ocrx_word' id='word_1_417' title='bbox 2723 2442 2919 2496; x_wconf 83' lang='lat' dir='ltr'><strong>Paulus</strong></span> <span class='ocrx_word' id='word_1_418' title='bbox 2970 2443 3259 2512; x_wconf 82' lang='lat' dir='ltr'><strong>episc0pus</strong></span> <span class='ocrx_word' id='word_1_419' title='bbox 3286 2449 3416 2512; x_wconf 85' lang='lat' dir='ltr'><strong>opto</strong></span> <span class='ocrx_word' id='word_1_420' title='bbox 3439 2456 3534 2496; x_wconf 86' lang='lat' dir='ltr'><strong>vos</strong></span> <span class='ocrx_word' id='word_1_421' title='bbox 3583 2442 3634 2496; x_wconf 89' lang='lat' dir='ltr'><strong>in</strong></span> <span class='ocrx_word' id='word_1_422' title='bbox 3669 2442 3884 2496; x_wconf 87' lang='lat' dir='ltr'><strong>Domino</strong></span> 
     </span>
    </p>
   </div>
   <div class='ocr_carea' id='block_1_55' title="bbox 2301 2515 3882 2606">
    <p class='ocr_par' dir='ltr' id='par_1_55' title="bbox 2301 2515 3882 2606">
     <span class='ocr_line' id='line_1_56' title="bbox 2301 2515 3882 2606; baseline -0.002 -19"><span class='ocrx_word' id='word_1_423' title='bbox 2301 2534 2441 2588; x_wconf 87' lang='lat' dir='ltr'><strong>bene</strong></span> <span class='ocrx_word' id='word_1_424' title='bbox 2460 2533 2656 2588; x_wconf 76' lang='lat' dir='ltr'><strong>valere.</strong></span> <span class='ocrx_word' id='word_1_425' title='bbox 2690 2531 2856 2606; x_wconf 64' lang='grc' dir='ltr'><strong>σεῦ</strong></span> <span class='ocrx_word' id='word_1_426' title='bbox 2897 2515 3136 2587; x_wconf 59' lang='grc' dir='ltr'><strong>Εαειίυε</strong></span> <span class='ocrx_word' id='word_1_427' title='bbox 3190 2535 3477 2602; x_wconf 86' lang='lat' dir='ltr'><strong>episcopus</strong></span> <span class='ocrx_word' id='word_1_428' title='bbox 3504 2532 3577 2586; x_wconf 89' lang='lat' dir='ltr'><strong>ab</strong></span> <span class='ocrx_word' id='word_1_429' title='bbox 3619 2533 3882 2586; x_wconf 79' lang='lat' dir='ltr'><strong>Amantias</strong></span> 
     </span>
    </p>
   </div>
   <div class='ocr_carea' id='block_1_56' title="bbox 2297 2624 3883 2698">
    <p class='ocr_par' dir='ltr' id='par_1_56' title="bbox 2297 2624 3883 2698">
     <span class='ocr_line' id='line_1_57' title="bbox 2297 2624 3883 2698; baseline -0.002 -17"><span class='ocrx_word' id='word_1_430' title='bbox 2297 2635 2426 2698; x_wconf 87' lang='lat' dir='ltr'><strong>opto</strong></span> <span class='ocrx_word' id='word_1_431' title='bbox 2440 2642 2534 2682; x_wconf 86' lang='lat' dir='ltr'><strong>vos</strong></span> <span class='ocrx_word' id='word_1_432' title='bbox 2563 2629 2614 2682; x_wconf 92' lang='lat' dir='ltr'><strong>in</strong></span> <span class='ocrx_word' id='word_1_433' title='bbox 2652 2627 2883 2682; x_wconf 86' lang='lat' dir='ltr'><strong>Domino</strong></span> <span class='ocrx_word' id='word_1_434' title='bbox 2905 2628 3042 2682; x_wconf 86' lang='lat' dir='ltr'><strong>bene</strong></span> <span class='ocrx_word' id='word_1_435' title='bbox 3079 2624 3646 2682; x_wconf 84' lang='lat' dir='ltr'><strong>valere.Macedonius</strong></span> <span class='ocrx_word' id='word_1_436' title='bbox 3685 2626 3883 2695; x_wconf 87' lang='lat' dir='ltr'><strong>episco-</strong></span> 
     </span>
    </p>
   </div>
   <div class='ocr_carea' id='block_1_57' title="bbox 2301 2717 3880 2791">
    <p class='ocr_par' dir='ltr' id='par_1_57' title="bbox 2301 2717 3880 2791">
     <span class='ocr_line' id='line_1_58' title="bbox 2301 2717 3880 2791; baseline -0.003 -17"><span class='ocrx_word' id='word_1_437' title='bbox 2301 2735 2398 2789; x_wconf 87' lang='lat' dir='ltr'><strong>pus</strong></span> <span class='ocrx_word' id='word_1_438' title='bbox 2417 2719 2486 2775; x_wconf 89' lang='lat' dir='ltr'><strong>ab</strong></span> <span class='ocrx_word' id='word_1_439' title='bbox 2505 2719 2883 2790; x_wconf 81' lang='lat' dir='ltr'><strong>Amarquetias</strong></span> <span class='ocrx_word' id='word_1_440' title='bbox 2898 2721 2950 2788; x_wconf 88' lang='lat' dir='ltr'><strong>(a</strong></span> <span class='ocrx_word' id='word_1_441' title='bbox 2967 2719 3313 2791; x_wconf 81' lang='lat' dir='ltr'><strong>Mepsvestia)</strong></span> <span class='ocrx_word' id='word_1_442' title='bbox 3329 2728 3459 2790; x_wconf 92' lang='lat' dir='ltr'><strong>opto</strong></span> <span class='ocrx_word' id='word_1_443' title='bbox 3471 2734 3568 2773; x_wconf 84' lang='lat' dir='ltr'><strong>vos</strong></span> <span class='ocrx_word' id='word_1_444' title='bbox 3590 2717 3642 2773; x_wconf 89' lang='lat' dir='ltr'><strong>in</strong></span> <span class='ocrx_word' id='word_1_445' title='bbox 3668 2717 3880 2774; x_wconf 86' lang='lat' dir='ltr'><strong>Domino</strong></span> 
     </span>
    </p>
   </div>
   <div class='ocr_carea' id='block_1_58' title="bbox 2299 2810 3881 2882">
    <p class='ocr_par' dir='ltr' id='par_1_58' title="bbox 2299 2810 3881 2882">
     <span class='ocr_line' id='line_1_59' title="bbox 2299 2810 3881 2882; baseline -0.002 -16"><span class='ocrx_word' id='word_1_446' title='bbox 2299 2810 2439 2866; x_wconf 85' lang='lat' dir='ltr'><strong>bene</strong></span> <span class='ocrx_word' id='word_1_447' title='bbox 2468 2811 2668 2867; x_wconf 89' lang='lat' dir='ltr'><strong>valere.</strong></span> <span class='ocrx_word' id='word_1_448' title='bbox 2704 2811 3037 2881; x_wconf 82' lang='lat' dir='ltr'><strong>Thelaphius</strong></span> <span class='ocrx_word' id='word_1_449' title='bbox 3065 2812 3354 2881; x_wconf 81' lang='lat' dir='ltr'><strong>episcopus</strong></span> <span class='ocrx_word' id='word_1_450' title='bbox 3379 2810 3744 2866; x_wconf 81' lang='lat' dir='ltr'><strong>aCalcedonia</strong></span> <span class='ocrx_word' id='word_1_451' title='bbox 3767 2817 3881 2882; x_wconf 80' lang='lat' dir='ltr'><strong>Opto</strong></span> 
     </span>
    </p>
   </div>
   <div class='ocr_carea' id='block_1_59' title="bbox 2299 2901 3878 2974">
    <p class='ocr_par' dir='ltr' id='par_1_59' title="bbox 2299 2901 3878 2974">
     <span class='ocr_line' id='line_1_60' title="bbox 2299 2901 3878 2974; baseline 0 -19"><span class='ocrx_word' id='word_1_452' title='bbox 2299 2917 2397 2957; x_wconf 86' lang='lat' dir='ltr'><strong>vos</strong></span> <span class='ocrx_word' id='word_1_453' title='bbox 2431 2902 2481 2956; x_wconf 92' lang='lat' dir='ltr'><strong>in</strong></span> <span class='ocrx_word' id='word_1_454' title='bbox 2512 2903 2740 2957; x_wconf 83' lang='lat' dir='ltr'><strong>Domino</strong></span> <span class='ocrx_word' id='word_1_455' title='bbox 2762 2903 2898 2958; x_wconf 87' lang='lat' dir='ltr'><strong>bene</strong></span> <span class='ocrx_word' id='word_1_456' title='bbox 2929 2904 3133 2958; x_wconf 84' lang='lat' dir='ltr'><strong>valere.</strong></span> <span class='ocrx_word' id='word_1_457' title='bbox 3171 2904 3399 2957; x_wconf 88' lang='lat' dir='ltr'><strong>Aeacius</strong></span> <span class='ocrx_word' id='word_1_458' title='bbox 3417 2902 3702 2974; x_wconf 84' lang='lat' dir='ltr'><strong>episcopus</strong></span> <span class='ocrx_word' id='word_1_459' title='bbox 3723 2917 3752 2956; x_wconf 89' lang='lat' dir='ltr'><strong>a</strong></span> <span class='ocrx_word' id='word_1_460' title='bbox 3774 2901 3878 2956; x_wconf 71' lang='lat' dir='ltr'><strong>Ca:-</strong></span> 
     </span>
    </p>
   </div>
   <div class='ocr_carea' id='block_1_60' title="bbox 2301 2991 3878 3064">
    <p class='ocr_par' dir='ltr' id='par_1_60' title="bbox 2301 2991 3878 3064">
     <span class='ocr_line' id='line_1_61' title="bbox 2301 2991 3878 3064; baseline -0.001 -17"><span class='ocrx_word' id='word_1_461' title='bbox 2301 3009 2452 3048; x_wconf 90' lang='lat' dir='ltr'><strong>sarea</strong></span> <span class='ocrx_word' id='word_1_462' title='bbox 2474 3005 2602 3064; x_wconf 81' lang='lat' dir='ltr'><strong>opto</strong></span> <span class='ocrx_word' id='word_1_463' title='bbox 2620 3009 2718 3048; x_wconf 84' lang='lat' dir='ltr'><strong>vos</strong></span> <span class='ocrx_word' id='word_1_464' title='bbox 2740 2995 2794 3048; x_wconf 91' lang='lat' dir='ltr'><strong>in</strong></span> <span class='ocrx_word' id='word_1_465' title='bbox 2835 2994 3062 3048; x_wconf 82' lang='lat' dir='ltr'><strong>Domino</strong></span> <span class='ocrx_word' id='word_1_466' title='bbox 3077 2995 3216 3049; x_wconf 87' lang='lat' dir='ltr'><strong>bene</strong></span> <span class='ocrx_word' id='word_1_467' title='bbox 3238 2992 3760 3051; x_wconf 66' lang='lat' dir='ltr'><strong>valure.’fheodorus</strong></span> <span class='ocrx_word' id='word_1_468' title='bbox 3775 2991 3878 3060; x_wconf 83' lang='lat' dir='ltr'><strong>epi-</strong></span> 
     </span>
    </p>
   </div>
   <div class='ocr_carea' id='block_1_61' title="bbox 2301 3085 3875 3156">
    <p class='ocr_par' dir='ltr' id='par_1_61' title="bbox 2301 3085 3875 3156">
     <span class='ocr_line' id='line_1_62' title="bbox 2301 3085 3875 3156; baseline -0.003 -16"><span class='ocrx_word' id='word_1_469' title='bbox 2301 3100 2497 3155; x_wconf 88' lang='lat' dir='ltr'><strong>scopus</strong></span> <span class='ocrx_word' id='word_1_470' title='bbox 2547 3086 2616 3140; x_wconf 90' lang='lat' dir='ltr'><strong>ab</strong></span> <span class='ocrx_word' id='word_1_471' title='bbox 2643 3087 2899 3141; x_wconf 88' lang='lat' dir='ltr'><strong>Heraclea</strong></span> <span class='ocrx_word' id='word_1_472' title='bbox 2929 3095 3057 3156; x_wconf 91' lang='lat' dir='ltr'><strong>opto</strong></span> <span class='ocrx_word' id='word_1_473' title='bbox 3079 3101 3174 3140; x_wconf 89' lang='lat' dir='ltr'><strong>vos</strong></span> <span class='ocrx_word' id='word_1_474' title='bbox 3203 3086 3255 3140; x_wconf 91' lang='lat' dir='ltr'><strong>in</strong></span> <span class='ocrx_word' id='word_1_475' title='bbox 3281 3085 3510 3141; x_wconf 85' lang='lat' dir='ltr'><strong>Domino</strong></span> <span class='ocrx_word' id='word_1_476' title='bbox 3537 3085 3672 3141; x_wconf 84' lang='lat' dir='ltr'><strong>bene</strong></span> <span class='ocrx_word' id='word_1_477' title='bbox 3692 3086 3875 3140; x_wconf 80' lang='lat' dir='ltr'><strong>vlere.</strong></span> 
     </span>
    </p>
   </div>
   <div class='ocr_carea' id='block_1_62' title="bbox 599 3178 3877 3254">
    <p class='ocr_par' dir='ltr' id='par_1_62' title="bbox 599 3178 3877 3254">
     <span class='ocr_line' id='line_1_63' title="bbox 599 3178 3877 3254; baseline -0.002 -15"><span class='ocrx_word' id='word_1_478' title='bbox 599 3200 662 3241; x_wconf 87' lang='lat' dir='ltr'><strong>ce</strong></span> <span class='ocrx_word' id='word_1_479' title='bbox 692 3186 806 3249; x_wconf 83' lang='lat' dir='ltr'><strong>lux,</strong></span> <span class='ocrx_word' id='word_1_480' title='bbox 837 3199 932 3251; x_wconf 89' lang='lat' dir='ltr'><strong>per</strong></span> <span class='ocrx_word' id='word_1_481' title='bbox 947 3199 1104 3254; x_wconf 89' lang='lat' dir='ltr'><strong>quem</strong></span> <span class='ocrx_word' id='word_1_482' title='bbox 1154 3185 1289 3238; x_wconf 80' lang='lat' dir='ltr'><strong>facta</strong></span> <span class='ocrx_word' id='word_1_483' title='bbox 1337 3190 1465 3237; x_wconf 90' lang='lat' dir='ltr'><strong>sunt</strong></span> <span class='ocrx_word' id='word_1_484' title='bbox 1490 3183 1668 3236; x_wconf 84' lang='lat' dir='ltr'><strong>omnia</strong></span> <span class='ocrx_word' id='word_1_485' title='bbox 1693 3197 1812 3251; x_wconf 68' lang='lat' dir='ltr'><strong>quae</strong></span> <span class='ocrx_word' id='word_1_486' title='bbox 1858 3181 1910 3235; x_wconf 92' lang='lat' dir='ltr'><strong>in</strong></span> <span class='ocrx_word' id='word_1_487' title='bbox 1960 3181 2114 3236; x_wconf 63' lang='lat' dir='ltr'><strong>caelis</strong></span> <span class='ocrx_word' id='word_1_488' title='bbox 2143 3187 2198 3235; x_wconf 92' lang='lat' dir='ltr'><strong>et</strong></span> <span class='ocrx_word' id='word_1_489' title='bbox 2224 3180 2269 3244; x_wconf 87' lang='lat' dir='ltr'><strong>C</strong></span> <span class='ocrx_word' id='word_1_490' title='bbox 2305 3179 2628 3247; x_wconf 83' lang='lat' dir='ltr'><strong>Quintianus</strong></span> <span class='ocrx_word' id='word_1_491' title='bbox 2659 3181 2944 3250; x_wconf 76' lang='lat' dir='ltr'><strong>episcOpns</strong></span> <span class='ocrx_word' id='word_1_492' title='bbox 2975 3179 3052 3252; x_wconf 75' lang='grc' dir='ltr'><strong>(ε)</strong></span> <span class='ocrx_word' id='word_1_493' title='bbox 3077 3195 3106 3233; x_wconf 89' lang='lat' dir='ltr'><strong>a</strong></span> <span class='ocrx_word' id='word_1_494' title='bbox 3129 3178 3277 3234; x_wconf 76' lang='lat' dir='ltr'><strong>Taxe</strong></span> <span class='ocrx_word' id='word_1_495' title='bbox 3302 3188 3431 3249; x_wconf 83' lang='lat' dir='ltr'><strong>opto</strong></span> <span class='ocrx_word' id='word_1_496' title='bbox 3459 3193 3559 3234; x_wconf 88' lang='lat' dir='ltr'><strong>vos</strong></span> <span class='ocrx_word' id='word_1_497' title='bbox 3591 3180 3644 3234; x_wconf 89' lang='lat' dir='ltr'><strong>in</strong></span> <span class='ocrx_word' id='word_1_498' title='bbox 3671 3179 3877 3233; x_wconf 86' lang='lat' dir='ltr'><strong>Domino</strong></span> 
     </span>
    </p>
   </div>
   <div class='ocr_carea' id='block_1_63' title="bbox 601 3271 2195 3347">
    <p class='ocr_par' dir='ltr' id='par_1_63' title="bbox 601 3271 2195 3347">
     <span class='ocr_line' id='line_1_64' title="bbox 601 3271 2195 3347; baseline -0.003 -15"><span class='ocrx_word' id='word_1_499' title='bbox 601 3293 720 3347; x_wconf 74' lang='lat' dir='ltr'><strong>qua:</strong></span> <span class='ocrx_word' id='word_1_500' title='bbox 743 3275 990 3341; x_wconf 73' lang='lat' dir='ltr'><strong>interna,</strong></span> <span class='ocrx_word' id='word_1_501' title='bbox 1019 3275 1244 3331; x_wconf 80' lang='lat' dir='ltr'><strong>visibilia</strong></span> <span class='ocrx_word' id='word_1_502' title='bbox 1269 3284 1322 3329; x_wconf 90' lang='lat' dir='ltr'><strong>et</strong></span> <span class='ocrx_word' id='word_1_503' title='bbox 1341 3275 1650 3338; x_wconf 82' lang='lat' dir='ltr'><strong>invisibilia,</strong></span> <span class='ocrx_word' id='word_1_504' title='bbox 1683 3285 1866 3336; x_wconf 74' lang='lat' dir='ltr'><strong>sei-mp</strong></span> <span class='ocrx_word' id='word_1_505' title='bbox 1883 3275 2058 3343; x_wconf 80' lang='lat' dir='ltr'><strong>quistt</strong></span> <span class='ocrx_word' id='word_1_506' title='bbox 2080 3271 2195 3346; x_wconf 80' lang='lat' dir='ltr'><strong>(qui</strong></span> 
     </span>
    </p>
   </div>
   <div class='ocr_carea' id='block_1_64' title="bbox 601 3365 2196 3442">
    <p class='ocr_par' dir='ltr' id='par_1_64' title="bbox 601 3365 2196 3442">
     <span class='ocr_line' id='line_1_65' title="bbox 601 3365 2196 3442; baseline -0.004 -14"><span class='ocrx_word' id='word_1_507' title='bbox 601 3385 685 3428; x_wconf 88' lang='lat' dir='ltr'><strong>est</strong></span> <span class='ocrx_word' id='word_1_508' title='bbox 707 3370 978 3442; x_wconf 87' lang='lat' dir='ltr'><strong>verbum).</strong></span> <span class='ocrx_word' id='word_1_509' title='bbox 1011 3379 1066 3424; x_wconf 90' lang='lat' dir='ltr'><strong>et</strong></span> <span class='ocrx_word' id='word_1_510' title='bbox 1103 3371 1391 3438; x_wconf 84' lang='lat' dir='ltr'><strong>sapientia,</strong></span> <span class='ocrx_word' id='word_1_511' title='bbox 1419 3377 1476 3423; x_wconf 87' lang='lat' dir='ltr'><strong>et</strong></span> <span class='ocrx_word' id='word_1_512' title='bbox 1503 3369 1696 3431; x_wconf 83' lang='lat' dir='ltr'><strong>virtus,</strong></span> <span class='ocrx_word' id='word_1_513' title='bbox 1727 3377 1783 3420; x_wconf 91' lang='lat' dir='ltr'><strong>et</strong></span> <span class='ocrx_word' id='word_1_514' title='bbox 1835 3365 1978 3431; x_wconf 90' lang='lat' dir='ltr'><strong>vita,</strong></span> <span class='ocrx_word' id='word_1_515' title='bbox 2025 3376 2080 3421; x_wconf 90' lang='lat' dir='ltr'><strong>et</strong></span> <span class='ocrx_word' id='word_1_516' title='bbox 2105 3365 2196 3422; x_wconf 77' lang='lat' dir='ltr'><strong>lux</strong></span> 
     </span>
    </p>
   </div>
   <div class='ocr_carea' id='block_1_65' title="bbox 600 3458 2194 3534">
    <p class='ocr_par' dir='ltr' id='par_1_65' title="bbox 600 3458 2194 3534">
     <span class='ocr_line' id='line_1_66' title="bbox 600 3458 2194 3534; baseline -0.006 -14"><span class='ocrx_word' id='word_1_517' title='bbox 600 3481 750 3530; x_wconf 87' lang='lat' dir='ltr'><strong>vera,</strong></span> <span class='ocrx_word' id='word_1_518' title='bbox 801 3465 890 3534; x_wconf 92' lang='lat' dir='ltr'><strong>qui</strong></span> <span class='ocrx_word' id='word_1_519' title='bbox 942 3464 994 3517; x_wconf 93' lang='lat' dir='ltr'><strong>in</strong></span> <span class='ocrx_word' id='word_1_520' title='bbox 1027 3460 1334 3516; x_wconf 82' lang='lat' dir='ltr'><strong>novissimis</strong></span> <span class='ocrx_word' id='word_1_521' title='bbox 1371 3460 1708 3528; x_wconf 86' lang='lat' dir='ltr'><strong>temporibus</strong></span> <span class='ocrx_word' id='word_1_522' title='bbox 1729 3465 1950 3527; x_wconf 87' lang='lat' dir='ltr'><strong>propter</strong></span> <span class='ocrx_word' id='word_1_523' title='bbox 1977 3470 2082 3512; x_wconf 70' lang='lat' dir='ltr'><strong>nos</strong></span> <span class='ocrx_word' id='word_1_524' title='bbox 2112 3458 2194 3510; x_wconf 88' lang='lat' dir='ltr'><strong>in-</strong></span> 
     </span>
    </p>
   </div>
   <div class='ocr_carea' id='block_1_66' title="bbox 602 3549 2197 3628">
    <p class='ocr_par' dir='ltr' id='par_1_66' title="bbox 602 3549 2197 3628">
     <span class='ocr_line' id='line_1_67' title="bbox 602 3549 2197 3628; baseline -0.006 -12"><span class='ocrx_word' id='word_1_525' title='bbox 602 3561 785 3616; x_wconf 85' lang='lat' dir='ltr'><strong>duerit</strong></span> <span class='ocrx_word' id='word_1_526' title='bbox 829 3557 1104 3613; x_wconf 87' lang='lat' dir='ltr'><strong>hominem</strong></span> <span class='ocrx_word' id='word_1_527' title='bbox 1161 3558 1498 3628; x_wconf 84' lang='lat' dir='ltr'><strong>(incarnatus</strong></span> <span class='ocrx_word' id='word_1_528' title='bbox 1547 3554 1679 3619; x_wconf 91' lang='lat' dir='ltr'><strong>est),</strong></span> <span class='ocrx_word' id='word_1_529' title='bbox 1739 3562 1795 3607; x_wconf 90' lang='lat' dir='ltr'><strong>et</strong></span> <span class='ocrx_word' id='word_1_530' title='bbox 1835 3562 1990 3605; x_wconf 86' lang='lat' dir='ltr'><strong>natus</strong></span> <span class='ocrx_word' id='word_1_531' title='bbox 2030 3549 2100 3604; x_wconf 87' lang='lat' dir='ltr'><strong>sit</strong></span> <span class='ocrx_word' id='word_1_532' title='bbox 2129 3550 2197 3607; x_wconf 87' lang='lat' dir='ltr'><strong>de</strong></span> 
     </span>
    </p>
   </div>
   <div class='ocr_carea' id='block_1_67' title="bbox 602 3646 2197 3721">
    <p class='ocr_par' dir='ltr' id='par_1_67' title="bbox 602 3646 2197 3721">
     <span class='ocr_line' id='line_1_68' title="bbox 602 3646 2197 3721; baseline -0.006 -13"><span class='ocrx_word' id='word_1_533' title='bbox 602 3663 785 3708; x_wconf 88' lang='lat' dir='ltr'><strong>sancta</strong></span> <span class='ocrx_word' id='word_1_534' title='bbox 830 3652 1052 3721; x_wconf 79' lang='lat' dir='ltr'><strong>Virgine</strong></span> <span class='ocrx_word' id='word_1_535' title='bbox 1082 3651 1267 3711; x_wconf 82' lang='lat' dir='ltr'><strong>Maria,</strong></span> <span class='ocrx_word' id='word_1_536' title='bbox 1295 3657 1352 3703; x_wconf 88' lang='lat' dir='ltr'><strong>et</strong></span> <span class='ocrx_word' id='word_1_537' title='bbox 1389 3646 1700 3710; x_wconf 83' lang='lat' dir='ltr'><strong>crucifixus,</strong></span> <span class='ocrx_word' id='word_1_538' title='bbox 1734 3653 1790 3699; x_wconf 91' lang='lat' dir='ltr'><strong>et</strong></span> <span class='ocrx_word' id='word_1_539' title='bbox 1835 3652 2098 3707; x_wconf 87' lang='lat' dir='ltr'><strong>mortuus.</strong></span> <span class='ocrx_word' id='word_1_540' title='bbox 2143 3652 2197 3698; x_wconf 90' lang='lat' dir='ltr'><strong>et</strong></span> 
     </span>
    </p>
   </div>
   <div class='ocr_carea' id='block_1_68' title="bbox 605 3737 2199 3814">
    <p class='ocr_par' dir='ltr' id='par_1_68' title="bbox 605 3737 2199 3814">
     <span class='ocr_line' id='line_1_69' title="bbox 605 3737 2199 3814; baseline -0.006 -14"><span class='ocrx_word' id='word_1_541' title='bbox 605 3746 853 3814; x_wconf 83' lang='lat' dir='ltr'><strong>sepultus</strong></span> <span class='ocrx_word' id='word_1_542' title='bbox 877 3747 947 3797; x_wconf 88' lang='lat' dir='ltr'><strong>sit</strong></span> <span class='ocrx_word' id='word_1_543' title='bbox 983 3761 996 3795; x_wconf 89' lang='lat'>:</span> <span class='ocrx_word' id='word_1_544' title='bbox 1047 3743 1202 3796; x_wconf 86' lang='lat' dir='ltr'><strong>tertia</strong></span> <span class='ocrx_word' id='word_1_545' title='bbox 1227 3742 1314 3795; x_wconf 90' lang='lat' dir='ltr'><strong>die</strong></span> <span class='ocrx_word' id='word_1_546' title='bbox 1342 3738 1635 3794; x_wconf 83' lang='lat' dir='ltr'><strong>resurrexit</strong></span> <span class='ocrx_word' id='word_1_547' title='bbox 1668 3751 1696 3790; x_wconf 89' lang='lat' dir='ltr'><strong>a</strong></span> <span class='ocrx_word' id='word_1_548' title='bbox 1746 3737 1994 3801; x_wconf 88' lang='lat' dir='ltr'><strong>mortuis,</strong></span> <span class='ocrx_word' id='word_1_549' title='bbox 2028 3745 2082 3790; x_wconf 90' lang='lat' dir='ltr'><strong>et</strong></span> <span class='ocrx_word' id='word_1_550' title='bbox 2111 3751 2199 3791; x_wconf 73' lang='lat' dir='ltr'><strong>as-</strong></span> 
     </span>
    </p>
   </div>
   <div class='ocr_carea' id='block_1_69' title="bbox 605 3831 2198 3907">
    <p class='ocr_par' dir='ltr' id='par_1_69' title="bbox 605 3831 2198 3907">
     <span class='ocr_line' id='line_1_70' title="bbox 605 3831 2198 3907; baseline -0.005 -15"><span class='ocrx_word' id='word_1_551' title='bbox 605 3847 852 3907; x_wconf 84' lang='lat' dir='ltr'><strong>sumptus</strong></span> <span class='ocrx_word' id='word_1_552' title='bbox 878 3837 932 3890; x_wconf 90' lang='lat' dir='ltr'><strong>in</strong></span> <span class='ocrx_word' id='word_1_553' title='bbox 960 3835 1178 3898; x_wconf 73' lang='lat' dir='ltr'><strong>cmlum,</strong></span> <span class='ocrx_word' id='word_1_554' title='bbox 1207 3833 1361 3890; x_wconf 86' lang='lat' dir='ltr'><strong>sedet</strong></span> <span class='ocrx_word' id='word_1_555' title='bbox 1387 3833 1438 3886; x_wconf 91' lang='lat' dir='ltr'><strong>in</strong></span> <span class='ocrx_word' id='word_1_556' title='bbox 1463 3833 1683 3907; x_wconf 83' lang='lat' dir='ltr'><strong>dextera</strong></span> <span class='ocrx_word' id='word_1_557' title='bbox 1716 3831 1908 3894; x_wconf 85' lang='lat' dir='ltr'><strong>Patris,</strong></span> <span class='ocrx_word' id='word_1_558' title='bbox 1937 3841 2198 3886; x_wconf 86' lang='lat' dir='ltr'><strong>venturus</strong></span> 
     </span>
    </p>
   </div>
   <div class='ocr_carea' id='block_1_70' title="bbox 606 3905 2198 3994">
    <p class='ocr_par' dir='ltr' id='par_1_70' title="bbox 606 3905 2198 3994">
     <span class='ocr_line' id='line_1_71' title="bbox 606 3905 2198 3994; baseline -0.003 -12"><span class='ocrx_word' id='word_1_559' title='bbox 606 3928 659 3982; x_wconf 90' lang='lat' dir='ltr'><strong>in</strong></span> <span class='ocrx_word' id='word_1_560' title='bbox 701 3927 808 3982; x_wconf 86' lang='lat' dir='ltr'><strong>line</strong></span> <span class='ocrx_word' id='word_1_561' title='bbox 835 3925 1016 3980; x_wconf 86' lang='lat' dir='ltr'><strong>mundi</strong></span> <span class='ocrx_word' id='word_1_562' title='bbox 1045 3925 1287 3994; x_wconf 90' lang='lat' dir='ltr'><strong>judicare</strong></span> <span class='ocrx_word' id='word_1_563' title='bbox 1315 3924 1474 3979; x_wconf 81' lang='lat' dir='ltr'><strong>viros</strong></span> <span class='ocrx_word' id='word_1_564' title='bbox 1498 3905 1553 3978; x_wconf 72' lang='lat' dir='ltr'><strong>et</strong></span> <span class='ocrx_word' id='word_1_565' title='bbox 1591 3935 1853 3989; x_wconf 88' lang='lat' dir='ltr'><strong>mortuos,</strong></span> <span class='ocrx_word' id='word_1_566' title='bbox 1882 3932 1938 3978; x_wconf 91' lang='lat' dir='ltr'><strong>et</strong></span> <span class='ocrx_word' id='word_1_567' title='bbox 1969 3923 2198 3978; x_wconf 87' lang='lat' dir='ltr'><strong>reddere</strong></span> 
     </span>
    </p>
   </div>
   <div class='ocr_carea' id='block_1_71' title="bbox 609 4015 2200 4089">
    <p class='ocr_par' dir='ltr' id='par_1_71' title="bbox 609 4015 2200 4089">
     <span class='ocr_line' id='line_1_72' title="bbox 609 4015 2200 4089; baseline -0.003 -15"><span class='ocrx_word' id='word_1_568' title='bbox 609 4020 898 4089; x_wconf 86' lang='lat' dir='ltr'><strong>unicuique</strong></span> <span class='ocrx_word' id='word_1_569' title='bbox 926 4018 1404 4086; x_wconf 86' lang='lat' dir='ltr'><strong>secundumopera</strong></span> <span class='ocrx_word' id='word_1_570' title='bbox 1433 4032 1569 4082; x_wconf 84' lang='lat' dir='ltr'><strong>sua;</strong></span> <span class='ocrx_word' id='word_1_571' title='bbox 1595 4016 1750 4084; x_wconf 86' lang='lat' dir='ltr'><strong>cujus</strong></span> <span class='ocrx_word' id='word_1_572' title='bbox 1775 4030 1995 4084; x_wconf 84' lang='lat' dir='ltr'><strong>regnum</strong></span> <span class='ocrx_word' id='word_1_573' title='bbox 2025 4015 2200 4069; x_wconf 89' lang='lat' dir='ltr'><strong>inces-</strong></span> 
     </span>
    </p>
   </div>
   <div class='ocr_carea' id='block_1_72' title="bbox 603 4111 2198 4184">
    <p class='ocr_par' dir='ltr' id='par_1_72' title="bbox 603 4111 2198 4184">
     <span class='ocr_line' id='line_1_73' title="bbox 603 4111 2198 4184; baseline -0.003 -14"><span class='ocrx_word' id='word_1_574' title='bbox 603 4116 773 4172; x_wconf 82' lang='lat' dir='ltr'><strong>sabile</strong></span> <span class='ocrx_word' id='word_1_575' title='bbox 807 4126 1087 4184; x_wconf 83' lang='lat' dir='ltr'><strong>permanet</strong></span> <span class='ocrx_word' id='word_1_576' title='bbox 1116 4113 1168 4168; x_wconf 92' lang='lat' dir='ltr'><strong>in</strong></span> <span class='ocrx_word' id='word_1_577' title='bbox 1211 4122 1410 4168; x_wconf 67' lang='lat' dir='ltr'><strong>aeterna</strong></span> <span class='ocrx_word' id='word_1_578' title='bbox 1444 4112 1662 4167; x_wconf 63' lang='lat' dir='ltr'><strong>saecula.</strong></span> <span class='ocrx_word' id='word_1_579' title='bbox 1692 4111 1789 4166; x_wconf 89' lang='lat' dir='ltr'><strong>Est</strong></span> <span class='ocrx_word' id='word_1_580' title='bbox 1829 4111 1972 4166; x_wconf 90' lang='lat' dir='ltr'><strong>enim</strong></span> <span class='ocrx_word' id='word_1_581' title='bbox 2003 4113 2198 4166; x_wconf 86' lang='lat' dir='ltr'><strong>sedens</strong></span> 
     </span>
    </p>
   </div>
   <div class='ocr_carea' id='block_1_73' title="bbox 606 4206 2202 4274">
    <p class='ocr_par' dir='ltr' id='par_1_73' title="bbox 606 4206 2202 4274">
     <span class='ocr_line' id='line_1_74' title="bbox 606 4206 2202 4274; baseline -0.002 -9"><span class='ocrx_word' id='word_1_582' title='bbox 606 4209 659 4266; x_wconf 90' lang='lat' dir='ltr'><strong>in</strong></span> <span class='ocrx_word' id='word_1_583' title='bbox 689 4210 912 4266; x_wconf 85' lang='lat' dir='ltr'><strong>dextera</strong></span> <span class='ocrx_word' id='word_1_584' title='bbox 954 4209 1154 4274; x_wconf 78' lang='lat' dir='ltr'><strong>Patris,</strong></span> <span class='ocrx_word' id='word_1_585' title='bbox 1181 4224 1290 4264; x_wconf 89' lang='lat' dir='ltr'><strong>non</strong></span> <span class='ocrx_word' id='word_1_586' title='bbox 1320 4208 1492 4263; x_wconf 86' lang='lat' dir='ltr'><strong>solum</strong></span> <span class='ocrx_word' id='word_1_587' title='bbox 1530 4206 1582 4261; x_wconf 94' lang='lat' dir='ltr'><strong>in</strong></span> <span class='ocrx_word' id='word_1_588' title='bbox 1635 4207 1738 4263; x_wconf 86' lang='lat' dir='ltr'><strong>isto</strong></span> <span class='ocrx_word' id='word_1_589' title='bbox 1776 4207 1996 4268; x_wconf 77' lang='lat' dir='ltr'><strong>saeculo,</strong></span> <span class='ocrx_word' id='word_1_590' title='bbox 2029 4207 2120 4260; x_wconf 84' lang='lat' dir='ltr'><strong>sed</strong></span> <span class='ocrx_word' id='word_1_591' title='bbox 2147 4215 2202 4262; x_wconf 71' lang='grc' dir='ltr'><strong>«ιι</strong></span> 
     </span>
    </p>
   </div>
   <div class='ocr_carea' id='block_1_74' title="bbox 605 4297 2196 4371">
    <p class='ocr_par' dir='ltr' id='par_1_74' title="bbox 605 4297 2196 4371">
     <span class='ocr_line' id='line_1_75' title="bbox 605 4297 2196 4371; baseline -0.004 -13"><span class='ocrx_word' id='word_1_592' title='bbox 605 4305 658 4358; x_wconf 89' lang='lat' dir='ltr'><strong>in</strong></span> <span class='ocrx_word' id='word_1_593' title='bbox 685 4305 886 4358; x_wconf 84' lang='lat' dir='ltr'><strong>futuro.</strong></span> <span class='ocrx_word' id='word_1_594' title='bbox 941 4302 1228 4357; x_wconf 84' lang='lat' dir='ltr'><strong>Credimus</strong></span> <span class='ocrx_word' id='word_1_595' title='bbox 1271 4302 1324 4356; x_wconf 89' lang='lat' dir='ltr'><strong>in</strong></span> <span class='ocrx_word' id='word_1_596' title='bbox 1359 4301 1617 4371; x_wconf 82' lang='lat' dir='ltr'><strong>Spiritum</strong></span> <span class='ocrx_word' id='word_1_597' title='bbox 1648 4310 1920 4364; x_wconf 88' lang='lat' dir='ltr'><strong>sanctum,</strong></span> <span class='ocrx_word' id='word_1_598' title='bbox 1949 4297 2052 4352; x_wconf 88' lang='lat' dir='ltr'><strong>hoc</strong></span> <span class='ocrx_word' id='word_1_599' title='bbox 2095 4307 2196 4362; x_wconf 86' lang='lat' dir='ltr'><strong>est,</strong></span> 
     </span>
    </p>
   </div>
   <div class='ocr_carea' id='block_1_75' title="bbox 605 4390 2199 4465">
    <p class='ocr_par' dir='ltr' id='par_1_75' title="bbox 605 4390 2199 4465">
     <span class='ocr_line' id='line_1_76' title="bbox 605 4390 2199 4465; baseline -0.003 -15"><span class='ocrx_word' id='word_1_600' title='bbox 605 4397 660 4450; x_wconf 92' lang='lat' dir='ltr'><strong>in</strong></span> <span class='ocrx_word' id='word_1_601' title='bbox 708 4394 1057 4464; x_wconf 84' lang='lat' dir='ltr'><strong>paraeletum,</strong></span> <span class='ocrx_word' id='word_1_602' title='bbox 1079 4409 1244 4464; x_wconf 86' lang='lat' dir='ltr'><strong>quem</strong></span> <span class='ocrx_word' id='word_1_603' title='bbox 1273 4393 1492 4449; x_wconf 87' lang='lat' dir='ltr'><strong>mittens</strong></span> <span class='ocrx_word' id='word_1_604' title='bbox 1524 4390 1890 4465; x_wconf 82' lang='lat' dir='ltr'><strong>(promittens)</strong></span> <span class='ocrx_word' id='word_1_605' title='bbox 1923 4391 2199 4461; x_wconf 84' lang='lat' dir='ltr'><strong>Apostolis</strong></span> 
     </span>
    </p>
   </div>
   <div class='ocr_carea' id='block_1_76' title="bbox 608 4485 2199 4560">
    <p class='ocr_par' dir='ltr' id='par_1_76' title="bbox 608 4485 2199 4560">
     <span class='ocr_line' id='line_1_77' title="bbox 608 4485 2199 4560; baseline -0.003 -15"><span class='ocrx_word' id='word_1_606' title='bbox 608 4499 730 4560; x_wconf 85' lang='lat' dir='ltr'><strong>post</strong></span> <span class='ocrx_word' id='word_1_607' title='bbox 773 4486 1198 4556; x_wconf 82' lang='lat' dir='ltr'><strong>assumptionem</strong></span> <span class='ocrx_word' id='word_1_608' title='bbox 1245 4501 1393 4541; x_wconf 81' lang='lat' dir='ltr'><strong>suam</strong></span> <span class='ocrx_word' id='word_1_609' title='bbox 1435 4485 1489 4540; x_wconf 91' lang='lat' dir='ltr'><strong>in</strong></span> <span class='ocrx_word' id='word_1_610' title='bbox 1537 4485 1756 4549; x_wconf 87' lang='lat' dir='ltr'><strong>coelum,</strong></span> <span class='ocrx_word' id='word_1_611' title='bbox 1806 4487 1951 4540; x_wconf 84' lang='lat' dir='ltr'><strong>misit</strong></span> <span class='ocrx_word' id='word_1_612' title='bbox 1997 4486 2199 4540; x_wconf 87' lang='lat' dir='ltr'><strong>docens</strong></span> 
     </span>
    </p>
   </div>
   <div class='ocr_carea' id='block_1_77' title="bbox 2312 3268 3875 3344">
    <p class='ocr_par' dir='ltr' id='par_1_77' title="bbox 2312 3268 3875 3344">
     <span class='ocr_line' id='line_1_78' title="bbox 2312 3268 3875 3344; baseline 0 -18"><span class='ocrx_word' id='word_1_613' title='bbox 2312 3272 2450 3327; x_wconf 85' lang='lat' dir='ltr'><strong>bene</strong></span> <span class='ocrx_word' id='word_1_614' title='bbox 2480 3275 2676 3328; x_wconf 85' lang='lat' dir='ltr'><strong>valere.</strong></span> <span class='ocrx_word' id='word_1_615' title='bbox 2711 3273 2921 3328; x_wconf 74' lang='lat' dir='ltr'><strong>Marcus</strong></span> <span class='ocrx_word' id='word_1_616' title='bbox 2942 3275 3227 3343; x_wconf 88' lang='lat' dir='ltr'><strong>episcopus</strong></span> <span class='ocrx_word' id='word_1_617' title='bbox 3251 3274 3320 3328; x_wconf 87' lang='lat' dir='ltr'><strong>ab</strong></span> <span class='ocrx_word' id='word_1_618' title='bbox 3348 3271 3550 3328; x_wconf 90' lang='lat' dir='ltr'><strong>Aretiis</strong></span> <span class='ocrx_word' id='word_1_619' title='bbox 3572 3268 3875 3344; x_wconf 78' lang='lat' dir='ltr'><strong>(Arethusa)</strong></span> 
     </span>
    </p>
   </div>
   <div class='ocr_carea' id='block_1_78' title="bbox 2300 3364 3872 3435">
    <p class='ocr_par' dir='ltr' id='par_1_78' title="bbox 2300 3364 3872 3435">
     <span class='ocr_line' id='line_1_79' title="bbox 2300 3364 3872 3435; baseline -0.003 -18"><span class='ocrx_word' id='word_1_620' title='bbox 2300 3375 2428 3433; x_wconf 82' lang='lat' dir='ltr'><strong>Opto</strong></span> <span class='ocrx_word' id='word_1_621' title='bbox 2476 3380 2568 3419; x_wconf 89' lang='lat' dir='ltr'><strong>vos</strong></span> <span class='ocrx_word' id='word_1_622' title='bbox 2597 3367 2648 3418; x_wconf 91' lang='lat' dir='ltr'><strong>in</strong></span> <span class='ocrx_word' id='word_1_623' title='bbox 2679 3364 2905 3418; x_wconf 88' lang='lat' dir='ltr'><strong>Domino</strong></span> <span class='ocrx_word' id='word_1_624' title='bbox 2921 3365 3055 3419; x_wconf 87' lang='lat' dir='ltr'><strong>bene</strong></span> <span class='ocrx_word' id='word_1_625' title='bbox 3072 3364 3273 3420; x_wconf 88' lang='lat' dir='ltr'><strong>valere.</strong></span> <span class='ocrx_word' id='word_1_626' title='bbox 3303 3365 3535 3435; x_wconf 85' lang='lat' dir='ltr'><strong>Cyrotus</strong></span> <span class='ocrx_word' id='word_1_627' title='bbox 3557 3365 3831 3435; x_wconf 69' lang='lat' dir='ltr'><strong>epist-Opus</strong></span> <span class='ocrx_word' id='word_1_628' title='bbox 3848 3375 3872 3413; x_wconf 84' lang='lat' dir='ltr'><strong>a</strong></span> 
     </span>
    </p>
   </div>
   <div class='ocr_carea' id='block_1_79' title="bbox 2300 3456 3873 3527">
    <p class='ocr_par' dir='ltr' id='par_1_79' title="bbox 2300 3456 3873 3527">
     <span class='ocr_line' id='line_1_80' title="bbox 2300 3456 3873 3527; baseline -0.004 -15"><span class='ocrx_word' id='word_1_629' title='bbox 2300 3456 2452 3512; x_wconf 81' lang='lat' dir='ltr'><strong>Roeo</strong></span> <span class='ocrx_word' id='word_1_630' title='bbox 2474 3467 2602 3527; x_wconf 90' lang='lat' dir='ltr'><strong>opto</strong></span> <span class='ocrx_word' id='word_1_631' title='bbox 2622 3469 2716 3510; x_wconf 88' lang='lat' dir='ltr'><strong>vos</strong></span> <span class='ocrx_word' id='word_1_632' title='bbox 2735 3458 2786 3511; x_wconf 94' lang='lat' dir='ltr'><strong>in</strong></span> <span class='ocrx_word' id='word_1_633' title='bbox 2806 3457 3032 3512; x_wconf 82' lang='lat' dir='ltr'><strong>Domino</strong></span> <span class='ocrx_word' id='word_1_634' title='bbox 3059 3459 3194 3512; x_wconf 87' lang='lat' dir='ltr'><strong>bene</strong></span> <span class='ocrx_word' id='word_1_635' title='bbox 3216 3457 3418 3511; x_wconf 87' lang='lat' dir='ltr'><strong>valere.</strong></span> <span class='ocrx_word' id='word_1_636' title='bbox 3446 3457 3658 3526; x_wconf 83' lang='lat' dir='ltr'><strong>Eugeus</strong></span> <span class='ocrx_word' id='word_1_637' title='bbox 3686 3457 3873 3525; x_wconf 85' lang='lat' dir='ltr'><strong>episco-</strong></span> 
     </span>
    </p>
   </div>
   <div class='ocr_carea' id='block_1_80' title="bbox 2301 3551 3873 3622">
    <p class='ocr_par' dir='ltr' id='par_1_80' title="bbox 2301 3551 3873 3622">
     <span class='ocr_line' id='line_1_81' title="bbox 2301 3551 3873 3622; baseline -0.002 -18"><span class='ocrx_word' id='word_1_638' title='bbox 2301 3566 2401 3620; x_wconf 86' lang='lat' dir='ltr'><strong>pus</strong></span> <span class='ocrx_word' id='word_1_639' title='bbox 2427 3566 2456 3605; x_wconf 90' lang='lat' dir='ltr'><strong>a</strong></span> <span class='ocrx_word' id='word_1_640' title='bbox 2489 3551 2678 3605; x_wconf 84' lang='lat' dir='ltr'><strong>Lisicia</strong></span> <span class='ocrx_word' id='word_1_641' title='bbox 2716 3561 2844 3622; x_wconf 91' lang='lat' dir='ltr'><strong>opto</strong></span> <span class='ocrx_word' id='word_1_642' title='bbox 2876 3565 2978 3605; x_wconf 87' lang='lat' dir='ltr'><strong>vos</strong></span> <span class='ocrx_word' id='word_1_643' title='bbox 3017 3552 3068 3606; x_wconf 93' lang='lat' dir='ltr'><strong>in</strong></span> <span class='ocrx_word' id='word_1_644' title='bbox 3119 3551 3348 3606; x_wconf 85' lang='lat' dir='ltr'><strong>Domino</strong></span> <span class='ocrx_word' id='word_1_645' title='bbox 3391 3551 3528 3607; x_wconf 89' lang='lat' dir='ltr'><strong>bene</strong></span> <span class='ocrx_word' id='word_1_646' title='bbox 3562 3552 3760 3606; x_wconf 83' lang='lat' dir='ltr'><strong>valere.</strong></span> <span class='ocrx_word' id='word_1_647' title='bbox 3782 3552 3873 3603; x_wconf 83' lang='lat' dir='ltr'><strong>An-</strong></span> 
     </span>
    </p>
   </div>
   <div class='ocr_carea' id='block_1_81' title="bbox 2304 3643 3873 3714">
    <p class='ocr_par' dir='ltr' id='par_1_81' title="bbox 2304 3643 3873 3714">
     <span class='ocr_line' id='line_1_82' title="bbox 2304 3643 3873 3714; baseline -0.001 -18"><span class='ocrx_word' id='word_1_648' title='bbox 2304 3645 2481 3697; x_wconf 90' lang='lat' dir='ltr'><strong>tonius</strong></span> <span class='ocrx_word' id='word_1_649' title='bbox 2511 3646 2795 3714; x_wconf 88' lang='lat' dir='ltr'><strong>episcopus</strong></span> <span class='ocrx_word' id='word_1_650' title='bbox 2835 3659 2864 3698; x_wconf 92' lang='lat' dir='ltr'><strong>a</strong></span> <span class='ocrx_word' id='word_1_651' title='bbox 2896 3643 3152 3700; x_wconf 79' lang='lat' dir='ltr'><strong>Zenmate</strong></span> <span class='ocrx_word' id='word_1_652' title='bbox 3172 3655 3299 3714; x_wconf 90' lang='lat' dir='ltr'><strong>opto</strong></span> <span class='ocrx_word' id='word_1_653' title='bbox 3316 3657 3412 3698; x_wconf 89' lang='lat' dir='ltr'><strong>vos</strong></span> <span class='ocrx_word' id='word_1_654' title='bbox 3441 3645 3493 3700; x_wconf 91' lang='lat' dir='ltr'><strong>in</strong></span> <span class='ocrx_word' id='word_1_655' title='bbox 3515 3644 3738 3700; x_wconf 85' lang='lat' dir='ltr'><strong>Domino</strong></span> <span class='ocrx_word' id='word_1_656' title='bbox 3755 3643 3873 3698; x_wconf 86' lang='lat' dir='ltr'><strong>bene</strong></span> 
     </span>
    </p>
   </div>
   <div class='ocr_carea' id='block_1_82' title="bbox 2301 3732 3870 3814">
    <p class='ocr_par' dir='ltr' id='par_1_82' title="bbox 2301 3732 3870 3814">
     <span class='ocr_line' id='line_1_83' title="bbox 2301 3732 3870 3814; baseline 0 -25"><span class='ocrx_word' id='word_1_657' title='bbox 2301 3737 2503 3790; x_wconf 87' lang='lat' dir='ltr'><strong>valere.</strong></span> <span class='ocrx_word' id='word_1_658' title='bbox 2565 3737 2830 3792; x_wconf 83' lang='lat' dir='ltr'><strong>Antonius</strong></span> <span class='ocrx_word' id='word_1_659' title='bbox 2875 3739 3163 3808; x_wconf 82' lang='lat' dir='ltr'><strong>episcOpus</strong></span> <span class='ocrx_word' id='word_1_660' title='bbox 3190 3753 3218 3791; x_wconf 88' lang='lat' dir='ltr'><strong>a</strong></span> <span class='ocrx_word' id='word_1_661' title='bbox 3265 3738 3489 3814; x_wconf 82' lang='lat' dir='ltr'><strong>Decimo</strong></span> <span class='ocrx_word' id='word_1_662' title='bbox 3531 3732 3658 3810; x_wconf 83' lang='lat' dir='ltr'><strong>opto</strong></span> <span class='ocrx_word' id='word_1_663' title='bbox 3696 3753 3785 3792; x_wconf 85' lang='lat' dir='ltr'><strong>vos</strong></span> <span class='ocrx_word' id='word_1_664' title='bbox 3830 3737 3870 3789; x_wconf 93' lang='lat' dir='ltr'><strong>in</strong></span> 
     </span>
    </p>
   </div>
   <div class='ocr_carea' id='block_1_83' title="bbox 2306 3829 3871 3904">
    <p class='ocr_par' dir='ltr' id='par_1_83' title="bbox 2306 3829 3871 3904">
     <span class='ocr_line' id='line_1_84' title="bbox 2306 3829 3871 3904; baseline 0 -21"><span class='ocrx_word' id='word_1_665' title='bbox 2306 3829 2533 3886; x_wconf 89' lang='lat' dir='ltr'><strong>Domino</strong></span> <span class='ocrx_word' id='word_1_666' title='bbox 2563 3830 2698 3886; x_wconf 86' lang='lat' dir='ltr'><strong>bene</strong></span> <span class='ocrx_word' id='word_1_667' title='bbox 2720 3831 2934 3886; x_wconf 80' lang='lat' dir='ltr'><strong>valere.</strong></span> <span class='ocrx_word' id='word_1_668' title='bbox 2979 3830 3062 3904; x_wconf 76' lang='grc' dir='ltr'><strong>(ά)</strong></span> <span class='ocrx_word' id='word_1_669' title='bbox 3093 3832 3224 3886; x_wconf 84' lang='lat' dir='ltr'><strong>Dion</strong></span> <span class='ocrx_word' id='word_1_670' title='bbox 3255 3832 3545 3902; x_wconf 86' lang='lat' dir='ltr'><strong>episcopus</strong></span> <span class='ocrx_word' id='word_1_671' title='bbox 3589 3847 3617 3886; x_wconf 91' lang='lat' dir='ltr'><strong>a</strong></span> <span class='ocrx_word' id='word_1_672' title='bbox 3649 3831 3871 3886; x_wconf 61' lang='lat' dir='ltr'><strong>Caesarea</strong></span> 
     </span>
    </p>
   </div>
   <div class='ocr_carea' id='block_1_84' title="bbox 2303 3923 3872 3994">
    <p class='ocr_par' dir='ltr' id='par_1_84' title="bbox 2303 3923 3872 3994">
     <span class='ocr_line' id='line_1_85' title="bbox 2303 3923 3872 3994; baseline 0.001 -21"><span class='ocrx_word' id='word_1_673' title='bbox 2303 3931 2430 3992; x_wconf 88' lang='lat' dir='ltr'><strong>opto</strong></span> <span class='ocrx_word' id='word_1_674' title='bbox 2472 3938 2568 3978; x_wconf 85' lang='lat' dir='ltr'><strong>vos</strong></span> <span class='ocrx_word' id='word_1_675' title='bbox 2607 3927 2660 3977; x_wconf 93' lang='lat' dir='ltr'><strong>in</strong></span> <span class='ocrx_word' id='word_1_676' title='bbox 2700 3924 2926 3978; x_wconf 87' lang='lat' dir='ltr'><strong>Domino</strong></span> <span class='ocrx_word' id='word_1_677' title='bbox 2991 3923 3128 3980; x_wconf 88' lang='lat' dir='ltr'><strong>bene</strong></span> <span class='ocrx_word' id='word_1_678' title='bbox 3183 3924 3383 3979; x_wconf 81' lang='lat' dir='ltr'><strong>valere.</strong></span> <span class='ocrx_word' id='word_1_679' title='bbox 3446 3924 3631 3978; x_wconf 76' lang='lat' dir='ltr'><strong>Vitatis</strong></span> <span class='ocrx_word' id='word_1_680' title='bbox 3693 3923 3872 3994; x_wconf 86' lang='lat' dir='ltr'><strong>episco-</strong></span> 
     </span>
    </p>
   </div>
   <div class='ocr_carea' id='block_1_85' title="bbox 2305 4014 3872 4089">
    <p class='ocr_par' dir='ltr' id='par_1_85' title="bbox 2305 4014 3872 4089">
     <span class='ocr_line' id='line_1_86' title="bbox 2305 4014 3872 4089; baseline -0.003 -19"><span class='ocrx_word' id='word_1_681' title='bbox 2305 4030 2406 4085; x_wconf 87' lang='lat' dir='ltr'><strong>pus</strong></span> <span class='ocrx_word' id='word_1_682' title='bbox 2445 4033 2473 4069; x_wconf 87' lang='lat' dir='ltr'><strong>a</strong></span> <span class='ocrx_word' id='word_1_683' title='bbox 2531 4016 2675 4089; x_wconf 86' lang='lat' dir='ltr'><strong>Tyro</strong></span> <span class='ocrx_word' id='word_1_684' title='bbox 2723 4027 2853 4088; x_wconf 86' lang='lat' dir='ltr'><strong>opto</strong></span> <span class='ocrx_word' id='word_1_685' title='bbox 2880 4031 2975 4072; x_wconf 82' lang='lat' dir='ltr'><strong>vos</strong></span> <span class='ocrx_word' id='word_1_686' title='bbox 3024 4017 3076 4072; x_wconf 90' lang='lat' dir='ltr'><strong>in</strong></span> <span class='ocrx_word' id='word_1_687' title='bbox 3117 4017 3348 4072; x_wconf 88' lang='lat' dir='ltr'><strong>Domino</strong></span> <span class='ocrx_word' id='word_1_688' title='bbox 3378 4017 3516 4073; x_wconf 90' lang='lat' dir='ltr'><strong>bene</strong></span> <span class='ocrx_word' id='word_1_689' title='bbox 3547 4018 3741 4072; x_wconf 81' lang='lat' dir='ltr'><strong>valere.</strong></span> <span class='ocrx_word' id='word_1_690' title='bbox 3783 4014 3872 4068; x_wconf 86' lang='lat' dir='ltr'><strong>Eu-</strong></span> 
     </span>
    </p>
   </div>
   <div class='ocr_carea' id='block_1_86' title="bbox 2303 4111 3873 4182">
    <p class='ocr_par' dir='ltr' id='par_1_86' title="bbox 2303 4111 3873 4182">
     <span class='ocr_line' id='line_1_87' title="bbox 2303 4111 3873 4182; baseline -0.003 -17"><span class='ocrx_word' id='word_1_691' title='bbox 2303 4111 2498 4165; x_wconf 73' lang='lat' dir='ltr'><strong>doxius</strong></span> <span class='ocrx_word' id='word_1_692' title='bbox 2558 4112 2844 4180; x_wconf 82' lang='lat' dir='ltr'><strong>episcopus</strong></span> <span class='ocrx_word' id='word_1_693' title='bbox 2897 4128 2924 4164; x_wconf 86' lang='lat' dir='ltr'><strong>a</strong></span> <span class='ocrx_word' id='word_1_694' title='bbox 2979 4111 3326 4167; x_wconf 66' lang='lat' dir='ltr'><strong>Germanicis</strong></span> <span class='ocrx_word' id='word_1_695' title='bbox 3365 4123 3496 4182; x_wconf 83' lang='lat' dir='ltr'><strong>opto</strong></span> <span class='ocrx_word' id='word_1_696' title='bbox 3542 4126 3642 4168; x_wconf 83' lang='lat' dir='ltr'><strong>vos</strong></span> <span class='ocrx_word' id='word_1_697' title='bbox 3691 4113 3738 4165; x_wconf 92' lang='lat' dir='ltr'><strong>in</strong></span> <span class='ocrx_word' id='word_1_698' title='bbox 3782 4111 3873 4162; x_wconf 78' lang='lat' dir='ltr'><strong>[lo-</strong></span> 
     </span>
    </p>
   </div>
   <div class='ocr_carea' id='block_1_87' title="bbox 2305 4205 3872 4278">
    <p class='ocr_par' dir='ltr' id='par_1_87' title="bbox 2305 4205 3872 4278">
     <span class='ocr_line' id='line_1_88' title="bbox 2305 4205 3872 4278; baseline -0.004 -19"><span class='ocrx_word' id='word_1_699' title='bbox 2305 4205 2451 4259; x_wconf 91' lang='lat' dir='ltr'><strong>mino</strong></span> <span class='ocrx_word' id='word_1_700' title='bbox 2495 4207 2628 4260; x_wconf 88' lang='lat' dir='ltr'><strong>bene</strong></span> <span class='ocrx_word' id='word_1_701' title='bbox 2686 4207 2886 4262; x_wconf 82' lang='lat' dir='ltr'><strong>valere.</strong></span> <span class='ocrx_word' id='word_1_702' title='bbox 2913 4205 3199 4278; x_wconf 86' lang='lat' dir='ltr'><strong>Dionysius</strong></span> <span class='ocrx_word' id='word_1_703' title='bbox 3225 4206 3514 4276; x_wconf 80' lang='lat' dir='ltr'><strong>episcOpus</strong></span> <span class='ocrx_word' id='word_1_704' title='bbox 3565 4208 3633 4260; x_wconf 86' lang='lat' dir='ltr'><strong>ab</strong></span> <span class='ocrx_word' id='word_1_705' title='bbox 3659 4205 3872 4260; x_wconf 75' lang='lat' dir='ltr'><strong>Alexan-</strong></span> 
     </span>
    </p>
   </div>
   <div class='ocr_carea' id='block_1_88' title="bbox 2304 4297 3867 4370">
    <p class='ocr_par' dir='ltr' id='par_1_88' title="bbox 2304 4297 3867 4370">
     <span class='ocr_line' id='line_1_89' title="bbox 2304 4297 3867 4370; baseline -0.004 -18"><span class='ocrx_word' id='word_1_706' title='bbox 2304 4299 2417 4352; x_wconf 90' lang='lat' dir='ltr'><strong>dria</strong></span> <span class='ocrx_word' id='word_1_707' title='bbox 2456 4297 2744 4369; x_wconf 68' lang='lat' dir='ltr'><strong>provinciae</strong></span> <span class='ocrx_word' id='word_1_708' title='bbox 2784 4307 2911 4370; x_wconf 88' lang='lat' dir='ltr'><strong>opto</strong></span> <span class='ocrx_word' id='word_1_709' title='bbox 2966 4314 3061 4353; x_wconf 89' lang='lat' dir='ltr'><strong>vos</strong></span> <span class='ocrx_word' id='word_1_710' title='bbox 3123 4312 3165 4358; x_wconf 75' lang='grc' dir='ltr'>ι</span> <span class='ocrx_word' id='word_1_711' title='bbox 3218 4298 3444 4353; x_wconf 82' lang='lat' dir='ltr'><strong>Domino</strong></span> <span class='ocrx_word' id='word_1_712' title='bbox 3495 4297 3636 4354; x_wconf 86' lang='lat' dir='ltr'><strong>bene</strong></span> <span class='ocrx_word' id='word_1_713' title='bbox 3689 4297 3867 4350; x_wconf 78' lang='lat' dir='ltr'><strong>valere.</strong></span> 
     </span>
    </p>
   </div>
   <div class='ocr_carea' id='block_1_89' title="bbox 2301 4389 3870 4461">
    <p class='ocr_par' dir='ltr' id='par_1_89' title="bbox 2301 4389 3870 4461">
     <span class='ocr_line' id='line_1_90' title="bbox 2301 4389 3870 4461; baseline -0.004 -16"><span class='ocrx_word' id='word_1_714' title='bbox 2301 4389 2645 4447; x_wconf 77' lang='lat' dir='ltr'><strong>Macedonius</strong></span> <span class='ocrx_word' id='word_1_715' title='bbox 2671 4392 2958 4461; x_wconf 83' lang='lat' dir='ltr'><strong>episcopus</strong></span> <span class='ocrx_word' id='word_1_716' title='bbox 2995 4407 3026 4446; x_wconf 72' lang='grc' dir='ltr'>ι</span> <span class='ocrx_word' id='word_1_717' title='bbox 3070 4391 3242 4446; x_wconf 74' lang='lat' dir='ltr'><strong>Vit-ito</strong></span> <span class='ocrx_word' id='word_1_718' title='bbox 3269 4401 3400 4461; x_wconf 84' lang='lat' dir='ltr'><strong>opto</strong></span> <span class='ocrx_word' id='word_1_719' title='bbox 3436 4406 3533 4446; x_wconf 77' lang='lat' dir='ltr'><strong>vos</strong></span> <span class='ocrx_word' id='word_1_720' title='bbox 3569 4390 3628 4444; x_wconf 80' lang='lat' dir='ltr'><strong>in</strong></span> <span class='ocrx_word' id='word_1_721' title='bbox 3669 4389 3870 4444; x_wconf 84' lang='lat' dir='ltr'><strong>Domino</strong></span> 
     </span>
    </p>
   </div>
   <div class='ocr_carea' id='block_1_90' title="bbox 2305 4482 3868 4556">
    <p class='ocr_par' dir='ltr' id='par_1_90' title="bbox 2305 4482 3868 4556">
     <span class='ocr_line' id='line_1_91' title="bbox 2305 4482 3868 4556; baseline -0.004 -18"><span class='ocrx_word' id='word_1_722' title='bbox 2305 4485 2444 4539; x_wconf 89' lang='lat' dir='ltr'><strong>bene</strong></span> <span class='ocrx_word' id='word_1_723' title='bbox 2470 4483 2670 4538; x_wconf 89' lang='lat' dir='ltr'><strong>valere.</strong></span> <span class='ocrx_word' id='word_1_724' title='bbox 2701 4482 2772 4556; x_wconf 89' lang='lat' dir='ltr'><strong>(e)</strong></span> <span class='ocrx_word' id='word_1_725' title='bbox 2798 4484 3059 4538; x_wconf 86' lang='lat' dir='ltr'><strong>Eusebius</strong></span> <span class='ocrx_word' id='word_1_726' title='bbox 3115 4483 3402 4553; x_wconf 84' lang='lat' dir='ltr'><strong>episcopus</strong></span> <span class='ocrx_word' id='word_1_727' title='bbox 3448 4498 3486 4535; x_wconf 70' lang='lat' dir='ltr'><strong>a&#39;</strong></span> <span class='ocrx_word' id='word_1_728' title='bbox 3523 4482 3734 4538; x_wconf 70' lang='grc' dir='ltr'><strong>θυι-ιιιιὶ</strong></span> <span class='ocrx_word' id='word_1_729' title='bbox 3757 4484 3868 4548; x_wconf 86' lang='lat' dir='ltr'><strong>opto</strong></span> 
     </span>
    </p>
   </div>
   <div class='ocr_carea' id='block_1_91' title="bbox 604 4569 3868 4652">
    <p class='ocr_par' dir='ltr' id='par_1_91' title="bbox 604 4569 3868 4652">
     <span class='ocr_line' id='line_1_92' title="bbox 604 4569 3868 4652; baseline -0.005 -13"><span class='ocrx_word' id='word_1_730' title='bbox 604 4583 728 4640; x_wconf 88' lang='lat' dir='ltr'><strong>illos</strong></span> <span class='ocrx_word' id='word_1_731' title='bbox 753 4592 808 4638; x_wconf 91' lang='lat' dir='ltr'><strong>et</strong></span> <span class='ocrx_word' id='word_1_732' title='bbox 834 4583 1108 4638; x_wconf 78' lang='lat' dir='ltr'><strong>instruens</strong></span> <span class='ocrx_word' id='word_1_733' title='bbox 1136 4579 1357 4652; x_wconf 84' lang='lat' dir='ltr'><strong>(docere</strong></span> <span class='ocrx_word' id='word_1_734' title='bbox 1378 4578 1501 4634; x_wconf 84' lang='lat' dir='ltr'><strong>illos</strong></span> <span class='ocrx_word' id='word_1_735' title='bbox 1529 4587 1583 4634; x_wconf 89' lang='lat' dir='ltr'><strong>et</strong></span> <span class='ocrx_word' id='word_1_736' title='bbox 1606 4577 1897 4649; x_wconf 82' lang='lat' dir='ltr'><strong>instruere)</strong></span> <span class='ocrx_word' id='word_1_737' title='bbox 1925 4577 1992 4634; x_wconf 90' lang='lat' dir='ltr'><strong>de</strong></span> <span class='ocrx_word' id='word_1_738' title='bbox 2022 4580 2199 4634; x_wconf 83' lang='lat' dir='ltr'><strong>omni-</strong></span> <span class='ocrx_word' id='word_1_739' title='bbox 2221 4569 2276 4632; x_wconf 74' lang='grc' dir='ltr'>Β</span> <span class='ocrx_word' id='word_1_740' title='bbox 2303 4591 2398 4632; x_wconf 88' lang='lat' dir='ltr'><strong>vos</strong></span> <span class='ocrx_word' id='word_1_741' title='bbox 2431 4577 2480 4632; x_wconf 92' lang='lat' dir='ltr'><strong>in</strong></span> <span class='ocrx_word' id='word_1_742' title='bbox 2539 4577 2767 4632; x_wconf 89' lang='lat' dir='ltr'><strong>Domino</strong></span> <span class='ocrx_word' id='word_1_743' title='bbox 2815 4577 2955 4633; x_wconf 91' lang='lat' dir='ltr'><strong>bene</strong></span> <span class='ocrx_word' id='word_1_744' title='bbox 3000 4577 3205 4633; x_wconf 79' lang='lat' dir='ltr'><strong>valere.</strong></span> <span class='ocrx_word' id='word_1_745' title='bbox 3248 4575 3480 4633; x_wconf 80' lang='lat' dir='ltr'><strong>Basilius</strong></span> <span class='ocrx_word' id='word_1_746' title='bbox 3509 4577 3786 4648; x_wconf 78' lang='lat' dir='ltr'><strong>episcopus</strong></span> <span class='ocrx_word' id='word_1_747' title='bbox 3812 4571 3868 4625; x_wconf 84' lang='lat' dir='ltr'><strong>ab</strong></span> 
     </span>
    </p>
   </div>
   <div class='ocr_carea' id='block_1_92' title="bbox 603 4735 2193 4875">
    <p class='ocr_par' dir='ltr' id='par_1_92' title="bbox 603 4735 2193 4875">
     <span class='ocr_line' id='line_1_93' title="bbox 603 4735 2193 4875; baseline -0.007 -72"><span class='ocrx_word' id='word_1_748' title='bbox 603 4747 924 4875; x_wconf 59' lang='lat' dir='ltr'><strong>aniaggatoa</strong></span> <span class='ocrx_word' id='word_1_749' title='bbox 971 4758 1092 4800; x_wconf 89' lang='lat' dir='ltr'><strong>esse</strong></span> <span class='ocrx_word' id='word_1_750' title='bbox 1137 4740 1303 4798; x_wconf 84' lang='lat' dir='ltr'><strong>refert</strong></span> <span class='ocrx_word' id='word_1_751' title='bbox 1358 4738 1691 4794; x_wconf 82' lang='lat' dir='ltr'><strong>Athanasius</strong></span> <span class='ocrx_word' id='word_1_752' title='bbox 1739 4735 1832 4792; x_wconf 90' lang='lat' dir='ltr'><strong>lib.</strong></span> <span class='ocrx_word' id='word_1_753' title='bbox 1882 4736 1950 4791; x_wconf 86' lang='lat' dir='ltr'><strong>de</strong></span> <span class='ocrx_word' id='word_1_754' title='bbox 1990 4737 2193 4809; x_wconf 84' lang='lat' dir='ltr'><strong>Synod.</strong></span> 
     </span>
     <span class='ocr_line' id='line_1_94' title="bbox 605 4829 814 4875; baseline -0.014 0"><span class='ocrx_word' id='word_1_755' title='bbox 605 4829 708 4875; x_wconf 50' lang='grc' dir='ltr'><strong>ΒΛ</strong></span> <span class='ocrx_word' id='word_1_756' title='bbox 801 4860 814 4873; x_wconf 91' lang='grc'><strong>.</strong></span> 
     </span>
    </p>
   </div>
   <div class='ocr_carea' id='block_1_93' title="bbox 604 4829 814 4892">
    <p class='ocr_par' dir='ltr' id='par_1_93' title="bbox 604 4829 814 4892">
     <span class='ocr_line' id='line_1_95' title="bbox 604 4829 814 4892; baseline -0.014 -16"><span class='ocrx_word' id='word_1_757' title='bbox 604 4837 658 4892; x_wconf 90' lang='lat' dir='ltr'><strong>p.</strong></span> <span class='ocrx_word' id='word_1_758' title='bbox 688 4829 814 4875; x_wconf 55' lang='lat'><strong>:94.</strong></span> 
     </span>
    </p>
   </div>
   <div class='ocr_carea' id='block_1_94' title="bbox 679 4901 2195 4983">
    <p class='ocr_par' dir='ltr' id='par_1_94' title="bbox 679 4901 2195 4983">
     <span class='ocr_line' id='line_1_96' title="bbox 679 4901 2195 4983; baseline -0.005 -17"><span class='ocrx_word' id='word_1_759' title='bbox 679 4915 756 4983; x_wconf 82' lang='grc' dir='ltr'><strong>(α)</strong></span> <span class='ocrx_word' id='word_1_760' title='bbox 800 4912 853 4966; x_wconf 85' lang='grc' dir='ltr'><strong>1η</strong></span> <span class='ocrx_word' id='word_1_761' title='bbox 884 4926 986 4965; x_wconf 87' lang='lat' dir='ltr'><strong>ms.</strong></span> <span class='ocrx_word' id='word_1_762' title='bbox 1017 4909 1212 4983; x_wconf 4' lang='lat' dir='ltr'><strong>(Sirm.,</strong></span> <span class='ocrx_word' id='word_1_763' title='bbox 1245 4905 1408 4981; x_wconf 85' lang='lat' dir='ltr'><strong>judeo</strong></span> <span class='ocrx_word' id='word_1_764' title='bbox 1461 4904 1680 4983; x_wconf 70' lang='lat' dir='ltr'><strong>croniti._</strong></span> <span class='ocrx_word' id='word_1_765' title='bbox 1716 4901 2066 4983; x_wconf 45' lang='lat' dir='ltr'><strong>Etts&#39;picamur</strong></span> <span class='ocrx_word' id='word_1_766' title='bbox 2109 4902 2195 4958; x_wconf 90' lang='lat' dir='ltr'><strong>hic</strong></span> 
     </span>
    </p>
   </div>
   <div class='ocr_carea' id='block_1_95' title="bbox 602 4973 2194 5040">
    <p class='ocr_par' dir='ltr' id='par_1_95' title="bbox 602 4973 2194 5040">
     <span class='ocr_line' id='line_1_97' title="bbox 602 4973 2194 5040; baseline -0.008 -1"><span class='ocrx_word' id='word_1_767' title='bbox 602 4973 777 5039; x_wconf 74' lang='lat' dir='ltr'><strong>notari</strong></span> <span class='ocrx_word' id='word_1_768' title='bbox 809 4982 1042 5038; x_wconf 85' lang='lat' dir='ltr'><strong>Marcelli</strong></span> <span class='ocrx_word' id='word_1_769' title='bbox 1077 4973 1374 5035; x_wconf 59' lang='lat' dir='ltr'><strong>doctri&#39;nam</strong></span> <span class='ocrx_word' id='word_1_770' title='bbox 1415 4992 1535 5031; x_wconf 89' lang='lat' dir='ltr'><strong>cum</strong></span> <span class='ocrx_word' id='word_1_771' title='bbox 1583 4975 1781 5029; x_wconf 81' lang='lat' dir='ltr'><strong>Juda-is</strong></span> <span class='ocrx_word' id='word_1_772' title='bbox 1809 4973 2006 5040; x_wconf 81' lang='lat' dir='ltr'><strong>facere,</strong></span> <span class='ocrx_word' id='word_1_773' title='bbox 2043 4989 2194 5029; x_wconf 88' lang='lat' dir='ltr'><strong>eum-</strong></span> 
     </span>
    </p>
   </div>
   <div class='ocr_carea' id='block_1_96' title="bbox 601 5045 2188 5120">
    <p class='ocr_par' dir='ltr' id='par_1_96' title="bbox 601 5045 2188 5120">
     <span class='ocr_line' id='line_1_98' title="bbox 601 5045 2188 5120; baseline -0.008 -11"><span class='ocrx_word' id='word_1_774' title='bbox 601 5073 706 5120; x_wconf 85' lang='lat' dir='ltr'><strong>que</strong></span> <span class='ocrx_word' id='word_1_775' title='bbox 729 5055 915 5111; x_wconf 63' lang='lat' dir='ltr'><strong>iudico</strong></span> <span class='ocrx_word' id='word_1_776' title='bbox 935 5069 1121 5108; x_wconf 88' lang='lat' dir='ltr'><strong>errore</strong></span> <span class='ocrx_word' id='word_1_777' title='bbox 1149 5068 1270 5108; x_wconf 82' lang='lat' dir='ltr'><strong>esse</strong></span> <span class='ocrx_word' id='word_1_778' title='bbox 1296 5050 1579 5105; x_wconf 85' lang='lat' dir='ltr'><strong>imbutum.</strong></span> <span class='ocrx_word' id='word_1_779' title='bbox 1598 5046 1715 5100; x_wconf 79' lang='lat' dir='ltr'><strong>Mox</strong></span> <span class='ocrx_word' id='word_1_780' title='bbox 1746 5045 1985 5120; x_wconf 70' lang='lat' dir='ltr'><strong>projnde</strong></span> <span class='ocrx_word' id='word_1_781' title='bbox 2005 5059 2188 5109; x_wconf 86' lang='lat' dir='ltr'><strong>artem,</strong></span> 
     </span>
    </p>
   </div>
   <div class='ocr_carea' id='block_1_97' title="bbox 601 5114 2191 5190">
    <p class='ocr_par' dir='ltr' id='par_1_97' title="bbox 601 5114 2191 5190">
     <span class='ocr_line' id='line_1_99' title="bbox 601 5114 2191 5190; baseline -0.006 -9"><span class='ocrx_word' id='word_1_782' title='bbox 601 5114 746 5183; x_wconf 79' lang='lat' dir='ltr'><strong>idem</strong></span> <span class='ocrx_word' id='word_1_783' title='bbox 774 5126 1092 5182; x_wconf 87' lang='lat' dir='ltr'><strong>Sirmondus</strong></span> <span class='ocrx_word' id='word_1_784' title='bbox 1125 5125 1178 5178; x_wconf 92' lang='lat' dir='ltr'><strong>in</strong></span> <span class='ocrx_word' id='word_1_785' title='bbox 1209 5139 1308 5177; x_wconf 79' lang='lat' dir='ltr'><strong>ms.</strong></span> <span class='ocrx_word' id='word_1_786' title='bbox 1342 5121 1551 5190; x_wconf 80' lang='lat' dir='ltr'><strong>itetnig.</strong></span> <span class='ocrx_word' id='word_1_787' title='bbox 1604 5114 1806 5190; x_wconf 72' lang='lat' dir='ltr'><strong>reperit</strong></span> <span class='ocrx_word' id='word_1_788' title='bbox 1830 5114 1976 5171; x_wconf 81' lang='lat' dir='ltr'><strong>Juda</strong></span> <span class='ocrx_word' id='word_1_789' title='bbox 2002 5127 2191 5190; x_wconf 69' lang='lat' dir='ltr'><strong>arteria:</strong></span> 
     </span>
    </p>
   </div>
   <div class='ocr_carea' id='block_1_98' title="bbox 601 5188 2187 5264">
    <p class='ocr_par' dir='ltr' id='par_1_98' title="bbox 601 5188 2187 5264">
     <span class='ocr_line' id='line_1_100' title="bbox 601 5188 2187 5264; baseline -0.008 -11"><span class='ocrx_word' id='word_1_790' title='bbox 601 5200 747 5253; x_wconf 88' lang='lat' dir='ltr'><strong>unde</strong></span> <span class='ocrx_word' id='word_1_791' title='bbox 792 5198 1072 5264; x_wconf 78' lang='lat' dir='ltr'><strong>legendum</strong></span> <span class='ocrx_word' id='word_1_792' title='bbox 1121 5205 1391 5264; x_wconf 86' lang='lat' dir='ltr'><strong>putamus.</strong></span> <span class='ocrx_word' id='word_1_793' title='bbox 1449 5188 1634 5246; x_wconf 73' lang='lat' dir='ltr'><strong>sectam</strong></span> <span class='ocrx_word' id='word_1_794' title='bbox 1661 5188 1850 5264; x_wconf 60' lang='lat' dir='ltr'><strong>{uitreo</strong></span> <span class='ocrx_word' id='word_1_795' title='bbox 1876 5188 2187 5264; x_wconf 59' lang='lat' dir='ltr'><strong>unitiﬂar-</strong></span> 
     </span>
    </p>
   </div>
   <div class='ocr_carea' id='block_1_99' title="bbox 600 5257 2191 5338">
    <p class='ocr_par' dir='ltr' id='par_1_99' title="bbox 600 5257 2191 5338">
     <span class='ocr_line' id='line_1_101' title="bbox 600 5257 2191 5338; baseline -0.006 -14"><span class='ocrx_word' id='word_1_796' title='bbox 600 5257 887 5338; x_wconf 64' lang='lat' dir='ltr'><strong>cellijuxiu</strong></span> <span class='ocrx_word' id='word_1_797' title='bbox 935 5257 1220 5323; x_wconf 75' lang='lat' dir='ltr'><strong>Subellium</strong></span> <span class='ocrx_word' id='word_1_798' title='bbox 1245 5275 1291 5320; x_wconf 86' lang='lat' dir='ltr'><strong>et</strong></span> <span class='ocrx_word' id='word_1_799' title='bbox 1325 5263 1547 5318; x_wconf 80' lang='lat' dir='ltr'><strong>Paulum</strong></span> <span class='ocrx_word' id='word_1_800' title='bbox 1597 5257 2191 5338; x_wconf 48' lang='lat' dir='ltr'><strong>iudaizan}em._y_erttm</strong></span> 
     </span>
    </p>
   </div>
   <div class='ocr_carea' id='block_1_100' title="bbox 602 5332 2188 5411">
    <p class='ocr_par' dir='ltr' id='par_1_100' title="bbox 602 5332 2188 5411">
     <span class='ocr_line' id='line_1_102' title="bbox 602 5332 2188 5411; baseline -0.006 -18"><span class='ocrx_word' id='word_1_801' title='bbox 602 5332 758 5411; x_wconf 60' lang='lat' dir='ltr'><strong>hujus</strong></span> <span class='ocrx_word' id='word_1_802' title='bbox 794 5341 892 5395; x_wconf 90' lang='lat' dir='ltr'><strong>loci</strong></span> <span class='ocrx_word' id='word_1_803' title='bbox 922 5355 1112 5394; x_wconf 88' lang='lat' dir='ltr'><strong>sensus</strong></span> <span class='ocrx_word' id='word_1_804' title='bbox 1149 5338 1320 5411; x_wconf 82' lang='lat' dir='ltr'><strong>repeti</strong></span> <span class='ocrx_word' id='word_1_805' title='bbox 1353 5343 1527 5403; x_wconf 84' lang='lat' dir='ltr'><strong>potest</strong></span> <span class='ocrx_word' id='word_1_806' title='bbox 1553 5349 1619 5388; x_wconf 83' lang='lat' dir='ltr'><strong>ex</strong></span> <span class='ocrx_word' id='word_1_807' title='bbox 1651 5348 1798 5411; x_wconf 72' lang='lat' dir='ltr'><strong>num.</strong></span> <span class='ocrx_word' id='word_1_808' title='bbox 1821 5332 1884 5411; x_wconf 74' lang='lat'><strong>_2_,</strong></span> <span class='ocrx_word' id='word_1_809' title='bbox 1915 5333 2000 5411; x_wconf 74' lang='lat' dir='ltr'><strong>ubi</strong></span> <span class='ocrx_word' id='word_1_810' title='bbox 2029 5332 2188 5411; x_wconf 73' lang='lat' dir='ltr'><strong>indu-</strong></span> 
     </span>
    </p>
   </div>
   <div class='ocr_carea' id='block_1_101' title="bbox 601 5402 2188 5470">
    <p class='ocr_par' dir='ltr' id='par_1_101' title="bbox 601 5402 2188 5470">
     <span class='ocr_line' id='line_1_103' title="bbox 601 5402 2188 5470; baseline -0.006 -5"><span class='ocrx_word' id='word_1_811' title='bbox 601 5402 740 5465; x_wconf 67' lang='lat' dir='ltr'><strong>citur</strong></span> <span class='ocrx_word' id='word_1_812' title='bbox 768 5411 1050 5465; x_wconf 80' lang='lat' dir='ltr'><strong>Marcellus</strong></span> <span class='ocrx_word' id='word_1_813' title='bbox 1081 5402 1408 5463; x_wconf 68' lang='lat' dir='ltr'><strong>asset-tiones</strong></span> <span class='ocrx_word' id='word_1_814' title='bbox 1440 5419 1566 5460; x_wconf 87' lang='lat' dir='ltr'><strong>suas</strong></span> <span class='ocrx_word' id='word_1_815' title='bbox 1591 5420 1726 5456; x_wconf 86' lang='lat' dir='ltr'><strong>mmc</strong></span> <span class='ocrx_word' id='word_1_816' title='bbox 1756 5403 2062 5470; x_wconf 75' lang='lat' dir='ltr'><strong>falsitatibus</strong></span> <span class='ocrx_word' id='word_1_817' title='bbox 2085 5402 2188 5457; x_wconf 84' lang='lat' dir='ltr'><strong>Sa-</strong></span> 
     </span>
    </p>
   </div>
   <div class='ocr_carea' id='block_1_102' title="bbox 601 5475 2190 5549">
    <p class='ocr_par' dir='ltr' id='par_1_102' title="bbox 601 5475 2190 5549">
     <span class='ocr_line' id='line_1_104' title="bbox 601 5475 2190 5549; baseline -0.008 -13"><span class='ocrx_word' id='word_1_818' title='bbox 601 5481 760 5549; x_wconf 76' lang='lat' dir='ltr'><strong>bellii,</strong></span> <span class='ocrx_word' id='word_1_819' title='bbox 789 5498 925 5535; x_wconf 82' lang='lat' dir='ltr'><strong>nunc</strong></span> <span class='ocrx_word' id='word_1_820' title='bbox 949 5481 1159 5534; x_wconf 74' lang='lat' dir='ltr'><strong>malitiae</strong></span> <span class='ocrx_word' id='word_1_821' title='bbox 1184 5479 1338 5532; x_wconf 77' lang='lat' dir='ltr'><strong>Pauli</strong></span> <span class='ocrx_word' id='word_1_822' title='bbox 1368 5475 1767 5540; x_wconf 78' lang='lat' dir='ltr'><strong>Samosatensis,</strong></span> <span class='ocrx_word' id='word_1_823' title='bbox 1789 5475 2190 5549; x_wconf 69' lang='lat' dir='ltr'><strong>mtueblasphe-</strong></span> 
     </span>
    </p>
   </div>
   <div class='ocr_carea' id='block_1_103' title="bbox 599 5543 2190 5621">
    <p class='ocr_par' dir='ltr' id='par_1_103' title="bbox 599 5543 2190 5621">
     <span class='ocr_line' id='line_1_105' title="bbox 599 5543 2190 5621; baseline -0.004 -16"><span class='ocrx_word' id='word_1_824' title='bbox 599 5543 784 5606; x_wconf 66' lang='lat' dir='ltr'><strong>tntis...</strong></span> <span class='ocrx_word' id='word_1_825' title='bbox 841 5564 1011 5620; x_wconf 79' lang='lat' dir='ltr'><strong>aperte</strong></span> <span class='ocrx_word' id='word_1_826' title='bbox 1064 5553 1390 5621; x_wconf 76' lang='lat' dir='ltr'><strong>permiscens,</strong></span> <span class='ocrx_word' id='word_1_827' title='bbox 1449 5561 1710 5621; x_wconf 62' lang='lat' dir='ltr'><strong>imamque</strong></span> <span class='ocrx_word' id='word_1_828' title='bbox 1745 5547 2095 5621; x_wconf 71' lang='lat' dir='ltr'><strong>confusionem</strong></span> <span class='ocrx_word' id='word_1_829' title='bbox 2124 5543 2190 5598; x_wconf 78' lang='lat' dir='ltr'><strong>de</strong></span> 
     </span>
    </p>
   </div>
   <div class='ocr_carea' id='block_1_104' title="bbox 601 5613 2188 5694">
    <p class='ocr_par' dir='ltr' id='par_1_104' title="bbox 601 5613 2188 5694">
     <span class='ocr_line' id='line_1_106' title="bbox 601 5613 2188 5694; baseline -0.003 -20"><span class='ocrx_word' id='word_1_830' title='bbox 601 5613 913 5694; x_wconf 59' lang='lat' dir='ltr'><strong>supradictis</strong></span> <span class='ocrx_word' id='word_1_831' title='bbox 970 5613 1199 5694; x_wconf 72' lang='lat' dir='ltr'><strong>faciens:</strong></span> <span class='ocrx_word' id='word_1_832' title='bbox 1251 5621 1332 5675; x_wconf 82' lang='lat' dir='ltr'><strong>vel</strong></span> <span class='ocrx_word' id='word_1_833' title='bbox 1383 5633 1450 5674; x_wconf 82' lang='lat' dir='ltr'><strong>ex</strong></span> <span class='ocrx_word' id='word_1_834' title='bbox 1475 5613 1647 5694; x_wconf 67' lang='lat' dir='ltr'><strong>num.</strong></span> <span class='ocrx_word' id='word_1_835' title='bbox 1675 5613 1731 5684; x_wconf 68' lang='grc'><strong>1,</strong></span> <span class='ocrx_word' id='word_1_836' title='bbox 1753 5613 1858 5694; x_wconf 45' lang='lat' dir='ltr'><strong>tibi</strong></span> <span class='ocrx_word' id='word_1_837' title='bbox 1890 5627 2188 5671; x_wconf 69' lang='lat' dir='ltr'><strong>restaurari:</strong></span> 
     </span>
    </p>
   </div>
   <div class='ocr_carea' id='block_1_105' title="bbox 605 5687 1969 5758">
    <p class='ocr_par' dir='ltr' id='par_1_105' title="bbox 605 5687 1969 5758">
     <span class='ocr_line' id='line_1_107' title="bbox 605 5687 1969 5758; baseline -0.001 -14"><span class='ocrx_word' id='word_1_838' title='bbox 605 5687 758 5745; x_wconf 71' lang='lat' dir='ltr'><strong>Pauli</strong></span> <span class='ocrx_word' id='word_1_839' title='bbox 777 5687 1146 5748; x_wconf 75' lang='lat' dir='ltr'><strong>Samosutensis</strong></span> <span class='ocrx_word' id='word_1_840' title='bbox 1167 5703 1210 5746; x_wconf 86' lang='lat' dir='ltr'><strong>et</strong></span> <span class='ocrx_word' id='word_1_841' title='bbox 1227 5699 1358 5745; x_wconf 78' lang='lat' dir='ltr'><strong>artes</strong></span> <span class='ocrx_word' id='word_1_842' title='bbox 1385 5700 1433 5743; x_wconf 88' lang='lat' dir='ltr'><strong>et</strong></span> <span class='ocrx_word' id='word_1_843' title='bbox 1453 5689 1599 5743; x_wconf 82' lang='lat' dir='ltr'><strong>dolos</strong></span> <span class='ocrx_word' id='word_1_844' title='bbox 1624 5687 1969 5758; x_wconf 64' lang='lat' dir='ltr'><strong>praedicatur.</strong></span> 
     </span>
    </p>
   </div>
   <div class='ocr_carea' id='block_1_106' title="bbox 681 5779 2188 5850">
    <p class='ocr_par' dir='ltr' id='par_1_106' title="bbox 681 5779 2188 5850">
     <span class='ocr_line' id='line_1_108' title="bbox 681 5779 2188 5850; baseline 0.001 -18"><span class='ocrx_word' id='word_1_845' title='bbox 681 5779 755 5850; x_wconf 79' lang='grc' dir='ltr'><strong>(ὁ)</strong></span> <span class='ocrx_word' id='word_1_846' title='bbox 797 5781 925 5844; x_wconf 73' lang='lat' dir='ltr'><strong>Qua:</strong></span> <span class='ocrx_word' id='word_1_847' title='bbox 977 5782 1183 5837; x_wconf 88' lang='lat' dir='ltr'><strong>uncinis</strong></span> <span class='ocrx_word' id='word_1_848' title='bbox 1228 5779 1611 5850; x_wconf 81' lang='lat' dir='ltr'><strong>Comprehensa</strong></span> <span class='ocrx_word' id='word_1_849' title='bbox 1643 5786 1788 5846; x_wconf 89' lang='lat' dir='ltr'><strong>sunt,</strong></span> <span class='ocrx_word' id='word_1_850' title='bbox 1841 5793 1947 5835; x_wconf 89' lang='lat' dir='ltr'><strong>non</strong></span> <span class='ocrx_word' id='word_1_851' title='bbox 1974 5785 2188 5835; x_wconf 81' lang='lat' dir='ltr'><strong>exstant</strong></span> 
     </span>
    </p>
   </div>
   <div class='ocr_carea' id='block_1_107' title="bbox 2306 4735 3864 4810">
    <p class='ocr_par' dir='ltr' id='par_1_107' title="bbox 2306 4735 3864 4810">
     <span class='ocr_line' id='line_1_109' title="bbox 2306 4735 3864 4810; baseline -0.004 -18"><span class='ocrx_word' id='word_1_852' title='bbox 2306 4739 2358 4792; x_wconf 92' lang='lat' dir='ltr'><strong>in</strong></span> <span class='ocrx_word' id='word_1_853' title='bbox 2392 4737 2624 4810; x_wconf 87' lang='lat' dir='ltr'><strong>formula</strong></span> <span class='ocrx_word' id='word_1_854' title='bbox 2649 4737 2858 4793; x_wconf 83' lang='lat' dir='ltr'><strong>Sardio.</strong></span> <span class='ocrx_word' id='word_1_855' title='bbox 2889 4737 3159 4808; x_wconf 85' lang='lat' dir='ltr'><strong>descripta</strong></span> <span class='ocrx_word' id='word_1_856' title='bbox 3186 4737 3278 4794; x_wconf 85' lang='lat' dir='ltr'><strong>lib.</strong></span> <span class='ocrx_word' id='word_1_857' title='bbox 3303 4737 3372 4794; x_wconf 82' lang='lat' dir='ltr'><strong>de</strong></span> <span class='ocrx_word' id='word_1_858' title='bbox 3393 4738 3601 4810; x_wconf 77' lang='lat' dir='ltr'><strong>Synod.</strong></span> <span class='ocrx_word' id='word_1_859' title='bbox 3635 4751 3688 4793; x_wconf 79' lang='grc' dir='ltr'><strong>ιι.</strong></span> <span class='ocrx_word' id='word_1_860' title='bbox 3717 4735 3797 4800; x_wconf 67' lang='lat' dir='ltr'><strong>5t,</strong></span> <span class='ocrx_word' id='word_1_861' title='bbox 3818 4741 3864 4788; x_wconf 88' lang='lat' dir='ltr'><strong>ut</strong></span> 
     </span>
    </p>
   </div>
   <div class='ocr_carea' id='block_1_108' title="bbox 2303 4809 2859 4879">
    <p class='ocr_par' dir='ltr' id='par_1_108' title="bbox 2303 4809 2859 4879">
     <span class='ocr_line' id='line_1_110' title="bbox 2303 4809 2859 4879; baseline -0.005 -14"><span class='ocrx_word' id='word_1_862' title='bbox 2303 4813 2370 4865; x_wconf 84' lang='lat' dir='ltr'><strong>ibi</strong></span> <span class='ocrx_word' id='word_1_863' title='bbox 2391 4809 2502 4879; x_wconf 81' lang='lat' dir='ltr'><strong>jam</strong></span> <span class='ocrx_word' id='word_1_864' title='bbox 2535 4812 2859 4864; x_wconf 85' lang='lat' dir='ltr'><strong>notavimus.</strong></span> 
     </span>
    </p>
   </div>
   <div class='ocr_carea' id='block_1_109' title="bbox 2375 4877 3860 4952">
    <p class='ocr_par' dir='ltr' id='par_1_109' title="bbox 2375 4877 3860 4952">
     <span class='ocr_line' id='line_1_111' title="bbox 2375 4877 3860 4952; baseline -0.002 -18"><span class='ocrx_word' id='word_1_865' title='bbox 2375 4877 2443 4951; x_wconf 63' lang='grc' dir='ltr'><strong>(ὲ)</strong></span> <span class='ocrx_word' id='word_1_866' title='bbox 2478 4880 2608 4951; x_wconf 71' lang='lat' dir='ltr'><strong>Leg.</strong></span> <span class='ocrx_word' id='word_1_867' title='bbox 2640 4899 2672 4934; x_wconf 91' lang='lat' dir='ltr'><strong>a</strong></span> <span class='ocrx_word' id='word_1_868' title='bbox 2696 4879 2838 4936; x_wconf 71' lang='lat' dir='ltr'><strong>Casa</strong></span> <span class='ocrx_word' id='word_1_869' title='bbox 2859 4881 2958 4952; x_wconf 9' lang='lat' dir='ltr'><strong>:Viis</strong></span> <span class='ocrx_word' id='word_1_870' title='bbox 2988 4882 3130 4936; x_wconf 82' lang='lat' dir='ltr'><strong>enim</strong></span> <span class='ocrx_word' id='word_1_871' title='bbox 3167 4889 3252 4936; x_wconf 85' lang='lat' dir='ltr'><strong>est</strong></span> <span class='ocrx_word' id='word_1_872' title='bbox 3299 4881 3391 4952; x_wconf 87' lang='lat' dir='ltr'><strong>qui</strong></span> <span class='ocrx_word' id='word_1_873' title='bbox 3414 4882 3661 4952; x_wconf 70' lang='lat' dir='ltr'><strong>Asclepa:</strong></span> <span class='ocrx_word' id='word_1_874' title='bbox 3702 4877 3860 4952; x_wconf 81' lang='lat' dir='ltr'><strong>sedem</strong></span> 
     </span>
    </p>
   </div>
   <div class='ocr_carea' id='block_1_110' title="bbox 2300 4951 3773 5024">
    <p class='ocr_par' dir='ltr' id='par_1_110' title="bbox 2300 4951 3773 5024">
     <span class='ocr_line' id='line_1_112' title="bbox 2300 4951 3773 5024; baseline -0.002 -18"><span class='ocrx_word' id='word_1_875' title='bbox 2300 4963 2583 5022; x_wconf 77' lang='lat' dir='ltr'><strong>usurparet</strong></span> <span class='ocrx_word' id='word_1_876' title='bbox 2606 4993 2620 5016; x_wconf 96' lang='lat'><strong>,</strong></span> <span class='ocrx_word' id='word_1_877' title='bbox 2645 4955 2714 5008; x_wconf 89' lang='lat' dir='ltr'><strong>de</strong></span> <span class='ocrx_word' id='word_1_878' title='bbox 2739 4969 2846 5023; x_wconf 90' lang='lat' dir='ltr'><strong>quo</strong></span> <span class='ocrx_word' id='word_1_879' title='bbox 2874 4951 3251 5020; x_wconf 79' lang='lat' dir='ltr'><strong>Fragmentum</strong></span> <span class='ocrx_word' id='word_1_880' title='bbox 3279 4951 3532 5024; x_wconf 85' lang='lat' dir='ltr'><strong>superius</strong></span> <span class='ocrx_word' id='word_1_881' title='bbox 3558 4951 3701 5009; x_wconf 84' lang='lat' dir='ltr'><strong>num.</strong></span> <span class='ocrx_word' id='word_1_882' title='bbox 3727 4951 3773 5006; x_wconf 89' lang='lat'><strong>8.</strong></span> 
     </span>
    </p>
   </div>
   <div class='ocr_carea' id='block_1_111' title="bbox 2368 5041 3858 5117">
    <p class='ocr_par' dir='ltr' id='par_1_111' title="bbox 2368 5041 3858 5117">
     <span class='ocr_line' id='line_1_113' title="bbox 2368 5041 3858 5117; baseline -0.005 -16"><span class='ocrx_word' id='word_1_883' title='bbox 2368 5045 2449 5117; x_wconf 79' lang='grc' dir='ltr'><strong>(ά)</strong></span> <span class='ocrx_word' id='word_1_884' title='bbox 2491 5045 2585 5100; x_wconf 81' lang='lat' dir='ltr'><strong>llic</strong></span> <span class='ocrx_word' id='word_1_885' title='bbox 2607 5056 2719 5112; x_wconf 88' lang='lat' dir='ltr'><strong>est,</strong></span> <span class='ocrx_word' id='word_1_886' title='bbox 2753 5054 3010 5117; x_wconf 84' lang='lat' dir='ltr'><strong>quantum</strong></span> <span class='ocrx_word' id='word_1_887' title='bbox 3037 5049 3282 5115; x_wconf 80' lang='lat' dir='ltr'><strong>augurari</strong></span> <span class='ocrx_word' id='word_1_888' title='bbox 3313 5047 3470 5114; x_wconf 88' lang='lat' dir='ltr'><strong>licet,</strong></span> <span class='ocrx_word' id='word_1_889' title='bbox 3506 5046 3744 5101; x_wconf 67' lang='lat' dir='ltr'><strong>Dicamus</strong></span> <span class='ocrx_word' id='word_1_890' title='bbox 3765 5041 3858 5097; x_wconf 74' lang='lat' dir='ltr'><strong>Ca:-</strong></span> 
     </span>
    </p>
   </div>
   <div class='ocr_carea' id='block_1_112' title="bbox 2297 5117 3856 5190">
    <p class='ocr_par' dir='ltr' id='par_1_112' title="bbox 2297 5117 3856 5190">
     <span class='ocr_line' id='line_1_114' title="bbox 2297 5117 3856 5190; baseline 0.002 -18"><span class='ocrx_word' id='word_1_891' title='bbox 2297 5132 2468 5190; x_wconf 66' lang='lat' dir='ltr'><strong>sarea:</strong></span> <span class='ocrx_word' id='word_1_892' title='bbox 2512 5120 2562 5169; x_wconf 89' lang='lat' dir='ltr'><strong>in</strong></span> <span class='ocrx_word' id='word_1_893' title='bbox 2613 5117 2944 5190; x_wconf 87' lang='lat' dir='ltr'><strong>Cappadocia</strong></span> <span class='ocrx_word' id='word_1_894' title='bbox 2996 5120 3312 5188; x_wconf 88' lang='lat' dir='ltr'><strong>episcopus,</strong></span> <span class='ocrx_word' id='word_1_895' title='bbox 3340 5133 3508 5190; x_wconf 12' lang='lat' dir='ltr'><strong>quem;</strong></span> <span class='ocrx_word' id='word_1_896' title='bbox 3537 5121 3856 5190; x_wconf 56' lang='lat' dir='ltr'><strong>Sozomenttsi</strong></span> 
     </span>
    </p>
   </div>
   <div class='ocr_carea' id='block_1_113' title="bbox 2299 5186 3860 5252">
    <p class='ocr_par' dir='ltr' id='par_1_113' title="bbox 2299 5186 3860 5252">
     <span class='ocr_line' id='line_1_115' title="bbox 2299 5186 3860 5252; baseline -0.003 -8"><span class='ocrx_word' id='word_1_897' title='bbox 2299 5189 2390 5244; x_wconf 89' lang='lat' dir='ltr'><strong>lib.</strong></span> <span class='ocrx_word' id='word_1_898' title='bbox 2415 5202 2472 5243; x_wconf 85' lang='lat' dir='ltr'><strong>tu</strong></span> <span class='ocrx_word' id='word_1_899' title='bbox 2490 5230 2502 5246; x_wconf 90' lang='lat'><strong>.</strong></span> <span class='ocrx_word' id='word_1_900' title='bbox 2524 5204 2572 5243; x_wconf 92' lang='lat' dir='ltr'><strong>c.</strong></span> <span class='ocrx_word' id='word_1_901' title='bbox 2595 5189 2648 5252; x_wconf 85' lang='lat'><strong>5,</strong></span> <span class='ocrx_word' id='word_1_902' title='bbox 2673 5186 3010 5243; x_wconf 79' lang='lat' dir='ltr'><strong>Antioclieno</strong></span> <span class='ocrx_word' id='word_1_903' title='bbox 3030 5186 3258 5244; x_wconf 83' lang='lat' dir='ltr'><strong>cencilio</strong></span> <span class='ocrx_word' id='word_1_904' title='bbox 3275 5186 3406 5243; x_wconf 81' lang='lat' dir='ltr'><strong>anni</strong></span> <span class='ocrx_word' id='word_1_905' title='bbox 3448 5188 3550 5244; x_wconf 77' lang='grc'><strong>541</strong></span> <span class='ocrx_word' id='word_1_906' title='bbox 3590 5186 3860 5244; x_wconf 79' lang='lat' dir='ltr'><strong>interfuisse</strong></span> 
     </span>
    </p>
   </div>
   <div class='ocr_carea' id='block_1_114' title="bbox 2301 5261 3856 5331">
    <p class='ocr_par' dir='ltr' id='par_1_114' title="bbox 2301 5261 3856 5331">
     <span class='ocr_line' id='line_1_116' title="bbox 2301 5261 3856 5331; baseline 0.003 -17"><span class='ocrx_word' id='word_1_907' title='bbox 2301 5273 2586 5326; x_wconf 79' lang='lat' dir='ltr'><strong>nteinorat,</strong></span> <span class='ocrx_word' id='word_1_908' title='bbox 2601 5268 2868 5331; x_wconf 68' lang='lat' dir='ltr'><strong>quemQue</strong></span> <span class='ocrx_word' id='word_1_909' title='bbox 2881 5261 3108 5315; x_wconf 88' lang='lat' dir='ltr'><strong>Basilius</strong></span> <span class='ocrx_word' id='word_1_910' title='bbox 3125 5262 3281 5330; x_wconf 86' lang='lat' dir='ltr'><strong>epist.</strong></span> <span class='ocrx_word' id='word_1_911' title='bbox 3305 5275 3526 5324; x_wconf 69' lang='lat' dir='ltr'><strong>Lxxnt,</strong></span> <span class='ocrx_word' id='word_1_912' title='bbox 3546 5261 3856 5318; x_wconf 63' lang='lat' dir='ltr'><strong>testificatur.</strong></span> 
     </span>
    </p>
   </div>
   <div class='ocr_carea' id='block_1_115' title="bbox 2301 5332 3859 5404">
    <p class='ocr_par' dir='ltr' id='par_1_115' title="bbox 2301 5332 3859 5404">
     <span class='ocr_line' id='line_1_117' title="bbox 2301 5332 3859 5404; baseline -0.002 -17"><span class='ocrx_word' id='word_1_913' title='bbox 2301 5347 2424 5387; x_wconf 88' lang='lat' dir='ltr'><strong>cum</strong></span> <span class='ocrx_word' id='word_1_914' title='bbox 2457 5333 2942 5401; x_wconf 63' lang='lat' dir='ltr'><strong>in&#39;aegrouttiouem</strong></span> <span class='ocrx_word' id='word_1_915' title='bbox 2974 5345 3040 5387; x_wconf 82' lang='lat' dir='ltr'><strong>ex</strong></span> <span class='ocrx_word' id='word_1_916' title='bbox 3070 5346 3172 5402; x_wconf 87' lang='lat' dir='ltr'><strong>qua</strong></span> <span class='ocrx_word' id='word_1_917' title='bbox 3200 5342 3253 5404; x_wconf 83' lang='lat' dir='ltr'><strong>et</strong></span> <span class='ocrx_word' id='word_1_918' title='bbox 3293 5344 3544 5404; x_wconf 82' lang='lat' dir='ltr'><strong>mortuus</strong></span> <span class='ocrx_word' id='word_1_919' title='bbox 3566 5341 3648 5388; x_wconf 90' lang='lat' dir='ltr'><strong>est</strong></span> <span class='ocrx_word' id='word_1_920' title='bbox 3672 5332 3859 5404; x_wconf 57' lang='lat' dir='ltr'><strong>desunt-</strong></span> 
     </span>
    </p>
   </div>
   <div class='ocr_carea' id='block_1_116' title="bbox 2296 5402 3856 5472">
    <p class='ocr_par' dir='ltr' id='par_1_116' title="bbox 2296 5402 3856 5472">
     <span class='ocr_line' id='line_1_118' title="bbox 2296 5402 3856 5472; baseline -0.003 -15"><span class='ocrx_word' id='word_1_921' title='bbox 2296 5403 2446 5457; x_wconf 85' lang='lat' dir='ltr'><strong>berct</strong></span> <span class='ocrx_word' id='word_1_922' title='bbox 2470 5445 2483 5467; x_wconf 90' lang='lat'><strong>,</strong></span> <span class='ocrx_word' id='word_1_923' title='bbox 2514 5411 2868 5456; x_wconf 86' lang='lat' dir='ltr'><strong>contestatum</strong></span> <span class='ocrx_word' id='word_1_924' title='bbox 2913 5418 3033 5458; x_wconf 85' lang='lat' dir='ltr'><strong>esse</strong></span> <span class='ocrx_word' id='word_1_925' title='bbox 3056 5445 3070 5470; x_wconf 93' lang='lat'><strong>,</strong></span> <span class='ocrx_word' id='word_1_926' title='bbox 3099 5419 3157 5457; x_wconf 90' lang='lat' dir='ltr'><strong>se</strong></span> <span class='ocrx_word' id='word_1_927' title='bbox 3197 5402 3426 5472; x_wconf 75' lang='lat' dir='ltr'><strong>simplici</strong></span> <span class='ocrx_word' id='word_1_928' title='bbox 3459 5405 3626 5459; x_wconf 88' lang='lat' dir='ltr'><strong>corde</strong></span> <span class='ocrx_word' id='word_1_929' title='bbox 3663 5407 3710 5455; x_wconf 91' lang='lat' dir='ltr'><strong>in</strong></span> <span class='ocrx_word' id='word_1_930' title='bbox 3745 5402 3856 5472; x_wconf 81' lang='lat' dir='ltr'><strong>scri-</strong></span> 
     </span>
    </p>
   </div>
   <div class='ocr_carea' id='block_1_117' title="bbox 2299 5470 3856 5545">
    <p class='ocr_par' dir='ltr' id='par_1_117' title="bbox 2299 5470 3856 5545">
     <span class='ocr_line' id='line_1_119' title="bbox 2299 5470 3856 5545; baseline -0.004 -20"><span class='ocrx_word' id='word_1_931' title='bbox 2299 5485 2442 5543; x_wconf 87' lang='lat' dir='ltr'><strong>ptum</strong></span> <span class='ocrx_word' id='word_1_932' title='bbox 2466 5473 3078 5543; x_wconf 66' lang='lat' dir='ltr'><strong>Constantinopolitanae</strong></span> <span class='ocrx_word' id='word_1_933' title='bbox 3105 5473 3228 5529; x_wconf 82' lang='lat' dir='ltr'><strong>ﬁdei</strong></span> <span class='ocrx_word' id='word_1_934' title='bbox 3254 5470 3368 5545; x_wconf 82' lang='lat' dir='ltr'><strong>(an.</strong></span> <span class='ocrx_word' id='word_1_935' title='bbox 3395 5476 3525 5541; x_wconf 79' lang='lat'><strong>560)</strong></span> <span class='ocrx_word' id='word_1_936' title='bbox 3551 5470 3856 5545; x_wconf 80' lang='lat' dir='ltr'><strong>consensisse</strong></span> 
     </span>
    </p>
   </div>
   <div class='ocr_carea' id='block_1_118' title="bbox 2294 5541 3852 5614">
    <p class='ocr_par' dir='ltr' id='par_1_118' title="bbox 2294 5541 3852 5614">
     <span class='ocr_line' id='line_1_120' title="bbox 2294 5541 3852 5614; baseline 0.001 -16"><span class='ocrx_word' id='word_1_937' title='bbox 2294 5541 2542 5614; x_wconf 83' lang='lat' dir='ltr'><strong>quidem;</strong></span> <span class='ocrx_word' id='word_1_938' title='bbox 2567 5545 2659 5598; x_wconf 90' lang='lat' dir='ltr'><strong>sed</strong></span> <span class='ocrx_word' id='word_1_939' title='bbox 2693 5541 2841 5598; x_wconf 84' lang='lat' dir='ltr'><strong>nulla</strong></span> <span class='ocrx_word' id='word_1_940' title='bbox 2861 5545 2915 5600; x_wconf 91' lang='lat' dir='ltr'><strong>in</strong></span> <span class='ocrx_word' id='word_1_941' title='bbox 2947 5560 3006 5599; x_wconf 90' lang='lat' dir='ltr'><strong>re</strong></span> <span class='ocrx_word' id='word_1_942' title='bbox 3036 5546 3240 5600; x_wconf 90' lang='lat' dir='ltr'><strong>irritam</strong></span> <span class='ocrx_word' id='word_1_943' title='bbox 3265 5541 3512 5602; x_wconf 75' lang='lat' dir='ltr'><strong>voluisse</strong></span> <span class='ocrx_word' id='word_1_944' title='bbox 3538 5561 3657 5602; x_wconf 84' lang='lat' dir='ltr'><strong>eam</strong></span> <span class='ocrx_word' id='word_1_945' title='bbox 3689 5541 3852 5600; x_wconf 68' lang='lat' dir='ltr'><strong>fidem.</strong></span> 
     </span>
    </p>
   </div>
   <div class='ocr_carea' id='block_1_119' title="bbox 2294 5614 3125 5687">
    <p class='ocr_par' dir='ltr' id='par_1_119' title="bbox 2294 5614 3125 5687">
     <span class='ocr_line' id='line_1_121' title="bbox 2294 5614 3125 5687; baseline 0.004 -20"><span class='ocrx_word' id='word_1_946' title='bbox 2294 5632 2413 5687; x_wconf 84' lang='lat' dir='ltr'><strong>qtne</strong></span> <span class='ocrx_word' id='word_1_947' title='bbox 2442 5614 2635 5670; x_wconf 66' lang='lat' dir='ltr'><strong>Nicaeae</strong></span> <span class='ocrx_word' id='word_1_948' title='bbox 2660 5617 2900 5686; x_wconf 80' lang='lat' dir='ltr'><strong>exposita</strong></span> <span class='ocrx_word' id='word_1_949' title='bbox 2932 5616 3125 5673; x_wconf 85' lang='lat' dir='ltr'><strong>fuerat.</strong></span> 
     </span>
    </p>
   </div>
   <div class='ocr_carea' id='block_1_120' title="bbox 2369 5703 3846 5780">
    <p class='ocr_par' dir='ltr' id='par_1_120' title="bbox 2369 5703 3846 5780">
     <span class='ocr_line' id='line_1_122' title="bbox 2369 5703 3846 5780; baseline -0.002 -20"><span class='ocrx_word' id='word_1_950' title='bbox 2369 5705 2438 5778; x_wconf 74' lang='grc' dir='ltr'><strong>(ρ)</strong></span> <span class='ocrx_word' id='word_1_951' title='bbox 2482 5703 2736 5780; x_wconf 65' lang='lat' dir='ltr'><strong>Mendose</strong></span> <span class='ocrx_word' id='word_1_952' title='bbox 2777 5707 2980 5780; x_wconf 78' lang='lat' dir='ltr'><strong>editum</strong></span> <span class='ocrx_word' id='word_1_953' title='bbox 3010 5718 3125 5780; x_wconf 88' lang='lat' dir='ltr'><strong>erat</strong></span> <span class='ocrx_word' id='word_1_954' title='bbox 3167 5707 3459 5780; x_wconf 78' lang='lat' dir='ltr'><strong>Eufenius,</strong></span> <span class='ocrx_word' id='word_1_955' title='bbox 3499 5725 3618 5765; x_wconf 90' lang='lat' dir='ltr'><strong>cum</strong></span> <span class='ocrx_word' id='word_1_956' title='bbox 3649 5708 3716 5780; x_wconf 89' lang='lat' dir='ltr'><strong>in_</strong></span> <span class='ocrx_word' id='word_1_957' title='bbox 3742 5716 3846 5757; x_wconf 79' lang='lat' dir='ltr'><strong>mss.</strong></span> 
     </span>
    </p>
   </div>
   <div class='ocr_carea' id='block_1_121' title="bbox 2295 5777 3845 5853">
    <p class='ocr_par' dir='ltr' id='par_1_121' title="bbox 2295 5777 3845 5853">
     <span class='ocr_line' id='line_1_123' title="bbox 2295 5777 3845 5853; baseline 0 -21"><span class='ocrx_word' id='word_1_958' title='bbox 2295 5777 2471 5835; x_wconf 57' lang='lat' dir='ltr'><strong>exStet</strong></span> <span class='ocrx_word' id='word_1_959' title='bbox 2508 5777 2775 5833; x_wconf 80' lang='lat' dir='ltr'><strong>Eusevius.</strong></span> <span class='ocrx_word' id='word_1_960' title='bbox 2820 5779 2915 5834; x_wconf 91' lang='lat' dir='ltr'><strong>llic</strong></span> <span class='ocrx_word' id='word_1_961' title='bbox 2953 5777 3398 5853; x_wconf 57' lang='lat' dir='ltr'><strong>episcopus&#39;ejus</strong></span> <span class='ocrx_word' id='word_1_962' title='bbox 3444 5782 3594 5837; x_wconf 84' lang='lat' dir='ltr'><strong>urbis</strong></span> <span class='ocrx_word' id='word_1_963' title='bbox 3639 5778 3845 5834; x_wconf 69' lang='lat' dir='ltr'><strong>videtur,</strong></span> 
     </span>
    </p>
   </div>
  </div>
