  <div class='ocr_page' id='page_1' title='image "/cluster/home/n/w/nwhite01/storage/ocr_20150623/10/uva.x000826522/348.png"; bbox 0 0 3958 6194; ppageno 0'>
   <div class='ocr_carea' id='block_1_1' title="bbox 114 314 223 370">
    <p class='ocr_par' dir='ltr' id='par_1_1' title="bbox 114 314 223 370">
     <span class='ocr_line' id='line_1_1' title="bbox 114 314 223 370; baseline 0 0"><span class='ocrx_word' id='word_1_1' title='bbox 114 314 223 370; x_wconf 77' lang='grc'><strong>681</strong></span> 
     </span>
    </p>
   </div>
   <div class='ocr_carea' id='block_1_2' title="bbox 1062 314 2445 379">
    <p class='ocr_par' dir='ltr' id='par_1_2' title="bbox 1062 314 2445 379">
     <span class='ocr_line' id='line_1_2' title="bbox 1062 314 2445 379; baseline 0.005 -7"><span class='ocrx_word' id='word_1_2' title='bbox 1062 316 1156 372; x_wconf 81' lang='lat' dir='ltr'><strong>EX</strong></span> <span class='ocrx_word' id='word_1_3' title='bbox 1195 314 1423 373; x_wconf 81' lang='lat' dir='ltr'><strong>OPERE</strong></span> <span class='ocrx_word' id='word_1_4' title='bbox 1463 314 1825 377; x_wconf 79' lang='lat' dir='ltr'><strong>HISTORICO</strong></span> <span class='ocrx_word' id='word_1_5' title='bbox 1860 319 2339 379; x_wconf 78' lang='lat' dir='ltr'><strong>FRAGMENTUM</strong></span> <span class='ocrx_word' id='word_1_6' title='bbox 2381 321 2445 379; x_wconf 84' lang='lat' dir='ltr'><strong>V.</strong></span> 
     </span>
    </p>
   </div>
   <div class='ocr_carea' id='block_1_3' title="bbox 3316 331 3425 391">
    <p class='ocr_par' dir='ltr' id='par_1_3' title="bbox 3316 331 3425 391">
     <span class='ocr_line' id='line_1_3' title="bbox 3316 331 3425 391; baseline -0.018 -1"><span class='ocrx_word' id='word_1_7' title='bbox 3316 331 3425 391; x_wconf 67' lang='grc'><strong>682</strong></span> 
     </span>
    </p>
   </div>
   <div class='ocr_carea' id='block_1_4' title="bbox 115 425 3428 504">
    <p class='ocr_par' dir='ltr' id='par_1_4' title="bbox 115 425 3428 504">
     <span class='ocr_line' id='line_1_4' title="bbox 115 425 3428 504; baseline 0.001 -22"><span class='ocrx_word' id='word_1_8' title='bbox 115 425 492 499; x_wconf 85' lang='lat' dir='ltr'><strong>supradictum</strong></span> <span class='ocrx_word' id='word_1_9' title='bbox 521 436 702 483; x_wconf 87' lang='lat' dir='ltr'><strong>autem</strong></span> <span class='ocrx_word' id='word_1_10' title='bbox 728 427 1076 483; x_wconf 76' lang='lat' dir='ltr'><strong>Athanasium</strong></span> <span class='ocrx_word' id='word_1_11' title='bbox 1105 430 1339 485; x_wconf 88' lang='lat' dir='ltr'><strong>alienum</strong></span> <span class='ocrx_word' id='word_1_12' title='bbox 1365 446 1485 486; x_wconf 91' lang='lat' dir='ltr'><strong>esse</strong></span> <span class='ocrx_word' id='word_1_13' title='bbox 1512 448 1541 485; x_wconf 89' lang='lat' dir='ltr'><strong>a</strong></span> <span class='ocrx_word' id='word_1_14' title='bbox 1569 447 1715 486; x_wconf 87' lang='lat' dir='ltr'><strong>com-</strong></span> <span class='ocrx_word' id='word_1_15' title='bbox 1748 433 1797 492; x_wconf 85' lang='lat' dir='ltr'><strong>A</strong></span> <span class='ocrx_word' id='word_1_16' title='bbox 1895 452 2022 491; x_wconf 75' lang='grc' dir='ltr'>τιυιι</span> <span class='ocrx_word' id='word_1_17' title='bbox 2060 452 2444 493; x_wconf 62' lang='lat' dir='ltr'><strong>mperium“</strong></span> <span class='ocrx_word' id='word_1_18' title='bbox 2476 454 2507 494; x_wconf 77' lang='grc' dir='ltr'><strong>Α</strong></span> <span class='ocrx_word' id='word_1_19' title='bbox 2535 454 2748 495; x_wconf 68' lang='lat' dir='ltr'><strong>uagam</strong></span> <span class='ocrx_word' id='word_1_20' title='bbox 2788 455 3038 499; x_wconf 64' lang='lat' dir='ltr'><strong>Episcopo</strong></span> <span class='ocrx_word' id='word_1_21' title='bbox 3077 459 3230 501; x_wconf 67' lang='grc' dir='ltr'>υιιιιε</span> <span class='ocrx_word' id='word_1_22' title='bbox 3267 461 3428 504; x_wconf 50' lang='grc' dir='ltr'><strong>που,</strong></span> 
     </span>
    </p>
   </div>
   <div class='ocr_carea' id='block_1_5' title="bbox 119 521 1724 596">
    <p class='ocr_par' dir='ltr' id='par_1_5' title="bbox 119 521 1724 596">
     <span class='ocr_line' id='line_1_5' title="bbox 119 521 1724 596; baseline 0.004 -21"><span class='ocrx_word' id='word_1_23' title='bbox 119 523 382 576; x_wconf 86' lang='lat' dir='ltr'><strong>munione</strong></span> <span class='ocrx_word' id='word_1_24' title='bbox 412 536 531 576; x_wconf 88' lang='lat' dir='ltr'><strong>mea</strong></span> <span class='ocrx_word' id='word_1_25' title='bbox 555 521 670 577; x_wconf 86' lang='lat' dir='ltr'><strong>sive</strong></span> <span class='ocrx_word' id='word_1_26' title='bbox 698 521 954 576; x_wconf 72' lang='lat' dir='ltr'><strong>Ecclesia:</strong></span> <span class='ocrx_word' id='word_1_27' title='bbox 994 521 1282 590; x_wconf 59' lang='lat' dir='ltr'><strong>Romana),</strong></span> <span class='ocrx_word' id='word_1_28' title='bbox 1308 524 1473 596; x_wconf 76' lang='lat'><strong>670</strong></span> <span class='ocrx_word' id='word_1_29' title='bbox 1498 536 1550 581; x_wconf 91' lang='lat' dir='ltr'><strong>et</strong></span> <span class='ocrx_word' id='word_1_30' title='bbox 1577 541 1724 582; x_wconf 88' lang='lat' dir='ltr'><strong>con—</strong></span> 
     </span>
    </p>
   </div>
   <div class='ocr_carea' id='block_1_6' title="bbox 122 615 1187 671">
    <p class='ocr_par' dir='ltr' id='par_1_6' title="bbox 122 615 1187 671">
     <span class='ocr_line' id='line_1_6' title="bbox 122 615 1187 671; baseline -0.004 0"><span class='ocrx_word' id='word_1_31' title='bbox 122 615 300 671; x_wconf 87' lang='lat' dir='ltr'><strong>sortio</strong></span> <span class='ocrx_word' id='word_1_32' title='bbox 331 615 639 671; x_wconf 89' lang='lat' dir='ltr'><strong>litterarum</strong></span> <span class='ocrx_word' id='word_1_33' title='bbox 681 615 1187 671; x_wconf 75' lang='lat' dir='ltr'><strong>ecclesiasticarum.</strong></span> 
     </span>
    </p>
   </div>
   <div class='ocr_carea' id='block_1_7' title="bbox 190 707 1723 780">
    <p class='ocr_par' dir='ltr' id='par_1_7' title="bbox 190 707 1723 780">
     <span class='ocr_line' id='line_1_7' title="bbox 190 707 1723 780; baseline 0.003 -17"><span class='ocrx_word' id='word_1_34' title='bbox 190 709 245 763; x_wconf 74' lang='grc'><strong>2.</strong></span> <span class='ocrx_word' id='word_1_35' title='bbox 284 707 351 763; x_wconf 85' lang='lat' dir='ltr'><strong>In</strong></span> <span class='ocrx_word' id='word_1_36' title='bbox 376 726 580 764; x_wconf 85' lang='lat' dir='ltr'><strong>cassum</strong></span> <span class='ocrx_word' id='word_1_37' title='bbox 620 710 839 779; x_wconf 77' lang='lat' dir='ltr'><strong>conﬁcta</strong></span> <span class='ocrx_word' id='word_1_38' title='bbox 874 709 984 765; x_wconf 74' lang='lat' dir='ltr'><strong>lucc</strong></span> <span class='ocrx_word' id='word_1_39' title='bbox 1011 710 1247 777; x_wconf 81' lang='lat' dir='ltr'><strong>epistola.</strong></span> <span class='ocrx_word' id='word_1_40' title='bbox 1276 708 1400 766; x_wconf 86' lang='lat' dir='ltr'><strong>Cur.</strong></span> <span class='ocrx_word' id='word_1_41' title='bbox 1420 740 1494 752; x_wconf 96' lang='lat'><strong>—</strong></span> <span class='ocrx_word' id='word_1_42' title='bbox 1537 729 1556 763; x_wconf 73' lang='grc' dir='ltr'><strong>ι</strong></span> <span class='ocrx_word' id='word_1_43' title='bbox 1586 711 1723 780; x_wconf 86' lang='lat' dir='ltr'><strong>Quid</strong></span> 
     </span>
    </p>
   </div>
   <div class='ocr_carea' id='block_1_8' title="bbox 116 799 1725 871">
    <p class='ocr_par' dir='ltr' id='par_1_8' title="bbox 116 799 1725 871">
     <span class='ocr_line' id='line_1_8' title="bbox 116 799 1725 871; baseline 0.002 -16"><span class='ocrx_word' id='word_1_44' title='bbox 116 801 171 855; x_wconf 90' lang='lat' dir='ltr'><strong>in</strong></span> <span class='ocrx_word' id='word_1_45' title='bbox 204 799 290 856; x_wconf 86' lang='lat' dir='ltr'><strong>bis</strong></span> <span class='ocrx_word' id='word_1_46' title='bbox 322 801 523 858; x_wconf 88' lang='lat' dir='ltr'><strong>litteris</strong></span> <span class='ocrx_word' id='word_1_47' title='bbox 562 800 640 871; x_wconf 90' lang='lat' dir='ltr'><strong>(a)</strong></span> <span class='ocrx_word' id='word_1_48' title='bbox 668 816 774 856; x_wconf 87' lang='lat' dir='ltr'><strong>non</strong></span> <span class='ocrx_word' id='word_1_49' title='bbox 815 801 1153 869; x_wconf 83' lang='lat' dir='ltr'><strong>sanetitatis,</strong></span> <span class='ocrx_word' id='word_1_50' title='bbox 1180 801 1306 871; x_wconf 90' lang='lat' dir='ltr'><strong>quid</strong></span> <span class='ocrx_word' id='word_1_51' title='bbox 1333 816 1437 857; x_wconf 92' lang='lat' dir='ltr'><strong>non</strong></span> <span class='ocrx_word' id='word_1_52' title='bbox 1463 818 1546 866; x_wconf 71' lang='grc' dir='ltr'><strong>,ει</strong></span> <span class='ocrx_word' id='word_1_53' title='bbox 1577 811 1725 858; x_wconf 89' lang='lat' dir='ltr'><strong>metu</strong></span> 
     </span>
    </p>
   </div>
   <div class='ocr_carea' id='block_1_9' title="bbox 116 894 1724 966">
    <p class='ocr_par' dir='ltr' id='par_1_9' title="bbox 116 894 1724 966">
     <span class='ocr_line' id='line_1_9' title="bbox 116 894 1724 966; baseline 0 -14"><span class='ocrx_word' id='word_1_54' title='bbox 116 896 217 952; x_wconf 87' lang='lat' dir='ltr'><strong>Dei</strong></span> <span class='ocrx_word' id='word_1_55' title='bbox 245 894 511 951; x_wconf 90' lang='lat' dir='ltr'><strong>eveniens</strong></span> <span class='ocrx_word' id='word_1_56' title='bbox 552 895 671 951; x_wconf 83' lang='lat' dir='ltr'><strong>est?</strong></span> <span class='ocrx_word' id='word_1_57' title='bbox 703 895 811 952; x_wconf 88' lang='lat' dir='ltr'><strong>Sed</strong></span> <span class='ocrx_word' id='word_1_58' title='bbox 861 895 1220 961; x_wconf 72' lang='lat' dir='ltr'><strong>Potamiuset</strong></span> <span class='ocrx_word' id='word_1_59' title='bbox 1248 895 1527 966; x_wconf 76' lang='lat' dir='ltr'><strong>Epictetus</strong></span> <span class='ocrx_word' id='word_1_60' title='bbox 1548 939 1563 962; x_wconf 93' lang='lat'><strong>,</strong></span> <span class='ocrx_word' id='word_1_61' title='bbox 1596 896 1724 952; x_wconf 91' lang='lat' dir='ltr'><strong>dum</strong></span> 
     </span>
    </p>
   </div>
   <div class='ocr_carea' id='block_1_10' title="bbox 114 985 1725 1059">
    <p class='ocr_par' dir='ltr' id='par_1_10' title="bbox 114 985 1725 1059">
     <span class='ocr_line' id='line_1_10' title="bbox 114 985 1725 1059; baseline 0.001 -17"><span class='ocrx_word' id='word_1_62' title='bbox 114 986 385 1042; x_wconf 88' lang='lat' dir='ltr'><strong>damnare</strong></span> <span class='ocrx_word' id='word_1_63' title='bbox 431 985 579 1041; x_wconf 84' lang='lat' dir='ltr'><strong>urbis</strong></span> <span class='ocrx_word' id='word_1_64' title='bbox 617 986 805 1042; x_wconf 69' lang='lat' dir='ltr'><strong>Romae</strong></span> <span class='ocrx_word' id='word_1_65' title='bbox 829 988 1142 1058; x_wconf 86' lang='lat' dir='ltr'><strong>episcopum</strong></span> <span class='ocrx_word' id='word_1_66' title='bbox 1188 987 1448 1059; x_wconf 94' lang='lat' dir='ltr'><strong>gaudent,</strong></span> <span class='ocrx_word' id='word_1_67' title='bbox 1490 988 1632 1043; x_wconf 90' lang='lat' dir='ltr'><strong>sicut</strong></span> <span class='ocrx_word' id='word_1_68' title='bbox 1670 990 1725 1044; x_wconf 91' lang='lat' dir='ltr'><strong>in</strong></span> 
     </span>
    </p>
   </div>
   <div class='ocr_carea' id='block_1_11' title="bbox 116 1080 1730 1152">
    <p class='ocr_par' dir='ltr' id='par_1_11' title="bbox 116 1080 1730 1152">
     <span class='ocr_line' id='line_1_11' title="bbox 116 1080 1730 1152; baseline 0 -15"><span class='ocrx_word' id='word_1_69' title='bbox 116 1081 456 1137; x_wconf 84' lang='lat' dir='ltr'><strong>Ariminensi</strong></span> <span class='ocrx_word' id='word_1_70' title='bbox 487 1082 696 1152; x_wconf 83' lang='lat' dir='ltr'><strong>synodo</strong></span> <span class='ocrx_word' id='word_1_71' title='bbox 721 1080 1052 1147; x_wconf 90' lang='lat' dir='ltr'><strong>continetur,</strong></span> <span class='ocrx_word' id='word_1_72' title='bbox 1076 1080 1266 1137; x_wconf 86' lang='lat' dir='ltr'><strong>audire</strong></span> <span class='ocrx_word' id='word_1_73' title='bbox 1292 1080 1410 1137; x_wconf 67' lang='lat' dir='ltr'><strong>haec</strong></span> <span class='ocrx_word' id='word_1_74' title='bbox 1436 1082 1730 1138; x_wconf 87' lang='lat' dir='ltr'><strong>noluerunt</strong></span> 
     </span>
    </p>
   </div>
   <div class='ocr_carea' id='block_1_12' title="bbox 116 1174 1728 1261">
    <p class='ocr_par' dir='ltr' id='par_1_12' title="bbox 116 1174 1728 1261">
     <span class='ocr_line' id='line_1_12' title="bbox 116 1174 1728 1261; baseline 0.002 -31"><span class='ocrx_word' id='word_1_75' title='bbox 116 1177 182 1248; x_wconf 74' lang='grc' dir='ltr'><strong>(Ῑ.</strong></span> <span class='ocrx_word' id='word_1_76' title='bbox 213 1176 424 1233; x_wconf 88' lang='lat' dir='ltr'><strong>audere</strong></span> <span class='ocrx_word' id='word_1_77' title='bbox 449 1177 565 1233; x_wconf 68' lang='lat' dir='ltr'><strong>hinc</strong></span> <span class='ocrx_word' id='word_1_78' title='bbox 596 1174 931 1261; x_wconf 82' lang='lat' dir='ltr'><strong>potuerunt).</strong></span> <span class='ocrx_word' id='word_1_79' title='bbox 960 1177 1099 1247; x_wconf 84' lang='lat' dir='ltr'><strong>Quin</strong></span> <span class='ocrx_word' id='word_1_80' title='bbox 1123 1178 1286 1234; x_wconf 85' lang='lat' dir='ltr'><strong>etiam</strong></span> <span class='ocrx_word' id='word_1_81' title='bbox 1309 1177 1728 1234; x_wconf 81' lang='lat' dir='ltr'><strong>Fortunatianiis</strong></span> 
     </span>
    </p>
   </div>
   <div class='ocr_carea' id='block_1_13' title="bbox 124 1269 1727 1343">
    <p class='ocr_par' dir='ltr' id='par_1_13' title="bbox 124 1269 1727 1343">
     <span class='ocr_line' id='line_1_13' title="bbox 124 1269 1727 1343; baseline -0.002 -15"><span class='ocrx_word' id='word_1_82' title='bbox 124 1273 426 1343; x_wconf 88' lang='lat' dir='ltr'><strong>episcopus</strong></span> <span class='ocrx_word' id='word_1_83' title='bbox 469 1272 753 1343; x_wconf 91' lang='lat' dir='ltr'><strong>epistolam</strong></span> <span class='ocrx_word' id='word_1_84' title='bbox 797 1271 1043 1327; x_wconf 86' lang='lat' dir='ltr'><strong>eamdem</strong></span> <span class='ocrx_word' id='word_1_85' title='bbox 1078 1286 1288 1326; x_wconf 83' lang='lat' dir='ltr'><strong>rursum</strong></span> <span class='ocrx_word' id='word_1_86' title='bbox 1326 1271 1557 1327; x_wconf 84' lang='lat' dir='ltr'><strong>diversis</strong></span> <span class='ocrx_word' id='word_1_87' title='bbox 1609 1269 1727 1341; x_wconf 83' lang='lat' dir='ltr'><strong>epi-</strong></span> 
     </span>
    </p>
   </div>
   <div class='ocr_carea' id='block_1_14' title="bbox 123 1362 1727 1436">
    <p class='ocr_par' dir='ltr' id='par_1_14' title="bbox 123 1362 1727 1436">
     <span class='ocr_line' id='line_1_14' title="bbox 123 1362 1727 1436; baseline -0.003 -14"><span class='ocrx_word' id='word_1_88' title='bbox 123 1367 315 1436; x_wconf 87' lang='lat' dir='ltr'><strong>sc0pis</strong></span> <span class='ocrx_word' id='word_1_89' title='bbox 367 1366 609 1432; x_wconf 88' lang='lat' dir='ltr'><strong>mittens,</strong></span> <span class='ocrx_word' id='word_1_90' title='bbox 635 1364 768 1420; x_wconf 92' lang='lat' dir='ltr'><strong>nihil</strong></span> <span class='ocrx_word' id='word_1_91' title='bbox 817 1364 1058 1436; x_wconf 87' lang='lat' dir='ltr'><strong>profecit.</strong></span> <span class='ocrx_word' id='word_1_92' title='bbox 1098 1362 1165 1421; x_wconf 88' lang='lat' dir='ltr'><strong>Ut</strong></span> <span class='ocrx_word' id='word_1_93' title='bbox 1206 1374 1384 1420; x_wconf 82' lang='lat' dir='ltr'><strong>autem</strong></span> <span class='ocrx_word' id='word_1_94' title='bbox 1432 1363 1487 1418; x_wconf 88' lang='lat' dir='ltr'><strong>in</strong></span> <span class='ocrx_word' id='word_1_95' title='bbox 1538 1373 1727 1434; x_wconf 83' lang='lat' dir='ltr'><strong>negata</strong></span> 
     </span>
    </p>
   </div>
   <div class='ocr_carea' id='block_1_15' title="bbox 118 1457 1727 1531">
    <p class='ocr_par' dir='ltr' id='par_1_15' title="bbox 118 1457 1727 1531">
     <span class='ocr_line' id='line_1_15' title="bbox 118 1457 1727 1531; baseline -0.002 -15"><span class='ocrx_word' id='word_1_96' title='bbox 118 1460 425 1517; x_wconf 82' lang='lat' dir='ltr'><strong>Athanasio</strong></span> <span class='ocrx_word' id='word_1_97' title='bbox 449 1462 831 1516; x_wconf 87' lang='lat' dir='ltr'><strong>communione</strong></span> <span class='ocrx_word' id='word_1_98' title='bbox 859 1459 963 1515; x_wconf 85' lang='lat' dir='ltr'><strong>sibi</strong></span> <span class='ocrx_word' id='word_1_99' title='bbox 990 1457 1260 1531; x_wconf 88' lang='lat' dir='ltr'><strong>potius(b)</strong></span> <span class='ocrx_word' id='word_1_100' title='bbox 1278 1465 1462 1513; x_wconf 89' lang='lat' dir='ltr'><strong>essent</strong></span> <span class='ocrx_word' id='word_1_101' title='bbox 1488 1457 1727 1522; x_wconf 83' lang='lat' dir='ltr'><strong>onerosi,</strong></span> 
     </span>
    </p>
   </div>
   <div class='ocr_carea' id='block_1_16' title="bbox 118 1549 1731 1623">
    <p class='ocr_par' dir='ltr' id='par_1_16' title="bbox 118 1549 1731 1623">
     <span class='ocr_line' id='line_1_16' title="bbox 118 1549 1731 1623; baseline -0.002 -15"><span class='ocrx_word' id='word_1_102' title='bbox 118 1567 353 1623; x_wconf 89' lang='lat' dir='ltr'><strong>remque</strong></span> <span class='ocrx_word' id='word_1_103' title='bbox 402 1566 620 1608; x_wconf 90' lang='lat' dir='ltr'><strong>omnem</strong></span> <span class='ocrx_word' id='word_1_104' title='bbox 671 1551 776 1607; x_wconf 89' lang='lat' dir='ltr'><strong>sibi</strong></span> <span class='ocrx_word' id='word_1_105' title='bbox 830 1551 1056 1622; x_wconf 85' lang='lat' dir='ltr'><strong>periculi</strong></span> <span class='ocrx_word' id='word_1_106' title='bbox 1099 1550 1377 1617; x_wconf 88' lang='lat' dir='ltr'><strong>facerent,</strong></span> <span class='ocrx_word' id='word_1_107' title='bbox 1434 1549 1731 1607; x_wconf 87' lang='lat' dir='ltr'><strong>dummodo</strong></span> 
     </span>
    </p>
   </div>
   <div class='ocr_carea' id='block_1_17' title="bbox 118 1645 1732 1717">
    <p class='ocr_par' dir='ltr' id='par_1_17' title="bbox 118 1645 1732 1717">
     <span class='ocr_line' id='line_1_17' title="bbox 118 1645 1732 1717; baseline -0.002 -13"><span class='ocrx_word' id='word_1_108' title='bbox 118 1648 257 1704; x_wconf 82' lang='lat' dir='ltr'><strong>nihil</strong></span> <span class='ocrx_word' id='word_1_109' title='bbox 290 1648 601 1705; x_wconf 87' lang='lat' dir='ltr'><strong>Sardicensi</strong></span> <span class='ocrx_word' id='word_1_110' title='bbox 648 1646 891 1717; x_wconf 84' lang='lat' dir='ltr'><strong>Synodo,</strong></span> <span class='ocrx_word' id='word_1_111' title='bbox 940 1662 1043 1717; x_wconf 90' lang='lat' dir='ltr'><strong>qua</strong></span> <span class='ocrx_word' id='word_1_112' title='bbox 1091 1645 1421 1701; x_wconf 88' lang='lat' dir='ltr'><strong>Athanasius</strong></span> <span class='ocrx_word' id='word_1_113' title='bbox 1451 1645 1732 1701; x_wconf 87' lang='lat' dir='ltr'><strong>absolutus</strong></span> 
     </span>
    </p>
   </div>
   <div class='ocr_carea' id='block_1_18' title="bbox 121 1739 1732 1810">
    <p class='ocr_par' dir='ltr' id='par_1_18' title="bbox 121 1739 1732 1810">
     <span class='ocr_line' id='line_1_18' title="bbox 121 1739 1732 1810; baseline -0.002 -13"><span class='ocrx_word' id='word_1_114' title='bbox 121 1751 177 1798; x_wconf 87' lang='lat' dir='ltr'><strong>et</strong></span> <span class='ocrx_word' id='word_1_115' title='bbox 207 1741 404 1797; x_wconf 88' lang='lat' dir='ltr'><strong>Ariani</strong></span> <span class='ocrx_word' id='word_1_116' title='bbox 451 1741 691 1797; x_wconf 81' lang='lat' dir='ltr'><strong>damnati</strong></span> <span class='ocrx_word' id='word_1_117' title='bbox 743 1739 979 1806; x_wconf 79' lang='lat' dir='ltr'><strong>fuerant,</strong></span> <span class='ocrx_word' id='word_1_118' title='bbox 1017 1739 1399 1810; x_wconf 85' lang='lat' dir='ltr'><strong>decerperent;</strong></span> <span class='ocrx_word' id='word_1_119' title='bbox 1443 1739 1637 1793; x_wconf 63' lang='lat' dir='ltr'><strong>litterae</strong></span> <span class='ocrx_word' id='word_1_120' title='bbox 1666 1755 1732 1794; x_wconf 82' lang='lat' dir='ltr'><strong>ex</strong></span> 
     </span>
    </p>
   </div>
   <div class='ocr_carea' id='block_1_19' title="bbox 1896 526 3177 610">
    <p class='ocr_par' dir='ltr' id='par_1_19' title="bbox 1896 526 3177 610">
     <span class='ocr_line' id='line_1_19' title="bbox 1896 526 3177 610; baseline 0.009 -27"><span class='ocrx_word' id='word_1_121' title='bbox 1896 543 1999 584; x_wconf 77' lang='lat' dir='ltr'><strong>PER</strong></span> <span class='ocrx_word' id='word_1_122' title='bbox 2037 545 2339 587; x_wconf 73' lang='lat' dir='ltr'><strong>wcrrsauu</strong></span> <span class='ocrx_word' id='word_1_123' title='bbox 2378 545 2669 589; x_wconf 80' lang='lat' dir='ltr'><strong>EPISCOPUI</strong></span> <span class='ocrx_word' id='word_1_124' title='bbox 2710 526 2870 607; x_wconf 73' lang='lat' dir='ltr'><strong>(circa</strong></span> <span class='ocrx_word' id='word_1_125' title='bbox 2895 551 2984 591; x_wconf 89' lang='lat' dir='ltr'><strong>an.</strong></span> <span class='ocrx_word' id='word_1_126' title='bbox 3013 537 3177 610; x_wconf 75' lang='grc'>554).</span> 
     </span>
    </p>
   </div>
   <div class='ocr_carea' id='block_1_20' title="bbox 1958 642 3293 724">
    <p class='ocr_par' dir='ltr' id='par_1_20' title="bbox 1958 642 3293 724">
     <span class='ocr_line' id='line_1_20' title="bbox 1958 642 3293 724; baseline 0.01 -25"><span class='ocrx_word' id='word_1_127' title='bbox 1958 642 2363 703; x_wconf 86' lang='lat' dir='ltr'><strong>Gloriosissimo</strong></span> <span class='ocrx_word' id='word_1_128' title='bbox 2401 646 2721 705; x_wconf 89' lang='lat' dir='ltr'><strong>Constantio</strong></span> <span class='ocrx_word' id='word_1_129' title='bbox 2757 650 3005 724; x_wconf 85' lang='lat' dir='ltr'><strong>Augusto</strong></span> <span class='ocrx_word' id='word_1_130' title='bbox 3042 653 3293 713; x_wconf 82' lang='lat' dir='ltr'><strong>Liberius</strong></span> 
     </span>
    </p>
   </div>
   <div class='ocr_carea' id='block_1_21' title="bbox 2472 740 2797 813">
    <p class='ocr_par' dir='ltr' id='par_1_21' title="bbox 2472 740 2797 813">
     <span class='ocr_line' id='line_1_21' title="bbox 2472 740 2797 813; baseline 0.009 -17"><span class='ocrx_word' id='word_1_131' title='bbox 2472 740 2797 813; x_wconf 78' lang='lat' dir='ltr'><strong>Episcopus.</strong></span> 
     </span>
    </p>
   </div>
   <div class='ocr_carea' id='block_1_22' title="bbox 1836 831 3426 904">
    <p class='ocr_par' dir='ltr' id='par_1_22' title="bbox 1836 831 3426 904">
     <span class='ocr_line' id='line_1_22' title="bbox 1836 831 3426 904; baseline 0.004 -17"><span class='ocrx_word' id='word_1_132' title='bbox 1836 835 1840 839; x_wconf 57' lang='grc'><em>⁴</em></span> <span class='ocrx_word' id='word_1_133' title='bbox 1901 834 1950 887; x_wconf 83' lang='lat' dir='ltr'><strong>l.</strong></span> <span class='ocrx_word' id='word_1_134' title='bbox 1993 831 2229 888; x_wconf 81' lang='lat' dir='ltr'><strong>Liberius</strong></span> <span class='ocrx_word' id='word_1_135' title='bbox 2249 833 2525 888; x_wconf 81' lang='lat' dir='ltr'><strong>concilium</strong></span> <span class='ocrx_word' id='word_1_136' title='bbox 2560 838 2871 904; x_wconf 69' lang='lat' dir='ltr'><strong>expostulat.</strong></span> <span class='ocrx_word' id='word_1_137' title='bbox 2893 836 3289 893; x_wconf 82' lang='lat' dir='ltr'><strong>Contumeliosis</strong></span> <span class='ocrx_word' id='word_1_138' title='bbox 3320 855 3426 894; x_wconf 88' lang='lat' dir='ltr'><strong>ser-</strong></span> 
     </span>
    </p>
   </div>
   <div class='ocr_carea' id='block_1_23' title="bbox 1826 923 3429 998">
    <p class='ocr_par' dir='ltr' id='par_1_23' title="bbox 1826 923 3429 998">
     <span class='ocr_line' id='line_1_23' title="bbox 1826 923 3429 998; baseline 0.002 -18"><span class='ocrx_word' id='word_1_139' title='bbox 1826 924 2059 980; x_wconf 78' lang='lat' dir='ltr'><strong>monibus</strong></span> <span class='ocrx_word' id='word_1_140' title='bbox 2102 923 2458 980; x_wconf 85' lang='lat' dir='ltr'><strong>aConstantio</strong></span> <span class='ocrx_word' id='word_1_141' title='bbox 2505 925 2561 979; x_wconf 85' lang='lat' dir='ltr'><strong>in</strong></span> <span class='ocrx_word' id='word_1_142' title='bbox 2601 927 2783 997; x_wconf 82' lang='lat' dir='ltr'><strong>vulgus</strong></span> <span class='ocrx_word' id='word_1_143' title='bbox 2827 929 3021 998; x_wconf 82' lang='lat' dir='ltr'><strong>sparsis</strong></span> <span class='ocrx_word' id='word_1_144' title='bbox 3048 930 3322 984; x_wconf 81' lang='lat' dir='ltr'><strong>laceratur.</strong></span> <span class='ocrx_word' id='word_1_145' title='bbox 3358 962 3429 972; x_wconf 93' lang='lat'><strong><em>—</em></strong></span> 
     </span>
    </p>
   </div>
   <div class='ocr_carea' id='block_1_24' title="bbox 1825 1015 3429 1094">
    <p class='ocr_par' dir='ltr' id='par_1_24' title="bbox 1825 1015 3429 1094">
     <span class='ocr_line' id='line_1_24' title="bbox 1825 1015 3429 1094; baseline 0.004 -21"><span class='ocrx_word' id='word_1_146' title='bbox 1825 1017 2086 1082; x_wconf 87' lang='lat' dir='ltr'><strong>Obsecro,</strong></span> <span class='ocrx_word' id='word_1_147' title='bbox 2120 1015 2560 1088; x_wconf 76' lang='lat' dir='ltr'><strong>tranquillissime</strong></span> <span class='ocrx_word' id='word_1_148' title='bbox 2589 1018 2986 1089; x_wconf 88' lang='lat' dir='ltr'><strong>imperator,ut</strong></span> <span class='ocrx_word' id='word_1_149' title='bbox 3008 1021 3135 1077; x_wconf 91' lang='lat' dir='ltr'><strong>mihi</strong></span> <span class='ocrx_word' id='word_1_150' title='bbox 3172 1021 3429 1094; x_wconf 86' lang='lat' dir='ltr'><strong>benignas</strong></span> 
     </span>
    </p>
   </div>
   <div class='ocr_carea' id='block_1_25' title="bbox 1827 1107 3433 1181">
    <p class='ocr_par' dir='ltr' id='par_1_25' title="bbox 1827 1107 3433 1181">
     <span class='ocr_line' id='line_1_25' title="bbox 1827 1107 3433 1181; baseline 0.004 -20"><span class='ocrx_word' id='word_1_151' title='bbox 1827 1122 1987 1163; x_wconf 84' lang='lat' dir='ltr'><strong>aures</strong></span> <span class='ocrx_word' id='word_1_152' title='bbox 2010 1108 2296 1163; x_wconf 91' lang='lat' dir='ltr'><strong>clementia</strong></span> <span class='ocrx_word' id='word_1_153' title='bbox 2322 1117 2407 1162; x_wconf 87' lang='lat' dir='ltr'><strong>tua</strong></span> <span class='ocrx_word' id='word_1_154' title='bbox 2436 1108 2657 1176; x_wconf 81' lang='lat' dir='ltr'><strong>tribuat,</strong></span> <span class='ocrx_word' id='word_1_155' title='bbox 2686 1107 2755 1181; x_wconf 72' lang='grc' dir='ltr'><strong>(ι’)</strong></span> <span class='ocrx_word' id='word_1_156' title='bbox 2781 1126 2888 1181; x_wconf 92' lang='lat' dir='ltr'><strong>quo</strong></span> <span class='ocrx_word' id='word_1_157' title='bbox 2929 1112 3097 1181; x_wconf 90' lang='lat' dir='ltr'><strong>possit</strong></span> <span class='ocrx_word' id='word_1_158' title='bbox 3122 1123 3433 1171; x_wconf 81' lang='lat' dir='ltr'><strong>mansuetu-</strong></span> 
     </span>
    </p>
   </div>
   <div class='ocr_carea' id='block_1_26' title="bbox 1829 1198 3436 1273">
    <p class='ocr_par' dir='ltr' id='par_1_26' title="bbox 1829 1198 3436 1273">
     <span class='ocr_line' id='line_1_26' title="bbox 1829 1198 3436 1273; baseline 0.006 -20"><span class='ocrx_word' id='word_1_159' title='bbox 1829 1198 1939 1254; x_wconf 91' lang='lat' dir='ltr'><strong>dini</strong></span> <span class='ocrx_word' id='word_1_160' title='bbox 1973 1207 2077 1254; x_wconf 71' lang='lat' dir='ltr'><strong>tiia:</strong></span> <span class='ocrx_word' id='word_1_161' title='bbox 2104 1200 2303 1255; x_wconf 91' lang='lat' dir='ltr'><strong>mentis</strong></span> <span class='ocrx_word' id='word_1_162' title='bbox 2325 1214 2459 1255; x_wconf 77' lang='lat' dir='ltr'><strong>mea:</strong></span> <span class='ocrx_word' id='word_1_163' title='bbox 2482 1202 2816 1270; x_wconf 91' lang='lat' dir='ltr'><strong>propositum</strong></span> <span class='ocrx_word' id='word_1_164' title='bbox 2840 1218 3127 1273; x_wconf 88' lang='lat' dir='ltr'><strong>apparere.</strong></span> <span class='ocrx_word' id='word_1_165' title='bbox 3158 1205 3231 1260; x_wconf 86' lang='lat' dir='ltr'><strong>De</strong></span> <span class='ocrx_word' id='word_1_166' title='bbox 3253 1206 3436 1262; x_wconf 79' lang='lat' dir='ltr'><strong>Chris-</strong></span> 
     </span>
    </p>
   </div>
   <div class='ocr_carea' id='block_1_27' title="bbox 1831 1291 3440 1362">
    <p class='ocr_par' dir='ltr' id='par_1_27' title="bbox 1831 1291 3440 1362">
     <span class='ocr_line' id='line_1_27' title="bbox 1831 1291 3440 1362; baseline 0.006 -18"><span class='ocrx_word' id='word_1_167' title='bbox 1831 1291 1980 1345; x_wconf 88' lang='lat' dir='ltr'><strong>tiano</strong></span> <span class='ocrx_word' id='word_1_168' title='bbox 2014 1291 2158 1346; x_wconf 91' lang='lat' dir='ltr'><strong>enim</strong></span> <span class='ocrx_word' id='word_1_169' title='bbox 2192 1291 2520 1362; x_wconf 89' lang='lat' dir='ltr'><strong>imperatore</strong></span> <span class='ocrx_word' id='word_1_170' title='bbox 2555 1301 2612 1348; x_wconf 88' lang='lat' dir='ltr'><strong>et</strong></span> <span class='ocrx_word' id='word_1_171' title='bbox 2634 1304 2836 1348; x_wconf 65' lang='lat' dir='ltr'><strong>sanctae</strong></span> <span class='ocrx_word' id='word_1_172' title='bbox 2864 1295 3141 1350; x_wconf 81' lang='lat' dir='ltr'><strong>memoriae</strong></span> <span class='ocrx_word' id='word_1_173' title='bbox 3170 1294 3440 1353; x_wconf 87' lang='lat' dir='ltr'><strong>Constan-</strong></span> 
     </span>
    </p>
   </div>
   <div class='ocr_carea' id='block_1_28' title="bbox 1830 1382 3435 1457">
    <p class='ocr_par' dir='ltr' id='par_1_28' title="bbox 1830 1382 3435 1457">
     <span class='ocr_line' id='line_1_28' title="bbox 1830 1382 3435 1457; baseline 0.006 -20"><span class='ocrx_word' id='word_1_174' title='bbox 1830 1384 1927 1438; x_wconf 91' lang='lat' dir='ltr'><strong>tini</strong></span> <span class='ocrx_word' id='word_1_175' title='bbox 1951 1382 2060 1439; x_wconf 82' lang='lat' dir='ltr'><strong>filio</strong></span> <span class='ocrx_word' id='word_1_176' title='bbox 2080 1383 2182 1440; x_wconf 90' lang='lat' dir='ltr'><strong>hoc</strong></span> <span class='ocrx_word' id='word_1_177' title='bbox 2204 1384 2376 1453; x_wconf 90' lang='lat' dir='ltr'><strong>ipsum</strong></span> <span class='ocrx_word' id='word_1_178' title='bbox 2396 1385 2513 1441; x_wconf 91' lang='lat' dir='ltr'><strong>sine</strong></span> <span class='ocrx_word' id='word_1_179' title='bbox 2529 1391 2872 1442; x_wconf 87' lang='lat' dir='ltr'><strong>cunctatione</strong></span> <span class='ocrx_word' id='word_1_180' title='bbox 2892 1402 3104 1444; x_wconf 89' lang='lat' dir='ltr'><strong>mereor</strong></span> <span class='ocrx_word' id='word_1_181' title='bbox 3122 1388 3435 1457; x_wconf 84' lang='lat' dir='ltr'><strong>impetrare.</strong></span> 
     </span>
    </p>
   </div>
   <div class='ocr_carea' id='block_1_29' title="bbox 1833 1474 3438 1550">
    <p class='ocr_par' dir='ltr' id='par_1_29' title="bbox 1833 1474 3438 1550">
     <span class='ocr_line' id='line_1_29' title="bbox 1833 1474 3438 1550; baseline 0.004 -18"><span class='ocrx_word' id='word_1_182' title='bbox 1833 1474 1937 1532; x_wconf 87' lang='lat' dir='ltr'><strong>Sed</strong></span> <span class='ocrx_word' id='word_1_183' title='bbox 1970 1475 2022 1529; x_wconf 91' lang='lat' dir='ltr'><strong>in</strong></span> <span class='ocrx_word' id='word_1_184' title='bbox 2048 1491 2114 1532; x_wconf 92' lang='lat' dir='ltr'><strong>eo</strong></span> <span class='ocrx_word' id='word_1_185' title='bbox 2146 1491 2233 1531; x_wconf 90' lang='lat' dir='ltr'><strong>me</strong></span> <span class='ocrx_word' id='word_1_186' title='bbox 2261 1476 2512 1533; x_wconf 86' lang='lat' dir='ltr'><strong>laborare</strong></span> <span class='ocrx_word' id='word_1_187' title='bbox 2556 1478 2831 1549; x_wconf 82' lang='lat' dir='ltr'><strong>intelligo,</strong></span> <span class='ocrx_word' id='word_1_188' title='bbox 2863 1479 2987 1549; x_wconf 88' lang='lat' dir='ltr'><strong>quia</strong></span> <span class='ocrx_word' id='word_1_189' title='bbox 3016 1481 3245 1550; x_wconf 89' lang='lat' dir='ltr'><strong>repetita</strong></span> <span class='ocrx_word' id='word_1_190' title='bbox 3277 1483 3438 1538; x_wconf 90' lang='lat' dir='ltr'><strong>satis-</strong></span> 
     </span>
    </p>
   </div>
   <div class='ocr_carea' id='block_1_30' title="bbox 1832 1565 3434 1638">
    <p class='ocr_par' dir='ltr' id='par_1_30' title="bbox 1832 1565 3434 1638">
     <span class='ocr_line' id='line_1_30' title="bbox 1832 1565 3434 1638; baseline 0.004 -18"><span class='ocrx_word' id='word_1_191' title='bbox 1832 1565 2085 1633; x_wconf 83' lang='lat' dir='ltr'><strong>factione,</strong></span> <span class='ocrx_word' id='word_1_192' title='bbox 2119 1567 2437 1637; x_wconf 89' lang='lat' dir='ltr'><strong>placabilem</strong></span> <span class='ocrx_word' id='word_1_193' title='bbox 2468 1568 2632 1623; x_wconf 89' lang='lat' dir='ltr'><strong>etiam</strong></span> <span class='ocrx_word' id='word_1_194' title='bbox 2664 1568 2809 1625; x_wconf 87' lang='lat' dir='ltr'><strong>circa</strong></span> <span class='ocrx_word' id='word_1_195' title='bbox 2837 1584 2960 1625; x_wconf 91' lang='lat' dir='ltr'><strong>reos</strong></span> <span class='ocrx_word' id='word_1_196' title='bbox 2986 1573 3226 1627; x_wconf 88' lang='lat' dir='ltr'><strong>animum</strong></span> <span class='ocrx_word' id='word_1_197' title='bbox 3256 1579 3434 1638; x_wconf 87' lang='lat' dir='ltr'><strong>tuum,</strong></span> 
     </span>
    </p>
   </div>
   <div class='ocr_carea' id='block_1_31' title="bbox 1834 1657 3437 1738">
    <p class='ocr_par' dir='ltr' id='par_1_31' title="bbox 1834 1657 3437 1738">
     <span class='ocr_line' id='line_1_31' title="bbox 1834 1657 3437 1738; baseline 0.006 -26"><span class='ocrx_word' id='word_1_198' title='bbox 1834 1657 1890 1712; x_wconf 89' lang='lat' dir='ltr'><strong>in</strong></span> <span class='ocrx_word' id='word_1_199' title='bbox 1927 1658 2155 1729; x_wconf 79' lang='lat' dir='ltr'><strong>gratiam</strong></span> <span class='ocrx_word' id='word_1_200' title='bbox 2191 1674 2366 1716; x_wconf 87' lang='lat' dir='ltr'><strong>meam</strong></span> <span class='ocrx_word' id='word_1_201' title='bbox 2410 1674 2666 1717; x_wconf 91' lang='lat' dir='ltr'><strong>revocare</strong></span> <span class='ocrx_word' id='word_1_202' title='bbox 2700 1677 2813 1717; x_wconf 89' lang='lat' dir='ltr'><strong>non</strong></span> <span class='ocrx_word' id='word_1_203' title='bbox 2852 1676 3094 1732; x_wconf 89' lang='lat' dir='ltr'><strong>possum.</strong></span> <span class='ocrx_word' id='word_1_204' title='bbox 3140 1664 3334 1721; x_wconf 75' lang='lat' dir='ltr'><strong>Sermo</strong></span> <span class='ocrx_word' id='word_1_205' title='bbox 3359 1664 3437 1738; x_wconf 90' lang='lat' dir='ltr'><strong>(g)</strong></span> 
     </span>
    </p>
   </div>
   <div class='ocr_carea' id='block_1_32' title="bbox 1836 1753 3430 1828">
    <p class='ocr_par' dir='ltr' id='par_1_32' title="bbox 1836 1753 3430 1828">
     <span class='ocr_line' id='line_1_32' title="bbox 1836 1753 3430 1828; baseline 0.006 -20"><span class='ocrx_word' id='word_1_206' title='bbox 1836 1753 1983 1808; x_wconf 86' lang='lat' dir='ltr'><strong>enim</strong></span> <span class='ocrx_word' id='word_1_207' title='bbox 2018 1754 2234 1823; x_wconf 88' lang='lat' dir='ltr'><strong>pietatis</strong></span> <span class='ocrx_word' id='word_1_208' title='bbox 2261 1760 2369 1809; x_wconf 84' lang='lat' dir='ltr'><strong>tuae</strong></span> <span class='ocrx_word' id='word_1_209' title='bbox 2394 1795 2409 1820; x_wconf 91' lang='lat'><strong>,</strong></span> <span class='ocrx_word' id='word_1_210' title='bbox 2437 1754 2754 1825; x_wconf 81' lang='lat' dir='ltr'><strong>jamdudum</strong></span> <span class='ocrx_word' id='word_1_211' title='bbox 2795 1757 2861 1811; x_wconf 89' lang='lat' dir='ltr'><strong>ad</strong></span> <span class='ocrx_word' id='word_1_212' title='bbox 2898 1758 3152 1828; x_wconf 91' lang='lat' dir='ltr'><strong>populum</strong></span> <span class='ocrx_word' id='word_1_213' title='bbox 3196 1760 3430 1828; x_wconf 88' lang='lat' dir='ltr'><strong>missus,</strong></span> 
     </span>
    </p>
   </div>
   <div class='ocr_carea' id='block_1_33' title="bbox 121 1817 1738 1924">
    <p class='ocr_par' dir='ltr' id='par_1_33' title="bbox 121 1832 1730 1905">
     <span class='ocr_line' id='line_1_33' title="bbox 121 1832 1730 1905; baseline -0.001 -16"><span class='ocrx_word' id='word_1_214' title='bbox 121 1833 366 1905; x_wconf 63' lang='lat' dir='ltr'><strong>Egypto</strong></span> <span class='ocrx_word' id='word_1_215' title='bbox 408 1833 486 1905; x_wconf 89' lang='lat' dir='ltr'><strong>(c)</strong></span> <span class='ocrx_word' id='word_1_216' title='bbox 511 1834 659 1890; x_wconf 92' lang='lat' dir='ltr'><strong>omni</strong></span> <span class='ocrx_word' id='word_1_217' title='bbox 687 1842 849 1904; x_wconf 88' lang='lat' dir='ltr'><strong>atque</strong></span> <span class='ocrx_word' id='word_1_218' title='bbox 881 1832 950 1888; x_wconf 87' lang='lat' dir='ltr'><strong>ab</strong></span> <span class='ocrx_word' id='word_1_219' title='bbox 979 1832 1302 1888; x_wconf 80' lang='lat' dir='ltr'><strong>Alexandria</strong></span> <span class='ocrx_word' id='word_1_220' title='bbox 1333 1832 1513 1889; x_wconf 75' lang='lat' dir='ltr'><strong>missa:</strong></span> <span class='ocrx_word' id='word_1_221' title='bbox 1541 1832 1730 1888; x_wconf 88' lang='lat' dir='ltr'><strong>admo-</strong></span> 
     </span>
    </p>
   </div>
   <div class='ocr_carea' id='block_1_34' title="bbox 1847 1817 3433 1924">
    <p class='ocr_par' dir='ltr' id='par_1_34' title="bbox 1847 1845 3433 1924">
     <span class='ocr_line' id='line_1_34' title="bbox 1847 1845 3433 1924; baseline 0.008 -25"><span class='ocrx_word' id='word_1_222' title='bbox 1847 1861 1925 1900; x_wconf 91' lang='lat' dir='ltr'><strong>me</strong></span> <span class='ocrx_word' id='word_1_223' title='bbox 1952 1845 2192 1916; x_wconf 89' lang='lat' dir='ltr'><strong>quidem,</strong></span> <span class='ocrx_word' id='word_1_224' title='bbox 2217 1861 2374 1917; x_wconf 90' lang='lat' dir='ltr'><strong>quem</strong></span> <span class='ocrx_word' id='word_1_225' title='bbox 2406 1849 2671 1916; x_wconf 84' lang='lat' dir='ltr'><strong>patienter</strong></span> <span class='ocrx_word' id='word_1_226' title='bbox 2696 1850 2876 1905; x_wconf 90' lang='lat' dir='ltr'><strong>omnia</strong></span> <span class='ocrx_word' id='word_1_227' title='bbox 2907 1851 3048 1907; x_wconf 87' lang='lat' dir='ltr'><strong>ferre</strong></span> <span class='ocrx_word' id='word_1_228' title='bbox 3075 1867 3302 1910; x_wconf 88' lang='lat' dir='ltr'><strong>necesse</strong></span> <span class='ocrx_word' id='word_1_229' title='bbox 3327 1863 3433 1924; x_wconf 91' lang='lat' dir='ltr'><strong>est,</strong></span> 
     </span>
    </p>
   </div>
   <div class='ocr_carea' id='block_1_35' title="bbox 121 1925 1728 1999">
    <p class='ocr_par' dir='ltr' id='par_1_35' title="bbox 121 1925 1728 1999">
     <span class='ocr_line' id='line_1_35' title="bbox 121 1925 1728 1999; baseline -0.001 -15"><span class='ocrx_word' id='word_1_230' title='bbox 121 1929 326 1984; x_wconf 86' lang='lat' dir='ltr'><strong>nebant</strong></span> <span class='ocrx_word' id='word_1_231' title='bbox 359 1944 372 1982; x_wconf 91' lang='lat'>:</span> <span class='ocrx_word' id='word_1_232' title='bbox 405 1929 663 1999; x_wconf 90' lang='lat' dir='ltr'><strong>quoniam</strong></span> <span class='ocrx_word' id='word_1_233' title='bbox 712 1927 899 1998; x_wconf 78' lang='lat' dir='ltr'><strong>quales</strong></span> <span class='ocrx_word' id='word_1_234' title='bbox 943 1926 1015 1981; x_wconf 81' lang='lat' dir='ltr'><strong>a‘d</strong></span> <span class='ocrx_word' id='word_1_235' title='bbox 1043 1925 1240 1983; x_wconf 85' lang='lat' dir='ltr'><strong>Julium</strong></span> <span class='ocrx_word' id='word_1_236' title='bbox 1274 1926 1483 1997; x_wconf 87' lang='lat' dir='ltr'><strong>pridem</strong></span> <span class='ocrx_word' id='word_1_237' title='bbox 1511 1926 1579 1981; x_wconf 91' lang='lat' dir='ltr'><strong>de</strong></span> <span class='ocrx_word' id='word_1_238' title='bbox 1604 1927 1728 1983; x_wconf 90' lang='lat' dir='ltr'><strong>red-</strong></span> 
     </span>
    </p>
   </div>
   <div class='ocr_carea' id='block_1_36' title="bbox 123 2019 1732 2092">
    <p class='ocr_par' dir='ltr' id='par_1_36' title="bbox 123 2019 1732 2092">
     <span class='ocr_line' id='line_1_36' title="bbox 123 2019 1732 2092; baseline -0.001 -16"><span class='ocrx_word' id='word_1_239' title='bbox 123 2020 306 2077; x_wconf 88' lang='lat' dir='ltr'><strong>denda</strong></span> <span class='ocrx_word' id='word_1_240' title='bbox 353 2020 437 2092; x_wconf 79' lang='grc' dir='ltr'><strong>(ά)</strong></span> <span class='ocrx_word' id='word_1_241' title='bbox 479 2021 744 2076; x_wconf 79' lang='lat' dir='ltr'><strong>exsulanti</strong></span> <span class='ocrx_word' id='word_1_242' title='bbox 792 2019 1091 2075; x_wconf 82' lang='lat' dir='ltr'><strong>Athanasio</strong></span> <span class='ocrx_word' id='word_1_243' title='bbox 1142 2020 1523 2075; x_wconf 90' lang='lat' dir='ltr'><strong>communione</strong></span> <span class='ocrx_word' id='word_1_244' title='bbox 1577 2029 1732 2075; x_wconf 90' lang='lat' dir='ltr'><strong>erant</strong></span> 
     </span>
    </p>
   </div>
   <div class='ocr_carea' id='block_1_37' title="bbox 119 2112 1731 2184">
    <p class='ocr_par' dir='ltr' id='par_1_37' title="bbox 119 2112 1731 2184">
     <span class='ocr_line' id='line_1_37' title="bbox 119 2112 1731 2184; baseline -0.002 -13"><span class='ocrx_word' id='word_1_245' title='bbox 119 2115 366 2184; x_wconf 64' lang='lat' dir='ltr'><strong>scriptae,</strong></span> <span class='ocrx_word' id='word_1_246' title='bbox 419 2114 557 2170; x_wconf 88' lang='lat' dir='ltr'><strong>tales</strong></span> <span class='ocrx_word' id='word_1_247' title='bbox 594 2130 735 2168; x_wconf 91' lang='lat' dir='ltr'><strong>nunc</strong></span> <span class='ocrx_word' id='word_1_248' title='bbox 770 2125 825 2169; x_wconf 90' lang='lat' dir='ltr'><strong>ut</strong></span> <span class='ocrx_word' id='word_1_249' title='bbox 854 2114 924 2169; x_wconf 93' lang='lat' dir='ltr'><strong>de</strong></span> <span class='ocrx_word' id='word_1_250' title='bbox 963 2113 1223 2184; x_wconf 89' lang='lat' dir='ltr'><strong>subjectis</strong></span> <span class='ocrx_word' id='word_1_251' title='bbox 1274 2113 1620 2184; x_wconf 77' lang='lat' dir='ltr'><strong>intelligetur,</strong></span> <span class='ocrx_word' id='word_1_252' title='bbox 1663 2112 1731 2168; x_wconf 91' lang='lat' dir='ltr'><strong>ad</strong></span> 
     </span>
    </p>
   </div>
   <div class='ocr_carea' id='block_1_38' title="bbox 120 2206 1134 2265">
    <p class='ocr_par' dir='ltr' id='par_1_38' title="bbox 120 2206 1134 2265">
     <span class='ocr_line' id='line_1_38' title="bbox 120 2206 1134 2265; baseline -0.006 -2"><span class='ocrx_word' id='word_1_253' title='bbox 120 2207 403 2265; x_wconf 85' lang='lat' dir='ltr'><strong>Liberium</strong></span> <span class='ocrx_word' id='word_1_254' title='bbox 435 2206 575 2263; x_wconf 72' lang='lat' dir='ltr'><strong>data:</strong></span> <span class='ocrx_word' id='word_1_255' title='bbox 603 2214 733 2263; x_wconf 87' lang='lat' dir='ltr'><strong>sunt</strong></span> <span class='ocrx_word' id='word_1_256' title='bbox 758 2206 827 2264; x_wconf 89' lang='lat' dir='ltr'><strong>de</strong></span> <span class='ocrx_word' id='word_1_257' title='bbox 858 2206 1078 2263; x_wconf 88' lang='lat' dir='ltr'><strong>tuenda.</strong></span> <span class='ocrx_word' id='word_1_258' title='bbox 1114 2223 1134 2257; x_wconf 77' lang='grc' dir='ltr'><strong>ι</strong></span> 
     </span>
    </p>
   </div>
   <div class='ocr_carea' id='block_1_39' title="bbox 300 2594 1561 2673">
    <p class='ocr_par' dir='ltr' id='par_1_39' title="bbox 300 2594 1561 2673">
     <span class='ocr_line' id='line_1_39' title="bbox 300 2594 1561 2673; baseline -0.004 -16"><span class='ocrx_word' id='word_1_259' title='bbox 300 2596 466 2673; x_wconf 75' lang='lat'><strong>671</strong></span> <span class='ocrx_word' id='word_1_260' title='bbox 491 2595 974 2656; x_wconf 79' lang='lat' dir='ltr'><strong>FRAGMENTUM</strong></span> <span class='ocrx_word' id='word_1_261' title='bbox 1012 2594 1055 2654; x_wconf 80' lang='grc' dir='ltr'><strong>ν</strong></span> <span class='ocrx_word' id='word_1_262' title='bbox 1089 2597 1255 2671; x_wconf 81' lang='lat' dir='ltr'><strong>(Alias</strong></span> <span class='ocrx_word' id='word_1_263' title='bbox 1284 2613 1323 2654; x_wconf 86' lang='grc' dir='ltr'><strong>ιι</strong></span> <span class='ocrx_word' id='word_1_264' title='bbox 1360 2597 1561 2672; x_wconf 82' lang='lat' dir='ltr'><strong>partis).</strong></span> 
     </span>
    </p>
   </div>
   <div class='ocr_carea' id='block_1_40' title="bbox 126 2768 1730 2852">
    <p class='ocr_par' dir='ltr' id='par_1_40' title="bbox 126 2768 1730 2852">
     <span class='ocr_line' id='line_1_40' title="bbox 126 2768 1730 2852; baseline 0 -15"><span class='ocrx_word' id='word_1_265' title='bbox 126 2796 330 2839; x_wconf 72' lang='lat' dir='ltr'><strong>iscirrr</strong></span> <span class='ocrx_word' id='word_1_266' title='bbox 370 2794 630 2836; x_wconf 76' lang='lat' dir='ltr'><strong>EPISTOLA</strong></span> <span class='ocrx_word' id='word_1_267' title='bbox 652 2794 973 2837; x_wconf 76' lang='lat' dir='ltr'><strong>LEGATORUII</strong></span> <span class='ocrx_word' id='word_1_268' title='bbox 1032 2768 1103 2852; x_wconf 87' lang='lat' dir='ltr'><strong>(c)</strong></span> <span class='ocrx_word' id='word_1_269' title='bbox 1143 2790 1304 2835; x_wconf 79' lang='lat' dir='ltr'><strong>inssA</strong></span> <span class='ocrx_word' id='word_1_270' title='bbox 1353 2795 1422 2835; x_wconf 84' lang='grc' dir='ltr'><strong>Αι)</strong></span> <span class='ocrx_word' id='word_1_271' title='bbox 1465 2795 1730 2837; x_wconf 77' lang='lat' dir='ltr'><strong>CONSTAN-</strong></span> 
     </span>
    </p>
   </div>
   <div class='ocr_carea' id='block_1_41' title="bbox 123 2892 1742 2964">
    <p class='ocr_par' dir='ltr' id='par_1_41' title="bbox 123 2892 1742 2964">
     <span class='ocr_line' id='line_1_41' title="bbox 123 2892 1742 2964; baseline -0.001 -12"><span class='ocrx_word' id='word_1_272' title='bbox 123 2906 286 2955; x_wconf 69' lang='lat' dir='ltr'><strong>antea</strong></span> <span class='ocrx_word' id='word_1_273' title='bbox 321 2895 495 2959; x_wconf 71' lang='lat' dir='ltr'><strong>magis</strong></span> <span class='ocrx_word' id='word_1_274' title='bbox 536 2894 775 2963; x_wconf 86' lang='lat' dir='ltr'><strong>placeret</strong></span> <span class='ocrx_word' id='word_1_275' title='bbox 803 2905 1040 2948; x_wconf 81' lang='lat' dir='ltr'><strong>vestram.</strong></span> <span class='ocrx_word' id='word_1_276' title='bbox 1077 2892 1411 2964; x_wconf 84' lang='lat' dir='ltr'><strong>Quamquam</strong></span> <span class='ocrx_word' id='word_1_277' title='bbox 1457 2895 1522 2949; x_wconf 90' lang='lat' dir='ltr'><strong>ad</strong></span> <span class='ocrx_word' id='word_1_278' title='bbox 1554 2896 1742 2950; x_wconf 87' lang='lat' dir='ltr'><strong>unani-</strong></span> 
     </span>
    </p>
   </div>
   <div class='ocr_carea' id='block_1_42' title="bbox 128 2964 1738 3036">
    <p class='ocr_par' dir='ltr' id='par_1_42' title="bbox 128 2964 1738 3036">
     <span class='ocr_line' id='line_1_42' title="bbox 128 2964 1738 3036; baseline -0.001 -13"><span class='ocrx_word' id='word_1_279' title='bbox 128 2970 360 3023; x_wconf 83' lang='lat' dir='ltr'><strong>mitatem</strong></span> <span class='ocrx_word' id='word_1_280' title='bbox 392 2977 620 3021; x_wconf 80' lang='lat' dir='ltr'><strong>nostram</strong></span> <span class='ocrx_word' id='word_1_281' title='bbox 650 2966 725 3020; x_wconf 61' lang='lat' dir='ltr'><strong>sic</strong></span> <span class='ocrx_word' id='word_1_282' title='bbox 756 2965 882 3019; x_wconf 90' lang='lat' dir='ltr'><strong>licet</strong></span> <span class='ocrx_word' id='word_1_283' title='bbox 910 2964 1244 3036; x_wconf 79' lang='lat' dir='ltr'><strong>intelligere,</strong></span> <span class='ocrx_word' id='word_1_284' title='bbox 1277 2967 1429 3036; x_wconf 91' lang='lat' dir='ltr'><strong>quasi</strong></span> <span class='ocrx_word' id='word_1_285' title='bbox 1458 2966 1526 3020; x_wconf 85' lang='lat' dir='ltr'><strong>ad</strong></span> <span class='ocrx_word' id='word_1_286' title='bbox 1552 2969 1738 3022; x_wconf 88' lang='lat' dir='ltr'><strong>unani-</strong></span> 
     </span>
    </p>
   </div>
   <div class='ocr_carea' id='block_1_43' title="bbox 127 3036 984 3097">
    <p class='ocr_par' dir='ltr' id='par_1_43' title="bbox 127 3036 984 3097">
     <span class='ocr_line' id='line_1_43' title="bbox 127 3036 984 3097; baseline -0.004 -2"><span class='ocrx_word' id='word_1_287' title='bbox 127 3043 361 3097; x_wconf 82' lang='lat' dir='ltr'><strong>mitatcm</strong></span> <span class='ocrx_word' id='word_1_288' title='bbox 388 3039 524 3093; x_wconf 87' lang='lat' dir='ltr'><strong>inter</strong></span> <span class='ocrx_word' id='word_1_289' title='bbox 546 3053 641 3091; x_wconf 83' lang='lat' dir='ltr'><strong>nos</strong></span> <span class='ocrx_word' id='word_1_290' title='bbox 665 3036 984 3092; x_wconf 82' lang='lat' dir='ltr'><strong>seruandam.</strong></span> 
     </span>
    </p>
   </div>
   <div class='ocr_carea' id='block_1_44' title="bbox 146 3128 1733 3206">
    <p class='ocr_par' dir='ltr' id='par_1_44' title="bbox 146 3128 1733 3206">
     <span class='ocr_line' id='line_1_44' title="bbox 146 3128 1733 3206; baseline 0.001 -23"><span class='ocrx_word' id='word_1_291' title='bbox 146 3180 149 3183; x_wconf 72' lang='lat'><strong>.</strong></span> <span class='ocrx_word' id='word_1_292' title='bbox 207 3132 289 3206; x_wconf 87' lang='lat' dir='ltr'><strong>(a)</strong></span> <span class='ocrx_word' id='word_1_293' title='bbox 334 3129 668 3206; x_wconf 72' lang='lat' dir='ltr'><strong>Guilefridus</strong></span> <span class='ocrx_word' id='word_1_294' title='bbox 697 3130 955 3206; x_wconf 71' lang='lat' dir='ltr'><strong>Hermant</strong></span> <span class='ocrx_word' id='word_1_295' title='bbox 982 3128 1074 3206; x_wconf 81' lang='lat' dir='ltr'><strong>lib.</strong></span> <span class='ocrx_word' id='word_1_296' title='bbox 1096 3144 1167 3183; x_wconf 85' lang='lat' dir='ltr'><strong>vn</strong></span> <span class='ocrx_word' id='word_1_297' title='bbox 1222 3128 1357 3206; x_wconf 55' lang='lat' dir='ltr'><strong>Vita}</strong></span> <span class='ocrx_word' id='word_1_298' title='bbox 1385 3129 1733 3206; x_wconf 31' lang='lat' dir='ltr'><strong>_S‘._Ath_anas:</strong></span> 
     </span>
    </p>
   </div>
   <div class='ocr_carea' id='block_1_45' title="bbox 128 3198 1813 3272">
    <p class='ocr_par' dir='ltr' id='par_1_45' title="bbox 128 3198 1813 3272">
     <span class='ocr_line' id='line_1_45' title="bbox 128 3198 1813 3272; baseline -0.002 -13"><span class='ocrx_word' id='word_1_299' title='bbox 128 3221 179 3261; x_wconf 89' lang='lat' dir='ltr'><strong>c.</strong></span> <span class='ocrx_word' id='word_1_300' title='bbox 200 3198 406 3269; x_wconf 57' lang='lat' dir='ltr'><strong>6,&#39;cum</strong></span> <span class='ocrx_word' id='word_1_301' title='bbox 436 3200 809 3257; x_wconf 82' lang='lat' dir='ltr'><strong>Fortunatiani</strong></span> <span class='ocrx_word' id='word_1_302' title='bbox 837 3211 963 3255; x_wconf 89' lang='lat' dir='ltr'><strong>ante</strong></span> <span class='ocrx_word' id='word_1_303' title='bbox 990 3200 1197 3267; x_wconf 90' lang='lat' dir='ltr'><strong>lapsum</strong></span> <span class='ocrx_word' id='word_1_304' title='bbox 1228 3201 1496 3255; x_wconf 79' lang='lat' dir='ltr'><strong>laudabile</strong></span> <span class='ocrx_word' id='word_1_305' title='bbox 1517 3202 1735 3272; x_wconf 90' lang='lat' dir='ltr'><strong>aliquod</strong></span> <span class='ocrx_word' id='word_1_306' title='bbox 1767 3198 1813 3261; x_wconf 89' lang='lat' dir='ltr'>C</span> 
     </span>
    </p>
   </div>
   <div class='ocr_carea' id='block_1_46' title="bbox 131 3271 1737 3345">
    <p class='ocr_par' dir='ltr' id='par_1_46' title="bbox 131 3271 1737 3345">
     <span class='ocr_line' id='line_1_46' title="bbox 131 3271 1737 3345; baseline -0.001 -16"><span class='ocrx_word' id='word_1_307' title='bbox 131 3294 230 3345; x_wconf 81' lang='lat' dir='ltr'><strong>pro</strong></span> <span class='ocrx_word' id='word_1_308' title='bbox 264 3274 377 3329; x_wconf 83' lang='lat' dir='ltr'><strong>fide</strong></span> <span class='ocrx_word' id='word_1_309' title='bbox 414 3273 683 3345; x_wconf 81' lang='lat' dir='ltr'><strong>catholica</strong></span> <span class='ocrx_word' id='word_1_310' title='bbox 719 3271 918 3327; x_wconf 85' lang='lat' dir='ltr'><strong>factum</strong></span> <span class='ocrx_word' id='word_1_311' title='bbox 959 3287 1099 3345; x_wconf 83' lang='lat' dir='ltr'><strong>nunc</strong></span> <span class='ocrx_word' id='word_1_312' title='bbox 1131 3273 1418 3345; x_wconf 87' lang='lat' dir='ltr'><strong>memorari</strong></span> <span class='ocrx_word' id='word_1_313' title='bbox 1462 3271 1737 3345; x_wconf 14' lang='lat' dir='ltr'><strong>progiierto</strong></span> 
     </span>
    </p>
   </div>
   <div class='ocr_carea' id='block_1_47' title="bbox 131 3342 1739 3415">
    <p class='ocr_par' dir='ltr' id='par_1_47' title="bbox 131 3342 1739 3415">
     <span class='ocr_line' id='line_1_47' title="bbox 131 3342 1739 3415; baseline -0.001 -16"><span class='ocrx_word' id='word_1_314' title='bbox 131 3342 367 3415; x_wconf 57' lang='lat' dir='ltr'><strong>babcjl;</strong></span> <span class='ocrx_word' id='word_1_315' title='bbox 415 3342 709 3415; x_wconf 71' lang='lat' dir='ltr'><strong>verisimile</strong></span> <span class='ocrx_word' id='word_1_316' title='bbox 755 3353 937 3415; x_wconf 88' lang='lat' dir='ltr'><strong>putat,</strong></span> <span class='ocrx_word' id='word_1_317' title='bbox 990 3342 1274 3415; x_wconf 69' lang='lat' dir='ltr'><strong>epistolam</strong></span> <span class='ocrx_word' id='word_1_318' title='bbox 1314 3344 1506 3415; x_wconf 83' lang='lat' dir='ltr'><strong>synodi</strong></span> <span class='ocrx_word' id='word_1_319' title='bbox 1554 3343 1739 3415; x_wconf 84' lang='lat' dir='ltr'><strong>Sardi-</strong></span> 
     </span>
    </p>
   </div>
   <div class='ocr_carea' id='block_1_48' title="bbox 128 3412 1740 3483">
    <p class='ocr_par' dir='ltr' id='par_1_48' title="bbox 128 3412 1740 3483">
     <span class='ocr_line' id='line_1_48' title="bbox 128 3412 1740 3483; baseline -0.002 -9"><span class='ocrx_word' id='word_1_320' title='bbox 128 3414 316 3475; x_wconf 81' lang='lat' dir='ltr'><strong>censis</strong></span> <span class='ocrx_word' id='word_1_321' title='bbox 342 3415 411 3471; x_wconf 88' lang='lat' dir='ltr'><strong>ad</strong></span> <span class='ocrx_word' id='word_1_322' title='bbox 435 3412 812 3470; x_wconf 85' lang='lat' dir='ltr'><strong>Constantium</strong></span> <span class='ocrx_word' id='word_1_323' title='bbox 856 3414 1074 3468; x_wconf 82' lang='lat' dir='ltr'><strong>missam</strong></span> <span class='ocrx_word' id='word_1_324' title='bbox 1115 3413 1203 3467; x_wconf 90' lang='lat' dir='ltr'><strong>hic</strong></span> <span class='ocrx_word' id='word_1_325' title='bbox 1242 3412 1554 3483; x_wconf 79' lang='lat' dir='ltr'><strong>significari.</strong></span> <span class='ocrx_word' id='word_1_326' title='bbox 1584 3414 1740 3470; x_wconf 83' lang='lat' dir='ltr'><strong>Veri-</strong></span> 
     </span>
    </p>
   </div>
   <div class='ocr_carea' id='block_1_49' title="bbox 131 3484 1739 3553">
    <p class='ocr_par' dir='ltr' id='par_1_49' title="bbox 131 3484 1739 3553">
     <span class='ocr_line' id='line_1_49' title="bbox 131 3484 1739 3553; baseline -0.003 -7"><span class='ocrx_word' id='word_1_327' title='bbox 131 3491 313 3546; x_wconf 81' lang='lat' dir='ltr'><strong>simile</strong></span> <span class='ocrx_word' id='word_1_328' title='bbox 358 3495 543 3542; x_wconf 86' lang='lat' dir='ltr'><strong>tamen</strong></span> <span class='ocrx_word' id='word_1_329' title='bbox 591 3501 696 3541; x_wconf 90' lang='lat' dir='ltr'><strong>non</strong></span> <span class='ocrx_word' id='word_1_330' title='bbox 744 3493 848 3545; x_wconf 87' lang='lat' dir='ltr'><strong>est.</strong></span> <span class='ocrx_word' id='word_1_331' title='bbox 900 3493 961 3539; x_wconf 90' lang='lat' dir='ltr'><strong>ut</strong></span> <span class='ocrx_word' id='word_1_332' title='bbox 1007 3484 1240 3541; x_wconf 81' lang='lat' dir='ltr'><strong>Hilarius</strong></span> <span class='ocrx_word' id='word_1_333' title='bbox 1289 3485 1419 3539; x_wconf 80' lang='lat' dir='ltr'><strong>nihil</strong></span> <span class='ocrx_word' id='word_1_334' title='bbox 1472 3485 1739 3553; x_wconf 83' lang='lat' dir='ltr'><strong>profuisse</strong></span> 
     </span>
    </p>
   </div>
   <div class='ocr_carea' id='block_1_50' title="bbox 130 3556 1736 3638">
    <p class='ocr_par' dir='ltr' id='par_1_50' title="bbox 130 3556 1736 3638">
     <span class='ocr_line' id='line_1_50' title="bbox 130 3556 1736 3638; baseline -0.002 -22"><span class='ocrx_word' id='word_1_335' title='bbox 130 3560 334 3638; x_wconf 73' lang='lat' dir='ltr'><strong>dixerit</strong></span> <span class='ocrx_word' id='word_1_336' title='bbox 356 3559 569 3612; x_wconf 85' lang='lat' dir='ltr'><strong>litteras</strong></span> <span class='ocrx_word' id='word_1_337' title='bbox 591 3556 930 3638; x_wconf 63' lang='lat' dir='ltr'><strong>Sardicensis</strong></span> <span class='ocrx_word' id='word_1_338' title='bbox 951 3556 1163 3638; x_wconf 68' lang='lat' dir='ltr'><strong>synodi.</strong></span> <span class='ocrx_word' id='word_1_339' title='bbox 1188 3556 1341 3638; x_wconf 62' lang='lat' dir='ltr'><strong>cujus</strong></span> <span class='ocrx_word' id='word_1_340' title='bbox 1361 3558 1736 3638; x_wconf 67' lang='lat' dir='ltr'><strong>aucturitatem</strong></span> 
     </span>
    </p>
   </div>
   <div class='ocr_carea' id='block_1_51' title="bbox 131 3626 1739 3702">
    <p class='ocr_par' dir='ltr' id='par_1_51' title="bbox 131 3626 1739 3702">
     <span class='ocr_line' id='line_1_51' title="bbox 131 3626 1739 3702; baseline -0.002 -15"><span class='ocrx_word' id='word_1_341' title='bbox 131 3632 277 3702; x_wconf 89' lang='lat' dir='ltr'><strong>apud</strong></span> <span class='ocrx_word' id='word_1_342' title='bbox 306 3644 503 3684; x_wconf 90' lang='lat' dir='ltr'><strong>omnes</strong></span> <span class='ocrx_word' id='word_1_343' title='bbox 530 3628 713 3702; x_wconf 83' lang='lat' dir='ltr'><strong>valere</strong></span> <span class='ocrx_word' id='word_1_344' title='bbox 740 3628 920 3680; x_wconf 90' lang='lat' dir='ltr'><strong>statim</strong></span> <span class='ocrx_word' id='word_1_345' title='bbox 951 3626 1239 3702; x_wconf 70' lang='lat' dir='ltr'><strong>significat.</strong></span> <span class='ocrx_word' id='word_1_346' title='bbox 1261 3627 1608 3702; x_wconf 83' lang='lat' dir='ltr'><strong>_Prob:_ibilius</strong></span> <span class='ocrx_word' id='word_1_347' title='bbox 1640 3630 1739 3702; x_wconf 85' lang='lat' dir='ltr'><strong>ita-</strong></span> 
     </span>
    </p>
   </div>
   <div class='ocr_carea' id='block_1_52' title="bbox 130 3698 1741 3776">
    <p class='ocr_par' dir='ltr' id='par_1_52' title="bbox 130 3698 1741 3776">
     <span class='ocr_line' id='line_1_52' title="bbox 130 3698 1741 3776; baseline -0.002 -18"><span class='ocrx_word' id='word_1_348' title='bbox 130 3698 399 3776; x_wconf 18' lang='lat' dir='ltr'><strong>queﬂest,</strong></span> <span class='ocrx_word' id='word_1_349' title='bbox 456 3710 515 3755; x_wconf 88' lang='lat' dir='ltr'><strong>ut</strong></span> <span class='ocrx_word' id='word_1_350' title='bbox 561 3699 819 3776; x_wconf 70' lang='lat' dir='ltr'><strong>diximus,</strong></span> <span class='ocrx_word' id='word_1_351' title='bbox 878 3698 1364 3776; x_wconf 75' lang='lat' dir='ltr'><strong>pseudoepistolam</strong></span> <span class='ocrx_word' id='word_1_352' title='bbox 1414 3698 1614 3776; x_wconf 74' lang='lat' dir='ltr'><strong>Liberii</strong></span> <span class='ocrx_word' id='word_1_353' title='bbox 1654 3700 1741 3755; x_wconf 90' lang='lat' dir='ltr'><strong>hic</strong></span> 
     </span>
    </p>
   </div>
   <div class='ocr_carea' id='block_1_53' title="bbox 134 3768 1739 3855">
    <p class='ocr_par' dir='ltr' id='par_1_53' title="bbox 134 3768 1739 3855">
     <span class='ocr_line' id='line_1_53' title="bbox 134 3768 1739 3855; baseline -0.002 -26"><span class='ocrx_word' id='word_1_354' title='bbox 134 3768 368 3855; x_wconf 61' lang='lat' dir='ltr'><strong>iiitelligi</strong></span> <span class='ocrx_word' id='word_1_355' title='bbox 407 3790 421 3826; x_wconf 89' lang='lat'>:</span> <span class='ocrx_word' id='word_1_356' title='bbox 461 3785 639 3855; x_wconf 71' lang='lat' dir='ltr'><strong>quam</strong></span> <span class='ocrx_word' id='word_1_357' title='bbox 662 3768 1078 3855; x_wconf 36' lang='lat' dir='ltr'><strong>For&#39;tuinatia‘ntis</strong></span> <span class='ocrx_word' id='word_1_358' title='bbox 1118 3778 1239 3855; x_wconf 78' lang='lat' dir='ltr'><strong>post</strong></span> <span class='ocrx_word' id='word_1_359' title='bbox 1277 3769 1482 3851; x_wconf 73' lang='lat' dir='ltr'><strong>lapsum</strong></span> <span class='ocrx_word' id='word_1_360' title='bbox 1507 3771 1739 3855; x_wconf 76' lang='lat' dir='ltr'><strong>_mitteus</strong></span> 
     </span>
    </p>
   </div>
   <div class='ocr_carea' id='block_1_54' title="bbox 133 3839 1741 3910">
    <p class='ocr_par' dir='ltr' id='par_1_54' title="bbox 133 3839 1741 3910">
     <span class='ocr_line' id='line_1_54' title="bbox 133 3839 1741 3910; baseline -0.002 -9"><span class='ocrx_word' id='word_1_361' title='bbox 133 3839 378 3901; x_wconf 76' lang='lat' dir='ltr'><strong>diversis</strong></span> <span class='ocrx_word' id='word_1_362' title='bbox 404 3839 675 3910; x_wconf 86' lang='lat' dir='ltr'><strong>episcopis</strong></span> <span class='ocrx_word' id='word_1_363' title='bbox 706 3840 837 3894; x_wconf 86' lang='lat' dir='ltr'><strong>nihil</strong></span> <span class='ocrx_word' id='word_1_364' title='bbox 870 3840 1191 3908; x_wconf 78' lang='lat' dir='ltr'><strong>profecerit;</strong></span> <span class='ocrx_word' id='word_1_365' title='bbox 1223 3839 1343 3909; x_wconf 84' lang='lat' dir='ltr'><strong>quia</strong></span> <span class='ocrx_word' id='word_1_366' title='bbox 1383 3844 1520 3910; x_wconf 82' lang='lat' dir='ltr'><strong>apud</strong></span> <span class='ocrx_word' id='word_1_367' title='bbox 1550 3858 1741 3897; x_wconf 88' lang='lat' dir='ltr'><strong>omnes</strong></span> 
     </span>
    </p>
   </div>
   <div class='ocr_carea' id='block_1_55' title="bbox 133 3910 1742 3982">
    <p class='ocr_par' dir='ltr' id='par_1_55' title="bbox 133 3910 1742 3982">
     <span class='ocr_line' id='line_1_55' title="bbox 133 3910 1742 3982; baseline -0.004 -10"><span class='ocrx_word' id='word_1_368' title='bbox 133 3918 371 3972; x_wconf 87' lang='lat' dir='ltr'><strong>multum</strong></span> <span class='ocrx_word' id='word_1_369' title='bbox 399 3914 615 3967; x_wconf 88' lang='lat' dir='ltr'><strong>valetiat</strong></span> <span class='ocrx_word' id='word_1_370' title='bbox 643 3910 977 3982; x_wconf 52' lang='lat' dir='ltr'><strong>Sardicensis</strong></span> <span class='ocrx_word' id='word_1_371' title='bbox 1008 3913 1269 3982; x_wconf 82' lang='lat' dir='ltr'><strong>synodus,</strong></span> <span class='ocrx_word' id='word_1_372' title='bbox 1302 3927 1331 3965; x_wconf 89' lang='lat' dir='ltr'><strong>a</strong></span> <span class='ocrx_word' id='word_1_373' title='bbox 1361 3910 1582 3966; x_wconf 89' lang='lat' dir='ltr'><strong>Liherio</strong></span> <span class='ocrx_word' id='word_1_374' title='bbox 1611 3927 1742 3969; x_wconf 88' lang='lat' dir='ltr'><strong>con-</strong></span> 
     </span>
    </p>
   </div>
   <div class='ocr_carea' id='block_1_56' title="bbox 134 3981 1736 4055">
    <p class='ocr_par' dir='ltr' id='par_1_56' title="bbox 134 3981 1736 4055">
     <span class='ocr_line' id='line_1_56' title="bbox 134 3981 1736 4055; baseline -0.002 -13"><span class='ocrx_word' id='word_1_375' title='bbox 134 3989 349 4055; x_wconf 77' lang='lat' dir='ltr'><strong>firmata</strong></span> <span class='ocrx_word' id='word_1_376' title='bbox 393 3994 676 4055; x_wconf 79' lang='lat' dir='ltr'><strong>postquam</strong></span> <span class='ocrx_word' id='word_1_377' title='bbox 705 3981 1082 4053; x_wconf 66' lang='lat' dir='ltr'><strong>Egyptiorum</strong></span> <span class='ocrx_word' id='word_1_378' title='bbox 1122 3981 1319 4038; x_wconf 82' lang='lat' dir='ltr'><strong>litteris</strong></span> <span class='ocrx_word' id='word_1_379' title='bbox 1347 3982 1415 4039; x_wconf 86' lang='lat' dir='ltr'><strong>de</strong></span> <span class='ocrx_word' id='word_1_380' title='bbox 1453 3983 1736 4040; x_wconf 81' lang='lat' dir='ltr'><strong>Athanasii</strong></span> 
     </span>
    </p>
   </div>
   <div class='ocr_carea' id='block_1_57' title="bbox 139 4053 872 4115">
    <p class='ocr_par' dir='ltr' id='par_1_57' title="bbox 139 4053 872 4115">
     <span class='ocr_line' id='line_1_57' title="bbox 139 4053 872 4115; baseline -0.008 0"><span class='ocrx_word' id='word_1_381' title='bbox 139 4053 309 4115; x_wconf 84' lang='lat' dir='ltr'><strong>causa</strong></span> <span class='ocrx_word' id='word_1_382' title='bbox 342 4053 544 4112; x_wconf 85' lang='lat' dir='ltr'><strong>certior</strong></span> <span class='ocrx_word' id='word_1_383' title='bbox 572 4053 742 4109; x_wconf 90' lang='lat' dir='ltr'><strong>factus</strong></span> <span class='ocrx_word' id='word_1_384' title='bbox 770 4064 872 4109; x_wconf 67' lang='lat' dir='ltr'><strong>est.</strong></span> 
     </span>
    </p>
   </div>
   <div class='ocr_carea' id='block_1_58' title="bbox 208 4145 1736 4223">
    <p class='ocr_par' dir='ltr' id='par_1_58' title="bbox 208 4145 1736 4223">
     <span class='ocr_line' id='line_1_58' title="bbox 208 4145 1736 4223; baseline 0 -18"><span class='ocrx_word' id='word_1_385' title='bbox 208 4150 287 4223; x_wconf 73' lang='grc' dir='ltr'>(ὁ)</span> <span class='ocrx_word' id='word_1_386' title='bbox 326 4150 407 4205; x_wconf 89' lang='lat' dir='ltr'><strong>lta</strong></span> <span class='ocrx_word' id='word_1_387' title='bbox 441 4148 676 4204; x_wconf 82' lang='lat' dir='ltr'><strong>correxit</strong></span> <span class='ocrx_word' id='word_1_388' title='bbox 710 4145 916 4223; x_wconf 68' lang='lat' dir='ltr'><strong>Faber;</strong></span> <span class='ocrx_word' id='word_1_389' title='bbox 960 4161 1080 4202; x_wconf 92' lang='lat' dir='ltr'><strong>cum</strong></span> <span class='ocrx_word' id='word_1_390' title='bbox 1120 4147 1378 4223; x_wconf 83' lang='lat' dir='ltr'><strong>mendose</strong></span> <span class='ocrx_word' id='word_1_391' title='bbox 1409 4149 1460 4203; x_wconf 91' lang='lat' dir='ltr'><strong>in</strong></span> <span class='ocrx_word' id='word_1_392' title='bbox 1503 4163 1601 4204; x_wconf 91' lang='lat' dir='ltr'><strong>suo</strong></span> <span class='ocrx_word' id='word_1_393' title='bbox 1637 4165 1736 4205; x_wconf 88' lang='lat' dir='ltr'><strong>ins.</strong></span> 
     </span>
    </p>
   </div>
   <div class='ocr_carea' id='block_1_59' title="bbox 138 4219 1738 4292">
    <p class='ocr_par' dir='ltr' id='par_1_59' title="bbox 138 4219 1738 4292">
     <span class='ocr_line' id='line_1_59' title="bbox 138 4219 1738 4292; baseline -0.001 -15"><span class='ocrx_word' id='word_1_394' title='bbox 138 4219 371 4279; x_wconf 85' lang='lat' dir='ltr'><strong>haberet</strong></span> <span class='ocrx_word' id='word_1_395' title='bbox 397 4237 509 4275; x_wconf 82' lang='lat' dir='ltr'><strong>esse</strong></span> <span class='ocrx_word' id='word_1_396' title='bbox 533 4219 820 4282; x_wconf 81' lang='lat' dir='ltr'><strong>onerosius,</strong></span> <span class='ocrx_word' id='word_1_397' title='bbox 843 4227 896 4272; x_wconf 90' lang='lat' dir='ltr'><strong>et</strong></span> <span class='ocrx_word' id='word_1_398' title='bbox 922 4230 1106 4288; x_wconf 89' lang='lat' dir='ltr'><strong>postea</strong></span> <span class='ocrx_word' id='word_1_399' title='bbox 1132 4220 1341 4290; x_wconf 73' lang='lat' dir='ltr'><strong>faceret,</strong></span> <span class='ocrx_word' id='word_1_400' title='bbox 1372 4237 1467 4289; x_wconf 90' lang='lat' dir='ltr'><strong>pro</strong></span> <span class='ocrx_word' id='word_1_401' title='bbox 1493 4224 1738 4292; x_wconf 78' lang='lat' dir='ltr'><strong>facerent.</strong></span> 
     </span>
    </p>
   </div>
   <div class='ocr_carea' id='block_1_60' title="bbox 210 4330 1745 4407">
    <p class='ocr_par' dir='ltr' id='par_1_60' title="bbox 210 4330 1745 4407">
     <span class='ocr_line' id='line_1_60' title="bbox 210 4330 1745 4407; baseline 0.001 -19"><span class='ocrx_word' id='word_1_402' title='bbox 210 4334 288 4407; x_wconf 87' lang='lat' dir='ltr'><strong>(c)</strong></span> <span class='ocrx_word' id='word_1_403' title='bbox 332 4332 490 4407; x_wconf 18' lang='lat' dir='ltr'><strong>Editi‘</strong></span> <span class='ocrx_word' id='word_1_404' title='bbox 507 4347 573 4407; x_wconf 80' lang='lat' dir='ltr'><strong>ex</strong></span> <span class='ocrx_word' id='word_1_405' title='bbox 596 4347 710 4407; x_wconf 51' lang='lat' dir='ltr'><strong>ms.</strong></span> <span class='ocrx_word' id='word_1_406' title='bbox 731 4330 902 4407; x_wconf 85' lang='lat' dir='ltr'><strong>Pith.,_</strong></span> <span class='ocrx_word' id='word_1_407' title='bbox 929 4330 1111 4407; x_wconf 76' lang='lat' dir='ltr'><strong>littera:</strong></span> <span class='ocrx_word' id='word_1_408' title='bbox 1129 4348 1192 4387; x_wconf 80' lang='lat' dir='ltr'><strong>ea:</strong></span> <span class='ocrx_word' id='word_1_409' title='bbox 1218 4330 1452 4405; x_wconf 64' lang='lat' dir='ltr'><strong>ngypto</strong></span> <span class='ocrx_word' id='word_1_410' title='bbox 1474 4335 1745 4407; x_wconf 74' lang='lat' dir='ltr'><strong>omniaque</strong></span> 
     </span>
    </p>
   </div>
   <div class='ocr_carea' id='block_1_61' title="bbox 139 4401 1744 4474">
    <p class='ocr_par' dir='ltr' id='par_1_61' title="bbox 139 4401 1744 4474">
     <span class='ocr_line' id='line_1_61' title="bbox 139 4401 1744 4474; baseline 0 -15"><span class='ocrx_word' id='word_1_411' title='bbox 139 4401 228 4459; x_wconf 68' lang='grc' dir='ltr'><strong>(ια’</strong></span> <span class='ocrx_word' id='word_1_412' title='bbox 256 4401 633 4474; x_wconf 64' lang='lat' dir='ltr'><strong>Alexandrirnn</strong></span> <span class='ocrx_word' id='word_1_413' title='bbox 673 4403 793 4474; x_wconf 83' lang='lat' dir='ltr'><strong>iisse</strong></span> <span class='ocrx_word' id='word_1_414' title='bbox 834 4401 1201 4460; x_wconf 84' lang='lat' dir='ltr'><strong>admonebant.</strong></span> <span class='ocrx_word' id='word_1_415' title='bbox 1255 4401 1408 4474; x_wconf 68' lang='lat' dir='ltr'><strong>quam</strong></span> <span class='ocrx_word' id='word_1_416' title='bbox 1462 4405 1625 4473; x_wconf 80' lang='lat' dir='ltr'><strong>qualis</strong></span> <span class='ocrx_word' id='word_1_417' title='bbox 1662 4401 1744 4459; x_wconf 84' lang='lat' dir='ltr'><strong>ad</strong></span> 
     </span>
    </p>
   </div>
   <div class='ocr_carea' id='block_1_62' title="bbox 140 4472 1745 4544">
    <p class='ocr_par' dir='ltr' id='par_1_62' title="bbox 140 4472 1745 4544">
     <span class='ocr_line' id='line_1_62' title="bbox 140 4472 1745 4544; baseline -0.001 -13"><span class='ocrx_word' id='word_1_418' title='bbox 140 4478 345 4531; x_wconf 73' lang='lat' dir='ltr'><strong>Iulium</strong></span> <span class='ocrx_word' id='word_1_419' title='bbox 373 4476 571 4544; x_wconf 72' lang='lat' dir='ltr'><strong>pridem</strong></span> <span class='ocrx_word' id='word_1_420' title='bbox 601 4473 665 4527; x_wconf 81' lang='lat' dir='ltr'><strong>de</strong></span> <span class='ocrx_word' id='word_1_421' title='bbox 700 4472 959 4527; x_wconf 84' lang='lat' dir='ltr'><strong>reddenda</strong></span> <span class='ocrx_word' id='word_1_422' title='bbox 988 4472 1274 4529; x_wconf 65' lang='lat' dir='ltr'><strong>exsultante</strong></span> <span class='ocrx_word' id='word_1_423' title='bbox 1297 4475 1577 4530; x_wconf 78' lang='lat' dir='ltr'><strong>Athanasio</strong></span> <span class='ocrx_word' id='word_1_424' title='bbox 1606 4493 1745 4529; x_wconf 88' lang='lat' dir='ltr'><strong>com-</strong></span> 
     </span>
    </p>
   </div>
   <div class='ocr_carea' id='block_1_63' title="bbox 143 4544 1739 4615">
    <p class='ocr_par' dir='ltr' id='par_1_63' title="bbox 143 4544 1739 4615">
     <span class='ocr_line' id='line_1_63' title="bbox 143 4544 1739 4615; baseline 0.002 -15"><span class='ocrx_word' id='word_1_425' title='bbox 143 4549 390 4603; x_wconf 85' lang='lat' dir='ltr'><strong>munione</strong></span> <span class='ocrx_word' id='word_1_426' title='bbox 411 4555 559 4601; x_wconf 85' lang='lat' dir='ltr'><strong>erant</strong></span> <span class='ocrx_word' id='word_1_427' title='bbox 580 4545 804 4611; x_wconf 62' lang='lat' dir='ltr'><strong>scripuli,</strong></span> <span class='ocrx_word' id='word_1_428' title='bbox 839 4544 952 4598; x_wconf 85' lang='lat' dir='ltr'><strong>talis</strong></span> <span class='ocrx_word' id='word_1_429' title='bbox 979 4562 1133 4611; x_wconf 87' lang='lat' dir='ltr'><strong>nunc,</strong></span> <span class='ocrx_word' id='word_1_430' title='bbox 1168 4558 1272 4601; x_wconf 88' lang='lat' dir='ltr'><strong>etc.</strong></span> <span class='ocrx_word' id='word_1_431' title='bbox 1306 4547 1476 4615; x_wconf 88' lang='lat' dir='ltr'><strong>Quam</strong></span> <span class='ocrx_word' id='word_1_432' title='bbox 1504 4564 1647 4603; x_wconf 92' lang='lat' dir='ltr'><strong>nunc</strong></span> <span class='ocrx_word' id='word_1_433' title='bbox 1675 4564 1739 4602; x_wconf 77' lang='lat' dir='ltr'><strong>es</strong></span> 
     </span>
    </p>
   </div>
   <div class='ocr_carea' id='block_1_64' title="bbox 143 4615 1737 4683">
    <p class='ocr_par' dir='ltr' id='par_1_64' title="bbox 143 4615 1737 4683">
     <span class='ocr_line' id='line_1_64' title="bbox 143 4615 1737 4683; baseline 0.001 -10"><span class='ocrx_word' id='word_1_434' title='bbox 143 4620 338 4674; x_wconf 87' lang='lat' dir='ltr'><strong>iisdem</strong></span> <span class='ocrx_word' id='word_1_435' title='bbox 372 4617 488 4672; x_wconf 88' lang='lat' dir='ltr'><strong>fere</strong></span> <span class='ocrx_word' id='word_1_436' title='bbox 512 4615 946 4683; x_wconf 81' lang='lat' dir='ltr'><strong>rliaracteribus,</strong></span> <span class='ocrx_word' id='word_1_437' title='bbox 981 4619 1119 4671; x_wconf 90' lang='lat' dir='ltr'><strong>male</strong></span> <span class='ocrx_word' id='word_1_438' title='bbox 1148 4626 1305 4675; x_wconf 73' lang='lat' dir='ltr'><strong>attica</strong></span> <span class='ocrx_word' id='word_1_439' title='bbox 1340 4620 1479 4673; x_wconf 92' lang='lat' dir='ltr'><strong>inter</strong></span> <span class='ocrx_word' id='word_1_440' title='bbox 1503 4633 1562 4673; x_wconf 90' lang='lat' dir='ltr'><strong>se</strong></span> <span class='ocrx_word' id='word_1_441' title='bbox 1591 4634 1737 4674; x_wconf 83' lang='lat' dir='ltr'><strong>com-</strong></span> 
     </span>
    </p>
   </div>
   <div class='ocr_carea' id='block_1_65' title="bbox 145 4686 1741 4761">
    <p class='ocr_par' dir='ltr' id='par_1_65' title="bbox 145 4686 1741 4761">
     <span class='ocr_line' id='line_1_65' title="bbox 145 4686 1741 4761; baseline 0.002 -19"><span class='ocrx_word' id='word_1_442' title='bbox 145 4691 360 4761; x_wconf 76' lang='lat' dir='ltr'><strong>positis.</strong></span> <span class='ocrx_word' id='word_1_443' title='bbox 397 4687 676 4761; x_wconf 51' lang='lat' dir='ltr'><strong>ull&#39;Jriinus</strong></span> <span class='ocrx_word' id='word_1_444' title='bbox 700 4686 1012 4761; x_wconf 67' lang='lat' dir='ltr'><strong>lectionem,</strong></span> <span class='ocrx_word' id='word_1_445' title='bbox 1043 4688 1327 4761; x_wconf 82' lang='lat' dir='ltr'><strong>confirmat</strong></span> <span class='ocrx_word' id='word_1_446' title='bbox 1358 4691 1468 4761; x_wconf 84' lang='lat' dir='ltr'><strong>ipsa</strong></span> <span class='ocrx_word' id='word_1_447' title='bbox 1502 4690 1741 4745; x_wconf 73' lang='lat' dir='ltr'><strong>historia:</strong></span> 
     </span>
    </p>
   </div>
   <div class='ocr_carea' id='block_1_66' title="bbox 144 4758 1744 4829">
    <p class='ocr_par' dir='ltr' id='par_1_66' title="bbox 144 4758 1744 4829">
     <span class='ocr_line' id='line_1_66' title="bbox 144 4758 1744 4829; baseline 0.001 -16"><span class='ocrx_word' id='word_1_448' title='bbox 144 4758 370 4817; x_wconf 75' lang='lat' dir='ltr'><strong>veritas.</strong></span> <span class='ocrx_word' id='word_1_449' title='bbox 406 4760 597 4813; x_wconf 80' lang='lat' dir='ltr'><strong>Exstat</strong></span> <span class='ocrx_word' id='word_1_450' title='bbox 618 4773 849 4825; x_wconf 79' lang='lat' dir='ltr'><strong>namque</strong></span> <span class='ocrx_word' id='word_1_451' title='bbox 870 4758 1010 4828; x_wconf 88' lang='lat' dir='ltr'><strong>apud</strong></span> <span class='ocrx_word' id='word_1_452' title='bbox 1042 4758 1392 4814; x_wconf 86' lang='lat' dir='ltr'><strong>Athanasium</strong></span> <span class='ocrx_word' id='word_1_453' title='bbox 1416 4760 1567 4814; x_wconf 80' lang='lat' dir='ltr'><strong>initio</strong></span> <span class='ocrx_word' id='word_1_454' title='bbox 1596 4762 1744 4829; x_wconf 76' lang='lat' dir='ltr'><strong>Apo-</strong></span> 
     </span>
    </p>
   </div>
   <div class='ocr_carea' id='block_1_67' title="bbox 146 4828 1741 4902">
    <p class='ocr_par' dir='ltr' id='par_1_67' title="bbox 146 4828 1741 4902">
     <span class='ocr_line' id='line_1_67' title="bbox 146 4828 1741 4902; baseline 0.001 -16"><span class='ocrx_word' id='word_1_455' title='bbox 146 4833 255 4902; x_wconf 87' lang='lat' dir='ltr'><strong>log.</strong></span> <span class='ocrx_word' id='word_1_456' title='bbox 288 4831 355 4885; x_wconf 85' lang='lat' dir='ltr'><strong>ad</strong></span> <span class='ocrx_word' id='word_1_457' title='bbox 387 4834 601 4902; x_wconf 63' lang='lat' dir='ltr'><strong>(lvuist.,</strong></span> <span class='ocrx_word' id='word_1_458' title='bbox 633 4844 687 4898; x_wconf 83' lang='grc' dir='ltr'><strong>ι).</strong></span> <span class='ocrx_word' id='word_1_459' title='bbox 718 4829 847 4890; x_wconf 69' lang='lat'><strong>722,</strong></span> <span class='ocrx_word' id='word_1_460' title='bbox 878 4828 1256 4902; x_wconf 65' lang='lat' dir='ltr'><strong>Alexandrina!</strong></span> <span class='ocrx_word' id='word_1_461' title='bbox 1287 4832 1475 4901; x_wconf 79' lang='lat' dir='ltr'><strong>synodi</strong></span> <span class='ocrx_word' id='word_1_462' title='bbox 1514 4828 1741 4901; x_wconf 82' lang='lat' dir='ltr'><strong>epistola</strong></span> 
     </span>
    </p>
   </div>
   <div class='ocr_carea' id='block_1_68' title="bbox 146 4900 1744 4972">
    <p class='ocr_par' dir='ltr' id='par_1_68' title="bbox 146 4900 1744 4972">
     <span class='ocr_line' id='line_1_68' title="bbox 146 4900 1744 4972; baseline 0.001 -15"><span class='ocrx_word' id='word_1_463' title='bbox 146 4900 225 4958; x_wconf 50' lang='lat' dir='ltr'><strong>ab&#39;</strong></span> <span class='ocrx_word' id='word_1_464' title='bbox 244 4904 393 4957; x_wconf 88' lang='lat' dir='ltr'><strong>omni</strong></span> <span class='ocrx_word' id='word_1_465' title='bbox 426 4900 684 4972; x_wconf 63' lang='lat' dir='ltr'><strong>Egypto,</strong></span> <span class='ocrx_word' id='word_1_466' title='bbox 725 4911 777 4953; x_wconf 76' lang='lat' dir='ltr'><strong>et</strong></span> <span class='ocrx_word' id='word_1_467' title='bbox 808 4909 864 4953; x_wconf 92' lang='lat' dir='ltr'><strong>ut</strong></span> <span class='ocrx_word' id='word_1_468' title='bbox 901 4911 1047 4953; x_wconf 87' lang='lat' dir='ltr'><strong>notat</strong></span> <span class='ocrx_word' id='word_1_469' title='bbox 1077 4901 1142 4953; x_wconf 88' lang='lat' dir='ltr'><strong>ad</strong></span> <span class='ocrx_word' id='word_1_470' title='bbox 1173 4901 1312 4955; x_wconf 86' lang='lat' dir='ltr'><strong>illius</strong></span> <span class='ocrx_word' id='word_1_471' title='bbox 1342 4902 1545 4957; x_wconf 87' lang='lat' dir='ltr'><strong>calcem</strong></span> <span class='ocrx_word' id='word_1_472' title='bbox 1568 4903 1744 4958; x_wconf 58' lang='lat' dir='ltr'><strong>Atbau</strong></span> 
     </span>
    </p>
   </div>
   <div class='ocr_carea' id='block_1_69' title="bbox 150 4971 1745 5043">
    <p class='ocr_par' dir='ltr' id='par_1_69' title="bbox 150 4971 1745 5043">
     <span class='ocr_line' id='line_1_69' title="bbox 150 4971 1745 5043; baseline -0.001 -14"><span class='ocrx_word' id='word_1_473' title='bbox 150 4976 335 5029; x_wconf 68' lang='lat' dir='ltr'><strong>tia~ins</strong></span> <span class='ocrx_word' id='word_1_474' title='bbox 355 5014 369 5038; x_wconf 92' lang='lat'><strong>,</strong></span> <span class='ocrx_word' id='word_1_475' title='bbox 417 4972 484 5024; x_wconf 81' lang='lat' dir='ltr'><strong>ad</strong></span> <span class='ocrx_word' id='word_1_476' title='bbox 521 4971 694 5043; x_wconf 75' lang='lat' dir='ltr'><strong>(nones</strong></span> <span class='ocrx_word' id='word_1_477' title='bbox 720 4980 767 5025; x_wconf 86' lang='lat' dir='ltr'><strong>et</strong></span> <span class='ocrx_word' id='word_1_478' title='bbox 804 4971 872 5024; x_wconf 83' lang='lat' dir='ltr'><strong>ad</strong></span> <span class='ocrx_word' id='word_1_479' title='bbox 898 4971 1190 5043; x_wconf 73' lang='lat' dir='ltr'><strong>episcopum</strong></span> <span class='ocrx_word' id='word_1_480' title='bbox 1222 4972 1509 5027; x_wconf 81' lang='lat' dir='ltr'><strong>Romanum</strong></span> <span class='ocrx_word' id='word_1_481' title='bbox 1544 4973 1745 5029; x_wconf 83' lang='lat' dir='ltr'><strong>Jiilium</strong></span> 
     </span>
    </p>
   </div>
   <div class='ocr_carea' id='block_1_70' title="bbox 150 5041 1743 5115">
    <p class='ocr_par' dir='ltr' id='par_1_70' title="bbox 150 5041 1743 5115">
     <span class='ocr_line' id='line_1_70' title="bbox 150 5041 1743 5115; baseline 0.002 -16"><span class='ocrx_word' id='word_1_482' title='bbox 150 5048 204 5099; x_wconf 89' lang='lat' dir='ltr'><strong>in</strong></span> <span class='ocrx_word' id='word_1_483' title='bbox 249 5048 478 5115; x_wconf 79' lang='lat' dir='ltr'><strong>gratiam</strong></span> <span class='ocrx_word' id='word_1_484' title='bbox 531 5042 813 5115; x_wconf 76' lang='lat' dir='ltr'><strong>Athanasii</strong></span> <span class='ocrx_word' id='word_1_485' title='bbox 869 5041 1123 5115; x_wconf 21' lang='lat' dir='ltr'><strong>scripta»:</strong></span> <span class='ocrx_word' id='word_1_486' title='bbox 1178 5059 1338 5113; x_wconf 86' lang='lat' dir='ltr'><strong>quam</strong></span> <span class='ocrx_word' id='word_1_487' title='bbox 1394 5044 1743 5102; x_wconf 72' lang='lat' dir='ltr'><strong>Sardicciises</strong></span> 
     </span>
    </p>
   </div>
   <div class='ocr_carea' id='block_1_71' title="bbox 154 5113 1748 5185">
    <p class='ocr_par' dir='ltr' id='par_1_71' title="bbox 154 5113 1748 5185">
     <span class='ocr_line' id='line_1_71' title="bbox 154 5113 1748 5185; baseline 0.001 -17"><span class='ocrx_word' id='word_1_488' title='bbox 154 5113 341 5171; x_wconf 59' lang='lat' dir='ltr'><strong>Palles</strong></span> <span class='ocrx_word' id='word_1_489' title='bbox 386 5115 543 5185; x_wconf 82' lang='lat' dir='ltr'><strong>Frag.</strong></span> <span class='ocrx_word' id='word_1_490' title='bbox 599 5130 651 5178; x_wconf 88' lang='lat' dir='ltr'><strong>it,</strong></span> <span class='ocrx_word' id='word_1_491' title='bbox 685 5132 735 5167; x_wconf 90' lang='lat' dir='ltr'><strong>ii.</strong></span> <span class='ocrx_word' id='word_1_492' title='bbox 771 5113 825 5173; x_wconf 86' lang='lat'><strong>5.</strong></span> <span class='ocrx_word' id='word_1_493' title='bbox 878 5113 1130 5185; x_wconf 80' lang='lat' dir='ltr'><strong>laudant,</strong></span> <span class='ocrx_word' id='word_1_494' title='bbox 1173 5124 1411 5170; x_wconf 72' lang='lat' dir='ltr'><strong>et-niitii.</strong></span> <span class='ocrx_word' id='word_1_495' title='bbox 1450 5117 1517 5171; x_wconf 81' lang='grc'><strong>10</strong></span> <span class='ocrx_word' id='word_1_496' title='bbox 1567 5118 1635 5171; x_wconf 85' lang='lat' dir='ltr'><strong>ah</strong></span> <span class='ocrx_word' id='word_1_497' title='bbox 1679 5118 1748 5175; x_wconf 76' lang='lat' dir='ltr'><strong>8i)</strong></span> 
     </span>
    </p>
   </div>
   <div class='ocr_carea' id='block_1_72' title="bbox 152 5184 1745 5256">
    <p class='ocr_par' dir='ltr' id='par_1_72' title="bbox 152 5184 1745 5256">
     <span class='ocr_line' id='line_1_72' title="bbox 152 5184 1745 5256; baseline 0.003 -17"><span class='ocrx_word' id='word_1_498' title='bbox 152 5187 421 5256; x_wconf 73' lang='lat' dir='ltr'><strong>episcopis</strong></span> <span class='ocrx_word' id='word_1_499' title='bbox 448 5184 715 5239; x_wconf 77' lang='lat' dir='ltr'><strong>testantur</strong></span> <span class='ocrx_word' id='word_1_500' title='bbox 733 5199 863 5256; x_wconf 60' lang='lat' dir='ltr'><strong>esse</strong></span> <span class='ocrx_word' id='word_1_501' title='bbox 892 5184 1129 5239; x_wconf 80' lang='lat' dir='ltr'><strong>missam.</strong></span> <span class='ocrx_word' id='word_1_502' title='bbox 1162 5185 1400 5240; x_wconf 77' lang='lat' dir='ltr'><strong>Alteram</strong></span> <span class='ocrx_word' id='word_1_503' title='bbox 1435 5203 1562 5242; x_wconf 87' lang='lat' dir='ltr'><strong>vero</strong></span> <span class='ocrx_word' id='word_1_504' title='bbox 1588 5188 1745 5243; x_wconf 89' lang='lat' dir='ltr'><strong>Lihe-</strong></span> 
     </span>
    </p>
   </div>
   <div class='ocr_carea' id='block_1_73' title="bbox 156 5254 1745 5327">
    <p class='ocr_par' dir='ltr' id='par_1_73' title="bbox 156 5254 1745 5327">
     <span class='ocr_line' id='line_1_73' title="bbox 156 5254 1745 5327; baseline 0.001 -15"><span class='ocrx_word' id='word_1_505' title='bbox 156 5254 265 5312; x_wconf 82' lang='lat' dir='ltr'><strong>rius</strong></span> <span class='ocrx_word' id='word_1_506' title='bbox 296 5254 413 5327; x_wconf 84' lang='lat' dir='ltr'><strong>ipse</strong></span> <span class='ocrx_word' id='word_1_507' title='bbox 455 5257 699 5327; x_wconf 75' lang='lat' dir='ltr'><strong>sequenti</strong></span> <span class='ocrx_word' id='word_1_508' title='bbox 730 5254 1052 5324; x_wconf 82' lang='lat' dir='ltr'><strong>Fragmento</strong></span> <span class='ocrx_word' id='word_1_509' title='bbox 1075 5271 1125 5319; x_wconf 81' lang='grc' dir='ltr'><strong>ν,</strong></span> <span class='ocrx_word' id='word_1_510' title='bbox 1163 5269 1550 5312; x_wconf 84' lang='lat' dir='ltr'><strong>commemorat</strong></span> <span class='ocrx_word' id='word_1_511' title='bbox 1587 5259 1686 5314; x_wconf 84' lang='lat' dir='ltr'><strong>sibi</strong></span> <span class='ocrx_word' id='word_1_512' title='bbox 1717 5276 1745 5313; x_wconf 91' lang='lat' dir='ltr'><strong>a</strong></span> 
     </span>
    </p>
   </div>
   <div class='ocr_carea' id='block_1_74' title="bbox 156 5324 1750 5399">
    <p class='ocr_par' dir='ltr' id='par_1_74' title="bbox 156 5324 1750 5399">
     <span class='ocr_line' id='line_1_74' title="bbox 156 5324 1750 5399; baseline 0.002 -17"><span class='ocrx_word' id='word_1_513' title='bbox 156 5324 381 5384; x_wconf 85' lang='lat' dir='ltr'><strong>totidem</strong></span> <span class='ocrx_word' id='word_1_514' title='bbox 434 5324 705 5399; x_wconf 61' lang='lat' dir='ltr'><strong>Egyptiis</strong></span> <span class='ocrx_word' id='word_1_515' title='bbox 760 5327 1029 5397; x_wconf 85' lang='lat' dir='ltr'><strong>episcopis</strong></span> <span class='ocrx_word' id='word_1_516' title='bbox 1074 5342 1185 5399; x_wconf 17' lang='lat' dir='ltr'><strong>pro,</strong></span> <span class='ocrx_word' id='word_1_517' title='bbox 1213 5328 1404 5382; x_wconf 90' lang='lat' dir='ltr'><strong>eodem</strong></span> <span class='ocrx_word' id='word_1_518' title='bbox 1456 5330 1750 5385; x_wconf 86' lang='lat' dir='ltr'><strong>Athanasio</strong></span> 
     </span>
    </p>
   </div>
   <div class='ocr_carea' id='block_1_75' title="bbox 157 5398 1751 5468">
    <p class='ocr_par' dir='ltr' id='par_1_75' title="bbox 157 5398 1751 5468">
     <span class='ocr_line' id='line_1_75' title="bbox 157 5398 1751 5468; baseline 0.001 -13"><span class='ocrx_word' id='word_1_519' title='bbox 157 5401 334 5455; x_wconf 84' lang='lat' dir='ltr'><strong>datam</strong></span> <span class='ocrx_word' id='word_1_520' title='bbox 385 5415 456 5454; x_wconf 92' lang='lat' dir='ltr'><strong>eo</strong></span> <span class='ocrx_word' id='word_1_521' title='bbox 510 5398 627 5468; x_wconf 88' lang='lat' dir='ltr'><strong>ipso</strong></span> <span class='ocrx_word' id='word_1_522' title='bbox 673 5408 951 5467; x_wconf 87' lang='lat' dir='ltr'><strong>tempore,</strong></span> <span class='ocrx_word' id='word_1_523' title='bbox 986 5408 1109 5468; x_wconf 78' lang='lat' dir='ltr'><strong>quo</strong></span> <span class='ocrx_word' id='word_1_524' title='bbox 1158 5398 1507 5454; x_wconf 88' lang='lat' dir='ltr'><strong>Orientalium</strong></span> <span class='ocrx_word' id='word_1_525' title='bbox 1562 5410 1751 5457; x_wconf 87' lang='lat' dir='ltr'><strong>contra</strong></span> 
     </span>
    </p>
   </div>
   <div class='ocr_carea' id='block_1_76' title="bbox 158 5471 1010 5537">
    <p class='ocr_par' dir='ltr' id='par_1_76' title="bbox 158 5471 1010 5537">
     <span class='ocr_line' id='line_1_76' title="bbox 158 5471 1010 5537; baseline -0.005 -11"><span class='ocrx_word' id='word_1_526' title='bbox 158 5473 411 5527; x_wconf 89' lang='lat' dir='ltr'><strong>eumdem</strong></span> <span class='ocrx_word' id='word_1_527' title='bbox 454 5471 665 5525; x_wconf 87' lang='lat' dir='ltr'><strong>litteras</strong></span> <span class='ocrx_word' id='word_1_528' title='bbox 708 5476 1010 5537; x_wconf 87' lang='lat' dir='ltr'><strong>acceperat.</strong></span> 
     </span>
    </p>
   </div>
   <div class='ocr_carea' id='block_1_77' title="bbox 228 5561 1750 5637">
    <p class='ocr_par' dir='ltr' id='par_1_77' title="bbox 228 5561 1750 5637">
     <span class='ocr_line' id='line_1_77' title="bbox 228 5561 1750 5637; baseline 0.001 -18"><span class='ocrx_word' id='word_1_529' title='bbox 228 5565 310 5637; x_wconf 76' lang='grc' dir='ltr'><strong>(ά)</strong></span> <span class='ocrx_word' id='word_1_530' title='bbox 351 5564 540 5637; x_wconf 81' lang='lat' dir='ltr'><strong>[a_ms.</strong></span> <span class='ocrx_word' id='word_1_531' title='bbox 564 5561 851 5637; x_wconf 67' lang='lat' dir='ltr'><strong>exsultante</strong></span> <span class='ocrx_word' id='word_1_532' title='bbox 873 5579 891 5616; x_wconf 90' lang='lat'><strong><em>:</em></strong></span> <span class='ocrx_word' id='word_1_533' title='bbox 918 5562 1193 5637; x_wconf 88' lang='lat' dir='ltr'><strong>mendose.</strong></span> <span class='ocrx_word' id='word_1_534' title='bbox 1218 5564 1416 5632; x_wconf 84' lang='lat' dir='ltr'><strong>Quales</strong></span> <span class='ocrx_word' id='word_1_535' title='bbox 1439 5564 1504 5619; x_wconf 90' lang='lat' dir='ltr'><strong>ad</strong></span> <span class='ocrx_word' id='word_1_536' title='bbox 1528 5564 1750 5632; x_wconf 85' lang='lat' dir='ltr'><strong>Jiilium,</strong></span> 
     </span>
    </p>
   </div>
   <div class='ocr_carea' id='block_1_78' title="bbox 164 5633 1754 5707">
    <p class='ocr_par' dir='ltr' id='par_1_78' title="bbox 164 5633 1754 5707">
     <span class='ocr_line' id='line_1_78' title="bbox 164 5633 1754 5707; baseline 0.002 -19"><span class='ocrx_word' id='word_1_537' title='bbox 164 5633 300 5707; x_wconf 63' lang='lat' dir='ltr'><strong>tales</strong></span> <span class='ocrx_word' id='word_1_538' title='bbox 320 5636 386 5689; x_wconf 89' lang='lat' dir='ltr'><strong>ad</strong></span> <span class='ocrx_word' id='word_1_539' title='bbox 423 5634 695 5707; x_wconf 77' lang='lat' dir='ltr'><strong>Liberiu_m</strong></span> <span class='ocrx_word' id='word_1_540' title='bbox 724 5633 943 5707; x_wconf 71' lang='lat' dir='ltr'><strong>scripta:</strong></span> <span class='ocrx_word' id='word_1_541' title='bbox 982 5645 1108 5688; x_wconf 92' lang='lat' dir='ltr'><strong>sunt</strong></span> <span class='ocrx_word' id='word_1_542' title='bbox 1139 5636 1331 5689; x_wconf 66' lang='lat' dir='ltr'><strong>litterae</strong></span> <span class='ocrx_word' id='word_1_543' title='bbox 1363 5653 1375 5689; x_wconf 91' lang='lat'><strong>:</strong></span> <span class='ocrx_word' id='word_1_544' title='bbox 1405 5637 1526 5707; x_wconf 88' lang='lat' dir='ltr'><strong>quia</strong></span> <span class='ocrx_word' id='word_1_545' title='bbox 1558 5647 1613 5690; x_wconf 91' lang='lat' dir='ltr'><strong>iit</strong></span> <span class='ocrx_word' id='word_1_546' title='bbox 1643 5638 1754 5704; x_wconf 88' lang='lat' dir='ltr'><strong>ille,</strong></span> 
     </span>
    </p>
   </div>
   <div class='ocr_carea' id='block_1_79' title="bbox 144 5703 1758 5775">
    <p class='ocr_par' dir='ltr' id='par_1_79' title="bbox 144 5703 1758 5775">
     <span class='ocr_line' id='line_1_79' title="bbox 144 5703 1758 5775; baseline 0.001 -14"><span class='ocrx_word' id='word_1_547' title='bbox 144 5706 236 5761; x_wconf 84' lang='lat' dir='ltr'><strong>ita</strong></span> <span class='ocrx_word' id='word_1_548' title='bbox 273 5716 327 5762; x_wconf 88' lang='lat' dir='ltr'><strong>et</strong></span> <span class='ocrx_word' id='word_1_549' title='bbox 363 5708 452 5760; x_wconf 91' lang='lat' dir='ltr'><strong>hic</strong></span> <span class='ocrx_word' id='word_1_550' title='bbox 495 5704 564 5761; x_wconf 84' lang='lat' dir='ltr'><strong>8t)</strong></span> <span class='ocrx_word' id='word_1_551' title='bbox 601 5703 977 5775; x_wconf 64' lang='lat' dir='ltr'><strong>Egyptiorum</strong></span> <span class='ocrx_word' id='word_1_552' title='bbox 1017 5706 1394 5774; x_wconf 79' lang='lat' dir='ltr'><strong>episcoporum</strong></span> <span class='ocrx_word' id='word_1_553' title='bbox 1425 5703 1653 5761; x_wconf 63' lang='lat' dir='ltr'><strong>&#39;litteras</strong></span> <span class='ocrx_word' id='word_1_554' title='bbox 1707 5710 1758 5763; x_wconf 92' lang='lat' dir='ltr'><strong>in</strong></span> 
     </span>
    </p>
   </div>
   <div class='ocr_carea' id='block_1_80' title="bbox 168 5774 1756 5852">
    <p class='ocr_par' dir='ltr' id='par_1_80' title="bbox 168 5774 1756 5852">
     <span class='ocr_line' id='line_1_80' title="bbox 168 5774 1756 5852; baseline 0.002 -20"><span class='ocrx_word' id='word_1_555' title='bbox 168 5782 389 5849; x_wconf 73' lang='lat' dir='ltr'><strong>gratiam</strong></span> <span class='ocrx_word' id='word_1_556' title='bbox 419 5774 931 5844; x_wconf 85' lang='lat' dir='ltr'><strong>Athanasiiaccepit</strong></span> <span class='ocrx_word' id='word_1_557' title='bbox 957 5793 970 5829; x_wconf 86' lang='lat'>:</span> <span class='ocrx_word' id='word_1_558' title='bbox 995 5789 1048 5831; x_wconf 86' lang='lat' dir='ltr'><strong>ut</strong></span> <span class='ocrx_word' id='word_1_559' title='bbox 1069 5777 1131 5831; x_wconf 83' lang='lat' dir='ltr'><strong>de</strong></span> <span class='ocrx_word' id='word_1_560' title='bbox 1156 5778 1401 5850; x_wconf 84' lang='lat' dir='ltr'><strong>subjectis</strong></span> <span class='ocrx_word' id='word_1_561' title='bbox 1426 5778 1756 5852; x_wconf 84' lang='lat' dir='ltr'><strong>intelligetur,</strong></span> 
     </span>
    </p>
   </div>
   <div class='ocr_carea' id='block_1_81' title="bbox 763 5868 1157 5931">
    <p class='ocr_par' dir='ltr' id='par_1_81' title="bbox 763 5868 1157 5931">
     <span class='ocr_line' id='line_1_81' title="bbox 763 5868 1157 5931; baseline 0.005 -2"><span class='ocrx_word' id='word_1_562' title='bbox 763 5869 1034 5930; x_wconf 76' lang='lat' dir='ltr'><strong>PATROL.</strong></span> <span class='ocrx_word' id='word_1_563' title='bbox 1071 5868 1157 5931; x_wconf 87' lang='grc' dir='ltr'><strong>Χ.</strong></span> 
     </span>
    </p>
   </div>
   <div class='ocr_carea' id='block_1_82' title="bbox 1768 4583 1824 4645">
    <p class='ocr_par' dir='ltr' id='par_1_82' title="bbox 1768 4583 1824 4645">
     <span class='ocr_line' id='line_1_82' title="bbox 1768 4583 1824 4645; baseline 0 0"><span class='ocrx_word' id='word_1_564' title='bbox 1768 4583 1824 4645; x_wconf 92' lang='lat' dir='ltr'><strong>D</strong></span> 
     </span>
    </p>
   </div>
   <div class='ocr_carea' id='block_1_83' title="bbox 1837 1936 3443 2014">
    <p class='ocr_par' dir='ltr' id='par_1_83' title="bbox 1837 1936 3443 2014">
     <span class='ocr_line' id='line_1_83' title="bbox 1837 1936 3443 2014; baseline 0.007 -22"><span class='ocrx_word' id='word_1_565' title='bbox 1837 1936 2130 2008; x_wconf 90' lang='lat' dir='ltr'><strong>plurimum</strong></span> <span class='ocrx_word' id='word_1_566' title='bbox 2163 1938 2363 1994; x_wconf 86' lang='lat' dir='ltr'><strong>lacerat</strong></span> <span class='ocrx_word' id='word_1_567' title='bbox 2396 1956 2409 1993; x_wconf 90' lang='lat'><strong>:</strong></span> <span class='ocrx_word' id='word_1_568' title='bbox 2446 1939 2543 1996; x_wconf 88' lang='lat' dir='ltr'><strong>sed</strong></span> <span class='ocrx_word' id='word_1_569' title='bbox 2589 1941 2826 1997; x_wconf 88' lang='lat' dir='ltr'><strong>animum</strong></span> <span class='ocrx_word' id='word_1_570' title='bbox 2877 1941 3048 2007; x_wconf 82' lang='lat' dir='ltr'><strong>tuum,</strong></span> <span class='ocrx_word' id='word_1_571' title='bbox 3096 1946 3184 2014; x_wconf 90' lang='lat' dir='ltr'><strong>qui</strong></span> <span class='ocrx_word' id='word_1_572' title='bbox 3232 1946 3443 2010; x_wconf 85' lang='lat' dir='ltr'><strong>lenitati</strong></span> 
     </span>
    </p>
   </div>
   <div class='ocr_carea' id='block_1_84' title="bbox 1837 2033 3448 2107">
    <p class='ocr_par' dir='ltr' id='par_1_84' title="bbox 1837 2033 3448 2107">
     <span class='ocr_line' id='line_1_84' title="bbox 1837 2033 3448 2107; baseline 0.007 -22"><span class='ocrx_word' id='word_1_573' title='bbox 1837 2034 2065 2102; x_wconf 76' lang='lat' dir='ltr'><strong>semper</strong></span> <span class='ocrx_word' id='word_1_574' title='bbox 2099 2042 2273 2097; x_wconf 81' lang='lat' dir='ltr'><strong>vacat,</strong></span> <span class='ocrx_word' id='word_1_575' title='bbox 2330 2033 2423 2104; x_wconf 91' lang='lat' dir='ltr'><strong>qui</strong></span> <span class='ocrx_word' id='word_1_576' title='bbox 2473 2047 2788 2105; x_wconf 89' lang='lat' dir='ltr'><strong>numquam,</strong></span> <span class='ocrx_word' id='word_1_577' title='bbox 2840 2046 2900 2090; x_wconf 91' lang='lat' dir='ltr'><strong>ut</strong></span> <span class='ocrx_word' id='word_1_578' title='bbox 2938 2036 3200 2107; x_wconf 88' lang='lat' dir='ltr'><strong>scriptum</strong></span> <span class='ocrx_word' id='word_1_579' title='bbox 3240 2047 3343 2106; x_wconf 89' lang='lat' dir='ltr'><strong>est,</strong></span> <span class='ocrx_word' id='word_1_580' title='bbox 3392 2040 3448 2095; x_wconf 91' lang='lat' dir='ltr'><strong>in</strong></span> 
     </span>
    </p>
   </div>
   <div class='ocr_carea' id='block_1_85' title="bbox 1839 2127 3450 2195">
    <p class='ocr_par' dir='ltr' id='par_1_85' title="bbox 1839 2127 3450 2195">
     <span class='ocr_line' id='line_1_85' title="bbox 1839 2127 3450 2195; baseline 0.003 -11"><span class='ocrx_word' id='word_1_581' title='bbox 1839 2142 2092 2184; x_wconf 89' lang='lat' dir='ltr'><strong>occasum</strong></span> <span class='ocrx_word' id='word_1_582' title='bbox 2131 2127 2239 2182; x_wconf 90' lang='lat' dir='ltr'><strong>diei</strong></span> <span class='ocrx_word' id='word_1_583' title='bbox 2280 2127 2613 2183; x_wconf 85' lang='lat' dir='ltr'><strong>iracundiam</strong></span> <span class='ocrx_word' id='word_1_584' title='bbox 2654 2137 2868 2195; x_wconf 85' lang='lat' dir='ltr'><strong>servat,</strong></span> <span class='ocrx_word' id='word_1_585' title='bbox 2904 2131 3143 2187; x_wconf 90' lang='lat' dir='ltr'><strong>retinere</strong></span> <span class='ocrx_word' id='word_1_586' title='bbox 3179 2133 3320 2188; x_wconf 89' lang='lat' dir='ltr'><strong>circa</strong></span> <span class='ocrx_word' id='word_1_587' title='bbox 3361 2147 3450 2189; x_wconf 89' lang='lat' dir='ltr'><strong>me</strong></span> 
     </span>
    </p>
   </div>
   <div class='ocr_carea' id='block_1_86' title="bbox 1842 2219 3450 2293">
    <p class='ocr_par' dir='ltr' id='par_1_86' title="bbox 1842 2219 3450 2293">
     <span class='ocr_line' id='line_1_86' title="bbox 1842 2219 3450 2293; baseline 0.002 -16"><span class='ocrx_word' id='word_1_588' title='bbox 1842 2219 2267 2293; x_wconf 87' lang='lat' dir='ltr'><strong>indignationem</strong></span> <span class='ocrx_word' id='word_1_589' title='bbox 2316 2219 2581 2277; x_wconf 88' lang='lat' dir='ltr'><strong>miraculo</strong></span> <span class='ocrx_word' id='word_1_590' title='bbox 2622 2221 2751 2276; x_wconf 90' lang='lat' dir='ltr'><strong>mihi</strong></span> <span class='ocrx_word' id='word_1_591' title='bbox 2802 2231 2906 2277; x_wconf 91' lang='lat' dir='ltr'><strong>est.</strong></span> <span class='ocrx_word' id='word_1_592' title='bbox 2952 2223 3065 2293; x_wconf 80' lang='lat' dir='ltr'><strong>Ego</strong></span> <span class='ocrx_word' id='word_1_593' title='bbox 3109 2224 3277 2293; x_wconf 87' lang='lat' dir='ltr'><strong>enim,</strong></span> <span class='ocrx_word' id='word_1_594' title='bbox 3322 2225 3450 2281; x_wconf 89' lang='lat' dir='ltr'><strong>reli-</strong></span> 
     </span>
    </p>
   </div>
   <div class='ocr_carea' id='block_1_87' title="bbox 1835 2314 3445 2388">
    <p class='ocr_par' dir='ltr' id='par_1_87' title="bbox 1835 2314 3445 2388">
     <span class='ocr_line' id='line_1_87' title="bbox 1835 2314 3445 2388; baseline 0.003 -18"><span class='ocrx_word' id='word_1_595' title='bbox 1835 2314 2143 2387; x_wconf 89' lang='lat' dir='ltr'><strong>giosissime</strong></span> <span class='ocrx_word' id='word_1_596' title='bbox 2184 2314 2509 2384; x_wconf 90' lang='lat' dir='ltr'><strong>imperator,</strong></span> <span class='ocrx_word' id='word_1_597' title='bbox 2546 2324 2722 2369; x_wconf 90' lang='lat' dir='ltr'><strong>tecum</strong></span> <span class='ocrx_word' id='word_1_598' title='bbox 2754 2330 2937 2371; x_wconf 85' lang='lat' dir='ltr'><strong>veram</strong></span> <span class='ocrx_word' id='word_1_599' title='bbox 2981 2332 3166 2387; x_wconf 87' lang='lat' dir='ltr'><strong>pacem</strong></span> <span class='ocrx_word' id='word_1_600' title='bbox 3196 2321 3445 2388; x_wconf 83' lang='lat' dir='ltr'><strong>requiro,</strong></span> 
     </span>
    </p>
   </div>
   <div class='ocr_carea' id='block_1_88' title="bbox 1837 2404 3449 2478">
    <p class='ocr_par' dir='ltr' id='par_1_88' title="bbox 1837 2404 3449 2478">
     <span class='ocr_line' id='line_1_88' title="bbox 1837 2404 3449 2478; baseline 0.005 -17"><span class='ocrx_word' id='word_1_601' title='bbox 1837 2422 1960 2478; x_wconf 70' lang='lat' dir='ltr'><strong>qua:</strong></span> <span class='ocrx_word' id='word_1_602' title='bbox 2003 2422 2111 2461; x_wconf 90' lang='lat' dir='ltr'><strong>nou</strong></span> <span class='ocrx_word' id='word_1_603' title='bbox 2152 2404 2226 2462; x_wconf 91' lang='lat' dir='ltr'><strong>sit</strong></span> <span class='ocrx_word' id='word_1_604' title='bbox 2253 2404 2436 2461; x_wconf 77' lang='lat' dir='ltr'><strong>verbis</strong></span> <span class='ocrx_word' id='word_1_605' title='bbox 2484 2406 2784 2476; x_wconf 89' lang='lat' dir='ltr'><strong>composita</strong></span> <span class='ocrx_word' id='word_1_606' title='bbox 2829 2405 3042 2463; x_wconf 90' lang='lat' dir='ltr'><strong>interna</strong></span> <span class='ocrx_word' id='word_1_607' title='bbox 3092 2408 3449 2478; x_wconf 87' lang='lat' dir='ltr'><strong>dispositione</strong></span> 
     </span>
    </p>
   </div>
   <div class='ocr_carea' id='block_1_89' title="bbox 1835 2495 3449 2568">
    <p class='ocr_par' dir='ltr' id='par_1_89' title="bbox 1835 2495 3449 2568">
     <span class='ocr_line' id='line_1_89' title="bbox 1835 2495 3449 2568; baseline 0.002 -15"><span class='ocrx_word' id='word_1_608' title='bbox 1835 2497 2094 2564; x_wconf 86' lang='lat' dir='ltr'><strong>fallaciae,</strong></span> <span class='ocrx_word' id='word_1_609' title='bbox 2139 2498 2235 2553; x_wconf 91' lang='lat' dir='ltr'><strong>sed</strong></span> <span class='ocrx_word' id='word_1_610' title='bbox 2267 2499 2551 2567; x_wconf 63' lang='lat' dir='ltr'><strong>praeceptis</strong></span> <span class='ocrx_word' id='word_1_611' title='bbox 2586 2495 3003 2568; x_wconf 87' lang='lat' dir='ltr'><strong>Evangeliorum</strong></span> <span class='ocrx_word' id='word_1_612' title='bbox 3049 2501 3449 2559; x_wconf 88' lang='lat' dir='ltr'><strong>rationabiliter</strong></span> 
     </span>
    </p>
   </div>
   <div class='ocr_carea' id='block_1_90' title="bbox 1836 2589 3447 2662">
    <p class='ocr_par' dir='ltr' id='par_1_90' title="bbox 1836 2589 3447 2662">
     <span class='ocr_line' id='line_1_90' title="bbox 1836 2589 3447 2662; baseline 0.002 -14"><span class='ocrx_word' id='word_1_613' title='bbox 1836 2592 2182 2649; x_wconf 81' lang='lat' dir='ltr'><strong>conﬁrmata.</strong></span> <span class='ocrx_word' id='word_1_614' title='bbox 2231 2590 2347 2646; x_wconf 80' lang='lat' dir='ltr'><strong>Non</strong></span> <span class='ocrx_word' id='word_1_615' title='bbox 2390 2589 2674 2645; x_wconf 85' lang='lat' dir='ltr'><strong>Athanasii</strong></span> <span class='ocrx_word' id='word_1_616' title='bbox 2730 2598 2936 2646; x_wconf 88' lang='lat' dir='ltr'><strong>tantum</strong></span> <span class='ocrx_word' id='word_1_617' title='bbox 2994 2593 3302 2662; x_wconf 83' lang='lat' dir='ltr'><strong>negotium,</strong></span> <span class='ocrx_word' id='word_1_618' title='bbox 3350 2597 3447 2652; x_wconf 85' lang='lat' dir='ltr'><strong>sed</strong></span> 
     </span>
    </p>
   </div>
   <div class='ocr_carea' id='block_1_91' title="bbox 1840 2684 3453 2757">
    <p class='ocr_par' dir='ltr' id='par_1_91' title="bbox 1840 2684 3453 2757">
     <span class='ocr_line' id='line_1_91' title="bbox 1840 2684 3453 2757; baseline 0.001 -15"><span class='ocrx_word' id='word_1_619' title='bbox 1840 2686 2007 2742; x_wconf 91' lang='lat' dir='ltr'><strong>multa</strong></span> <span class='ocrx_word' id='word_1_620' title='bbox 2044 2685 2148 2741; x_wconf 87' lang='lat' dir='ltr'><strong>alia</strong></span> <span class='ocrx_word' id='word_1_621' title='bbox 2181 2686 2232 2739; x_wconf 91' lang='lat' dir='ltr'><strong>in</strong></span> <span class='ocrx_word' id='word_1_622' title='bbox 2265 2684 2503 2741; x_wconf 91' lang='lat' dir='ltr'><strong>medium</strong></span> <span class='ocrx_word' id='word_1_623' title='bbox 2533 2692 2836 2750; x_wconf 89' lang='lat' dir='ltr'><strong>venerunt,</strong></span> <span class='ocrx_word' id='word_1_624' title='bbox 2870 2695 3093 2755; x_wconf 89' lang='lat' dir='ltr'><strong>propter</strong></span> <span class='ocrx_word' id='word_1_625' title='bbox 3115 2701 3234 2757; x_wconf 72' lang='lat' dir='ltr'><strong>qua!</strong></span> <span class='ocrx_word' id='word_1_626' title='bbox 3265 2689 3453 2745; x_wconf 89' lang='lat' dir='ltr'><strong>conci-</strong></span> 
     </span>
    </p>
   </div>
   <div class='ocr_carea' id='block_1_92' title="bbox 1836 2774 3444 2852">
    <p class='ocr_par' dir='ltr' id='par_1_92' title="bbox 1836 2774 3444 2852">
     <span class='ocr_line' id='line_1_92' title="bbox 1836 2774 3444 2852; baseline 0.001 -18"><span class='ocrx_word' id='word_1_627' title='bbox 1836 2779 1967 2835; x_wconf 91' lang='lat' dir='ltr'><strong>lium</strong></span> <span class='ocrx_word' id='word_1_628' title='bbox 1984 2778 2103 2834; x_wconf 84' lang='lat' dir='ltr'><strong>lieri</strong></span> <span class='ocrx_word' id='word_1_629' title='bbox 2126 2776 2593 2833; x_wconf 89' lang='lat' dir='ltr'><strong>mansuetudinem</strong></span> <span class='ocrx_word' id='word_1_630' title='bbox 2611 2784 2757 2831; x_wconf 91' lang='lat' dir='ltr'><strong>tuam</strong></span> <span class='ocrx_word' id='word_1_631' title='bbox 2773 2774 2983 2832; x_wconf 89' lang='lat' dir='ltr'><strong>fueram</strong></span> <span class='ocrx_word' id='word_1_632' title='bbox 2997 2777 3320 2849; x_wconf 88' lang='lat' dir='ltr'><strong>deprecatus</strong></span> <span class='ocrx_word' id='word_1_633' title='bbox 3335 2779 3444 2852; x_wconf 79' lang='lat' dir='ltr'><strong>(Ii):</strong></span> 
     </span>
    </p>
   </div>
   <div class='ocr_carea' id='block_1_93' title="bbox 1848 2889 3452 2964">
    <p class='ocr_par' dir='ltr' id='par_1_93' title="bbox 1848 2889 3452 2964">
     <span class='ocr_line' id='line_1_93' title="bbox 1848 2889 3452 2964; baseline -0.007 -16"><span class='ocrx_word' id='word_1_634' title='bbox 1848 2904 1975 2964; x_wconf 86' lang='lat' dir='ltr'><strong>puta</strong></span> <span class='ocrx_word' id='word_1_635' title='bbox 2005 2910 2072 2949; x_wconf 86' lang='lat' dir='ltr'><strong>ex</strong></span> <span class='ocrx_word' id='word_1_636' title='bbox 2102 2892 2346 2963; x_wconf 86' lang='lat' dir='ltr'><strong>sequenti</strong></span> <span class='ocrx_word' id='word_1_637' title='bbox 2368 2889 2704 2964; x_wconf 24' lang='lat' dir='ltr'><strong>AFragmento</strong></span> <span class='ocrx_word' id='word_1_638' title='bbox 2736 2906 2861 2964; x_wconf 83' lang='lat' dir='ltr'><strong>num</strong></span> <span class='ocrx_word' id='word_1_639' title='bbox 2883 2889 2935 2964; x_wconf 71' lang='lat'><strong>2.</strong></span> <span class='ocrx_word' id='word_1_640' title='bbox 2968 2890 3121 2964; x_wconf 86' lang='lat' dir='ltr'><strong>Quod</strong></span> <span class='ocrx_word' id='word_1_641' title='bbox 3155 2891 3452 2958; x_wconf 69' lang='lat' dir='ltr'><strong>Fragmcn-</strong></span> 
     </span>
    </p>
   </div>
   <div class='ocr_carea' id='block_1_94' title="bbox 1847 2961 3453 3034">
    <p class='ocr_par' dir='ltr' id='par_1_94' title="bbox 1847 2961 3453 3034">
     <span class='ocr_line' id='line_1_94' title="bbox 1847 2961 3453 3034; baseline 0 -15"><span class='ocrx_word' id='word_1_642' title='bbox 1847 2961 1959 3020; x_wconf 80' lang='lat' dir='ltr'><strong>ium</strong></span> <span class='ocrx_word' id='word_1_643' title='bbox 2002 2980 2124 3019; x_wconf 90' lang='lat' dir='ltr'><strong>cum</strong></span> <span class='ocrx_word' id='word_1_644' title='bbox 2169 2961 2220 3018; x_wconf 77' lang='lat' dir='ltr'><strong>iii</strong></span> <span class='ocrx_word' id='word_1_645' title='bbox 2269 2961 2567 3034; x_wconf 86' lang='lat' dir='ltr'><strong>archetypo</strong></span> <span class='ocrx_word' id='word_1_646' title='bbox 2604 2976 2706 3015; x_wconf 91' lang='lat' dir='ltr'><strong>ms.</strong></span> <span class='ocrx_word' id='word_1_647' title='bbox 2748 2962 2802 3015; x_wconf 89' lang='lat' dir='ltr'><strong>in</strong></span> <span class='ocrx_word' id='word_1_648' title='bbox 2845 2962 3012 3034; x_wconf 88' lang='lat' dir='ltr'><strong>prima</strong></span> <span class='ocrx_word' id='word_1_649' title='bbox 3057 2962 3246 3018; x_wconf 90' lang='lat' dir='ltr'><strong>horum</strong></span> <span class='ocrx_word' id='word_1_650' title='bbox 3282 2965 3453 3034; x_wconf 82' lang='lat' dir='ltr'><strong>Frag-</strong></span> 
     </span>
    </p>
   </div>
   <div class='ocr_carea' id='block_1_95' title="bbox 1847 3032 3453 3105">
    <p class='ocr_par' dir='ltr' id='par_1_95' title="bbox 1847 3032 3453 3105">
     <span class='ocr_line' id='line_1_95' title="bbox 1847 3032 3453 3105; baseline 0.001 -14"><span class='ocrx_word' id='word_1_651' title='bbox 1847 3044 2156 3091; x_wconf 89' lang='lat' dir='ltr'><strong>mentoriim</strong></span> <span class='ocrx_word' id='word_1_652' title='bbox 2190 3046 2373 3105; x_wconf 90' lang='lat' dir='ltr'><strong>parte,</strong></span> <span class='ocrx_word' id='word_1_653' title='bbox 2423 3032 2524 3087; x_wconf 86' lang='lat' dir='ltr'><strong>hoc</strong></span> <span class='ocrx_word' id='word_1_654' title='bbox 2555 3042 2732 3087; x_wconf 91' lang='lat' dir='ltr'><strong>autem</strong></span> <span class='ocrx_word' id='word_1_655' title='bbox 2754 3033 2919 3105; x_wconf 84' lang='lat' dir='ltr'><strong>_qiiod</strong></span> <span class='ocrx_word' id='word_1_656' title='bbox 2954 3049 3059 3105; x_wconf 65' lang='lat' dir='ltr'><strong>pra:</strong></span> <span class='ocrx_word' id='word_1_657' title='bbox 3088 3035 3333 3090; x_wconf 89' lang='lat' dir='ltr'><strong>manibus</strong></span> <span class='ocrx_word' id='word_1_658' title='bbox 3369 3032 3453 3093; x_wconf 83' lang='lat' dir='ltr'><strong>est</strong></span> 
     </span>
    </p>
   </div>
   <div class='ocr_carea' id='block_1_96' title="bbox 1846 3103 3453 3175">
    <p class='ocr_par' dir='ltr' id='par_1_96' title="bbox 1846 3103 3453 3175">
     <span class='ocr_line' id='line_1_96' title="bbox 1846 3103 3453 3175; baseline 0.002 -13"><span class='ocrx_word' id='word_1_659' title='bbox 1846 3108 1899 3163; x_wconf 89' lang='lat' dir='ltr'><strong>in</strong></span> <span class='ocrx_word' id='word_1_660' title='bbox 1945 3103 2204 3162; x_wconf 59' lang='lat' dir='ltr'><strong>secunda</strong></span> <span class='ocrx_word' id='word_1_661' title='bbox 2235 3116 2440 3160; x_wconf 89' lang='lat' dir='ltr'><strong>tantum</strong></span> <span class='ocrx_word' id='word_1_662' title='bbox 2494 3105 2669 3158; x_wconf 85' lang='lat' dir='ltr'><strong>locum</strong></span> <span class='ocrx_word' id='word_1_663' title='bbox 2719 3103 2993 3167; x_wconf 85' lang='lat' dir='ltr'><strong>obtineat;</strong></span> <span class='ocrx_word' id='word_1_664' title='bbox 3043 3104 3169 3161; x_wconf 87' lang='lat' dir='ltr'><strong>hinc</strong></span> <span class='ocrx_word' id='word_1_665' title='bbox 3208 3108 3453 3175; x_wconf 82' lang='lat' dir='ltr'><strong>sequitur</strong></span> 
     </span>
    </p>
   </div>
   <div class='ocr_carea' id='block_1_97' title="bbox 1848 3174 3454 3246">
    <p class='ocr_par' dir='ltr' id='par_1_97' title="bbox 1848 3174 3454 3246">
     <span class='ocr_line' id='line_1_97' title="bbox 1848 3174 3454 3246; baseline -0.001 -13"><span class='ocrx_word' id='word_1_666' title='bbox 1848 3181 1907 3233; x_wconf 68' lang='grc' dir='ltr'>ιο</span> <span class='ocrx_word' id='word_1_667' title='bbox 1934 3188 2220 3243; x_wconf 77' lang='lat' dir='ltr'><strong>utramque</strong></span> <span class='ocrx_word' id='word_1_668' title='bbox 2247 3190 2451 3246; x_wconf 88' lang='lat' dir='ltr'><strong>partem</strong></span> <span class='ocrx_word' id='word_1_669' title='bbox 2478 3174 2545 3229; x_wconf 91' lang='lat' dir='ltr'><strong>ad</strong></span> <span class='ocrx_word' id='word_1_670' title='bbox 2571 3175 2828 3246; x_wconf 82' lang='lat' dir='ltr'><strong>Ililariuni</strong></span> <span class='ocrx_word' id='word_1_671' title='bbox 2859 3176 3154 3246; x_wconf 88' lang='lat' dir='ltr'><strong>pertinere,</strong></span> <span class='ocrx_word' id='word_1_672' title='bbox 3185 3174 3454 3235; x_wconf 28' lang='lat' dir='ltr'><strong>nec’bene</strong></span> 
     </span>
    </p>
   </div>
   <div class='ocr_carea' id='block_1_98' title="bbox 1844 3244 3445 3319">
    <p class='ocr_par' dir='ltr' id='par_1_98' title="bbox 1844 3244 3445 3319">
     <span class='ocr_line' id='line_1_98' title="bbox 1844 3244 3445 3319; baseline 0 -15"><span class='ocrx_word' id='word_1_673' title='bbox 1844 3266 1872 3304; x_wconf 87' lang='lat' dir='ltr'><strong>a</strong></span> <span class='ocrx_word' id='word_1_674' title='bbox 1906 3249 2187 3305; x_wconf 88' lang='lat' dir='ltr'><strong>Blondello</strong></span> <span class='ocrx_word' id='word_1_675' title='bbox 2217 3244 2273 3303; x_wconf 80' lang='lat' dir='ltr'><strong>et</strong></span> <span class='ocrx_word' id='word_1_676' title='bbox 2300 3248 2418 3302; x_wconf 81' lang='lat' dir='ltr'><strong>aliis</strong></span> <span class='ocrx_word' id='word_1_677' title='bbox 2449 3244 2719 3319; x_wconf 86' lang='lat' dir='ltr'><strong>n_onnullis</strong></span> <span class='ocrx_word' id='word_1_678' title='bbox 2750 3244 2869 3300; x_wconf 83' lang='lat' dir='ltr'><strong>eain</strong></span> <span class='ocrx_word' id='word_1_679' title='bbox 2901 3247 2976 3300; x_wconf 89' lang='lat' dir='ltr'><strong>illi</strong></span> <span class='ocrx_word' id='word_1_680' title='bbox 3009 3247 3208 3319; x_wconf 76' lang='lat' dir='ltr'><strong>aiil&#39;erri</strong></span> <span class='ocrx_word' id='word_1_681' title='bbox 3240 3265 3361 3319; x_wconf 60' lang='lat' dir='ltr'><strong>qua“.</strong></span> <span class='ocrx_word' id='word_1_682' title='bbox 3391 3252 3445 3308; x_wconf 90' lang='lat' dir='ltr'><strong>in</strong></span> 
     </span>
    </p>
   </div>
   <div class='ocr_carea' id='block_1_99' title="bbox 1841 3317 3442 3391">
    <p class='ocr_par' dir='ltr' id='par_1_99' title="bbox 1841 3317 3442 3391">
     <span class='ocr_line' id='line_1_99' title="bbox 1841 3317 3442 3391; baseline 0.001 -16"><span class='ocrx_word' id='word_1_683' title='bbox 1841 3336 1943 3375; x_wconf 90' lang='lat' dir='ltr'><strong>ms.</strong></span> <span class='ocrx_word' id='word_1_684' title='bbox 1994 3323 2164 3391; x_wconf 88' lang='lat' dir='ltr'><strong>prima</strong></span> <span class='ocrx_word' id='word_1_685' title='bbox 2208 3329 2321 3375; x_wconf 91' lang='lat' dir='ltr'><strong>est:</strong></span> <span class='ocrx_word' id='word_1_686' title='bbox 2368 3319 2434 3373; x_wconf 73' lang='lat'><strong>2°</strong></span> <span class='ocrx_word' id='word_1_687' title='bbox 2460 3317 2907 3391; x_wconf 73' lang='lat' dir='ltr'><strong>Fragmentorum</strong></span> <span class='ocrx_word' id='word_1_688' title='bbox 2949 3318 3197 3391; x_wconf 85' lang='lat' dir='ltr'><strong>ordinem</strong></span> <span class='ocrx_word' id='word_1_689' title='bbox 3246 3317 3297 3375; x_wconf 82' lang='lat' dir='ltr'><strong>in</strong></span> <span class='ocrx_word' id='word_1_690' title='bbox 3338 3337 3442 3379; x_wconf 90' lang='lat' dir='ltr'><strong>ms.</strong></span> 
     </span>
    </p>
   </div>
   <div class='ocr_carea' id='block_1_100' title="bbox 1842 3388 3445 3461">
    <p class='ocr_par' dir='ltr' id='par_1_100' title="bbox 1842 3388 3445 3461">
     <span class='ocr_line' id='line_1_100' title="bbox 1842 3388 3445 3461; baseline 0 -14"><span class='ocrx_word' id='word_1_691' title='bbox 1842 3388 2117 3448; x_wconf 80' lang='lat' dir='ltr'><strong>inversum</strong></span> <span class='ocrx_word' id='word_1_692' title='bbox 2157 3406 2309 3455; x_wconf 89' lang='lat' dir='ltr'><strong>esse,</strong></span> <span class='ocrx_word' id='word_1_693' title='bbox 2342 3388 2630 3461; x_wconf 87' lang='lat' dir='ltr'><strong>siquidem</strong></span> <span class='ocrx_word' id='word_1_694' title='bbox 2654 3390 2701 3443; x_wconf 92' lang='lat' dir='ltr'><strong>ei</strong></span> <span class='ocrx_word' id='word_1_695' title='bbox 2732 3389 2979 3455; x_wconf 88' lang='lat' dir='ltr'><strong>quintum</strong></span> <span class='ocrx_word' id='word_1_696' title='bbox 3004 3390 3274 3445; x_wconf 78' lang='lat' dir='ltr'><strong>invenitur</strong></span> <span class='ocrx_word' id='word_1_697' title='bbox 3304 3408 3445 3461; x_wconf 72' lang='lat' dir='ltr'><strong>pra:-</strong></span> 
     </span>
    </p>
   </div>
   <div class='ocr_carea' id='block_1_101' title="bbox 1841 3460 3442 3532">
    <p class='ocr_par' dir='ltr' id='par_1_101' title="bbox 1841 3460 3442 3532">
     <span class='ocr_line' id='line_1_101' title="bbox 1841 3460 3442 3532; baseline 0.004 -20"><span class='ocrx_word' id='word_1_698' title='bbox 1841 3467 2075 3532; x_wconf 88' lang='lat' dir='ltr'><strong>pnsitum</strong></span> <span class='ocrx_word' id='word_1_699' title='bbox 2102 3504 2116 3529; x_wconf 94' lang='lat'><strong>,</strong></span> <span class='ocrx_word' id='word_1_700' title='bbox 2159 3463 2244 3516; x_wconf 91' lang='lat' dir='ltr'><strong>cui</strong></span> <span class='ocrx_word' id='word_1_701' title='bbox 2293 3460 2689 3530; x_wconf 89' lang='lat' dir='ltr'><strong>subjiciendum</strong></span> <span class='ocrx_word' id='word_1_702' title='bbox 2732 3461 3110 3532; x_wconf 85' lang='lat' dir='ltr'><strong>essellilarius</strong></span> <span class='ocrx_word' id='word_1_703' title='bbox 3151 3460 3442 3529; x_wconf 70' lang='lat' dir='ltr'><strong>declarat;</strong></span> 
     </span>
    </p>
   </div>
   <div class='ocr_carea' id='block_1_102' title="bbox 1840 3530 3448 3603">
    <p class='ocr_par' dir='ltr' id='par_1_102' title="bbox 1840 3530 3448 3603">
     <span class='ocr_line' id='line_1_102' title="bbox 1840 3530 3448 3603; baseline 0 -13"><span class='ocrx_word' id='word_1_704' title='bbox 1840 3530 1897 3590; x_wconf 77' lang='lat'><strong>3°</strong></span> <span class='ocrx_word' id='word_1_705' title='bbox 1925 3535 2148 3590; x_wconf 78' lang='lat' dir='ltr'><strong>Nicolao</strong></span> <span class='ocrx_word' id='word_1_706' title='bbox 2172 3533 2351 3589; x_wconf 87' lang='lat' dir='ltr'><strong>Fabro</strong></span> <span class='ocrx_word' id='word_1_707' title='bbox 2374 3532 2617 3599; x_wconf 88' lang='lat' dir='ltr'><strong>licuisse,</strong></span> <span class='ocrx_word' id='word_1_708' title='bbox 2640 3546 2794 3600; x_wconf 87' lang='lat' dir='ltr'><strong>quam</strong></span> <span class='ocrx_word' id='word_1_709' title='bbox 2824 3530 2875 3583; x_wconf 93' lang='lat' dir='ltr'><strong>in</strong></span> <span class='ocrx_word' id='word_1_710' title='bbox 2892 3546 3002 3603; x_wconf 80' lang='lat' dir='ltr'><strong>ms.</strong></span> <span class='ocrx_word' id='word_1_711' title='bbox 3024 3532 3264 3603; x_wconf 87' lang='lat' dir='ltr'><strong>primam</strong></span> <span class='ocrx_word' id='word_1_712' title='bbox 3295 3550 3448 3603; x_wconf 88' lang='lat' dir='ltr'><strong>repe-</strong></span> 
     </span>
    </p>
   </div>
   <div class='ocr_carea' id='block_1_103' title="bbox 1842 3601 3452 3676">
    <p class='ocr_par' dir='ltr' id='par_1_103' title="bbox 1842 3601 3452 3676">
     <span class='ocr_line' id='line_1_103' title="bbox 1842 3601 3452 3676; baseline 0.001 -16"><span class='ocrx_word' id='word_1_713' title='bbox 1842 3607 1911 3661; x_wconf 92' lang='lat' dir='ltr'><strong>rit</strong></span> <span class='ocrx_word' id='word_1_714' title='bbox 1964 3605 2126 3676; x_wconf 87' lang='lat' dir='ltr'><strong>hujus</strong></span> <span class='ocrx_word' id='word_1_715' title='bbox 2171 3604 2354 3671; x_wconf 82' lang='lat' dir='ltr'><strong>Operis</strong></span> <span class='ocrx_word' id='word_1_716' title='bbox 2407 3612 2646 3676; x_wconf 82' lang='lat' dir='ltr'><strong>partem,</strong></span> <span class='ocrx_word' id='word_1_717' title='bbox 2703 3601 2942 3676; x_wconf 74' lang='lat' dir='ltr'><strong>secundo</strong></span> <span class='ocrx_word' id='word_1_718' title='bbox 2999 3602 3277 3676; x_wconf 58' lang='lat' dir='ltr'><strong>dumtaxat</strong></span> <span class='ocrx_word' id='word_1_719' title='bbox 3329 3601 3452 3662; x_wconf 85' lang='lat' dir='ltr'><strong>loco</strong></span> 
     </span>
    </p>
   </div>
   <div class='ocr_carea' id='block_1_104' title="bbox 1840 3672 3447 3745">
    <p class='ocr_par' dir='ltr' id='par_1_104' title="bbox 1840 3672 3447 3745">
     <span class='ocr_line' id='line_1_104' title="bbox 1840 3672 3447 3745; baseline -0.001 -12"><span class='ocrx_word' id='word_1_720' title='bbox 1840 3678 2003 3732; x_wconf 89' lang='lat' dir='ltr'><strong>edere</strong></span> <span class='ocrx_word' id='word_1_721' title='bbox 2034 3672 2066 3730; x_wconf 73' lang='grc' dir='ltr'>ἐ</span> <span class='ocrx_word' id='word_1_722' title='bbox 2099 3675 2315 3730; x_wconf 90' lang='lat' dir='ltr'><strong>demum</strong></span> <span class='ocrx_word' id='word_1_723' title='bbox 2359 3688 2466 3728; x_wconf 91' lang='lat' dir='ltr'><strong>non</strong></span> <span class='ocrx_word' id='word_1_724' title='bbox 2510 3673 2685 3745; x_wconf 88' lang='lat' dir='ltr'><strong>minus</strong></span> <span class='ocrx_word' id='word_1_725' title='bbox 2728 3672 2892 3745; x_wconf 85' lang='lat' dir='ltr'><strong>licere</strong></span> <span class='ocrx_word' id='word_1_726' title='bbox 2933 3673 3090 3728; x_wconf 89' lang='lat' dir='ltr'><strong>nobis</strong></span> <span class='ocrx_word' id='word_1_727' title='bbox 3121 3674 3447 3745; x_wconf 83' lang='lat' dir='ltr'><strong>Fragmenta</strong></span> 
     </span>
    </p>
   </div>
   <div class='ocr_carea' id='block_1_105' title="bbox 1841 3743 3449 3819">
    <p class='ocr_par' dir='ltr' id='par_1_105' title="bbox 1841 3743 3449 3819">
     <span class='ocr_line' id='line_1_105' title="bbox 1841 3743 3449 3819; baseline 0 -16"><span class='ocrx_word' id='word_1_728' title='bbox 1841 3748 2050 3819; x_wconf 88' lang='lat' dir='ltr'><strong>singula</strong></span> <span class='ocrx_word' id='word_1_729' title='bbox 2095 3747 2375 3802; x_wconf 87' lang='lat' dir='ltr'><strong>meliorem</strong></span> <span class='ocrx_word' id='word_1_730' title='bbox 2408 3744 2463 3819; x_wconf 82' lang='lat' dir='ltr'><strong>in</strong></span> <span class='ocrx_word' id='word_1_731' title='bbox 2500 3744 2744 3819; x_wconf 74' lang='lat' dir='ltr'><strong>ordinem</strong></span> <span class='ocrx_word' id='word_1_732' title='bbox 2777 3743 3308 3819; x_wconf 29' lang='lat' dir='ltr'><strong>disponereuNeq&#39;ue</strong></span> <span class='ocrx_word' id='word_1_733' title='bbox 3335 3749 3449 3819; x_wconf 66' lang='lat' dir='ltr'><strong>haec</strong></span> 
     </span>
    </p>
   </div>
   <div class='ocr_carea' id='block_1_106' title="bbox 1843 3814 3447 3887">
    <p class='ocr_par' dir='ltr' id='par_1_106' title="bbox 1843 3814 3447 3887">
     <span class='ocr_line' id='line_1_106' title="bbox 1843 3814 3447 3887; baseline 0 -14"><span class='ocrx_word' id='word_1_734' title='bbox 1843 3814 2052 3884; x_wconf 57' lang='lat' dir='ltr'><strong>neg&#39;arit</strong></span> <span class='ocrx_word' id='word_1_735' title='bbox 2072 3820 2377 3887; x_wconf 87' lang='lat' dir='ltr'><strong>quisquam,</strong></span> <span class='ocrx_word' id='word_1_736' title='bbox 2408 3816 2512 3870; x_wconf 73' lang='lat' dir='ltr'><strong>nisi</strong></span> <span class='ocrx_word' id='word_1_737' title='bbox 2543 3817 2631 3887; x_wconf 88' lang='lat' dir='ltr'><strong>qui</strong></span> <span class='ocrx_word' id='word_1_738' title='bbox 2662 3814 2817 3887; x_wconf 83' lang='lat' dir='ltr'><strong>illud,</strong></span> <span class='ocrx_word' id='word_1_739' title='bbox 2851 3825 2906 3868; x_wconf 89' lang='lat' dir='ltr'><strong>ut</strong></span> <span class='ocrx_word' id='word_1_740' title='bbox 2929 3816 2994 3887; x_wconf 84' lang='lat' dir='ltr'><strong>de</strong></span> <span class='ocrx_word' id='word_1_741' title='bbox 3022 3815 3263 3879; x_wconf 81' lang='lat' dir='ltr'><strong>subiectis</strong></span> <span class='ocrx_word' id='word_1_742' title='bbox 3293 3818 3447 3873; x_wconf 83' lang='lat' dir='ltr'><strong>intel-</strong></span> 
     </span>
    </p>
   </div>
   <div class='ocr_carea' id='block_1_107' title="bbox 1841 3885 3442 3962">
    <p class='ocr_par' dir='ltr' id='par_1_107' title="bbox 1841 3885 3442 3962">
     <span class='ocr_line' id='line_1_107' title="bbox 1841 3885 3442 3962; baseline -0.001 -17"><span class='ocrx_word' id='word_1_743' title='bbox 1841 3891 2047 3962; x_wconf 74' lang='lat' dir='ltr'><strong>ligetur,</strong></span> <span class='ocrx_word' id='word_1_744' title='bbox 2082 3885 2224 3962; x_wconf 81' lang='lat' dir='ltr'><strong>fo_rte</strong></span> <span class='ocrx_word' id='word_1_745' title='bbox 2251 3888 2393 3962; x_wconf 82' lang='lat' dir='ltr'><strong>volet</strong></span> <span class='ocrx_word' id='word_1_746' title='bbox 2437 3900 2542 3941; x_wconf 86' lang='lat' dir='ltr'><strong>non</strong></span> <span class='ocrx_word' id='word_1_747' title='bbox 2572 3886 2636 3962; x_wconf 73' lang='lat' dir='ltr'><strong>ad</strong></span> <span class='ocrx_word' id='word_1_748' title='bbox 2666 3886 2939 3962; x_wconf 69' lang='lat' dir='ltr'><strong>subjectae</strong></span> <span class='ocrx_word' id='word_1_749' title='bbox 2974 3885 3180 3962; x_wconf 71' lang='lat' dir='ltr'><strong>Liberii</strong></span> <span class='ocrx_word' id='word_1_750' title='bbox 3200 3887 3442 3962; x_wconf 81' lang='lat' dir='ltr'><strong>litteras,</strong></span> 
     </span>
    </p>
   </div>
   <div class='ocr_carea' id='block_1_108' title="bbox 1842 3957 3445 4087">
    <p class='ocr_par' dir='ltr' id='par_1_108' title="bbox 1842 3957 3445 4087">
     <span class='ocr_line' id='line_1_108' title="bbox 1842 3957 3445 4087; baseline 0.001 -71"><span class='ocrx_word' id='word_1_751' title='bbox 1842 3957 1937 4087; x_wconf 56' lang='lat' dir='ltr'><strong>se?</strong></span> <span class='ocrx_word' id='word_1_752' title='bbox 1979 3961 2046 4044; x_wconf 81' lang='lat' dir='ltr'><strong>ad</strong></span> <span class='ocrx_word' id='word_1_753' title='bbox 2091 3959 2467 4031; x_wconf 60' lang='lat' dir='ltr'><strong>.lEgyptiorum</strong></span> <span class='ocrx_word' id='word_1_754' title='bbox 2496 3957 2784 4028; x_wconf 76' lang='lat' dir='ltr'><strong>epistolam</strong></span> <span class='ocrx_word' id='word_1_755' title='bbox 2825 3972 2943 4029; x_wconf 57' lang='lat' dir='ltr'><strong>quae</strong></span> <span class='ocrx_word' id='word_1_756' title='bbox 2983 3957 3110 4013; x_wconf 86' lang='lat' dir='ltr'><strong>hinc</strong></span> <span class='ocrx_word' id='word_1_757' title='bbox 3137 3960 3209 4015; x_wconf 88' lang='lat' dir='ltr'><strong>sit</strong></span> <span class='ocrx_word' id='word_1_758' title='bbox 3235 3957 3445 4031; x_wconf 87' lang='lat' dir='ltr'><strong>dilapsa</strong></span> 
     </span>
     <span class='ocr_line' id='line_1_109' title="bbox 1842 4047 2056 4087; baseline -0.009 0"><span class='ocrx_word' id='word_1_759' title='bbox 1842 4048 1902 4087; x_wconf 90' lang='lat' dir='ltr'><strong>re</strong></span> <span class='ocrx_word' id='word_1_760' title='bbox 1926 4047 2056 4087; x_wconf 87' lang='lat' dir='ltr'><strong>erri.</strong></span> 
     </span>
    </p>
   </div>
   <div class='ocr_carea' id='block_1_109' title="bbox 1842 4047 2056 4088">
    <p class='ocr_par' dir='ltr' id='par_1_109' title="bbox 1842 4047 2056 4088">
     <span class='ocr_line' id='line_1_110' title="bbox 1842 4047 2056 4088; baseline -0.014 0"><span class='ocrx_word' id='word_1_761' title='bbox 1842 4047 2031 4088; x_wconf 71' lang='lat' dir='ltr'><strong>I‘CICI&#39;I&#39;I</strong></span> <span class='ocrx_word' id='word_1_762' title='bbox 2043 4072 2056 4084; x_wconf 89' lang='lat'><strong>.</strong></span> 
     </span>
    </p>
   </div>
   <div class='ocr_carea' id='block_1_110' title="bbox 1919 4116 3448 4249">
    <p class='ocr_par' dir='ltr' id='par_1_110' title="bbox 1919 4116 3448 4249">
     <span class='ocr_line' id='line_1_111' title="bbox 1919 4116 3448 4249; baseline -0.001 -71"><span class='ocrx_word' id='word_1_763' title='bbox 1919 4121 2004 4249; x_wconf 52' lang='grc' dir='ltr'><strong>(εἰ1</strong></span> <span class='ocrx_word' id='word_1_764' title='bbox 2035 4121 2264 4178; x_wconf 81' lang='lat' dir='ltr'><strong>Luciferi</strong></span> <span class='ocrx_word' id='word_1_765' title='bbox 2300 4120 2552 4175; x_wconf 88' lang='lat' dir='ltr'><strong>nimirum</strong></span> <span class='ocrx_word' id='word_1_766' title='bbox 2578 4118 2820 4187; x_wconf 77' lang='lat' dir='ltr'><strong>episcopi</strong></span> <span class='ocrx_word' id='word_1_767' title='bbox 2835 4116 3150 4185; x_wconf 85' lang='lat' dir='ltr'><strong>Calaritani,</strong></span> <span class='ocrx_word' id='word_1_768' title='bbox 3178 4120 3448 4179; x_wconf 83' lang='lat' dir='ltr'><strong>Pancratii</strong></span> 
     </span>
     <span class='ocr_line' id='line_1_112' title="bbox 1919 4188 3445 4249; baseline 0 0"><span class='ocrx_word' id='word_1_769' title='bbox 1919 4211 1970 4249; x_wconf 81' lang='lat' dir='ltr'><strong>es</strong></span> <span class='ocrx_word' id='word_1_770' title='bbox 2010 4194 2183 4249; x_wconf 77' lang='lat' dir='ltr'><strong>Vieri.</strong></span> <span class='ocrx_word' id='word_1_771' title='bbox 2234 4203 2287 4247; x_wconf 90' lang='lat' dir='ltr'><strong>et</strong></span> <span class='ocrx_word' id='word_1_772' title='bbox 2339 4191 2521 4245; x_wconf 85' lang='lat' dir='ltr'><strong>Hilarii</strong></span> <span class='ocrx_word' id='word_1_773' title='bbox 2572 4188 2787 4243; x_wconf 85' lang='lat' dir='ltr'><strong>diaconi</strong></span> <span class='ocrx_word' id='word_1_774' title='bbox 2831 4207 2844 4242; x_wconf 89' lang='lat'><strong>:</strong></span> <span class='ocrx_word' id='word_1_775' title='bbox 2885 4205 3115 4249; x_wconf 89' lang='lat' dir='ltr'><strong>quorum</strong></span> <span class='ocrx_word' id='word_1_776' title='bbox 3169 4196 3445 4249; x_wconf 80' lang='lat' dir='ltr'><strong>Consortio</strong></span> 
     </span>
    </p>
   </div>
   <div class='ocr_carea' id='block_1_111' title="bbox 1846 4188 3445 4266">
    <p class='ocr_par' dir='ltr' id='par_1_111' title="bbox 1846 4188 3445 4266">
     <span class='ocr_line' id='line_1_113' title="bbox 1846 4188 3445 4266; baseline -0.001 -17"><span class='ocrx_word' id='word_1_777' title='bbox 1846 4188 2183 4266; x_wconf 81' lang='lat' dir='ltr'><strong>presbyteri,</strong></span> <span class='ocrx_word' id='word_1_778' title='bbox 2213 4203 2287 4266; x_wconf 85' lang='lat' dir='ltr'><strong>et</strong></span> <span class='ocrx_word' id='word_1_779' title='bbox 2327 4191 2541 4266; x_wconf 76' lang='lat' dir='ltr'><strong>_llilari_i_</strong></span> <span class='ocrx_word' id='word_1_780' title='bbox 2572 4188 2787 4266; x_wconf 79' lang='lat' dir='ltr'><strong>diaconi</strong></span> <span class='ocrx_word' id='word_1_781' title='bbox 2817 4207 2844 4266; x_wconf 68' lang='grc' dir='ltr'><strong>Δτ</strong></span> <span class='ocrx_word' id='word_1_782' title='bbox 2885 4205 3135 4266; x_wconf 63' lang='lat' dir='ltr'><strong>quorum</strong></span> <span class='ocrx_word' id='word_1_783' title='bbox 3169 4196 3445 4266; x_wconf 82' lang='lat' dir='ltr'><strong>ciinsortio</strong></span> 
     </span>
    </p>
   </div>
   <div class='ocr_carea' id='block_1_112' title="bbox 1840 4258 3442 4336">
    <p class='ocr_par' dir='ltr' id='par_1_112' title="bbox 1840 4258 3442 4336">
     <span class='ocr_line' id='line_1_114' title="bbox 1840 4258 3442 4336; baseline -0.001 -16"><span class='ocrx_word' id='word_1_784' title='bbox 1840 4258 2028 4336; x_wconf 71' lang='lat' dir='ltr'><strong>junxit&#39;</strong></span> <span class='ocrx_word' id='word_1_785' title='bbox 2069 4279 2128 4320; x_wconf 91' lang='lat' dir='ltr'><strong>se</strong></span> <span class='ocrx_word' id='word_1_786' title='bbox 2183 4261 2446 4336; x_wconf 78' lang='lat' dir='ltr'><strong>Eusebius</strong></span> <span class='ocrx_word' id='word_1_787' title='bbox 2499 4258 3137 4336; x_wconf 35' lang='lat' dir='ltr'><strong>Vercellensis,&quot;Libi-rii</strong></span> <span class='ocrx_word' id='word_1_788' title='bbox 3172 4263 3442 4336; x_wconf 79' lang='lat' dir='ltr'><strong>epistola,</strong></span> 
     </span>
    </p>
   </div>
   <div class='ocr_carea' id='block_1_113' title="bbox 1845 4331 3441 4408">
    <p class='ocr_par' dir='ltr' id='par_1_113' title="bbox 1845 4331 3441 4408">
     <span class='ocr_line' id='line_1_115' title="bbox 1845 4331 3441 4408; baseline 0.001 -19"><span class='ocrx_word' id='word_1_789' title='bbox 1845 4331 2004 4408; x_wconf 81' lang='lat' dir='ltr'><strong>quam</strong></span> <span class='ocrx_word' id='word_1_790' title='bbox 2032 4335 2296 4408; x_wconf 80' lang='lat' dir='ltr'><strong>Baronitts</strong></span> <span class='ocrx_word' id='word_1_791' title='bbox 2321 4333 2388 4386; x_wconf 88' lang='lat' dir='ltr'><strong>ad</strong></span> <span class='ocrx_word' id='word_1_792' title='bbox 2416 4349 2505 4408; x_wconf 89' lang='lat' dir='ltr'><strong>a_n_.</strong></span> <span class='ocrx_word' id='word_1_793' title='bbox 2539 4332 2665 4389; x_wconf 63' lang='grc'><strong>554.</strong></span> <span class='ocrx_word' id='word_1_794' title='bbox 2688 4349 2742 4408; x_wconf 80' lang='grc' dir='ltr'>ιι.</span> <span class='ocrx_word' id='word_1_795' title='bbox 2772 4331 2828 4392; x_wconf 77' lang='grc'><strong>2.</strong></span> <span class='ocrx_word' id='word_1_796' title='bbox 2854 4332 3137 4408; x_wconf 80' lang='lat' dir='ltr'><strong>describit,</strong></span> <span class='ocrx_word' id='word_1_797' title='bbox 3168 4335 3441 4408; x_wconf 84' lang='lat' dir='ltr'><strong>invitatus.</strong></span> 
     </span>
    </p>
   </div>
   <div class='ocr_carea' id='block_1_114' title="bbox 1847 4403 3441 4476">
    <p class='ocr_par' dir='ltr' id='par_1_114' title="bbox 1847 4403 3441 4476">
     <span class='ocr_line' id='line_1_116' title="bbox 1847 4403 3441 4476; baseline 0 -13"><span class='ocrx_word' id='word_1_798' title='bbox 1847 4403 1996 4463; x_wconf 82' lang='lat' dir='ltr'><strong>Hanc</strong></span> <span class='ocrx_word' id='word_1_799' title='bbox 2024 4417 2144 4474; x_wconf 82' lang='lat' dir='ltr'><strong>post</strong></span> <span class='ocrx_word' id='word_1_800' title='bbox 2172 4407 2408 4460; x_wconf 89' lang='lat' dir='ltr'><strong>deletum</strong></span> <span class='ocrx_word' id='word_1_801' title='bbox 2441 4404 2804 4476; x_wconf 73' lang='lat' dir='ltr'><strong>Magnentium</strong></span> <span class='ocrx_word' id='word_1_802' title='bbox 2836 4403 3277 4476; x_wconf 81' lang='lat' dir='ltr'><strong>celebratamque</strong></span> <span class='ocrx_word' id='word_1_803' title='bbox 3307 4406 3441 4463; x_wconf 86' lang='lat' dir='ltr'><strong>Are-</strong></span> 
     </span>
    </p>
   </div>
   <div class='ocr_carea' id='block_1_115' title="bbox 1849 4475 3440 4535">
    <p class='ocr_par' dir='ltr' id='par_1_115' title="bbox 1849 4475 3440 4535">
     <span class='ocr_line' id='line_1_117' title="bbox 1849 4475 3440 4535; baseline 0.001 -4"><span class='ocrx_word' id='word_1_804' title='bbox 1849 4481 2052 4535; x_wconf 88' lang='lat' dir='ltr'><strong>latense</strong></span> <span class='ocrx_word' id='word_1_805' title='bbox 2071 4477 2198 4532; x_wconf 90' lang='lat' dir='ltr'><strong>anni</strong></span> <span class='ocrx_word' id='word_1_806' title='bbox 2220 4477 2326 4532; x_wconf 76' lang='grc'><strong>555</strong></span> <span class='ocrx_word' id='word_1_807' title='bbox 2350 4477 2637 4531; x_wconf 79' lang='lat' dir='ltr'><strong>Concilium</strong></span> <span class='ocrx_word' id='word_1_808' title='bbox 2697 4475 2914 4530; x_wconf 69' lang='lat' dir='ltr'><strong>missum</strong></span> <span class='ocrx_word' id='word_1_809' title='bbox 2964 4490 3085 4532; x_wconf 89' lang='lat' dir='ltr'><strong>esse</strong></span> <span class='ocrx_word' id='word_1_810' title='bbox 3117 4475 3221 4532; x_wconf 85' lang='lat' dir='ltr'><strong>uoti</strong></span> <span class='ocrx_word' id='word_1_811' title='bbox 3244 4477 3440 4533; x_wconf 80' lang='lat' dir='ltr'><strong>obscu-</strong></span> 
     </span>
    </p>
   </div>
   <div class='ocr_carea' id='block_1_116' title="bbox 1848 4546 3437 4616">
    <p class='ocr_par' dir='ltr' id='par_1_116' title="bbox 1848 4546 3437 4616">
     <span class='ocr_line' id='line_1_118' title="bbox 1848 4546 3437 4616; baseline -0.002 -11"><span class='ocrx_word' id='word_1_812' title='bbox 1848 4567 1965 4605; x_wconf 91' lang='lat' dir='ltr'><strong>rum</strong></span> <span class='ocrx_word' id='word_1_813' title='bbox 1992 4547 2317 4604; x_wconf 68' lang='lat' dir='ltr'><strong>est.Valesiu</strong></span> <span class='ocrx_word' id='word_1_814' title='bbox 2336 4559 2537 4612; x_wconf 87' lang='lat' dir='ltr'><strong>autem,</strong></span> <span class='ocrx_word' id='word_1_815' title='bbox 2562 4546 3119 4603; x_wconf 78' lang='lat' dir='ltr'><strong>aniiiiadversionilnis</strong></span> <span class='ocrx_word' id='word_1_816' title='bbox 3141 4548 3192 4601; x_wconf 91' lang='lat' dir='ltr'><strong>in</strong></span> <span class='ocrx_word' id='word_1_817' title='bbox 3216 4564 3333 4616; x_wconf 75' lang='lat' dir='ltr'><strong>cap.</strong></span> <span class='ocrx_word' id='word_1_818' title='bbox 3368 4549 3437 4603; x_wconf 81' lang='grc'><strong>57</strong></span> 
     </span>
    </p>
   </div>
   <div class='ocr_carea' id='block_1_117' title="bbox 1850 4617 3440 4682">
    <p class='ocr_par' dir='ltr' id='par_1_117' title="bbox 1850 4617 3440 4682">
     <span class='ocr_line' id='line_1_119' title="bbox 1850 4617 3440 4682; baseline -0.001 -6"><span class='ocrx_word' id='word_1_819' title='bbox 1850 4622 1943 4676; x_wconf 91' lang='lat' dir='ltr'><strong>lib.</strong></span> <span class='ocrx_word' id='word_1_820' title='bbox 1980 4636 2013 4674; x_wconf 93' lang='grc' dir='ltr'><strong>ιι</strong></span> <span class='ocrx_word' id='word_1_821' title='bbox 2045 4619 2303 4682; x_wconf 68' lang='lat' dir='ltr'><strong>Socratis,</strong></span> <span class='ocrx_word' id='word_1_822' title='bbox 2346 4634 2465 4675; x_wconf 89' lang='lat' dir='ltr'><strong>eam</strong></span> <span class='ocrx_word' id='word_1_823' title='bbox 2494 4619 2559 4671; x_wconf 89' lang='lat' dir='ltr'><strong>ad</strong></span> <span class='ocrx_word' id='word_1_824' title='bbox 2612 4633 2811 4672; x_wconf 90' lang='lat' dir='ltr'><strong>annum</strong></span> <span class='ocrx_word' id='word_1_825' title='bbox 2844 4617 2951 4673; x_wconf 74' lang='lat'><strong>356</strong></span> <span class='ocrx_word' id='word_1_826' title='bbox 2980 4618 3245 4673; x_wconf 72' lang='lat' dir='ltr'><strong>differenti</strong></span> <span class='ocrx_word' id='word_1_827' title='bbox 3281 4634 3440 4674; x_wconf 89' lang='lat' dir='ltr'><strong>nemo</strong></span> 
     </span>
    </p>
   </div>
   <div class='ocr_carea' id='block_1_118' title="bbox 1846 4688 3438 4758">
    <p class='ocr_par' dir='ltr' id='par_1_118' title="bbox 1846 4688 3438 4758">
     <span class='ocr_line' id='line_1_120' title="bbox 1846 4688 3438 4758; baseline -0.001 -13"><span class='ocrx_word' id='word_1_828' title='bbox 1846 4694 2140 4747; x_wconf 85' lang='lat' dir='ltr'><strong>assentitur</strong></span> <span class='ocrx_word' id='word_1_829' title='bbox 2183 4711 2194 4744; x_wconf 85' lang='lat'><strong>;</strong></span> <span class='ocrx_word' id='word_1_830' title='bbox 2238 4706 2359 4745; x_wconf 88' lang='lat' dir='ltr'><strong>cum</strong></span> <span class='ocrx_word' id='word_1_831' title='bbox 2405 4689 2653 4747; x_wconf 84' lang='lat' dir='ltr'><strong>Liberius</strong></span> <span class='ocrx_word' id='word_1_832' title='bbox 2695 4690 2793 4744; x_wconf 89' lang='lat' dir='ltr'><strong>hac</strong></span> <span class='ocrx_word' id='word_1_833' title='bbox 2839 4688 3103 4758; x_wconf 80' lang='lat' dir='ltr'><strong>legatione</strong></span> <span class='ocrx_word' id='word_1_834' title='bbox 3148 4688 3438 4743; x_wconf 87' lang='lat' dir='ltr'><strong>concilium</strong></span> 
     </span>
    </p>
   </div>
   <div class='ocr_carea' id='block_1_119' title="bbox 1846 4760 3438 4833">
    <p class='ocr_par' dir='ltr' id='par_1_119' title="bbox 1846 4760 3438 4833">
     <span class='ocr_line' id='line_1_121' title="bbox 1846 4760 3438 4833; baseline -0.003 -14"><span class='ocrx_word' id='word_1_835' title='bbox 1846 4764 2141 4819; x_wconf 86' lang='lat' dir='ltr'><strong>obtinuerit</strong></span> <span class='ocrx_word' id='word_1_836' title='bbox 2167 4762 2310 4833; x_wconf 88' lang='lat' dir='ltr'><strong>quod</strong></span> <span class='ocrx_word' id='word_1_837' title='bbox 2341 4778 2482 4816; x_wconf 87' lang='lat' dir='ltr'><strong>anno</strong></span> <span class='ocrx_word' id='word_1_838' title='bbox 2511 4760 2619 4817; x_wconf 81' lang='grc'><strong>’555</strong></span> <span class='ocrx_word' id='word_1_839' title='bbox 2649 4760 2930 4815; x_wconf 86' lang='lat' dir='ltr'><strong>Mediolani</strong></span> <span class='ocrx_word' id='word_1_840' title='bbox 2975 4760 3303 4833; x_wconf 67' lang='lat' dir='ltr'><strong>celebratum</strong></span> <span class='ocrx_word' id='word_1_841' title='bbox 3335 4772 3438 4815; x_wconf 90' lang='lat' dir='ltr'><strong>est.</strong></span> 
     </span>
    </p>
   </div>
   <div class='ocr_carea' id='block_1_120' title="bbox 1849 4830 3438 4905">
    <p class='ocr_par' dir='ltr' id='par_1_120' title="bbox 1849 4830 3438 4905">
     <span class='ocr_line' id='line_1_122' title="bbox 1849 4830 3438 4905; baseline -0.003 -16"><span class='ocrx_word' id='word_1_842' title='bbox 1849 4835 2034 4905; x_wconf 87' lang='lat' dir='ltr'><strong>Itaque</strong></span> <span class='ocrx_word' id='word_1_843' title='bbox 2067 4830 2207 4890; x_wconf 80' lang='lat' dir='ltr'><strong>inter</strong></span> <span class='ocrx_word' id='word_1_844' title='bbox 2231 4833 2748 4905; x_wconf 9' lang='lat' dir='ltr'><strong>eruditnsrconveiiit</strong></span> <span class='ocrx_word' id='word_1_845' title='bbox 2770 4872 2784 4896; x_wconf 92' lang='lat'><strong>,</strong></span> <span class='ocrx_word' id='word_1_846' title='bbox 2814 4846 2931 4885; x_wconf 84' lang='lat' dir='ltr'><strong>eam</strong></span> <span class='ocrx_word' id='word_1_847' title='bbox 2964 4847 3107 4905; x_wconf 82' lang='lat' dir='ltr'><strong>anno</strong></span> <span class='ocrx_word' id='word_1_848' title='bbox 3133 4830 3236 4905; x_wconf 73' lang='lat'><strong>5_5£</strong></span> <span class='ocrx_word' id='word_1_849' title='bbox 3264 4833 3438 4905; x_wconf 64' lang='lat' dir='ltr'><strong>scrip—</strong></span> 
     </span>
    </p>
   </div>
   <div class='ocr_carea' id='block_1_121' title="bbox 1849 4900 3437 4987">
    <p class='ocr_par' dir='ltr' id='par_1_121' title="bbox 1849 4900 3437 4987">
     <span class='ocr_line' id='line_1_123' title="bbox 1849 4900 3437 4987; baseline 0.004 -38"><span class='ocrx_word' id='word_1_850' title='bbox 1849 4900 1962 4965; x_wconf 71' lang='grc' dir='ltr'>ιςιηῐ</span> <span class='ocrx_word' id='word_1_851' title='bbox 1986 4922 2136 4987; x_wconf 49' lang='grc' dir='ltr'><strong>οδες,</strong></span> <span class='ocrx_word' id='word_1_852' title='bbox 2165 4916 2304 4986; x_wconf 53' lang='grc' dir='ltr'>ειμι</span> <span class='ocrx_word' id='word_1_853' title='bbox 2327 4904 2948 4987; x_wconf 32' lang='grc' dir='ltr'>ροξιηΒςιηιιιίυιιι,ριιιιιιι</span> <span class='ocrx_word' id='word_1_854' title='bbox 2975 4900 3244 4983; x_wconf 77' lang='lat' dir='ltr'><strong>Antonius</strong></span> <span class='ocrx_word' id='word_1_855' title='bbox 3265 4900 3398 4987; x_wconf 60' lang='grc' dir='ltr'><strong>ῬειΒί</strong></span> <span class='ocrx_word' id='word_1_856' title='bbox 3422 4944 3437 4968; x_wconf 86' lang='grc'><em>,</em></span> 
     </span>
    </p>
   </div>
   <div class='ocr_carea' id='block_1_122' title="bbox 1849 4973 3444 5042">
    <p class='ocr_par' dir='ltr' id='par_1_122' title="bbox 1849 4973 3444 5042">
     <span class='ocr_line' id='line_1_124' title="bbox 1849 4973 3444 5042; baseline -0.001 -12"><span class='ocrx_word' id='word_1_857' title='bbox 1849 4991 1971 5031; x_wconf 89' lang='lat' dir='ltr'><strong>eum</strong></span> <span class='ocrx_word' id='word_1_858' title='bbox 2015 4978 2190 5031; x_wconf 90' lang='lat' dir='ltr'><strong>adhuc</strong></span> <span class='ocrx_word' id='word_1_859' title='bbox 2229 4974 2283 5028; x_wconf 92' lang='lat' dir='ltr'><strong>in</strong></span> <span class='ocrx_word' id='word_1_860' title='bbox 2324 4974 2512 5031; x_wconf 84' lang='lat' dir='ltr'><strong>Galliis</strong></span> <span class='ocrx_word' id='word_1_861' title='bbox 2557 4984 2740 5042; x_wconf 87' lang='lat' dir='ltr'><strong>ageret</strong></span> <span class='ocrx_word' id='word_1_862' title='bbox 2778 4973 3141 5037; x_wconf 66' lang='lat' dir='ltr'><strong>Constantius,</strong></span> <span class='ocrx_word' id='word_1_863' title='bbox 3187 4975 3274 5042; x_wconf 90' lang='lat' dir='ltr'><strong>qui</strong></span> <span class='ocrx_word' id='word_1_864' title='bbox 3310 4976 3444 5028; x_wconf 87' lang='lat' dir='ltr'><strong>Am-</strong></span> 
     </span>
    </p>
   </div>
   <div class='ocr_carea' id='block_1_123' title="bbox 1850 5042 3448 5113">
    <p class='ocr_par' dir='ltr' id='par_1_123' title="bbox 1850 5042 3448 5113">
     <span class='ocr_line' id='line_1_125' title="bbox 1850 5042 3448 5113; baseline -0.003 -11"><span class='ocrx_word' id='word_1_865' title='bbox 1850 5050 2054 5111; x_wconf 90' lang='lat' dir='ltr'><strong>miano,</strong></span> <span class='ocrx_word' id='word_1_866' title='bbox 2080 5057 2215 5102; x_wconf 85' lang='lat' dir='ltr'><strong>teste</strong></span> <span class='ocrx_word' id='word_1_867' title='bbox 2245 5048 2335 5099; x_wconf 74' lang='grc' dir='ltr'>ιιι».</span> <span class='ocrx_word' id='word_1_868' title='bbox 2366 5062 2475 5109; x_wconf 82' lang='lat' dir='ltr'><strong>xw,</strong></span> <span class='ocrx_word' id='word_1_869' title='bbox 2503 5060 2553 5099; x_wconf 92' lang='lat' dir='ltr'><strong>c.</strong></span> <span class='ocrx_word' id='word_1_870' title='bbox 2586 5042 2641 5109; x_wconf 72' lang='grc'><strong>4,</strong></span> <span class='ocrx_word' id='word_1_871' title='bbox 2672 5043 2773 5098; x_wconf 92' lang='lat' dir='ltr'><strong>sub</strong></span> <span class='ocrx_word' id='word_1_872' title='bbox 2811 5042 3052 5113; x_wconf 75' lang='lat' dir='ltr'><strong>eju~dem</strong></span> <span class='ocrx_word' id='word_1_873' title='bbox 3086 5046 3208 5097; x_wconf 90' lang='lat' dir='ltr'><strong>anni</strong></span> <span class='ocrx_word' id='word_1_874' title='bbox 3242 5043 3448 5097; x_wconf 83' lang='lat' dir='ltr'><strong>exitum</strong></span> 
     </span>
    </p>
   </div>
   <div class='ocr_carea' id='block_1_124' title="bbox 1849 5113 3447 5184">
    <p class='ocr_par' dir='ltr' id='par_1_124' title="bbox 1849 5113 3447 5184">
     <span class='ocr_line' id='line_1_126' title="bbox 1849 5113 3447 5184; baseline -0.001 -12"><span class='ocrx_word' id='word_1_875' title='bbox 1849 5118 1904 5172; x_wconf 89' lang='lat' dir='ltr'><strong>in</strong></span> <span class='ocrx_word' id='word_1_876' title='bbox 1949 5117 2154 5172; x_wconf 85' lang='lat' dir='ltr'><strong>italiam</strong></span> <span class='ocrx_word' id='word_1_877' title='bbox 2198 5117 2262 5171; x_wconf 89' lang='lat' dir='ltr'><strong>ad</strong></span> <span class='ocrx_word' id='word_1_878' title='bbox 2313 5116 2532 5170; x_wconf 88' lang='lat' dir='ltr'><strong>hiberna</strong></span> <span class='ocrx_word' id='word_1_879' title='bbox 2571 5113 2815 5169; x_wconf 83' lang='lat' dir='ltr'><strong>secessit.</strong></span> <span class='ocrx_word' id='word_1_880' title='bbox 2863 5114 3118 5167; x_wconf 77' lang='lat' dir='ltr'><strong>Eamdem</strong></span> <span class='ocrx_word' id='word_1_881' title='bbox 3163 5116 3447 5184; x_wconf 82' lang='lat' dir='ltr'><strong>epistolam</strong></span> 
     </span>
    </p>
   </div>
   <div class='ocr_carea' id='block_1_125' title="bbox 1851 5184 3444 5252">
    <p class='ocr_par' dir='ltr' id='par_1_125' title="bbox 1851 5184 3444 5252">
     <span class='ocr_line' id='line_1_127' title="bbox 1851 5184 3444 5252; baseline -0.001 -9"><span class='ocrx_word' id='word_1_882' title='bbox 1851 5188 2113 5243; x_wconf 89' lang='lat' dir='ltr'><strong>Barunius</strong></span> <span class='ocrx_word' id='word_1_883' title='bbox 2142 5188 2207 5241; x_wconf 89' lang='lat' dir='ltr'><strong>ad</strong></span> <span class='ocrx_word' id='word_1_884' title='bbox 2245 5204 2334 5240; x_wconf 89' lang='lat' dir='ltr'><strong>an.</strong></span> <span class='ocrx_word' id='word_1_885' title='bbox 2368 5186 2497 5248; x_wconf 61' lang='lat' dir='ltr'><strong>55L</strong></span> <span class='ocrx_word' id='word_1_886' title='bbox 2533 5204 2587 5240; x_wconf 91' lang='lat' dir='ltr'><strong>ii.</strong></span> <span class='ocrx_word' id='word_1_887' title='bbox 2611 5185 2668 5247; x_wconf 75' lang='lat'><strong>2,</strong></span> <span class='ocrx_word' id='word_1_888' title='bbox 2697 5184 2979 5252; x_wconf 81' lang='lat' dir='ltr'><strong>exscripsu</strong></span> <span class='ocrx_word' id='word_1_889' title='bbox 3027 5202 3091 5239; x_wconf 79' lang='lat' dir='ltr'><strong>ex</strong></span> <span class='ocrx_word' id='word_1_890' title='bbox 3122 5185 3444 5241; x_wconf 67' lang='lat' dir='ltr'><strong>bibliotheca</strong></span> 
     </span>
    </p>
   </div>
   <div class='ocr_carea' id='block_1_126' title="bbox 1850 5255 3449 5327">
    <p class='ocr_par' dir='ltr' id='par_1_126' title="bbox 1850 5255 3449 5327">
     <span class='ocr_line' id='line_1_128' title="bbox 1850 5255 3449 5327; baseline -0.001 -13"><span class='ocrx_word' id='word_1_891' title='bbox 1850 5259 2066 5314; x_wconf 83' lang='lat' dir='ltr'><strong>Patrum</strong></span> <span class='ocrx_word' id='word_1_892' title='bbox 2090 5258 2221 5315; x_wconf 89' lang='lat' dir='ltr'><strong>edit.</strong></span> <span class='ocrx_word' id='word_1_893' title='bbox 2247 5257 2498 5324; x_wconf 81' lang='lat' dir='ltr'><strong>Paris.,in</strong></span> <span class='ocrx_word' id='word_1_894' title='bbox 2522 5273 2624 5327; x_wconf 90' lang='lat' dir='ltr'><strong>qua</strong></span> <span class='ocrx_word' id='word_1_895' title='bbox 2646 5267 2817 5310; x_wconf 78' lang='lat' dir='ltr'><strong>exstat</strong></span> <span class='ocrx_word' id='word_1_896' title='bbox 2842 5255 2984 5311; x_wconf 87' lang='lat' dir='ltr'><strong>inter</strong></span> <span class='ocrx_word' id='word_1_897' title='bbox 3002 5255 3233 5311; x_wconf 86' lang='lat' dir='ltr'><strong>Luciferi</strong></span> <span class='ocrx_word' id='word_1_898' title='bbox 3250 5256 3449 5327; x_wconf 87' lang='lat' dir='ltr'><strong>Opera.</strong></span> 
     </span>
    </p>
   </div>
   <div class='ocr_carea' id='block_1_127' title="bbox 1927 5347 3456 5425">
    <p class='ocr_par' dir='ltr' id='par_1_127' title="bbox 1927 5347 3456 5425">
     <span class='ocr_line' id='line_1_129' title="bbox 1927 5347 3456 5425; baseline -0.001 -20"><span class='ocrx_word' id='word_1_899' title='bbox 1927 5349 1997 5425; x_wconf 78' lang='lat' dir='ltr'><strong>(f)</strong></span> <span class='ocrx_word' id='word_1_900' title='bbox 2038 5348 2191 5420; x_wconf 88' lang='lat' dir='ltr'><strong>Apud</strong></span> <span class='ocrx_word' id='word_1_901' title='bbox 2217 5350 2437 5414; x_wconf 87' lang='lat' dir='ltr'><strong>Baron.,</strong></span> <span class='ocrx_word' id='word_1_902' title='bbox 2471 5365 2571 5415; x_wconf 89' lang='lat' dir='ltr'><strong>quo</strong></span> <span class='ocrx_word' id='word_1_903' title='bbox 2598 5348 2787 5425; x_wconf 70' lang='lat' dir='ltr'><strong>possint</strong></span> <span class='ocrx_word' id='word_1_904' title='bbox 2810 5365 2829 5414; x_wconf 86' lang='lat'><strong>;</strong></span> <span class='ocrx_word' id='word_1_905' title='bbox 2859 5359 2915 5402; x_wconf 89' lang='lat' dir='ltr'><strong>et</strong></span> <span class='ocrx_word' id='word_1_906' title='bbox 2939 5362 3065 5403; x_wconf 82' lang='lat' dir='ltr'><strong>mox</strong></span> <span class='ocrx_word' id='word_1_907' title='bbox 3090 5347 3289 5416; x_wconf 83' lang='lat' dir='ltr'><strong>aperire</strong></span> <span class='ocrx_word' id='word_1_908' title='bbox 3309 5389 3324 5415; x_wconf 93' lang='lat'><strong>,</strong></span> <span class='ocrx_word' id='word_1_909' title='bbox 3356 5362 3456 5418; x_wconf 86' lang='lat' dir='ltr'><strong>pro</strong></span> 
     </span>
    </p>
   </div>
   <div class='ocr_carea' id='block_1_128' title="bbox 1858 5420 2955 5493">
    <p class='ocr_par' dir='ltr' id='par_1_128' title="bbox 1858 5420 2955 5493">
     <span class='ocr_line' id='line_1_130' title="bbox 1858 5420 2955 5493; baseline -0.005 -15"><span class='ocrx_word' id='word_1_910' title='bbox 1858 5420 2144 5493; x_wconf 77' lang='lat' dir='ltr'><strong>apparere;</strong></span> <span class='ocrx_word' id='word_1_911' title='bbox 2170 5430 2226 5475; x_wconf 91' lang='lat' dir='ltr'><strong>et</strong></span> <span class='ocrx_word' id='word_1_912' title='bbox 2251 5430 2408 5475; x_wconf 88' lang='lat' dir='ltr'><strong>antea</strong></span> <span class='ocrx_word' id='word_1_913' title='bbox 2435 5431 2576 5493; x_wconf 85' lang='lat' dir='ltr'><strong>opto.</strong></span> <span class='ocrx_word' id='word_1_914' title='bbox 2606 5437 2703 5492; x_wconf 88' lang='lat' dir='ltr'><strong>pro</strong></span> <span class='ocrx_word' id='word_1_915' title='bbox 2730 5420 2955 5473; x_wconf 84' lang='lat' dir='ltr'><strong>obsecro.</strong></span> 
     </span>
    </p>
   </div>
   <div class='ocr_carea' id='block_1_129' title="bbox 1931 5490 3459 5565">
    <p class='ocr_par' dir='ltr' id='par_1_129' title="bbox 1931 5490 3459 5565">
     <span class='ocr_line' id='line_1_131' title="bbox 1931 5490 3459 5565; baseline 0 -19"><span class='ocrx_word' id='word_1_916' title='bbox 1931 5490 2011 5565; x_wconf 76' lang='lat' dir='ltr'><strong>(g)</strong></span> <span class='ocrx_word' id='word_1_917' title='bbox 2054 5494 2236 5565; x_wconf 69' lang='lat' dir='ltr'><strong>Qualis</strong></span> <span class='ocrx_word' id='word_1_918' title='bbox 2258 5493 2424 5565; x_wconf 71' lang='lat' dir='ltr'><strong>fuerit</strong></span> <span class='ocrx_word' id='word_1_919' title='bbox 2442 5490 2527 5565; x_wconf 81' lang='lat' dir='ltr'><strong>hic</strong></span> <span class='ocrx_word' id='word_1_920' title='bbox 2548 5490 2747 5565; x_wconf 81' lang='lat' dir='ltr'><strong>sermo.</strong></span> <span class='ocrx_word' id='word_1_921' title='bbox 2772 5491 3021 5559; x_wconf 80' lang='lat' dir='ltr'><strong>augurari</strong></span> <span class='ocrx_word' id='word_1_922' title='bbox 3045 5491 3171 5546; x_wconf 92' lang='lat' dir='ltr'><strong>licet</strong></span> <span class='ocrx_word' id='word_1_923' title='bbox 3190 5505 3253 5545; x_wconf 81' lang='lat' dir='ltr'><strong>ex</strong></span> <span class='ocrx_word' id='word_1_924' title='bbox 3281 5490 3459 5547; x_wconf 85' lang='lat' dir='ltr'><strong>verbis</strong></span> 
     </span>
    </p>
   </div>
   <div class='ocr_carea' id='block_1_130' title="bbox 1865 5561 3399 5633">
    <p class='ocr_par' dir='ltr' id='par_1_130' title="bbox 1865 5561 3399 5633">
     <span class='ocr_line' id='line_1_132' title="bbox 1865 5561 3399 5633; baseline -0.002 -14"><span class='ocrx_word' id='word_1_925' title='bbox 1865 5561 2015 5620; x_wconf 77' lang='lat' dir='ltr'><strong>noni.</strong></span> <span class='ocrx_word' id='word_1_926' title='bbox 2046 5566 2100 5629; x_wconf 82' lang='lat'><strong>5,</strong></span> <span class='ocrx_word' id='word_1_927' title='bbox 2130 5563 2320 5633; x_wconf 86' lang='lat' dir='ltr'><strong>quibus</strong></span> <span class='ocrx_word' id='word_1_928' title='bbox 2350 5561 2594 5620; x_wconf 86' lang='lat' dir='ltr'><strong>Liberius</strong></span> <span class='ocrx_word' id='word_1_929' title='bbox 2618 5564 2982 5633; x_wconf 81' lang='lat' dir='ltr'><strong>iniioceit.iam</strong></span> <span class='ocrx_word' id='word_1_930' title='bbox 3013 5577 3165 5617; x_wconf 86' lang='lat' dir='ltr'><strong>suam</strong></span> <span class='ocrx_word' id='word_1_931' title='bbox 3196 5570 3399 5616; x_wconf 87' lang='lat' dir='ltr'><strong>tuetur.</strong></span> 
     </span>
    </p>
   </div>
   <div class='ocr_carea' id='block_1_131' title="bbox 1941 5632 3462 5707">
    <p class='ocr_par' dir='ltr' id='par_1_131' title="bbox 1941 5632 3462 5707">
     <span class='ocr_line' id='line_1_133' title="bbox 1941 5632 3462 5707; baseline 0.001 -21"><span class='ocrx_word' id='word_1_932' title='bbox 1941 5636 2022 5707; x_wconf 76' lang='lat' dir='ltr'><strong>(Ii)</strong></span> <span class='ocrx_word' id='word_1_933' title='bbox 2064 5632 2219 5689; x_wconf 83' lang='lat' dir='ltr'><strong>Anno</strong></span> <span class='ocrx_word' id='word_1_934' title='bbox 2276 5636 2556 5707; x_wconf 81' lang='lat' dir='ltr'><strong>superiore</strong></span> <span class='ocrx_word' id='word_1_935' title='bbox 2588 5650 2696 5707; x_wconf 83' lang='lat' dir='ltr'><strong>per</strong></span> <span class='ocrx_word' id='word_1_936' title='bbox 2724 5632 3090 5707; x_wconf 80' lang='lat' dir='ltr'><strong>_Viiicentium_</strong></span> <span class='ocrx_word' id='word_1_937' title='bbox 3110 5633 3423 5707; x_wconf 82' lang='lat' dir='ltr'><strong>Capuanum</strong></span> <span class='ocrx_word' id='word_1_938' title='bbox 3445 5675 3462 5699; x_wconf 91' lang='lat'><strong>,</strong></span> 
     </span>
    </p>
   </div>
   <div class='ocr_carea' id='block_1_132' title="bbox 1869 5703 3463 5777">
    <p class='ocr_par' dir='ltr' id='par_1_132' title="bbox 1869 5703 3463 5777">
     <span class='ocr_line' id='line_1_134' title="bbox 1869 5703 3463 5777; baseline 0 -16"><span class='ocrx_word' id='word_1_939' title='bbox 1869 5707 1957 5777; x_wconf 80' lang='lat' dir='ltr'><strong>qui</strong></span> <span class='ocrx_word' id='word_1_940' title='bbox 1976 5703 2191 5762; x_wconf 67' lang='lat' dir='ltr'><strong>Arelate</strong></span> <span class='ocrx_word' id='word_1_941' title='bbox 2206 5721 2327 5761; x_wconf 91' lang='lat' dir='ltr'><strong>cum</strong></span> <span class='ocrx_word' id='word_1_942' title='bbox 2351 5705 2562 5759; x_wconf 85' lang='lat' dir='ltr'><strong>Arianis</strong></span> <span class='ocrx_word' id='word_1_943' title='bbox 2585 5703 2636 5760; x_wconf 87' lang='lat' dir='ltr'><strong>iii</strong></span> <span class='ocrx_word' id='word_1_944' title='bbox 2654 5703 2930 5759; x_wconf 85' lang='lat' dir='ltr'><strong>Athanasii</strong></span> <span class='ocrx_word' id='word_1_945' title='bbox 2954 5704 3463 5761; x_wconf 79' lang='lat' dir='ltr'><strong>cinideinnatimiem</strong></span> 
     </span>
    </p>
   </div>
   <div class='ocr_carea' id='block_1_133' title="bbox 1871 5781 2168 5837">
    <p class='ocr_par' dir='ltr' id='par_1_133' title="bbox 1871 5781 2168 5837">
     <span class='ocr_line' id='line_1_135' title="bbox 1871 5781 2168 5837; baseline -0.017 0"><span class='ocrx_word' id='word_1_946' title='bbox 1871 5781 2168 5837; x_wconf 87' lang='lat' dir='ltr'><strong>consensit.</strong></span> 
     </span>
    </p>
   </div>
   <div class='ocr_carea' id='block_1_134' title="bbox 2969 5869 3053 5933">
    <p class='ocr_par' dir='ltr' id='par_1_134' title="bbox 2969 5869 3053 5933">
     <span class='ocr_line' id='line_1_136' title="bbox 2969 5869 3053 5933; baseline 0 0"><span class='ocrx_word' id='word_1_947' title='bbox 2969 5869 3053 5933; x_wconf 76' lang='lat'><strong>22</strong></span> 
     </span>
    </p>
   </div>
  </div>
