3958 6194
146 340 255 410 oss

1085 358 1181 416 EX
1219 356 1448 418 OPERE
1486 354 1852 423 HISTORICO
1890 356 2379 426 FRAGMENTUM
2418 362 2504 426 Vl.

3355 374 3462 437 686

146 490 213 528 ex
244 472 449 545 quibus
472 489 615 531 nunc
633 475 849 547 quidam
882 486 1038 533 extra
1074 477 1370 534 Ecclesium
1428 480 1749 535 catholicam
1778 486 1834 551 Α
1860 492 1966 549 tur,
1992 492 2048 537 ut
2071 499 2192 553 qua:
2221 483 2642 555 fuerintjudicio
2664 484 3008 543 sacerdotum
3036 485 3130 542 Dei
3161 488 3453 545 conﬁrma-

148 566 287 624 foris
337 567 499 638 positi
551 570 805 624 dicuntur
847 570 949 626 sibi
1023 571 1380 627 conciliabula
1439 572 1748 640 invenisse,

145 661 347 732 quibus
376 671 720 719 asseveratur
741 663 900 719 etiam
933 663 1198 734 Georgius
1224 665 1299 735 (ιι)
1329 667 1381 720 in
1427 665 1754 721 Alexandria

148 771 248 827 per
277 755 495 812 litteras
520 756 943 813 communicare-
975 754 1107 823 Quze
1132 771 1262 828 ergo
1284 772 1385 829 pax
1408 768 1584 827 potest
1607 771 1750 824 esse,

150 849 606 919 tranquillissime
634 850 950 920 imperator,
981 849 1026 904 si
1057 848 1132 921 (b)
1178 848 1435 905 exhibitis
1478 850 1749 920 episcopi,

148 948 381 996 utnunc
443 958 538 1012 per
588 941 798 998 Italiam
824 942 1021 998 factum
1079 951 1196 1007 est,
1255 953 1519 1014 cogantur
1565 943 1750 998 talium

149 1036 444 1089 sententiis
471 1034 695 1091 obedire
724 1033 748 1085 ‘t

226 1125 278 1180 5.
334 1126 535 1198 Accipe
583 1125 726 1179 aliud
750 1166 764 1191 ,
803 1126 926 1197 quia
964 1126 1328 1197 tranquillitas
1355 1135 1441 1181 tua
1464 1126 1632 1198 6⁵14
1660 1142 1753 1197 pa-

149 1218 354 1274 tienter
381 1208 635 1274 admittit.
663 1218 878 1275 Manent
908 1219 1204 1291 legatorum
1266 1221 1340 1292 (e)
1403 1221 1595 1275 littera:
1615 1263 1630 1287 ,
1660 1221 1752 1291 qui

145 1310 218 1366 ad
248 1310 594 1366 clementiam
627 1320 770 1364 tuam
799 1309 1017 1365 fuerant
1069 1309 1359 1376 destinati,
1403 1326 1525 1381 qua:
1552 1312 1754 1382 nuper

147 1410 460 1458 vent-runt:
492 1402 685 1472 quibus
729 1402 1069 1473 significant,
1121 1414 1341 1473 prepter
1383 1403 1750 1460 turbationem

146 1494 370 1566 quidem
395 1494 632 1550 omnium
658 1494 1011 1550 ecclesarintn
1039 1496 1325 1565 sequidem
1355 1507 1481 1552 ante
1502 1511 1753 1552 succum-

144 1584 283 1643 bere
313 1587 601 1644 sententiis
655 1587 1011 1644 Orientalium
1072 1588 1341 1656 voluisse,
1401 1592 1751 1661 proposuisse

149 1689 333 1736 tamen
356 1678 728 1736 conditionem
749 1722 763 1746 ,
796 1689 854 1736 ut
883 1681 927 1736 si
957 1680 1118 1735 iidem
1148 1679 1262 1736 Arii
1316 1681 1566 1738 lneresim
1615 1698 1750 1739 con-

142 1775 533 1840 demnassent,
565 1770 669 1828 hoc
697 1788 897 1844 genere
923 1770 1169 1829 inclinati
1222 1789 1412 1829 eorum
1467 1776 1753 1831 sententiis

1859 583 1910 631 ta
1930 617 1945 642 ,
1967 590 2087 632 cum
2117 580 2419 634 constiterit
2445 594 2634 637 omnes
2663 580 2719 635 in
2747 581 3138 651 expositionem
3163 584 3311 652 ﬁdei,
3332 602 3453 657 qua)

1857 668 1999 726 inter
2026 678 2207 727 tantos
2236 673 2522 744 episcopos
2552 673 2694 744 apud
2729 673 2960 730 Nicaeam
2990 685 3260 746 prasente
3289 695 3448 736 sane.

1858 764 2227 819 tememoria:
2286 774 2435 833 patre
2489 774 2582 820 tuo
2624 766 2944 822 conﬁrmata
2988 778 3101 836 est,
3164 771 3453 829 universos

1855 858 2234 923 consensisse,
2262 871 2383 913 cum
2410 858 2663 927 exemplo
2692 858 2901 929 possint
2919 861 2970 915 in
3002 871 3275 931 posterum
3320 879 3445 920 cus-

1857 948 2055 1004 todiri:
2087 960 2143 1004 ut
2166 952 2282 1020 ipse
2338 951 2608 1018 Salvator,
2635 954 2726 1022 qui
2757 953 2824 1008 de
2871 969 3037 1025 super
3084 956 3283 1012 mentis
3346 966 3454 1015 tua

1858 1044 2191 1113 propositum
2222 1045 2477 1109 intuetur,
2514 1043 2568 1098 in
2603 1054 2750 1100 tanta
2776 1061 2958 1101 rerum
2985 1048 3451 1117 expeditionalis.

1858 1144 2021 1197 tetur,
2052 1150 2271 1191 causam
2305 1135 2430 1191 fidei
2460 1144 2517 1192 et
2540 1138 2687 1206 pacis
2733 1139 2897 1193 etiam
2927 1139 3237 1209 reipublicze
3264 1157 3453 1198 neces-

1856 1227 2107 1283 sitatibus
2139 1243 2244 1283 non
2292 1229 2566 1284 immerito
2594 1230 2974 1299 prmposuisse.
3006 1230 3088 1287 Ad
3113 1232 3453 1290 exorandum

1855 1317 2019 1390 igitur
2046 1320 2517 1376 mansuetudinem
2549 1329 2692 1376 tuam
2710 1362 2725 1388 ,
2751 1331 2808 1376 ut
2826 1322 3099 1379 benevolo
3118 1324 3303 1382 animo
3325 1326 3456 1383 alle-

1853 1412 2101 1480 gatiOnes
2132 1422 2347 1468 nostras
2371 1414 2560 1470 audire
2587 1414 2858 1485 digneris,
2888 1414 3110 1473 fratrem
3157 1428 3214 1474 et
3268 1421 3451 1490 coepio

1855 1517 2077 1572 scopum
2106 1519 2285 1560 meum
2313 1515 2559 1561 sanctum
2593 1507 2767 1562 virum
2796 1506 3103 1564 Luciferum
3151 1526 3274 1566 cum
3314 1512 3452 1567 Pan-

1865 1597 2036 1650 cratio
2058 1596 2378 1668 presbytero
2398 1603 2454 1653 et
2471 1598 2674 1654 ililario
2692 1598 2922 1656 diacono
2944 1601 3143 1670 placuit
3160 1601 3450 1671 proﬁcisci.

1858 1685 2008 1754 Quos
2038 1688 2311 1746 credimus
2334 1688 2403 1745 de
2423 1691 2710 1746 clementia
2726 1699 2816 1746 tua
2841 1692 2908 1747 ad
2934 1708 3118 1763 pacem
3140 1694 3305 1768 e75
3329 1711 3451 1753 om-

1855 1780 2004 1835 nium
2026 1781 2380 1837 ecclesiarum
2409 1783 2795 1840 catholicarum
2838 1802 2944 1841 non
2969 1787 3261 1844 difﬁculter
3289 1804 3451 1859 posse

142 1865 456 1922 obedirent.
514 1864 819 1931 Placitum,
852 1875 909 1921 ut
947 1866 1048 1935 ipsi
1102 1866 1439 1938 significant,
1482 1870 1750 1940 scriptura
1778 1886 1828 1950 Β
1854 1872 2144 1928 concilium
2172 1875 2484 1943 impetrare.
2510 1877 2604 1933 Dei
2632 1880 3021 1949 omnipotentis
3040 1882 3332 1939 clementia
3392 1893 3447 1942 te

142 1965 286 2015 teste
317 1958 583 2024 ﬁrmatur,
608 1960 716 2014 itur
738 1960 789 2015 in
818 1959 1106 2015 concilium
1139 1977 1151 2013 :
1186 1961 1455 2032 accipiunt
1502 1978 1624 2018 cum
1647 1963 1744 2020 de-

138 2051 471 2109 liberatione
506 2068 798 2123 restionsa,
860 2054 972 2109 Arii
1032 2053 1330 2109 doctrinam
1381 2070 1438 2111 se
1485 2054 1746 2114 damnare

136 2157 252 2198 non
286 2134 483 2214 posse,
538 2145 931 2212 Athanasium,
993 2145 1137 2216 quod
1198 2144 1372 2199 solum
1415 2145 1737 2217 exigebant,

135 2239 529 2293 communione
571 2253 694 2293 esse
740 2237 1077 2308 privandum.
1119 2235 1255 2292 llinc
1297 2237 1409 2307 jam
1456 2238 1744 2294 clementia

136 2342 232 2386 tua
255 2333 359 2387 hoc
387 2347 604 2402 quoque
631 2331 971 2396 consideret,
1002 2340 1150 2387 recte
1204 2330 1487 2388 catholicae
1534 2332 1749 2402 religio-

133 2422 223 2478 llis
250 2423 377 2493 jure
401 2432 653 2488 servato,
688 2439 751 2476 an
780 2425 1012 2478 hominis
1041 2438 1203 2478 causa
1262 2423 1462 2480 debeat
1509 2422 1741 2495 diligen-

144 2527 233 2571 ter
262 2530 611 2586 excusscque
642 2517 884 2571 tractari.

209 2609 264 2664 6.
294 2608 589 2665 Concilium
638 2610 783 2664 enixe
833 2609 1159 2678 deprecatur.
1213 2638 1283 2649 --
1334 2607 1489 2665 Unde
1541 2609 1739 2665 iterum

130 2713 298 2775 atque
329 2703 526 2758 iterum
579 2702 1048 2758 mansuetudinem
1090 2713 1232 2757 tuam
1282 2715 1443 2775 atque
1492 2705 1734 2759 animum

130 2806 287 2852 tuum
322 2796 439 2852 Deo
464 2795 719 2851 devotum
752 2810 1004 2866 rogamus
1032 2812 1125 2865 per
1147 2798 1263 2864 ejus
1291 2797 1580 2861 virtutem,
1643 2795 1735 2867 qui

136 2904 196 2943 se
230 2888 285 2943 in
310 2887 635 2943 defensione
676 2896 766 2943 tua
817 2887 1083 2960 (adversus
1114 2887 1467 2959 Magnentium
1514 2907 1600 2943 an.
1634 2889 1742 2944 ’555

132 2978 394 3053 deletum)
451 2992 682 3049 quantus
726 2982 825 3045 sit,
883 2981 1149 3037 universis
1179 2983 1496 3038 mortalibus
1544 2998 1742 3052 appro-

128 3074 318 3138 bavit,
348 3082 411 3128 ut
439 3072 643 3129 habens
676 3087 801 3128 ante
830 3074 1017 3129 oculos
1034 3075 1151 3144 ejus
1180 3074 1437 3130 beneﬁcia
1460 3116 1474 3141 ,
1506 3076 1595 3145 qui
1637 3075 1741 3129 im-

132 3170 350 3238 perium
385 3178 535 3222 tuum
565 3168 615 3222 in
648 3167 899 3221 omnibus
931 3168 1099 3236 regit,
1134 3166 1250 3221 haec
1275 3167 1324 3220 in
1348 3176 1494 3223 casto
1527 3168 1739 3235 episco—

132 3276 329 3331 porum
380 3259 667 3330 diligenter
717 3261 878 3314 facias
924 3259 1071 3315 omni
1124 3274 1246 3314 cum
1299 3260 1736 3316 consideratione

128 3356 358 3412 tractari
387 3370 403 3407 :
438 3364 494 3407 ut
520 3354 724 3424 pacatis
756 3369 850 3423 per
873 3362 928 3409 te
964 3355 1073 3409 Deo
1105 3355 1318 3410 favente
1362 3355 1698 3425 temporibus
1718 3398 1733 3423 ,

129 3447 532 3519 tranquillitate
560 3456 648 3502 tua
679 3446 1085 3511 consentiente,
1117 3447 1195 3502 sic
1236 3447 1411 3500 omnia
1439 3446 1735 3503 discutian-

132 3592 441 3666 Alexondro
454 3593 695 3666 episcopo
717 3593 971 3647 damnatis
990 3592 1227 3666 ecclesiis
1255 3592 1556 3666 (catholicis
1579 3606 1736 3661 erep-

132 3667 225 3740 ti»)
250 3662 554 3740 donentur.“
588 3662 675 3740 Ita
718 3666 770 3718 in
799 3664 1080 3740 “superiori
1123 3662 1283 3740 Libya
1308 3664 1631 3740 “Secundus,
1681 3666 1736 3717 in

132 3732 458 3793 Alexandria
509 3735 738 3789 Estzoius
790 3732 1149 3799 Cltanamens,
1222 3732 1434 3800 Julius,
1484 3736 1730 3801 Ammon,

134 3811 352 3863 Marcus
370 3849 382 3869 ,
406 3810 658 3869 Imm.
678 3806 920 3860 Zosimus
936 3847 950 3869 ,
984 3806 1235 3873 Serapion
1265 3820 1599 3876 cognomento
1624 3805 1729 3860 Pe-

132 3883 281 3936 lecon
300 3922 315 3941 ,
339 3878 392 3933 'et
418 3880 471 3933 iu
492 3878 656 3949 Libya
688 3878 1095 3950 Sisinnius‘cnm
1113 3878 1386 3950 juvenibus
1405 3878 1633 3950 ejusdem
1646 3893 1727 3931 se.

129 3970 253 4007 cum
280 3951 535 4005 hereseos
553 3948 835 4005 cultoribus
863 3948 1104 4001 ecclesias
1135 3949 1409 4009 accipiunt.

208 4022 578 4095 (0)7Valesius
602 4036 728 4095 cum
764 4018 1034 4095 Georgium
1077 4019 1132 4072 in
1172 4017 1488 4095 Alexandria
1533 4020 1611 4073 sic
1641 4020 1726 4074 in-

135 4088 440 4151 teileiisset
459 4093 611 4162 quasi
635 4088 924 4161 Georgium
953 4088 1370 4162 Alexandrinum
1392 4091 1725 4158 episcopum.

131 4180 296 4237 quem
326 4160 542 4220 constat
580 4177 729 4237 anno
761 4160 965 4237 tantum
994 4162 1098 4215 536
1141 4160 1192 4215 in
1239 4161 1724 4237 Athanasiiscdt-m

134 4232 436 4300 invasisse;
480 4250 546 4289 νο
578 4236 695 4288 loco
730 4233 990 4287 adductus
1016 4243 1132 4297 est,
1182 4243 1241 4286 ut
1284 4232 1417 4284 hanc
1449 4233 1726 4301 epistolam

136 4318 263 4363 ante
303 4306 553 4362 eumdem
599 4319 797 4360 annum
838 4304 1093 4371 scriptam
1142 4312 1374 4373 negaret.
1412 4303 1475 4357 At
1514 4314 1729 4357 notatur

138 4384 244 4434 hoc
268 4380 391 4433 loco
416 4375 680 4448 Georgius
707 4378 876 4448 alter.
893 4385 947 4427 et
970 4386 1024 4426 ut
1040 4375 1321 4448 probabile
1339 4385 1419 4448 est
1447 4374 1728 4448 Laodiceae

138 4445 764 4521 episcopumﬂuiantea
795 4445 1087 4521 alituum-tiu
1124 4456 1264 4521 teste
1296 4446 1387 4521 lib.
1429 4446 1496 4521 de
1524 4445 1727 4521 Synod.

140 4515 191 4591 p'.
218 4515 400 4591 886m
421 4515 548 4578 887.
578 4515 1299 4591 Alexandrinuspresbyter,
1333 4519 1400 4591 ab
1424 4517 1731 4591 Alexandro

136 4586 350 4662 eiectus
376 4590 570 4646 fuerat.
621 4589 931 4662 Undepost
975 4588 1027 4662 ἕρ
1066 4586 1401 4662 Alexandria,
1448 4589 1731 4662 commode

139 4656 484 4732 suppleveris
508 4662 631 4715 olim
670 4659 957 4732 presbyter.
977 4656 1325 4732 Gonnnodius
1356 4675 1482 4714 vero
1520 4658 1731 4732 intelle—

1855 1967 2013 2023 nobis
2077 1969 2390 2035 custodiat,
2454 1970 2877 2029 clementissime
2922 1987 2989 2029 ac
3041 1974 3451 2045 religiosissime

1854 2060 1938 2133 (α)
1970 2066 2224 2134 Auguste.
2267 2062 2520 2133 Explicit.

2102 2200 2585 2259 FRAGMENTUM
2628 2200 2694 2257 Vl
2738 2203 2907 2276 (Alias
2940 2220 2955 2260 ι
2988 2204 3195 2277 partis).

1850 2311 2104 2371 Linesms
2151 2330 2290 2370 aurs
2350 2329 2497 2379 QUAI
2538 2331 2605 2371 an
2645 2329 2893 2372 sxsnuuu
2937 2333 3098 2383 tasr,
3148 2335 3289 2377 sane
3331 2335 3448 2378 unt-

1922 2420 2141 2465 FOBIEI
2195 2405 2270 2478 (e)
2326 2421 2627 2463 BPIS‘I‘OLAI
2686 2406 3118 2467 CONFBSSOBIBUS
3173 2426 3409 2471 SCRIPSIT
3432 2456 3448 2482 ,

1917 2513 1972 2554 tu
2009 2514 2143 2564 ss'r,
2186 2497 2444 2564 Eusssto,
2490 2502 2740 2556 Diosvsm
2779 2516 2847 2557 sx
2891 2501 3163 2560 Luetrsao
3202 2520 3253 2561 ια
3295 2521 3443 2563 exst-

1915 2606 2003 2648 Llo
2038 2606 2387 2648 cous'rtwrts
2425 2593 2543 2661 (an.
2576 2592 2733 2664 555).

1917 2705 1968 2759 1.
1991 2703 2272 2760 Exsulibus
2306 2705 2597 2776 gratulatur
2639 2704 2892 2760 Liberius.
2923 2736 2995 2749 —-
3038 2707 3296 2777 Quamvis
3343 2713 3446 2768 sub

1847 2796 2080 2868 imagine
2111 2794 2295 2866 pacis,
2328 2796 2549 2851 humani
2576 2797 2793 2867 generis
2834 2797 3087 2853 inimicus
3140 2801 3442 2859 vehemen-

1850 2889 1956 2943 tius
1987 2890 2039 2942 in
2066 2887 2310 2943 membra
2346 2886 2607 2943 Ecclesiae
2662 2888 2910 2944 videatur
2959 2904 3081 2946 esse
3128 2903 3443 2962 grassatus;

1848 2995 1947 3034 vos
1980 2989 2157 3035 tamen
2179 3020 2193 3041 ,
2226 2979 2296 3048 (f)
2353 2980 2717 3048 acceptissimi
2748 2980 2799 3034 in
2830 2980 3058 3036 Domino
3093 2982 3407 3041 sacerdotes
3429 3025 3445 3051 ,

1847 3073 2065 3142 egregia
2092 3079 2148 3126 et
2176 3070 2470 3141 singularis
2494 3070 2628 3126 ﬁdes
2651 3080 2711 3127 et
2736 3071 2825 3126 hic
2852 3072 3163 3141 probabiles
3188 3075 3302 3132 Deo
3351 3091 3445 3132 os-

1848 3163 2055 3232 tendit,
2080 3172 2136 3219 et
2156 3163 2267 3232 jam
2290 3163 2360 3218 ad
2389 3165 2621 3218 futuram
2650 3164 2875 3234 gloriam
2909 3176 3180 3237 martyres
3196 3167 3453 3240 designa-

1845 3258 1938 3314 vit.
1972 3259 2091 3328 Quo
2118 3260 2299 3329 itaque
2324 3259 2594 3328 praeconio
2621 3258 2826 3326 laudis,
2866 3275 2973 3330 qua
3003 3261 3149 3317 vocis
3196 3264 3443 3322 exsulta-

1766 3330 1812 3394 Ο
1844 3351 1990 3407 tione
2014 3350 2205 3406 merita
2228 3350 2445 3405 virtutis
2471 3357 2669 3405 vestrae
2692 3349 2964 3420 proferam
2984 3391 3001 3417 ,
3045 3353 3255 3422 positus
3298 3355 3453 3412 inter

1843 3458 2131 3501 mmrorem
2199 3443 2457 3499 absentiae
2534 3454 2728 3499 vestra:
2796 3438 2850 3499 et
2901 3445 3154 3515 gaudium
3221 3446 3441 3519 gloriae,

1846 3608 1908 3665 ac
1957 3591 2191 3665 tandem
2222 3591 2561 3665 Vincentium
2611 3593 2660 3647 vi
2718 3594 3058 3665 compulsum
3115 3596 3443 3655 Arianorum

1848 3664 2040 3735 placita
2072 3662 2380 3735 perfecisse.

1916 3735 2000 3808 (τί)
2023 3735 2181 3808 Apud
2207 3732 2426 3808 Baron.,
2443 3736 2822 3808 religiosissime
2847 3738 3149 3805 imperator.

1918 3804 1987 3878 (e)
2021 3804 2282 3861 Batonius
2311 3807 2375 3860 ad
2412 3824 2500 3860 an.
2531 3805 2655 3864 555.
2686 3825 2738 3861 u.
2762 3807 2852 3872 52,
2881 3804 3167 3878 epistolam
3189 3811 3439 3870 eamdem

1837 3877 2077 3948 exhibet.
2118 3877 2289 3948 Quam
2323 3878 2375 3932 in
2419 3878 2553 3933 attis
2578 3878 2794 3948 quidem
2826 3880 2884 3934 S.
2921 3877 3141 3937 Eusebii
3181 3881 3247 3938 ad
3275 3899 3440 3940 unum

1841 3947 2169 4021 Eusebium,
2204 3947 2259 4002 in
2288 3949 2475 4004 codice
2496 3947 2678 4021 autem
2718 3950 2975 4006 Vaticano
3007 3963 3115 4006 tum
3147 3953 3213 4008 ad
3256 3955 3435 4021 ipsom

1837 4029 1947 4072 ttttn
1979 4021 2043 4073 ad
2087 4020 2326 4091 reliquos
2354 4020 2592 4086 exsules,
2620 4036 2681 4075 ac
2710 4020 2925 4076 dentom
2958 4023 3009 4077 in
3042 4020 3287 4091 pluribus
3310 4025 3435 4081 aliis

1834 4090 2233 4158 exetnplarilms
2290 4091 2355 4144 ad
2383 4107 2570 4145 omnes
2593 4091 2934 4147 confessores
2963 4092 3194 4148 diversis
3222 4095 3272 4147 in
3306 4097 3439 4152 locis

1837 4162 2147 4216 cxsulantes
2165 4162 2490 4233 encyclicam
2511 4161 2823 4233 inscriptam
2843 4178 2960 4217 esse
2974 4174 3218 4218 teatatur.
3236 4165 3331 4220 Cui
3355 4168 3438 4222 in-

1834 4233 2116 4301 scriptioni
2147 4231 2309 4295 favei,
2334 4232 2477 4301 quod
2510 4231 2647 4285 hanc.
2669 4232 2980 4301 uniformem
3026 4234 3258 4289 Hilarius
3288 4252 3430 4291 nun-

1834 4313 2015 4371 cupat.
2064 4304 2213 4377 Unde
2250 4303 2496 4377 proxime
2550 4313 2668 4369 post
2701 4304 2862 4357 verba
2884 4301 3147 4377 Dionysio
3163 4314 3235 4377 _ct
3275 4303 3433 4362 Luci-

1835 4378 1966 4445 fero,
2001 4374 2355 4445 supplendum
2391 4374 2598 4445 videtur
2638 4384 2682 4428 et
2724 4375 2940 4430 cwteris.
2975 4374 3137 4432 Certe
3163 4375 3433 4433 Pancratii

1835 4443 2132 4519 presbyteri
2168 4455 2249 4519 et_
2272 4443 2456 4519 llilarii
2480 4443 2717 4519 diaconi,
2756 4446 2844 4515 qui
2871 4463 2981 4519 una
3019 4463 3139 4503 cum
3169 4448 3423 4519 Eusebio,

1836 4516 2091 4587 Diony~io
2132 4526 2184 4568 et
2229 4513 2480 4570 Lucifero
2516 4517 2685 4587 missi,
2714 4513 2975 4572 eamdem
3014 4518 3191 4573 exsilii
3221 4513 3423 4575 Sortem

1832 4590 2076 4656 perpessi
2108 4596 2263 4640 erant
2286 4628 2300 4649 ,
2334 4587 2604 4641 Liberium
2634 4588 2865 4642 oblitum
2896 4605 3017 4644 esse
3045 4590 3169 4658 quis
3202 4590 3424 4645 credat?

1906 4658 2022 4713 Non
2068 4658 2376 4728 ambiguum
2403 4670 2507 4719 est,
2548 4658 2691 4715 illam
2719 4658 2785 4712 ad
2816 4674 2910 4715 eos
2939 4661 3169 4714 maxime
3203 4660 3424 4716 missam

141 4720 285 4789 xeris
319 4749 442 4789 eum
474 4731 562 4787 hic
586 4720 738 4800 argui
759 4771 775 4797 ,
819 4720 960 4800 quod
994 4730 1368 4784 Alexandrinis
1399 4730 1611 4785 Arionis
1637 4747 1731 4800 per
1756 4720 1809 4780 D
1837 4744 1980 4795 esse,
2012 4732 2100 4799 qui
2135 4732 2186 4782 in
2214 4720 2440 4783 concilio
2472 4728 2865 4800 Mediolancthi
2889 4731 3014 4784 anni
3035 4728 3163 4796 355,
3196 4731 3267 4785 ob
3294 4747 3427 4787 cono

139 4806 349 4860 litteras
369 4802 755 4859 communicet.
1553 4839 1558 4842 -

216 4878 294 4949 (b)
336 4873 503 4949 Abest
534 4873 774 4930 exhibitis
803 4871 1384 4949 apiid_Baroniutii._ln
1417 4887 1519 4949 nis.
1564 4872 1729 4934 Pith..

142 4942 384 5004 exliibitis
406 4948 697 5018 episcopis:
718 4943 858 5013 quod
884 4943 1059 5018 Faber
1082 4957 1202 5018 non_
1213 4944 1352 4997 male
1381 4942 1592 5018 videtur
1611 4958 1731 4997 cor-

143 5020 371 5084 rexisse,
399 5012 459 5072 ut
490 5012 750 5087 liquidius
762 5015 992 5087 patebit,
1016 5012 1064 5068 si
1094 5014 1377 5069 verborum
1402 5016 1535 5067 ordo
1559 5025 1731 5087 mnte-

146 5099 231 5146 tur
258 5091 311 5144 in
336 5090 478 5143 hunc
503 5088 758 5142 modum:
783 5087 844 5140 Si
865 5086 1045 5140 talium
1073 5087 1332 5140 sententiis
1349 5087 1464 5153 jam
1492 5086 1728 5140 exhibitis

145 5170 395 5233 cogantur
419 5157 894 5233 episwpiiobedire.
917 5155 1070 5233 Quod
1099 5168 1277 5211 autem
1293 5157 1361 5233 de
1385 5157 1434 5210 vi
1459 5156 1724 5233 episcopis

146 5227 291 5287 illata
341 5227 571 5299 subinde
597 5227 810 5283 dicitur
837 5271 851 5287 .
899 5227 1155 5299 apertius
1186 5229 1421 5293 explicztt
1461 5228 1731 5297 Sulpicius

148 5303 269 5360 Sevi.
300 5295 404 5358 ﬁli.
436 5318 497 5364 tt,
541 5316 593 5370 p.
637 5300 764 5365 ‘246,
790 5300 882 5353 ubi
919 5295 1034 5353 ait:
1076 5295 1315 5352 Edictum
1340 5299 1404 5353 ab
1430 5295 1735 5370 imperatore

144 5376 484 5459 proponitur,‘
503 5369 558 5426 ut
583 5373 748 5459 quinia
776 5370 1161 5459 damnationem
1187 5371 1455 5424 Athanasii
1482 5387 1585 5423 non
1615 5369 1736 5423 sub-

146 5442 442 5509 scribam,
464 5446 518 5498 in
549 5443 786 5498 exsilium
814 5442 1134 5511 pellerentur.

219 5516 293 5589 (e)
324 5514 593 5589 Vincentii
616 5514 732 5567 scil.
766 5511 1000 5589 Capitoni
1023 5524 1076 5565 et
1108 5512 1366 5589 Marcelli,
1395 5512 1476 5589 uti
1502 5512 1742 5589 declara-

152 5585 237 5642 tur
254 5585 505 5653 sequenti
524 5585 906 5651 fragmentum.
920 5585 976 5645 ὅ.
999 5599 1228 5653 quorum
1253 5585 1431 5649 primi,
1450 5594 1541 5637 aut
1566 5586 1741 5651 pOlillS

150 5653 371 5716 secundi
403 5664 628 5712 conatus
656 5655 743 5709 hic
768 5667 1070 5710 narrantur.
1101 5653 1445 5711 Credendntn
1468 5657 1611 5709 enim
1632 5663 1738 5721 est,

153 5745 240 5784 cus
286 5730 467 5799 primo
504 5728 744 5799 noluisse
787 5727 1008 5780 omnino
1052 5724 1418 5799 Athanasium
1459 5725 1738 5799 damnare,

153 5795 345 5855 deinde
371 5798 716 5853 consensisse
736 5798 951 5867 quidem
983 5796 1258 5850 Athanasii
1283 5795 1744 5864 condetunationi,

157 5873 314 5926 tttodo
348 5870 447 5939 ipsi
478 5870 621 5924 illius
653 5868 947 5924 adversarii
977 5867 1088 5923 Arii
1122 5867 1371 5923 btcrcsim
1400 5868 1745 5937 damnarent,

1841 4810 2073 4855 stantem
2109 4800 2230 4855 fidei
2270 4808 2429 4869 atque
2458 4799 2737 4863 Athanasii
2776 4799 3147 4856 defensionem
3190 4802 3240 4854 in
3274 4803 3425 4857 exsi-

1840 4872 1968 4925 litnn
2001 4872 2122 4942 ejiei
2152 4878 2483 4926 meruerunt.
2514 4871 2698 4940 Neque
2731 4871 2907 4925 minus
2943 4878 3030 4925 est
3059 4869 3423 4941 perSpiwum,

1839 4958 1957 4998 eam
1999 4945 2178 4997 statim
2229 4952 2347 5011 post
2383 4945 2554 5011 ipsum
2585 4943 2868 4996 concilium
2902 4957 2967 4997 eo
2996 4942 3114 5013 ipso
3147 4957 3289 4998 anno
3319 4942 3426 5000 555

1836 5014 2090 5084 scriptam
2113 5028 2254 5068 esse.

1906 5084 2167 5155 (λαοί-ἱππ
2195 5086 2238 5138 si
2267 5091 2570 5152 temporum
2594 5084 2837 5155 ordinem
2865 5095 3098 5154 spectes,
3128 5095 3424 5155 sequentes

1836 5166 1947 5210 ttnu
1973 5156 2039 5209 ad
2071 5153 2413 5210 Cmcilianum
2449 5165 2558 5207 tum
2585 5153 2652 5207 ad
2679 5154 2861 5207 Osium
2894 5156 3088 5209 litterae
3116 5153 3226 5210 non
3248 5158 3425 5212 solum

1834 5239 1962 5281 ante
1985 5226 2121 5280 hanc
2141 5226 2443 5296 epistolam.
2468 5225 2561 5296 sed
2585 5231 2641 5277 et
2658 5234 2782 5296 ante
2799 5240 3044 5292 superius
3069 5224 3427 5296 fragmentum

1839 5308 1994 5353 erunt
2019 5296 2367 5351 collocandae.
2406 5295 2511 5351 Sed
2540 5295 2761 5349 distrahi
2804 5311 2911 5351 non
2946 5295 3267 5364 debuerunt,
3306 5315 3427 5366 quae

1839 5370 1907 5423 ab
1936 5367 2139 5423 Hilario
2171 5370 2284 5438 ipso
2307 5381 2546 5421 connexa
2578 5375 2768 5430 erant;
2799 5371 2889 5437 qui
2913 5410 2926 5431 ,
2966 5376 3024 5422 ut
3052 5369 3165 5436 ipse
3192 5385 3425 5438 pra-m0-

1843 5440 1982 5505 nnit,
2028 5437 2293 5493 interdum
2327 5454 2431 5490 non
2463 5447 2567 5491 tam
2602 5450 2900 5508 temporum
2930 5437 3200 5495 rationem
3223 5439 3384 5497 habet
3408 5481 3425 5505 ,

1844 5527 2001 5583 quam
2024 5525 2243 5583 rerum.
2290 5509 2477 5583 Neque
2513 5524 2655 5562 nunc
2698 5510 3054 5583 prudentibus
3068 5511 3223 5583 latet
3259 5512 3432 5583 ipsius

1844 5581 2153 5654 consilium,
2178 5581 2601 5654 ill‘umnitnirum
2627 5595 2687 5633 ea
2712 5582 2763 5634 in
2792 5595 2955 5634 unum
2975 5581 3433 5654 collegisse,'qnae

1846 5654 1985 5708 unde
2011 5650 2266 5706 ceciderit
2292 5651 2558 5716 Liberius,
2594 5661 2647 5706 et
2676 5666 2708 5705 a
2742 5667 2903 5721 quam
2941 5650 3140 5722 magno
3158 5650 3342 5709 animo
3365 5654 3435 5710 ad

1845 5739 2005 5795 quam
2035 5724 2287 5795 pusillum
2311 5724 2379 5777 sit
2404 5722 2644 5792 dilapsus
2664 5763 2678 5787 ,
2707 5723 3075 5795 ostenderent.

1945 5797 1987 5866 Ι)
2012 5795 2065 5866 In
2100 5809 2202 5850 ms.
2235 5794 2402 5861 Pitlt.,
2432 5794 2810 5866 acceptissimo:
2835 5811 2853 5849 :
2875 5794 2972 5866 Cui
2998 5796 3114 5849 voci
3145 5795 3324 5854 Faber
3347 5796 3442 5852 ad-

1849 5865 1981 5923 didit
2015 5865 2144 5923 Dw.
2175 5865 2447 5923 Siuccrior
2477 5865 2590 5922 visa
2621 5875 2705 5922 est
2730 5867 2890 5924 lectio
2920 5865 3157 5924 Barouii.
