3958 6194
149 270 259 327 68)

1098 275 1192 333 EX
1229 274 1460 334 OPERE
1499 276 1867 338 HISTORICO
1906 281 2391 343 FRAGMENTUM
2430 285 2521 344 Vl.

3365 298 3470 358 (.90

152 405 245 447 sus
271 391 326 446 in
366 391 631 447 exsilium
652 389 729 463 (α)
758 392 1006 447 universa
1040 392 1091 447 in
1122 392 1333 448 irritum
1365 392 1606 460 deduxit,
1633 395 1768 450 scri—
1792 400 1845 461 Α
1870 398 2155 457 sententiis
2181 401 2402 468 vestris,
2451 402 2769 476 litterasque
2797 421 2962 480 super
2988 412 3208 470 nomine
3256 414 3374 484 ejus
3396 417 3471 491 (c)

149 482 284 540 bcns
314 485 845 554 praevaricatoribus
873 484 1141 541 bmretieis
1168 485 1404 554 Arianis,
1433 487 1523 560 qui
1558 490 1611 543 in
1642 503 1768 544 san-

152 589 294 633 etum
338 574 713 632 Athanasium
764 576 1123 633 orthodoxum
1170 578 1482 650 episcopum
1517 579 1767 653 (b)inju-

149 677 285 725 stam
313 667 501 724 tulere
529 669 909 725 sententiain.s

150 808 544 865 Dilectissimis
612 810 868 866 fratribus
928 809 1257 882 presbyteris
1298 822 1351 866 et
1406 805 1762 885 coepiscopis

218 902 630 970 Orientalibus,
661 902 907 959 Liberius
958 900 1119 975 (circa
1149 904 1301 972 ﬁnem
1326 922 1412 959 an.
1442 903 1599 979 557).

216 1039 269 1093 5.
320 1036 436 1093 Pro
474 1038 674 1093 deifico
692 1036 883 1093 timore
904 1043 1087 1093 saneta
1116 1037 1247 1093 fides
1269 1048 1446 1094 vestra
1468 1039 1635 1112 678
1655 1041 1762 1096 Deo

150 1132 357 1204 cognita
388 1142 482 1187 est
512 1142 569 1187 et
593 1130 899 1187 hominibus
927 1131 1085 1185 bonae
1113 1132 1425 1188 voluntatis.
1480 1133 1634 1189 Sicut
1674 1134 1759 1190 lex

148 1224 408 1295 loquitur,
457 1221 621 1279 Iusta
636 1223 890 1297 judicate,
910 1223 1009 1294 lilii
1037 1223 1298 1278 hominum
1318 1223 1491 1291 (Psal.
1522 1240 1647 1287 Lvtt,
1672 1224 1753 1296 2),

151 1333 244 1388 ego
269 1316 644 1373 Athanasium
672 1315 744 1389 (c)
773 1331 879 1369 non
910 1312 1173 1371 defendo:
1209 1316 1304 1371 sed
1334 1318 1460 1387 quia
1494 1332 1752 1385 suscepe-

148 1422 224 1468 rat
255 1412 407 1480 illum
461 1410 626 1467 boote
669 1411 946 1466 memoria:
968 1410 1145 1466 Julius
1170 1411 1460 1481 episcopus
1491 1411 1753 1467 decessor

151 1521 296 1563 meus
326 1547 343 1572 ,
397 1505 637 1560 verebar
678 1520 746 1560 ne
793 1504 931 1560 forte
954 1504 1033 1574 (ά)
1074 1504 1142 1559 ab
1166 1503 1346 1574 aliquo
1374 1505 1755 1575 prtevaricator

145 1597 440 1667 judicarer.
483 1596 559 1651 At
587 1597 674 1651 ubi
703 1595 1206 1667 cognovi,-quando
1232 1598 1338 1652 Deo
1366 1595 1585 1666 placuit,
1609 1597 1753 1665 juste

1872 488 1953 561 (id
1978 499 2051 545 est
2071 492 2134 546 de
2159 494 2581 553 condemnatione
2608 498 2819 569 ipsius),
2852 516 2949 571 per
2969 502 3192 562 fratrem
3225 488 3467 567 nostrum

1872 579 2322 639 Fortunatianum
2377 585 2500 643 dedi
2552 588 2906 658 perferendas
2958 594 3026 649 ad
3083 596 3468 669 imperatorem

1870 672 2267 733 Constantium.
2298 678 2484 751 Itaque
2511 692 2696 738 amoto
2725 685 3022 743 Athanasio
3057 691 3132 762 (f)
3157 706 3187 746 a
3215 707 3468 750 commu-

1870 770 2032 826 nione
2056 774 2296 829 omnium
2324 784 2590 841 nostrum,
2621 778 2772 848 cujus
2796 796 2893 836 nec
2914 783 3155 852 epistolia
3180 800 3212 841 a
3234 802 3321 843 me
3347 803 3469 845 sus-

1863 862 2109 930 cipienda
2165 877 2313 933 sunt,
2375 867 2498 924 dico
2537 885 2624 926 me
2650 887 2773 926 cum
2800 874 3051 932 omnibus
3078 879 3233 935 vobis
3261 889 3317 937 et
3343 896 3466 940 cum

1866 957 2138 1013 universis
2188 961 2459 1030 episcopis
2485 961 2851 1020 Orientalibus
2894 980 2991 1023 seu
3041 984 3136 1038 per
3182 974 3466 1032 universas

1866 1050 2172 1117 provincias
2208 1066 2394 1121 pacem
2423 1062 2478 1108 et
2510 1054 2919 1114 unanimitatem
2955 1059 3177 1118 habere.

1935 1139 1989 1195 6.
2035 1140 2309 1196 Sirmiensi
2358 1144 2480 1208 ﬁdei
2518 1145 2809 1202 subscribit.
2850 1179 2921 1190 —
2967 1150 3137 1219 Nam,
3194 1163 3253 1209 ut
3278 1156 3460 1213 verius

1861 1233 2068 1298 sciatis,
2099 1250 2184 1290 me
2211 1237 2286 1309 (g)
2308 1251 2433 1293 vera
2464 1238 2569 1295 title
2597 1256 2692 1310 per
2718 1240 2861 1297 hanc
2889 1244 3175 1315 epistolam
3203 1263 3265 1304 ea
3294 1250 3461 1321 loqui,

1860 1323 2111 1379 domintts
2142 1327 2393 1417 etofrater
2424 1346 2576 1385 meus
2599 1336 2905 1391 communis
2931 1338 3313 1410 Demophilus,
3357 1344 3448 1414 qui

1860 1416 2111 1487 dignatus
2142 1416 2227 1474 est
2255 1436 2353 1491 pro
2378 1435 2473 1477 sua
2500 1424 2879 1482 benevolentia
2909 1428 3071 1485 fidem
3105 1432 3188 1502 (Ii)
3222 1442 3456 1490 vestram

1860 1517 1914 1565 et
1942 1510 2260 1567 catholicam
2292 1527 2586 1584 exponere,
2618 1532 2742 1586 quae
2768 1518 2966 1575 Sirmio
3006 1536 3037 1575 a
3070 1522 3312 1589 pluribus
3339 1524 3450 1579 fra-

1862 1603 2036 1660 tribus
2075 1614 2129 1660 et
2167 1607 2511 1679 coepiscopis
2548 1610 2747 1665 nostris
2779 1619 3006 1667 tractata
3032 1657 3047 1682 ,
3073 1616 3316 1685 exposita
3339 1659 3353 1682 ,
3399 1626 3455 1673 et

150 1706 240 1747 vos
257 1691 410 1747 illum
439 1692 862 1755 condemnasse,
894 1703 1019 1743 mox
1047 1703 1372 1744 consensum
1406 1689 1743 1745 commodavi
1775 1679 1823 1740 B
1849 1706 2098 1767 suscepta
2119 1706 2203 1753 est
2227 1697 2377 1770 (Haec
2405 1699 2467 1771 (i)
2497 1711 2569 1756 est
2606 1703 2827 1773 perﬁdia
2853 1679 3072 1773 Ανὶαηά,
3097 1679 3192 1762 hoc
3218 1724 3312 1780 ego
3340 1679 3441 1763 ῂο.

221 1854 291 1925 (a)
325 1852 453 1907 Post
484 1865 748 1909 exactum.
775 1852 939 1923 inquit
977 1853 1241 1909 Athanas.
1278 1852 1341 1907 ad
1361 1853 1516 1908 Solit.
1551 1871 1601 1922 p.
1623 1855 1747 1921 857,

154 1929 202 1980 in
229 1927 408 1980 exsilio
461 1926 728 1980 biennium
778 1925 997 1995 inﬂexus
1043 1935 1138 1990 est,
1182 1925 1434 1995 minisque
1483 1928 1661 1981 mortis
1686 1928 1754 1980 ad

152 1997 575 2060 subscriptionem
606 1998 845 2051 inductus
872 2007 966 2050 est.
1029 1997 1104 2050 Ex
1161 2011 1268 2062 quo
1309 1996 1543 2051 efficitur
1570 2039 1585 2064 ,
1643 2006 1753 2054 tres

154 2069 549 2138 subsequentes
576 2067 834 2137 epistolas
862 2075 1094 2138 exeunte
1117 2083 1262 2121 anno
1288 2066 1392 2122 557
1419 2108 1435 2134 ,
1483 2076 1575 2121 aut
1603 2079 1750 2124 certe

157 2137 365 2195 ineunte
394 2138 530 2201 558.
563 2141 792 2210 scriptas
820 2153 963 2210 esse.
1024 2137 1206 2193 Facile
1227 2139 1389 2193 etiam
1428 2138 1647 2210 aliquod
1677 2140 1750 2195 iu-

151 2221 228 2266 ter
271 2226 362 2267 eas
415 2208 767 2265 intervallum
816 2209 979 2266 fuisse
1021 2211 1391 2265 concedimus.
1458 2208 1593 2264 Nam
1621 2209 1747 2265 dum

155 2281 331 2337 Roma:
358 2282 643 2338 desiderio
669 2281 904 2345 flagrans
928 2280 1174 2336 Liberius
1215 2281 1284 2335 ab
1312 2280 1393 2334 his
1418 2321 1434 2341 .
1485 2295 1515 2334 a
1556 2281 1750 2351 quibus

159 2354 425 2422 sperabat,
469 2371 531 2409 se
564 2353 891 2421 nibiljnvari
916 2361 1199 2418 cerneret;
1250 2352 1477 2406 aliorum
1520 2353 1750 2409 subinde

156 2439 300 2494 opem
330 2426 683 2495 implorabat.
712 2424 864 2481 Unde
892 2423 1118 2492 primam
1147 2424 1214 2478 ad
1239 2438 1438 2495 annum
1468 2422 1592 2488 557,
1617 2424 1751 2479 alias

160 2498 218 2550 ad
245 2496 348 2553 558
371 2539 383 2556 .
414 2494 725 2565 pertinere
775 2495 1054 2565 probabile
1100 2505 1201 2549 est.
1255 2494 1487 2550 Litteras
1529 2495 1746 2565 easdem

159 2567 429 2637 tlescripsit
447 2563 736 2623 'Baronius
761 2568 826 2621 ad
851 2582 939 2620 an.
966 2563 1094 2632 557,
1119 2583 1173 2620 n.
1202 2567 1272 2621 54
1295 2610 1310 2632 ,
1350 2581 1483 2634 quas
1510 2566 1561 2620 iu
1592 2564 1751 2620 Cres-

158 2638 370 2693 coniana
412 2640 743 2695 collectione
763 2655 827 2694 at:
857 2638 1066 2693 duobus
1099 2638 1379 2693 codicibus
1418 2652 1479 2692 se
1526 2647 1746 2694 nactum

160 2724 268 2765 esse
299 2720 532 2766 testatur
556 2727 610 2765 n.
638 2711 725 2766 52.

225 2780 296 2869 (ὁ)
319 2782 396 2869 με
429 2782 737 2869 Signkpis.
764 2780 911 2869 Alias
929 2789 1136 2869 autem,
1150 2780 1375 2869 injuste.

224 2851 294 2922 (c)
319 2852 373 2907 In
399 2851 509 2925 ms?
547 2853 692 2909 Pitb.
723 2870 824 2907 non
855 2852 1081 2925 defendi.
1149 2851 1314 2925 ﬂebis
1350 2852 1749 2925 magisproha-

161 2930 239 2995 tur
263 2938 383 2979 cum
416 2924 657 2980 Baronio
702 2942 803 2979 non
855 2922 1096 2995 defendo.
1152 2921 1287 2977 Nam
1330 2921 1471 2995 quod
1513 2921 1750 2982 Athana-

160 2994 284 3048 sium
311 3006 466 3050 antea
497 2995 827 3058 defenderit,
863 2994 1105 3062 pluribus
1134 2994 1366 3049 constat.

1859 1872 1977 1937 eam
1998 1874 2062 1937 se
2088 1860 2391 1937 suscepisse
2412 1860 2491 1937 ait
2514 1860 2701 1937 fidem,
2725 1875 2839 1932 quin
2866 1864 3119 1919 Sirmium
3164 1883 3195 1920 a
3221 1868 3455 1937 pluribus

1857 1932 2103 2000 fratribus
2128 1941 2173 1985 et
2194 1932 2517 2005 coepiscopis
2543 1935 2730 1987 nostris
2754 1932 3251 2005 tractata,ea:positti,
3283 1950 3329 1993 et
3343 1956 3453 1995 sus-

1852 2012 2002 2078 cepta
2034 2011 2106 2055 est
2152 2002 2213 2055 ab
2261 2003 2493 2078 omnibus
2531 2004 2619 2078 qui
2663 2006 2714 2078 in
2755 2009 2992 2078 ιιι-φειδιτιὶ
3020 2002 3243 2078 fuerunt
3273 2025 3293 2063 :
3323 2027 3444 2077 qua:

1854 2074 2026 2148 verba
2074 2086 2194 2127 cum
2240 2073 2493 2148 secundae
2528 2073 2859 2148 Sirmiensis
2897 2073 3143 2134 formulae
3187 2073 3454 2148 prooemio

1853 2144 1988 2198 satis
2029 2145 2375 2199 conveniant.
2434 2145 2491 2200 ιη
2522 2145 2784 2202 Bloutlelli
2838 2150 3159 2204 sententiam
3190 2144 3454 2209 Petavius

1857 2215 1998 2289 potis
2026 2213 2078 2267 in
2108 2214 2376 2289 Epiphan.
2411 2231 2530 2289 pag.
2556 2218 2683 2289 5w,
2724 2222 3058 2288 propeudet:
3090 2225 3334 2289 quamvis
3362 2223 3451 2279 Li-

1856 2283 2063 2366 berium
2088 2283 2373 2340 ab’hieresi
2406 2286 2562 2366 facile
2585 2283 2798 2366 liberari
2824 2283 2988 2366 posse
3015 2283 3317 2359 cen'seat,si
3338 2297 3452 2366 pri-

1855 2369 1997 2409 mam
2020 2356 2310 2435 dumtaxat
2340 2357 2610 2435 praedicta:
2639 2356 2888 2435 formultu
2918 2370 3121 2430 partem
3145 2405 3158 2427 ,
3202 2356 3307 2435 qua
3338 2356 3451 2421 'ho-

1856 2428 2104 2482 mousion
2139 2437 2195 2500 et
2239 2426 2576 2500 hommusion
2619 2426 2949 2486 reticendum
2981 2448 3101 2488 esse
3127 2426 3442 2500 decernunt,

1856 2500 2003 2573 pacis
2033 2509 2086 2553 et
2110 2499 2307 2573 quietis
2342 2499 2522 2554 studio
2548 2500 2761 2556 dicatur
2788 2517 2911 2558 esse
2953 2505 3288 2573 complexus.
3334 2499 3439 2563 Sed

1898 2568 1975 2623 nis
2001 2585 2123 2625 eum
2151 2572 2374 2644 primam
2394 2579 2619 2644 Atantum
2668 2583 2875 2644 partem
2918 2568 3222 2644 suscepisse
3247 2592 3442 2633 conce-

1892 2652 1967 2720 al,
1987 2657 2015 2694 a
2044 2656 2151 2710 quo
2178 2641 2356 2720 audit,
2383 2641 2537 2720 [iane
2575 2641 3298 2720 egolibentianimo'suscepi
3322 2690 3337 2714 ,
3388 2651 3440 2704 in

1854 2711 1998 2784 nulto
2029 2713 2357 2767 contradixi?
2381 2712 2485 2768 Sed
2511 2711 2650 2784 quod
2677 2715 3038 2771 certissimum
3066 2711 3266 2773 ibidem
3292 2711 3441 2774 asse-

1852 2784 1922 2855 rit
1945 2782 2196 2839 Petavius
2214 2826 2227 2849 ,
2260 2782 2544 2839 Liberium
2566 2786 2685 2841 scil.
2714 2788 2897 2855 primae
2925 2787 3204 2844 Sirmiensi
3233 2789 3439 2845 f0rmu-

1851 2851 1919 2931 la:
1946 2869 2049 2908 non
2073 2855 2457 2931 subscripsisse
2480 2897 2504 2931 ,_
2541 2855 2642 2911 hac
2665 2851 2766 2931 una
2798 2858 3004 2914 ratione
3028 2860 3158 2931 satis
3186 2860 3286 2914 levi
3318 2876 3442 2931 pro-

1851 2922 1942 2978 bat
1962 2943 1989 2998 _:
2036 2926 2170 2998 quia
2211 2922 2461 2981 nimirum
2489 2927 2605 2983 haec
2642 2930 2811 2998 prima
2838 2931 3072 2985 ecthesis
3094 2930 3289 2987 Liberii
3318 2922 3436 2987 'non

1852 2996 2013 3072 modo
2046 2996 2482 3072 resnitutiouem,
2526 2996 2731 3072 sed—et
2775 2999 3019 3055 exsilium
3070 3004 3431 3072 praecesserit.

226 3066 300 3138 (τι)
355 3066 505 3149 Alia-5
539 3083 602 3149 εις
642 3084 742 3121 uis.
777 3065 941 3128 l’ith.,
977 3065 1242 3149 inaliqu‘o.
1288 3066 1366 3122 Ex
1395 3067 1629 3124 Baronio
1656 3084 1744 3123 re;
1773 3086 1819 3149 ρ
1850 3065 2012 3149 Quasi
2032 3084 2161 3149 Vero
2178 3070 2295 3149 _qui_
2301 3071 2498 3149 essilio
2524 3069 2920 3149 iileomultatus
2948 3065 3437 3149 erat,__quodA_tha-

162 3151 401 3210 vocamus
429 3139 493 3193 ab
519 3137 718 3210 aliqua,
765 3138 1137 3192 consentiente
1170 3137 1333 3210 Sit-nt.
1361 3154 1461 3210 ms.

228 3206 296 3279 (c)
329 3210 453 3266 Ilaec
473 3206 636 3264 verba
665 3211 1024 3266 characterea
1052 3210 1262 3264 εει-ιυιιίε
1279 3208 1536 3265 distincto
1566 3210 1745 3277 expri-

168 3281 232 3333 mi
264 3280 462 3345 primus
491 3286 705 3339 curavit
737 3279 940 3345 Faber;
974 3295 1033 3336 ea
1065 3287 1243 3332 tamen
1270 3291 1325 3335 ut
1354 3280 1553 3335 Liberii
1580 3283 1709 3336 iutel

165 3346 283 3405 lexit
311 3350 598 3419 Baronius,
640 3368 813 3422 neque
833 3363 984 3407 certo
1006 3358 1219 3406 constat
1244 3370 1308 3404 an
1345 3367 1450 3408 non
1485 3352 1629 3407 illius
1655 3368 1744 3408 rc-

166 3434 277 3475 vera
300 3425 424 3479 sint.

226 3492 290 3562 (ι’)
320 3494 472 3564 Apud
510 3496 738 3560 Barou.,
766 3504 937 3549 amoto
962 3492 1270 3558 Athanasio,
1312 3510 1468 3564 super
1494 3511 1595 3564 qua
1636 3505 1744 3549 sta-

164 3570 258 3616 tutu
283 3568 509 3621 omnium
540 3578 761 3622 vestrum
798 3584 827 3619 a
871 3582 949 3619 me
984 3582 1098 3618 cum
1137 3567 1255 3619 sede
1284 3567 1567 3634 apostolica
1588 3568 1745 3621 susci-

163 3635 333 3703 piendo
357 3649 490 3704 sunt,
521 3640 655 3701 dico,
681 3649 785 3693 etc.
816 3654 831 3704 ;
857 3647 908 3691 et
937 3652 1058 3690 mox
1083 3678 1097 3703 ,
1117 3638 1386 3704 unitatem,
1421 3653 1525 3691 non
1552 3639 1741 3691 omni-

164 3707 389 3762 mitatcm.

229 3776 300 3847 (9)
326 3778 382 3834 lu
415 3781 825 3850 exemplaribus
852 3779 1070 3835 Barouii
1102 3821 1116 3844 ,
1176 3795 1257 3834 me
1277 3795 1444 3833 veram
1467 3779 1622 3849 ﬁdem
1653 3798 1745 3849 per

170 3844 775 3922 litin'c'epistolum'meam
806 3852 1063 3922 proloqui.
1112 3850 1303 3905 Postea
1344 3844 1639 3906 desiderari
1656 3844 1742 3905 vvi-

169 3915 328 3996 tletnt'.
341 3915 509 3996 Ignem
526 3915 818 3996 preposititl

230 3989 302 4066 (lt)
345 3989 401 4049 ln
448 3989 602 4066 prius
626 3989 873 4066 'vulgatis
924 3992 1265 4066 desideratur
1291 4003 1548 4066 vestram.
1598 3993 1739 4063 quod

167 4063 464 4134 suppletnus'
503 4083 569 4121 ex
604 4082 705 4121 ms.
742 4063 885 4120 Pitlt.
943 4064 1068 4134 Ejus
1099 4065 1219 4118 loco
1248 4066 1299 4118 ιιι
1331 4080 1462 4119 mss.
1493 4063 1659 4119 Sirm.
1688 4074 1743 4121 et

166 4127 345 4188 Bait—on.
377 4146 551 4192 exstat
581 4155 767 4191 verum.

230 4202 288 4274 (ἱ)
326 4206 469 4263 lianc
490 4217 694 4271 notam,
716 4224 779 4263 ex
804 4223 906 4277 qua
932 4207 1161 4260 maxima
1191 4207 1332 4260 inter
1358 4206 1598 4277 eruditos
1613 4222 1743 4261 con-

172 4279 415 4333 troversia
450 4291 571 4334 nata
602 4290 704 4341 est.
730 4275 926 4334 Baron.
960 4279 1025 4331 ad
1059 4294 1149 4331 an.
1171 4278 1299 4342 557,
1326 4293 1379 4330 ιι.
1402 4275 1493 4342 54,
1521 4288 1740 4344 prseter-

169 4347 320 4422 misit.
344 4347 397 4402 ln
430 4351 724 4422 appendice
760 4362 934 4404 tamen
970 4348 1311 4422 postmodum
1342 4347 1621 4422 confessus
1636 4359 1736 4413 cst,

175 4418 397 4474 eamdem
427 4417 485 4478 se
504 4417 567 4475 in
600 4422 875 4477 Cresconii
907 4417 1225 4474 collectione
1253 4419 1539 4488 reperisse.
1569 4417 1739 4473 Porro

169 4497 275 4542 cum
303 4469 947 4562 tripier-sit‘Sirtiiiensis
978 4491 1201 4562 formula
1222 4534 1237 4555 ,
1282 4469 1452 4562 pl'ima
1486 4504 1575 4543 an.
1632 4491 1731 4546 551
1771 4469 1818 4529 ί)

170 4569 336 4634 Contra
363 4559 643 4619 Photinqu
668 4566 887 4634 scripta,
916 4566 1084 4634 altera
1116 4561 1226 4617 Osii
1256 4559 1593 4634 notnineian.
1634 4562 1738 4634 557

170 4628 363 4698 vulgata
388 4675 403 4699 ,
453 4648 720 4705 postrema
754 4628 940 4691 mense
964 4633 1102 4688 Maio
1126 4649 1214 4688 an.
1269 4632 1373 4687 559
1409 4631 1548 4685 edita
1577 4648 1590 4695 ;
1634 4632 1740 4705 dis-

171 4711 340 4821 siliant
384 4704 615 4772 eruditi,
672 4723 833 4776 quam
886 4705 976 4759 hic
1018 4705 1268 4760 Liberius
1321 4718 1380 4757 se
1438 4704 1744 4772 suscepisse

204 4783 349 4821 lml.’

204 4783 312 4827 lCﬂl.
338 4786 349 4793 ’

233 4842 382 4900 Solus
402 4848 665 4914 Valesius,
691 4844 1316 4903 animadversionihusiu
1333 4842 1618 4900 Snzomeni
1651 4845 1743 4899 lib.

174 4923 257 4990 tv,
287 4931 335 4973 c.
366 4919 452 4985 14,
492 4923 764 4976 existimat
804 4919 1015 4973 tertiam
1052 4917 1159 4990 Altic
1194 4916 1526 4990 memorari;
1578 4931 1738 4985 quam

176 4986 300 5039 illler
314 5003 495 5046 omnes
522 4992 633 5047 fere
653 4991 906 5045 convenit
925 4988 1159 5044 nondum
1186 4987 1351 5041 fuiSsc
1364 4986 1587 5049 editam,
1616 5004 1737 5041 cum

177 5050 275 5129 lucc
303 5058 536 5117 Libet-ius
557 5064 840 5117 scriberet.
868 5061 971 5115 Alii
995 5060 1212 5129 quidem
1235 5057 1567 5129 arbitrantur
1589 5059 1738 5111 illum

176 5124 389 5201 adfuisse
418 5132 620 5199 Sirmii,
667 5149 788 5188 cum
813 5133 884 5187 ibi
916 5124 1171 5200 praidicta
1205 5127 1598 5201 formulaedita
1628 5137 1735 5194 est.

177 5198 709 5272 giliuesubscrinsisse
736 5221 751 5259 :
799 5204 893 5258 sed
920 5198 1042 5257 cum
1068 5203 1195 5256 illuc
1224 5199 1458 5272 nonnisi
1487 5198 1739 5254 Orienta-

178 5260 484 5345 liu'infamre
512 5260 583 5330 θίι
608 5286 829 5331 vocatus
854 5317 870 5341 ,
919 5289 1093 5341 neque
1136 5272 1272 5325 hanc
1309 5270 1377 5324 ab
1403 5271 1492 5345 eis»
1507 5272 1733 5345 gratiam

179 5338 381 5418 nisiliac
406 5348 626 5418 epismla
651 5338 987 5418 impetrarit;
1010 5338 1245 5400 necesse
1272 5351 1353 5396 est
1379 5351 1432 5396 tit
1464 5340 1737 5418 lidenrbic

179 5419 230 5459 se
260 5408 389 5468 dicat
428 5408 911 5488 s'ttscepisse'aliam
937 5457 951 5482 ,
974 5408 1146 5487 quam
1178 5430 1298 5485 qua:
1323 5427 1444 5467 cum
1478 5412 1737 5467 Sirmium

180 5488 399 5544 pervenit
421 5489 560 5544 edita
588 5499 690 5545 est.

246 5549 535 5628 Blondellus
562 5561 759 5627 aliique
788 5561 968 5628 plures
989 5558 1177 5611 volunt
1208 5597 1223 5622 ,
1255 5552 1527 5628 Liberium
1559 5553 1628 5610 de
1654 5569 1741 5610 se-

182 5626 634 5699 cundaSirmieosi
664 5624 886 5685 formula
922 5629 1066 5699 loqui
1090 5669 1102 5681 .
1129 5637 1239 5681 tum
1268 5627 1391 5697 quia
1414 5624 1552 5678 hanc
1579 5641 1735 5699 unam

208 5695 399 5769 prﬁdias
425 5702 637 5756 nomine
660 5709 811 5756 notat
840 5695 1069 5755 Hilarius
1097 5741 1110 5764 ,
1142 5713 1262 5753 cum
1289 5695 1475 5769 contra
1491 5696 1738 5769 primum

208 5756 270 5813 ib.
292 5765 353 5819 de
373 5766 597 5841 Synodis
622 5774 814 5843 probet
842 5782 897 5827 et
912 5756 1133 5828 excuset
1157 5784 1172 5834 ;
1201 5779 1310 5824 tum
1339 5768 1460 5836 quia
1489 5756 1738 5822 Liberius

1852 3139 2003 3193 nasio
2032 3155 2096 3194 ac
2125 3139 2245 3194 fidei
2272 3139 2506 3196 Nicama:
2526 3142 2808 3197 adhaerens
2832 3183 2846 3204 ,
2886 3158 3050 3198 novas
3075 3139 3431 3201 orientalium

1848 3208 2107 3264 formulas
2139 3213 2368 3279 probare
2398 3224 2699 3267 recusasset
2726 3230 2741 3279 ;
2791 3230 2895 3268 non
2923 3213 2973 3269 id
3004 3229 3164 3269 omnu-
3186 3232 3328 3269 nunc
3350 3218 3431 3271 ef.

1828 3279 1991 3339 eliciat
2021 3322 2035 3341 .
2086 3282 2230 3337 unde
2257 3283 2325 3336 ab
2354 3284 2543 3337 exsilio
2564 3294 2847 3339 revocetur
2873 3326 2887 3343 .
2923 3286 3049 3340 dum
3074 3297 3126 3339 et
3152 3285 3435 3343 Athanasii

1847 3365 2062 3406 cau~am
2092 3367 2151 3408 se
2171 3354 2424 3409 deserere
2447 3396 2460 3419 ,
2492 3364 2544 3408 et
2572 3354 2851 3410 Sirmiensi
2881 3355 3005 3411 fidei
3033 3367 3218 3411 contra
3246 3357 3433 3412 Photi-

1848 3438 1997 3496 num,
2032 3439 2170 3492 quae,
2205 3441 2325 3478 eum
2353 3425 2619 3495 relegatus
2640 3437 2743 3491 est,
2775 3427 3232 3496 apmlOrieutales
3255 3431 3433 3485 novis-

1847 3493 1983 3566 sima
2011 3506 2145 3557 erat,
2175 3510 2233 3551 se
2264 3493 2648 3566 subscripsisse
2676 3493 3007 3553 testiﬁcatur.

1919 3564 2271 3639 Gravioribus
2289 3564 2572 3639 momentis
2601 3567 2789 3622 nititur
2809 3569 3008 3639 opinio,
3038 3584 3143 3637 qua
3168 3569 3434 3628 Baronius

1848 3636 2046 3712 aliique
2072 3637 2342 3712 Liberium
2363 3638 2612 3694 secundae
2633 3636 3141 3712 eethesi'sirmiensi
3158 3643 3433 3712 subscrip-

1848 3710 1985 3781 sisse
2009 3709 2431 3781 negankPrimo
2460 3713 2600 3763 enim
2632 3711 2846 3781 quando
2866 3711 2978 3766 hate
3002 3713 3304 3781 conscripta
3330 3709 3431 3778 est,

1844 3776 1953 3848 jam
1984 3776 2190 3852 obierat
2219 3780 2534 3852 Theodorus
2561 3798 2575 3845 ;
2626 3776 2918 3851 Cecropius
2948 3797 3106 3848 vero,
3138 3776 3431 3852 Euiloxius,

1847 3857 1980 3913 etc.,
2014 3850 2214 3904 Sirmio
2244 3851 2505 3914 aberant;
2535 3852 2748 3906 domum
2795 3850 2842 3907 ei
2869 3853 2935 3908 ad
2967 3870 3025 3906 se
3060 3854 3251 3909 delata)
3282 3850 3436 3910 aceré

1848 3919 1985 3975 rime
2010 3920 2274 3975 adversati
2318 3933 2440 3977 sunt
2475 3923 2720 3989 Basilius,
2748 3925 3087 3980 Macedonius
3108 3967 3123 3988 ,
3151 3925 3425 3991 Silvanus,

1847 4000 1953 4044 etc.
1983 4007 2117 4059 quos
2136 4003 2315 4047 tamen
2347 4009 2537 4048 omnes
2566 3993 2699 4049 infra
2732 3995 2991 4050 habemus
3029 3998 3146 4064 ejus
3191 3998 3435 4052 formulae

1846 4077 1964 4117 esse
1991 4073 2258 4128 auctores,
2289 4066 2372 4118 cui
2420 4079 2477 4119 se
2502 4070 2842 4121 consensisse
2880 4065 3013 4120 dicit
3034 4067 3296 4121 Liberius.
3350 4068 3432 4123 Ad

1848 4132 1964 4189 ltzec
1992 4135 2247 4189 reclamat
2276 4135 2559 4196 Petavius.
2596 4136 2891 4205 subjectum
2932 4136 3282 4205 appondmem
3324 4153 3433 4193 non

1845 4205 1915 4260 ab
1944 4205 2166 4270 Hilario,
2198 4206 2289 4261 sed
2322 4207 2388 4259 ab
2420 4206 2659 4272 homine,
2700 4204 2793 4272 Qui
2820 4206 3034 4261 Ariaua)
3059 4217 3220 4261 sectae
3248 4207 3432 4262 divor-

1846 4280 1917 4331 tia
1949 4278 2217 4341 nesciret,
2249 4275 2413 4349 fuisse
2434 4275 2693 4349 additam.
2722 4276 2796 4331 lta
2821 4277 2981 4331 etiam
3006 4277 3230 4331 verbum
3259 4281 3428 4349 requi-

1844 4350 2059 4401 rendum
2083 4389 2096 4412 ,
2122 4346 2344 4419 quodin
2374 4348 2539 4417 ipsius
2569 4347 2674 4403 fine
2710 4356 2918 4413 exstat,
2947 4349 2997 4403 in
3026 4350 3251 4419 gratiam
3278 4346 3433 4405 Peta-

1844 4423 2017 4491 vianze
2059 4418 2343 4491 sententite
2378 4420 2763 4489 interpretatur
2794 4418 3102 4486 nonnemo;
3147 4419 3301 4491 quasi
3332 4421 3429 4475 ad-

1846 4489 2127 4543 ditamenti
2153 4487 2309 4554 hujus
2339 4487 2536 4544 auctor
2562 4491 2798 4545 incertus
2826 4507 2887 4546 ac
2916 4491 3111 4547 dubius
3131 4533 3145 4556 ,
3164 4487 3180 4491 ’
3199 4507 3314 4547 rem
3347 4502 3433 4546 to-

1852 4569 1959 4613 tam
1985 4558 2298 4629 diligentius
2328 4563 2707 4615 excutiendam
2751 4562 2849 4616 hac
2881 4563 3063 4617 nntula
3091 4562 3433 4617 admeneret.

1851 4631 1958 4687 Sed
2003 4645 2099 4693 pro
2146 4630 2303 4701 hujus
2353 4632 2666 4701 appendicis
2694 4635 2919 4687 veritate
2939 4632 3091 4686 adest
3123 4650 3227 4686 non
3258 4634 3431 4687 solum

1853 4718 1956 4756 ms.
2008 4701 2297 4767 Pithteani,
2328 4706 2421 4758 sed
2449 4716 2499 4757 et
2531 4704 2905 4759 Cresconiana:
2934 4703 3270 4757 collectionis
3306 4718 3435 4758 auc-

1856 4775 2063 4827 toritas.
2107 4772 2293 4843 Neque
2331 4776 2512 4828 animo
2554 4775 2821 4830 succurrit
2848 4816 2860 4836 .
2909 4789 2938 4827 a
2963 4789 3071 4844 quo
3094 4782 3152 4829 et
3176 4789 3336 4844 quam
3361 4774 3431 4828 ob

1856 4859 2072 4899 causam
2105 4853 2182 4897 tot
2201 4846 2441 4914 episcopi
2473 4846 2795 4913 excogitan:
2848 4860 3074 4915 quorum
3106 4846 3319 4899 nomina
3356 4847 3438 4898 in-

1860 4917 2245 4984 terpolatorem
2289 4931 2466 4969 rerum
2501 4916 2819 4971 Arianarum
2873 4916 3058 4970 rudem
3099 4920 3148 4970 ei
3197 4916 3437 4985 profecto

1844 5002 1950 5041 non
1976 4988 2220 5051 sapient,
2270 4986 2357 5055 qui
2398 4986 2669 5041 Liberium
2693 4985 2976 5043 Sirmiensi
3001 4986 3120 5040 fidei
3170 4989 3294 5041 anni
3326 4987 3428 5042 551

1844 5056 2232 5125 subscripsisse
2257 5055 2531 5111 defendet.
2564 5058 2717 5125 Quod
2734 5058 2798 5111 ad
2818 5058 3039 5111 verbum
3064 5059 3431 5129 requirendum

1843 5129 2057 5193 attinet,
2086 5129 2402 5181 amanuensi
2424 5128 2556 5182 alias
2578 5130 2738 5182 etiam
2762 5129 3073 5182 dormitanti
3100 5128 3198 5194 pro
3222 5128 3329 5185 alio
3362 5132 3432 5182 ir-

1844 5198 2079 5267 repsisse
2110 5196 2266 5252 facile
2296 5199 2599 5266 cogitatur;
2649 5201 2881 5254 maxime
2909 5213 3030 5254 cum
3052 5199 3308 5269 ejuslocu
3329 5198 3434 5255 Ba-

1844 5271 2030 5325 ronius
2057 5271 2109 5323 in
2133 5282 2262 5321 mss.
2298 5270 2410 5323 suis
2434 5270 2699 5339 repererit
2724 5280 2771 5324 et
2791 5269 2905 5326 alii.
2948 5270 3059 5324 Hoc
3083 5271 3306 5326 verbum
3329 5270 3431 5324 ali-

1843 5349 1925 5397 ter
1974 5341 2210 5409 explicat
2237 5339 2554 5407 Salmasius,
2585 5342 2725 5394 nolis
2774 5342 2826 5396 in
2857 5341 3175 5397 Tertulliani
3223 5342 3321 5399 lib.
3360 5340 3431 5396 de

1848 5412 2020 5469 Pallio
2045 5428 2097 5483 p.
2123 5410 2255 5467 425.
2299 5418 2375 5466 Ae
2399 5411 2581 5483 primo,
2600 5412 2818 5482 quidem
2842 5413 3091 5468 observat
3113 5455 3128 5475 ,
3178 5415 3430 5483 antiquos

1847 5484 2099 5539 librarios
2138 5484 2369 5537 litteram
2401 5484 2521 5538 riis
2574 5482 2707 5538 locis
2749 5498 3023 5552 apponere
3060 5484 3250 5539 solitos
3280 5482 3424 5552 esse,

1845 5556 2042 5627 quibus
2091 5552 2292 5627 aliquid
2320 5553 2555 5627 Adeesset
2594 5554 2660 5609 ad
2716 5556 2998 5627 sententia:
3036 5554 3432 5627 integritatem,

1846 5624 1988 5695 quod
2024 5626 2220 5695 requiri
2249 5625 2471 5681 deberet
2493 5635 2547 5680 et
2576 5626 2907 5696 investigari.
2948 5624 3115 5695 Cujus
3137 5624 3214 5681 rei
3242 5642 3429 5681 exem-

1849 5699 1934 5768 pla
1967 5697 2205 5768 singulis
2220 5697 2336 5768 fere
2362 5697 2569 5768 paginis
2598 5698 2818 5768 exhibet
2846 5697 3097 5767 antiquus
3128 5708 3182 5753 et
3208 5713 3432 5754 accura-

1851 5765 1937 5824 tus
1983 5765 2153 5822 codex
2190 5765 2405 5837 Maioris
2435 5765 2748 5824 monasterii
2777 5765 2991 5824 Turoni
3013 5768 3303 5840 plerosque
3344 5768 3435 5823 lli«
