3958 6194
504 260 603 316 69!

1709 249 1953 307 SANC'I‘I
1998 248 2255 305 HILARII
2296 247 2605 303 EPISCOPI

3693 241 3785 293 liti

502 376 629 444 tari,
657 390 759 431 non
787 382 1044 444 apostttta.
1079 370 1315 424 Liberius
1355 366 1653 440 sequentia)
1688 383 1705 423 :
1739 367 1806 422 ab
1849 365 2101 423 omnibus
2128 366 2179 427 Α
2281 363 2335 419 7.
2362 362 2512 418 Fidei
2541 364 2652 435 ejus
2694 363 2780 433 qui
2816 372 3074 416 auctores.
3128 389 3197 401 -—-
3253 357 3566 416 tPerﬁdiam
3615 369 3789 413 autem

504 470 600 539 qui
652 470 705 525 in
760 465 1014 538 praesnti
1061 463 1310 530 fuerunt;
1360 461 1647 532 hancego
1686 459 1874 517 libenti
1919 460 2104 515 animo

508 561 678 635 6'79
701 557 779 633 (a)
806 555 1023 626 suscepi
1076 554 1096 627 (
1127 555 1412 609 Analhema
1442 553 1531 607 tibi
1558 569 1590 607 a
1615 568 1694 607 me
1719 550 1912 606 dictum
1938 590 1953 615 ,
2014 549 2101 604 ιε.

506 653 637 719 beri,
684 662 732 706 et
759 650 912 705 sociis
942 649 1092 711 tuis),
1117 647 1173 703 in
1208 646 1355 701 nullo
1377 643 1677 701 contradixi
1706 685 1720 709 ,
1779 656 2105 698 consensum

513 741 950 812 accommodavi,
1018 739 1155 794 hanc
1208 752 1449 809 sequor,
1502 737 1615 792 lucc
1659 751 1689 790 a
1745 750 1831 790 me
1893 744 2108 791 tenetur

512 836 734 911 (lterum
776 835 867 890 tibi
900 833 1175 888 anathema
1203 841 1250 887 et
1279 831 1446 898 tertio,
1492 830 1856 899 prmaricator
1880 828 2103 901 Liberi).

514 930 659 989 Sane
707 926 994 999 petendam
1043 924 1249 981 credidi
1273 925 1621 981 sanctitatem
1648 930 1928 989 vestram,
1982 922 2107 994 quia

506 1022 617 1094 jam
647 1019 941 1092 pervidetis
992 1019 1045 1073 in
1092 1017 1344 1074 omnibus
1380 1033 1466 1073 me
1496 1016 1653 1072 vobis
1676 1023 2105 1072 consentaneum

505 1129 666 1183 esse,
714 1113 1009 1185 dignemini
1054 1112 1328 1168 communi
1375 1110 1605 1167 consilio
1633 1125 1697 1165 ac
1736 1109 1920 1166 studio
1947 1109 2100 1165 labo-

506 1224 652 1275 rare,
682 1218 948 1276 quatenus
969 1206 1036 1261 dc
1064 1204 1258 1263 exsilio
1275 1204 1384 1275 jam
1416 1203 1678 1270 dimittar,
1733 1212 1789 1259 et
1814 1201 1884 1258 ad
1911 1201 2102 1260 sedem

502 1316 626 1373 quae
653 1300 784 1356 mihi
814 1298 1074 1357 divinitus
1100 1295 1307 1354 credita
1333 1305 1418 1354 est
1445 1305 1717 1353 revertar.

503 1466 627 1522 larii
667 1466 719 1519 in
760 1456 998 1535 psalmos
1023 1461 1306 1535 Tractatns
1328 1458 1634 1535 continens.
1683 1456 1820 1535 Tum
1853 1458 2104 1535 opinatur

497 1538 732 1592 litteram
762 1528 1074 1605 praedictam
1134 1534 1203 1587 ab
1233 1532 1416 1605 aliquo
1461 1531 1706 1605 studioso
1752 1529 1803 1583 in
1836 1543 1930 1605 ora
1982 1528 2102 1605 libri

504 1599 779 1670 notatam,
798 1621 901 1676 qua
928 1612 1174 1659 moueret
1201 1599 1587 1676 requirendum
1620 1616 1744 1676 esse
1772 1602 1993 1676 quinam
2024 1599 2101 1676 Illi

501 1689 689 1734 essent
730 1672 830 1733 itii'
852 1676 1115 1732 nominati
1146 1714 1162 1741 ,
1209 1688 1507 1743 quarnmve
1534 1673 1810 1727 civitatum
1835 1672 2098 1741 episcopi.

504 1750 613 1805 Nos
640 1758 821 1804 autem
844 1748 982 1827 hanc
1002 1756 1184 1827 notam
1209 1744 1861 1827 appositatnsuspicatnur
1883 1754 2100 1827 propter
2134 1767 2178 1827 Β

504 1837 669 1877 unmn
700 1834 896 1875 nomen
923 1816 1142 1884 Iunior,
1174 1814 1318 1885 quod
1339 1814 1661 1885 adjectivnm
1699 1814 1866 1882 magis
1889 1814 2103 1871 videtur

503 1908 666 1968 quam
699 1890 974 1968 proprium
1008 1931 1023 1954 ,
1070 1901 1123 1943 et
1167 1884 1307 1968 apud
1341 1884 1639 1968 liaroninm
1663 1898 1766 1938 non
1802 1891 2100 1968 comparet.

508 1954 1045 2018 Postremo'verbum
1078 1954 1462 2027 requirendum,
1498 1954 1639 2026 quod
1663 1954 1941 2027 marginali
1975 1967 2101 2010 nota

511 2032 1003 2103 resigniﬁcabatur,
1034 2029 1100 2083 ab
1125 2026 1305 2103 aliquo
1335 2029 1386 2103 in
1415 2035 1617 2103 textum
1648 2026 2105 2103 translatutnesse

503 2097 796 2174 cmthtetat.
829 2098 922 2158 llis
949 2101 1015 2174 de
1046 2099 1213 2156 verbo
1242 2097 1606 2174 requirendum
1632 2097 1860 2162 notatis,
1907 2097 1973 2151 ad
2022 2101 2103 2152 itt-

504 2169 750 2230 stitutam
778 2172 1131 2244 questionent
1164 2169 1466 2244 redeamus.

580 2246 635 2303 Si
659 2237 855 2300 Liberii
884 2243 1262 2313 expenduntur
1290 2240 1452 2313 verba
1481 2281 1494 2301 ,
1526 2237 1768 2313 planum
1800 2238 1890 2294 ﬁet
1917 2238 1981 2313 ad
2018 2254 2106 2295 se-

511 2316 743 2373 cundam
774 2308 1131 2371 Sirntiensem
1161 2310 1442 2366 formulam
1470 2308 1688 2364 minime
1718 2324 1838 2365 esse
1864 2308 2106 2365 referen-

508 2387 597 2442 da.
631 2382 1003 2442 Orientalibus
1034 2384 1177 2440 enim
1209 2382 1411 2449 primas
1442 2380 1649 2436 litteras
1678 2396 1804 2437 suas
1832 2380 2102 2450 inscribit,

508 2469 621 2514 ttnn
653 2457 721 2514 de
768 2454 908 2512 datis
947 2456 1012 2511 ad
1042 2454 1344 2510 Orientales
1380 2451 1573 2509 litteris
1606 2450 1883 2507 Ursacium
1913 2460 1968 2507 et
1992 2451 2102 2508 Va-

510 2529 744 2594 lentem,
791 2542 856 2584 ac
885 2524 1224 2595 postmodum
1258 2523 1598 2579 Vincentium
1635 2521 2101 2595 etltalgsepisco-

551 2616 609 2653 ns
637 2592 1112 2656 studiose'monet.
1145 2594 1301 2653 Unde
1330 2610 1458 2650 vero
1488 2604 1627 2649 tanta
1657 2598 1706 2650 ei
1730 2594 1783 2649 in
1798 2592 2102 2652 Orientales

531 2668 729 2732 iducia.
765 2668 865 2724 nisi
899 2672 1021 2734 quia
1049 2684 1237 2725 eorum
1271 2666 1393 2722 ﬁdei
1422 2664 1834 2734 subscripsisset
1862 2666 1886 2720 ἲ
1936 2666 2101 2732 Atqui

513 2740 876 2798 Orientalium
909 2734 1043 2796 ﬁdes
1071 2740 1172 2796 alia
1204 2750 1314 2792 tum
1348 2750 1451 2792 non
1482 2748 1626 2799 erat,
1666 2736 1765 2791 nisi
1792 2737 1963 2807 prima
1987 2734 2104 2791 Sir-

514 2813 740 2868 miensis
772 2828 875 2867 una
915 2827 1038 2867 cum
1084 2808 1628 2875 pseudo-Sardicensi
1666 2817 1719 2863 et
1742 2806 2100 2864 Aptiocbeua.

513 2882 721 2939 Deinde
768 2885 813 2938 si
859 2878 1113 2938 secundae
1142 2880 1551 2949 subscripsi~set
1575 2919 1590 2941 ,
1626 2878 1765 2947 apud
1796 2878 2104 2934 Orientales

513 2956 694 3009 dicere
728 2971 833 3010 non
863 2953 1047 3009 debuit
1074 2969 1131 3007 se
1173 2951 1480 3018 suscepisse
1507 2950 1661 3020 ﬁdem
1688 2962 1906 3004 vestram
1937 2956 1982 3003 et
2010 2966 2100 3004 ca-

510 3025 757 3080 tholicam
779 3040 894 3094 qua:
908 3025 1100 3080 Sirmio
1121 3041 1153 3078 a
1185 3024 1415 3089 pluribus
1442 3022 1685 3092 fratribus
1716 3030 1761 3094 et
1789 3021 2102 3094 coepiscOpis

514 3097 706 3151 nostris
730 3090 974 3161 tractata,
1006 3096 1236 3162 exposita
1262 3104 1308 3149 et
1324 3090 1557 3163 suscepta
1586 3102 1675 3147 est.
1709 3093 1839 3147 Nam
1865 3090 2099 3147 secunda

2206 455 2352 526 apud
2385 456 2638 512 Sirmium
2666 454 3017 524 descriptam,
3047 453 3213 527 ωο
3256 468 3418 525 quam
3469 452 3592 508 dicit
3634 450 3787 507 Libe-

2206 554 2317 607 rius
2342 549 2687 614 catholicam,
2715 564 2744 603 a
2776 547 3092 618 DemOphilo
3116 547 3216 603 sibi
3236 546 3556 618 expositam,
3589 544 3643 599 bi
3676 554 3793 600 sunt

2206 642 2297 713 qui
2328 642 2760 710 conscripserunt
2800 658 2813 694 :
2846 640 3147 704 Narcissus,
3181 637 3523 704 Theodorus,
3547 636 3796 705 Basilius,

2210 735 2485 791 Eudoxius
2509 778 2523 801 ,
2555 735 2925 805 DemOphilus,
2959 733 3254 800 Cecropius
3277 774 3292 797 ,
3323 732 3591 796 Silvanus,
3630 730 3793 787 Ursa-

2214 828 2351 892 cius,
2393 825 2612 894 Valens,
2647 826 2927 897 Evagrius,
2962 823 3035 899 (b)
3062 826 3351 897 llyrenius,
3384 824 3797 895 Esuperantins,

2215 923 2592 986 Terentianus,
2636 923 2711 995 (c)
2765 921 2989 986 Bassus,
3027 918 3386 984 Gaudentius,
3434 916 3798 985 Macedonius,

2212 1014 2292 1087 (ά)
2320 1016 2584 1080 Martbus,
2617 1016 2852 1079 Acticus,
2886 1014 3079 1079 Julius,
3115 1014 3365 1080 Snrintts,
3406 1011 3720 1082 Simplicius
3749 1021 3801 1066 et

2213 1107 2285 1184 (c)
2311 1110 2523 1177 Junior,
2565 1106 2995 1179 (requirendum)
3025 1120 3214 1165 omnes
3243 1106 3541 1172 hmreticia

2209 1468 2263 1514 et
2288 1458 2425 1515 intra
2453 1467 2666 1528 tempus
2687 1459 2964 1515 exstitisse
3007 1457 3133 1514 olim
3165 1456 3541 1514 asserentibus
3563 1501 3577 1524 ,
3622 1468 3810 1528 postea

2208 1544 2341 1585 vero
2367 1529 2648 1586 Sirmiensi
2688 1528 2825 1596 llde,
2887 1529 3189 1601 Ancyranis
3233 1528 3473 1584 decretis
3523 1529 3808 1593 illustrata,

2208 1608 2336 1657 ante
2365 1613 2606 1670 tempora
2653 1610 2707 1656 et
2739 1617 2803 1655 ex
2838 1601 2928 1655 Dei
2967 1599 3268 1656 substantia
3292 1601 3716 1664 confitentibus,
3746 1602 3813 1656 ad

2206 1686 2390 1728 veram
2417 1673 2576 1728 ﬁdem
2606 1674 2870 1741 prolicere
2895 1672 2990 1729 l‘nit
3009 1715 3022 1734 .
3047 1679 3103 1725 et
3124 1670 3361 1739 quodam
3393 1672 3559 1727 modo
3578 1673 3811 1728 catholi-

2209 1758 2305 1798 cos
2330 1745 2581 1799 evadere.
2613 1741 2812 1799 Contra
2842 1744 3059 1798 Liberio
3084 1744 3401 1798 Sirmiensis
3434 1741 3557 1797 ﬁdei
3586 1745 3802 1797 confes-

2206 1816 2360 1870 sione
2382 1824 2622 1870 sauctam
2661 1815 3141 1885 consubstantialis
3171 1814 3332 1870 ﬁdem
3367 1814 3751 1885 supprimenti.
3781 1829 3810 1868 a

2210 1902 2339 1957 vera
2366 1886 2470 1941 lide
2493 1885 2725 1957 deﬁcere
2753 1884 2852 1941 luit
2878 1928 2891 1949 ,
2930 1897 2984 1942 et
3011 1885 3278 1957 perﬁdum
3302 1884 3811 1956 atquebmretlcum

2206 1956 2437 2025 quadam
2466 1959 2676 2012 ratione
2703 1956 2841 2012 ﬁeri.
2896 1956 3181 2013 H.t-retieis
3208 1957 3352 2011 enim
3382 1959 3808 2022 communieans,

2208 2037 2263 2083 et
2291 2028 2545 2083 credendi
2577 2028 2751 2096 legem
2771 2069 2785 2089 .
2820 2044 2978 2097 quam
3008 2028 3265 2083 bieretico
3296 2042 3461 2082 sensti
3494 2029 3806 2091 tuebuntur,

2205 2099 2455 2168 qtttttttvis
2483 2101 2761 2155 intellectu
2785 2099 3054 2155 catholico
3076 2100 3143 2153 ab
3170 2100 3249 2154 eis
3273 2099 3565 2166 recipiens,
3592 2097 3810 2153 haeresis

2207 2180 2390 2240 partes
2416 2169 2849 2227 communiebat:
2879 2169 3181 2227 catholicus
3206 2170 3311 2227 lide
3336 2180 3392 2226 et
3418 2170 3807 2227 interiorlcon-

2206 2242 2458 2309 scientia,
2486 2242 2873 2300 communione
2900 2258 2964 2297 ac
2990 2240 3129 2297 forte
3160 2241 3321 2296 etiam
3349 2257 3571 2297 rumore
3597 2243 3809 2309 publica

2207 2310 2534 2379 ltmretiCtts;
2562 2330 2668 2383 quo
2689 2313 2755 2367 de
2786 2329 3001 2370 rumore
3025 2313 3282 2382 legendus
3310 2311 3668 2382 St-zomenus,
3703 2311 3797 2383 lib.

2207 2399 2281 2448 tv,
2298 2399 2357 2456 _c.
2384 2383 2481 2456 A15.
2523 2382 2602 2440 Eo
2630 2399 2792 2456 sensu
2814 2383 3197 2456 intelligendus
3212 2391 3309 2456 est
3330 2383 3696 2456 Hieronymus
3713 2382 3802 2438 lib.

2211 2470 2227 2510 ι
2278 2454 2344 2510 de
2372 2454 2570 2523 Script.
2605 2455 2741 2512 eccl.
2766 2453 3009 2520 dixisse,
3044 2455 3314 2511 Liberium
3354 2469 3385 2509 a
3418 2453 3805 2511 Foriunatiano

2213 2526 2284 2579 ad
2333 2526 2759 2597 subscriptionem
2804 2531 3053 2597 hereseos
3098 2525 3439 2595 compulsum
3491 2541 3630 2581 esse.
3692 2527 3803 2597 Quo

2204 2606 2418 2661 spectat
2448 2605 2503 2653 et
2521 2593 2648 2653 illud
2664 2597 2861 2653 Auxilii
2886 2596 2983 2653 lib.
3015 2614 3032 2653 ι
3062 2599 3128 2652 de
3151 2593 3585 2653 ordinationibus
3605 2611 3652 2653 c.
3694 2593 3798 2651 ‘25:

2210 2667 2338 2741 Quis
2362 2669 2552 2741 neseiat
2586 2669 2724 2734 quod
2749 2668 2985 2724 Liberius
3012 2712 3027 2737 ,
3082 2670 3180 2723 Iteu
3211 2666 3339 2741 proh
3372 2669 3566 2724 dolor!
3596 2670 3799 2724 Arium:

2208 2738 2389 2792 luci-esi
2416 2741 2757 2810 subscripsit?

2279 2811 2355 2879 (a)
2385 2809 2655 2882 Baronin’s
2676 2854 2690 2877 ,
2725 2812 2929 2882 suscepi
2972 2811 3026 2866 in
3059 2809 3205 2867 nullo
3246 2810 3620 2867 contradicens.
3662 2811 3800 2869 Sane

2206 2880 2477 2954 petendam
2534 2883 2765 2948 credidi,
2822 2880 2887 2937 iis
2930 2883 3161 2954 inmissis
3206 2897 3325 2954 qua!
3375 2883 3457 2954 Itis
3492 2882 3797 2954 interposita

2205 2960 2333 3006 sunt
2402 2952 2659 3021 Quamvis
2700 2965 2878 3009 autem
2926 2953 2978 3009 in
3020 2952 3306 3009 novissima
3327 2953 3565 3009 editione
3592 2952 3650 3009 ea
3687 2954 3793 3021 ipsa

2205 3023 2572 3080 additamenta
2619 3025 2670 3080 in
2709 3023 2985 3082 Creseouii
3040 3026 3363 3080 collectione
3402 3039 3462 3080 se
3509 3024 3797 3082 oll‘endisc

2208 3091 2475 3160 fateatur;
2519 3111 2581 3152 ea
2633 3106 2810 3152 tamen
2846 3094 3027 3151 llilarii
3058 3111 3178 3151 esse
3207 3108 3427 3166 prorsus
3467 3106 3642 3166 negat.
3692 3096 3794 3152 Νη-

515 3184 542 3221 a
574 3170 701 3221 solis
723 3154 1151 3224 Occidentalibin
1185 3164 1408 3221 Ursacio
1434 3205 1447 3229 ,
1471 3154 1712 3236 'Valente
1731 3205 1744 3227 ,
1797 3162 2097 3230 Germinio,
2126 3154 2173 3218 C
2208 3175 2345 3236 stras
2368 3182 2428 3222 ea
2458 3154 2524 3223 ile
2549 3183 2607 3222 re
2634 3167 2969 3236 conjecturas
2993 3154 3298 3236 ριιοῃοιιὲνε
3316 3168 3445 3223 satis
3466 3154 3791 3223 haﬁebimus.

516 3238 763 3293 Patatnio
792 3250 839 3290 et
871 3238 997 3293 Osio
1020 3237 1260 3306 exposita
1286 3247 1398 3301 est;
1429 3250 1490 3290 ac
1516 3234 1739 3305 proinde
1768 3237 1818 3288 in
1849 3249 1965 3306 eam
2001 3251 2107 3291 non

518 3306 662 3362 Cadit
682 3318 921 3364 vestram.
959 3305 1139 3377 Lunge
1161 3305 1339 3362 minus
1359 3307 1612 3361 convenit
1635 3321 1738 3359 vox
1773 3305 2104 3367 εαυιοιὶειιηι,

516 3395 634 3448 quin
656 3379 737 3434 vix
781 3378 1035 3434 Sil'lllilllll
1064 3393 1281 3448 egressa
1305 3388 1410 3448 est,
1442 3392 1563 3431 cum
1592 3393 1712 3448 eam
1743 3390 1932 3448 omnes
1952 3392 2104 3429 avero

515 3446 618 3504 sati
647 3461 790 3505 sunt.
839 3450 1020 3520 Neque
1044 3446 1269 3503 dicenda
1294 3447 1391 3502 fuit
1420 3465 1450 3500 a
1482 3446 1712 3520 pluribus
1738 3446 1981 3520 fratribus
2013 3464 2103 3520 exe

553 3522 705 3584 osita,
740 3522 899 3592 cujus
928 3516 1009 3576 vel
1038 3516 1728 3592 sexauctoresntnnlaede
1759 3517 2101 3592 excogitaris.

553 3538 705 3584 ostra,
740 3538 895 3592 cuius
928 3538 1009 3576 vet
1038 3538 1131 3576 sex
1163 3538 1409 3574 aucutres
1438 3538 1544 3571 non
1572 3538 1728 3572 tacut:
1759 3538 2101 3586 excogitat-ts.

516 3538 786 3649 grmterea
809 3593 852 3646 si
879 3591 1036 3647 ﬁtlctn
1064 3588 1303 3645 Valentis
1324 3587 1595 3644 etUrsacii
1624 3602 1785 3656 opera
1803 3589 2103 3657 expositam

518 3664 754 3733 recepit;
792 3679 889 3719 cur
910 3678 1025 3733 lnon
1061 3658 1338 3733 contendit
1378 3659 1591 3713 illorum
1625 3656 1855 3733 primum
1878 3656 2103 3725 'captare

516 3726 786 3801 gratiam,
834 3726 923 3803 qui
967 3743 1020 3803 et
1047 3731 1187 3801 apud
1221 3732 1596 3803 imperatorem
1627 3726 1919 3803 plurimum
1954 3740 2106 3803 pote-

518 3799 659 3869 rant,
691 3814 746 3859 et
775 3802 828 3858 in
850 3799 964 3873 ejus
979 3799 1248 3859 Comitatu
1271 3810 1379 3856 tum
1396 3799 1773 3873 versabantur?
1791 3799 1922 3869 Quis
1940 3800 2103 3858 etiam

516 3881 695 3943 neget,
732 3870 1104 3943 Demophilutn
1132 3887 1276 3940 saepe
1298 3870 1493 3943 turpius
1529 3881 1684 3925 antea
1726 3881 1959 3943 tentasse
1983 3913 1998 3938 ,
2045 3880 2106 3929 ut

515 3938 788 3998 Liberium
831 3938 1151 4001 ad'Arianas
1188 3938 1753 4012 partes—inﬁccleret?
1811 3938 1917 3998 Sed
1945 3952 2102 3999 antea

512 4014 716 4071 nullam
743 4015 1061 4085 Arianorum
1091 4015 1319 4085 partium
1335 4014 1492 4068 ﬁdem
1518 4013 1873 4085 recentiorem
1900 4015 1947 4069 ei
1976 4016 2102 4070 sub-

513 4085 857 4155 scribendam
897 4082 1103 4142 oﬂ'erre'
1132 4084 1304 4155 putuit
1331 4127 1346 4150 ,
1400 4100 1560 4155 quam
1596 4083 1950 4155 Sirmiensem
1990 4085 2100 4154 pri-

513 4171 679 4212 mam.
722 4150 999 4222 Mittimus,
1026 4158 1111 4213 vix
1132 4150 1249 4211 tum
1277 4150 1566 4211 secundam
1598 4156 1837 4225 potuisse
1857 4150 2099 4212 Beroeam

510 4225 862 4289 deterrimum
880 4228 1122 4284 Liberius
1151 4229 1331 4296 lapsus
1353 4236 1456 4283 est.
1490 4226 1727 4297 Denique
1743 4227 2098 4295 Somnienus,

507 4297 602 4353 lib.
624 4314 699 4367 tv,
728 4297 885 4363 ολδ,
920 4301 1074 4355 tostis
1098 4309 1200 4361 est,
1224 4298 1521 4364 Liberium,
1551 4313 1675 4353 cum
1692 4297 1946 4354 Sirntium
1981 4310 2100 4367 per-

510 4367 774 4435 venisset,
803 4369 1202 4440 confessionem
1231 4370 1445 4426 dedisse
1468 4410 1484 4436 ,
1526 4384 1627 4440 qua
1660 4385 1745 4424 eos
1785 4369 1870 4435 qui
1904 4367 2099 4426 Filium

508 4440 795 4495 secundum
825 4439 1165 4512 substantiam
1185 4449 1231 4512 et
1255 4457 1345 4512 per
1371 4437 1546 4512 omnia
1577 4437 1725 4494 Patri
1755 4440 1971 4512 similent
1995 4458 2096 4497 non

507 4526 619 4585 esse
641 4520 944 4585 assererem,
967 4510 1161 4585 alienos
1175 4511 1239 4565 ab
1255 4509 1485 4585 Ecclesia
1502 4511 1886 4585 pronuntiabat.
1909 4510 2096 4585 Neque

506 4579 609 4653 hoc
636 4579 875 4653 facturus
906 4592 1024 4639 erat
1047 4623 1063 4649 ,
1108 4582 1155 4637 si
1188 4581 1434 4653 proxime
1472 4579 1626 4637 antea
1656 4581 1970 4638 substantia:
1999 4579 2095 4639 vo-

506 4652 756 4708 cabulntn
779 4648 1108 4709 damnasset.

575 4744 667 4816 At,
693 4748 921 4816 inquies,
947 4746 989 4802 si
1019 4745 1255 4801 Hilarius
1276 4745 1546 4801 Liberium
1593 4744 1780 4815 primm
1810 4746 2091 4805 Sirmiensi

497 4815 702 4871 ectbesi
729 4815 1077 4874 consensisse
1099 4818 1398 4883 intellexit;
1427 4829 1526 4871 cur
1552 4831 1693 4885 eam,
1722 4831 1880 4884 quam
1907 4818 2000 4873 lib.
2019 4820 2090 4878 de

497 4885 730 4958 _Synotlis
761 4888 953 4958 probat
979 4898 1032 4943 et
1073 4898 1329 4952 excusat,
1376 4903 1517 4943 nunc
1563 4887 1841 4957 perﬁdiam
1884 4892 2087 4946 vocat?

488 4954 617 5032 Jam
632 4954 782 5032 libris
802 4959 870 5014 de
884 4958 1119 5032 Synodis
1138 4971 1192 5014 et
1215 4961 1264 5014 in
1290 4954 1663 5032 constanti—nm
1681 4959 2084 5032 demonstrasse

492 5030 652 5100 nobis
673 5029 957 5094 videmur}
1022 5047 1315 5100 numquam
1350 5030 1552 5085 Hilario
1596 5029 1875 5099 probatam
1918 5029 2085 5090 fuisse

490 5096 846 5156 Sirmiensent
875 5111 969 5157 aut
1020 5096 1185 5157 aliam
1212 5101 1570 5158 Orientalium
1598 5096 1807 5156 'lldem.
1857 5102 1969 5158 lmo
2014 5118 2084 5162 ex

489 5184 557 5242 eo
582 5171 728 5240 quod
770 5174 848 5227 ait
869 5172 921 5226 in
948 5171 1233 5229 Constant.
1263 5191 1316 5228 ιι.
1349 5172 1458 5227 “24’:
1508 5173 1772 5242 Quidquid
1801 5185 1983 5242 praeter
2014 5175 2081 5242 ﬁ-

488 5239 612 5294 dens
631 5256 785 5296 imam
811 5253 905 5307 est,
932 5244 1149 5313 perﬁdia
1167 5286 1184 5310 ,
1234 5261 1336 5299 non
1363 5244 1492 5313 ﬁdes
1521 5239 1595 5299 est
1642 5239 2079 5303 :'cons'ectaritim

482 5320 569 5387 est
606 5314 769 5368 etiam
810 5316 1038 5383 primam
1064 5316 1419 5387 Sirmiensem
1442 5352 1458 5382 ,
1502 5319 1701 5387 quippe
1730 5331 1851 5385 quas
1876 5331 2072 5385 praeter

483 5379 756 5455 Nicamam
780 5379 883 5449 est,
908 5400 1033 5443 esse
1053 5387 1349 5455 perﬁdiam.
1383 5379 1565 5455 Neqn'e
1586 5379 1959 5442 i'ncon'staniia:
1978 5402 2073 5444 ar-

484 5453 729 5520 guendos
755 5465 839 5529 est
861 5453 1095 5529 Hilarius
1114 5498 1130 5524 ,
1169 5458 1316 5529 quod
1345 5453 1592 5513 eamdem
1619 5457 1742 5514 lidei
1767 5455 2069 5515 confessio~

483 5536 607 5578 nem
633 5538 755 5597 cum
785 5527 1052 5584 laudasset
1076 5527 1211 5583 alias
1235 5570 1249 5595 ,
1281 5542 1423 5583 nunc
1451 5531 1647 5584 acriter
1673 5539 1859 5597 carpat
1886 5543 1950 5584 ac
1979 5544 2070 5586 re-

485 5595 810 5671 prehendat.
857 5598 1099 5671 Namque
1148 5610 1207 5654 ut
1241 5599 1316 5671 illi
1337 5598 1483 5669 digni
1508 5610 1645 5671 sunt
1678 5595 1837 5654 laude
1859 5636 1875 5664 ,
1919 5603 2008 5671 qui
2038 5617 2068 5656 ι

487 5665 630 5742 malo
658 5667 947 5742 recedunt,
984 5665 1058 5724 lia
1086 5686 1174 5742 qut
1198 5686 1228 5742 a
1249 5665 1699 5742 bono'deﬁciunt,
1732 5671 1925 5724 merito
1938 5665 2072 5742 sunt

472 5734 837 5823 vituperandi.
879 5734 950 5797 At
973 5734 1489 5798 vero'Orientalibus
1514 5781 1529 5808 ,
1582 5740 1773 5800 Filium
1802 5755 1868 5799 ex
1899 5741 2071 5802 nihilo

2215 3235 2348 3290 Cum
2378 3240 2427 3291 in
2450 3254 2549 3292 ms.
2582 3235 2874 3309 Pitlnpnst
2906 3235 3123 3292 verbum
3158 3239 3356 3309 suscepi
3386 3281 3401 3303 ,
3451 3255 3559 3293 uno
3582 3240 3792 3294 eodem-

2212 3323 2316 3430 que
2339 3318 2591 3364 contextu
2621 3308 2899 3380 sequatur,
2926 3309 3148 3365 Sanctus
3175 3308 3407 3364 Hilarius
3430 3312 3701 3365 anathema
3722 3310 3792 3364 illi

2251 3380 2372 3430 icit:
2393 3382 2666 3430 anathema
2689 3381 2778 3430 tibi
2804 3399 2833 3430 a
2860 3396 2961 3430 me-
2991 3392 3122 3430 etc..
3153 3382 3439 3430 oninamur
3474 3382 3588 3430 haec
3616 3385 3790 3430 verba-

2251 3380 2372 3433 icit:
2393 3382 2666 3434 anathema
2689 3381 2778 3434 tibi
2804 3399 2833 3433 a
2860 3396 2962 3445 me,
2991 3392 3123 3446 etc.,
3153 3382 3439 3445 opinamur
3474 3382 3588 3437 hac
3616 3385 3790 3447 verba,

2214 3449 2438 3523 Sanctus
2467 3450 2703 3506 Hilarius
2734 3454 3009 3523 auat/tenta
3038 3453 3117 3506 illi
3161 3452 3284 3505 dicit
3310 3494 3331 3523 λ,
3394 3454 3448 3508 ἰιι
3497 3456 3791 3523 antiquiore

2213 3521 2506 3590 exetnplari
2533 3524 2599 3578 ad
2625 3523 2921 3594 marginem
2950 3522 3227 3594 dumtaxat
3258 3518 3530 3592 adscripta
3555 3518 3671 3581 esse
3692 3568 3707 3585 .
3738 3540 3792 3580 ac

2214 3593 2553 3665 postmodum
2582 3593 2813 3663 imperiti
2843 3593 3065 3665 alicujus
3093 3594 3292 3647 ΙὶΙιιοςιιιιί
3321 3608 3486 3664 opera
3512 3595 3563 3650 in
3599 3604 3788 3652 textum

2210 3660 2517 3735 irrepsissti.
2566 3660 2779 3735 Exque
2808 3660 3112 3729 coniicitur,
3149 3664 3203 3718 l"
3228 3680 3331 3719 noo
3362 3660 3619 3722 recentes
3674 3681 3789 3721 esse

2212 3732 2519 3806 hujusntodi
2546 3732 3013 3805 interpolationes;
3043 3734 3099 3790 21°
3156 3737 3263 3806 jam
3297 3738 3365 3790 ab
3383 3738 3630 3806 antiquis
3660 3748 3789 3793 ιιιιιιο

2213 3802 2434 3874 poribus
2467 3802 2725 3862 Hilarium
2753 3823 2936 3862 earum
2956 3849 2970 3871 ,
3026 3806 3137 3861 into
3156 3802 3169 3806 ⁷
3190 3806 3354 3860 totius
3379 3802 3606 3876 hujusce
3634 3808 3789 3865 colle-

2208 3876 2404 3931 ctionis
2430 3885 2704 3933 auctorem
2735 3879 2900 3932 fuisse
2937 3876 3221 3932 creditum.
3264 3876 3537 3934 Praeterea
3574 3879 3778 3935 ferven-

2212 3947 2418 4022 tissimo
2442 3949 2653 4022 Cbr_isti_
2669 3949 2974 4022 confessori
3003 3949 3056 4002 in
3083 3948 3357 4022 hominem
3380 3994 3394 4018 ,
3435 3950 3527 4021 qui
3556 3950 3788 4022 quamvis

2209 4017 2260 4072 in
2293 4031 2500 4090 summa
2529 4018 2787 4074 Ecclesia!
2808 4020 3066 4090 dignitate
3087 4017 3410 4075 constitutus
3432 4017 3686 4087 {Domini
3717 4030 3789 4076 ta-

2208 4103 2329 4143 men
2354 4089 2435 4144 sui
2456 4105 2674 4145 causam
2709 4089 2934 4158 turpiter
2954 4090 3277 4156 deseruerit,
3303 4093 3592 4147 anathema
3617 4094 3789 4149 dicere

2208 4160 2426 4232 licuisse
2467 4164 2728 4231 Aposwlo
2773 4172 2995 4217 aut-tore
3036 4161 3147 4232 jam
3193 4164 3561 4232 probavimus.
3615 4164 3717 4221 Sed
3746 4162 3787 4218 si

2209 4228 2345 4306 forte
2369 4234 2481 4306 haec
2509 4228 2871 4306 additamenta
2906 4228 3378 4306 Hilariononsunt
3399 4234 3641 4306 indigna,
3671 4251 3785 4290 cum

2206 4304 2439 4376 primum
2472 4304 2668 4359 Liberii
2694 4306 2898 4372 lapsum
2926 4305 3171 4376 rescivit;
3195 4304 3362 4359 nihilo
3394 4304 3575 4361 utinus
3591 4307 3659 4360 ab
3679 4308 3785 4376 ipso

2205 4373 2420 4429 videtur
2444 4376 2702 4448 alienum,
2732 4386 2789 4429 ut
2820 4375 3068 4448 cumboc
3093 4391 3229 4448 Opus
3249 4390 3405 4430 sumn
3440 4376 3656 4433 Liberio
3682 4373 3782 4447 jam

2203 4454 2450 4501 correcto
2483 4448 2533 4501 in
2563 4446 2834 4517 publicum
2861 4446 3145 4510 emiserit,
3191 4461 3253 4502 ea
3288 4457 3398 4501 tum
3429 4465 3537 4504 non
3570 4446 3785 4506 eraserit

2125 4546 2177 4607 Β
2204 4529 2424 4607 prorsus
2450 4519 3013 4607 atquensuppresserit.

2281 4588 2357 4657 (b)
2395 4584 2452 4641 In
2477 4584 2578 4643 m's.
2603 4584 2767 4645 sum;
2794 4598 2850 4643 ιιι
2878 4597 2933 4645 et
2955 4588 3093 4660 apud
3120 4588 3315 4643 Baron.
3350 4586 3607 4647 Irenwus.
3660 4591 3784 4646 Eva-

2203 4659 2373 4744 grius,
2407 4661 2499 4742 qui
2523 4670 2677 4715 antea
2711 4659 3059 4744 nominatur,
3110 4660 3227 4744 ipse
3250 4661 3388 4744 [orte
3418 4671 3501 4744 est
3526 4663 3781 4744 Mitilenes

2202 4728 2724 4811 insulmepiscopns,
2747 4731 2838 4802 qui
2861 4732 2912 4785 itt
2941 4728 3272 4787 Seleucicnsi
3296 4731 3507 4805 synodo
3563 4735 3633 4790 ab
3656 4735 3783 4790 Aca-

2196 4803 2263 4854 cii
2293 4810 2443 4869 parte
2464 4803 2630 4858 stetit.

2269 4869 2340 4947 (c)
2372 4871 2634 4947 Baronius
2677 4889 2741 4928 ex
2778 4888 2907 4947 mss.
2954 4873 3066 4947 suis
3096 4873 3362 4947 expressit
3378 4873 3598 4947 Bustus.
3646 4875 3778 4931 Ιηιυι

2192 4941 2617 5019 subscriptiones
2638 4941 3208 5019 pseudo-Sardicetisis
3220 4944 3411 5017 synodi
3436 4945 3639 5019 legitur
3657 4947 3779 5002 Bas-

2188 5030 2276 5068 sus
2302 5015 2570 5085 episcopus
2593 5033 2625 5071 a
2644 5017 2765 5070 Car.

2261 5084 2338 5155 (ιι)
2372 5084 2580 5158 lietnig.
2614 5101 2711 5142 nts.
2748 5086 2886 5158 apud
2915 5086 3080 5143 Sirm.
3104 5084 3397 5158 ,Murtins,
3426 5088 3772 5158 Atticus,elc.

2184 5152 2553 5228 Multotnagis
2572 5152 2921 5214 arridet'lttcc
2951 5152 3164 5213 Baronii
3188 5152 3651 5228 lectio,'llarcus,'
3680 5163 3774 5215 Ae-

2186 5225 2311 5302 tius,
2332 5224 2531 5293 Julius,
2560 5229 2855 5302 Severinus,
2889 5231 2979 5302 qui
3007 5229 3223 5302 quidem
3254 5230 3394 5302 apud
3421 5224 3774 5302 Epiphaninm

2185 5298 2483 5369 Aneyraum
2504 5301 2695 5373 synodi
2724 5298 3365 5373 subscriliit’epistolaamt
3381 5298 3546 5371 infra,
3563 5303 3771 5372 Fragm.

2185 5372 2457 5452 xv,_inter
2488 5371 2583 5427 eos
2615 5382 2929 5427 recensetur
2949 5415 2965 5441 ,
3013 5387 3151 5445 quos
3176 5371 3487 5430 Germinius
3530 5371 3771 5447 rescripti

2180 5451 2263 5493 SUl
2294 5451 2446 5494 initio
2476 5452 2767 5512 nuncupat.

2250 5530 2321 5603 (c)
2350 5531 2636 5610 lueodem
2656 5551 2757 5591 ms.
2787 5544 2851 5610 et
2872 5537 3042 5610 centeri
3062 5537 3302 5610 juniores
3321 5535 3508 5608 quibus
3533 5539 3764 5610 credidit,

2178 5618 2361 5677 omnes
2409 5604 2855 5677 ItwreticiaApnd
2912 5604 3106 5663 Baron.
3148 5604 3506 5677 simpliciter.
3558 5619 3607 5664 et
3656 5608 3763 5676 alii,

2177 5674 2393 5729 omissis
2407 5675 2635 5731 caeteris.
2668 5676 2723 5732 In
2744 5680 2887 5750 illius
2909 5687 3090 5734 autem
3115 5674 3414 5750 appeitdice
3437 5678 3503 5735 ad
3530 5674 3759 5748 an.355,

2175 5760 2392 5805 rursum
2430 5758 2711 5824 comparet
2730 5748 2922 5807 Junior
2966 5750 3108 5811 inter
3152 5748 3250 5809 eos
3284 5752 3597 5811 nominatus
3622 5795 3637 5824 ,
3674 5752 3759 5826 qui
