3958 6194
125 294 228 350 893

1063 289 1157 347 EX
1196 287 1427 345 OPERB
1468 282 1838 345 HISTOREO
1878 285 2353 344 FBAGIIENTUM
2400 285 2486 344 γι.

3317 290 3427 348 694

121 410 274 487 εει
313 407 448 467 Item
476 406 734 467 Liberius
765 407 842 482 (a)
870 406 941 465 de
963 407 1180 476 exsilio,
1214 406 1460 475 Ursacio,
1480 406 1694 468 Valenti
1721 408 1773 466 A
1869 404 1926 460 9.
1972 403 2189 460 Romam
2225 406 2416 461 remitti
2459 405 2608 461 etuias
2652 414 2822 479 rogat.
2878 428 2950 449 -ι
3000 405 3072 463 Et
3117 404 3222 463 hec
3259 406 3423 463 etiam

729 529 787 579 et
815 519 1116 579 Germinio.

183 679 237 736 8.
271 675 513 734 Liberius
551 678 623 733 ab
654 675 922 733 Athanasii
944 676 1300 731 comunione
1336 685 1621 748 separatus.
1650 707 1723 720 -

121 772 243 841 Quia
268 771 380 827 scio
418 783 520 825 vos
554 770 702 828 lilios
726 770 872 840 pacis
897 783 1042 833 esse,
1065 766 1290 839 diligere
1308 768 1470 824 etiam
1486 784 1721 825 concor-

121 868 251 926 diam
274 875 329 921 et
374 864 652 920 unitatem
703 862 961 920 Ecclesia:
990 860 1302 927 catholicaz;
1351 862 1553 918 idcirco
1612 878 1719 919 non

123 961 284 1029 aliqua
306 957 649 1014 necessitate
673 954 1010 1027 compulsus,
1037 953 1148 1009 Deo
1176 962 1313 1010 teste
1337 953 1482 1021 dico,
1506 954 1602 1011 sed
1624 970 1721 1025 pro

123 1057 252 1113 bono
281 1054 430 1125 pacis
454 1063 512 1109 et
542 1052 878 1120 concordiae,
918 1066 1040 1123 quae
1073 1051 1333 1123 martyrio
1357 1054 1714 1123 prteponitur,

124 1151 199 1208 bis
225 1149 417 1205 litteris
442 1148 724 1205 convenio
755 1160 871 1211 vos,
904 1145 1109 1201 domini
1137 1144 1214 1217 (li)
1265 1146 1457 1201 fratres
1505 1145 1717 1203 charis-

124 1244 251 1300 simi.
281 1242 595 1312 Cognoscat
617 1242 800 1312 itaque
817 1238 1101 1309 prudentia
1118 1249 1316 1301 vestra,
1335 1236 1714 1306 Athanasium,

122 1338 201 1410 qui
223 1334 610 1393 Alexandrinae
630 1333 877 1389 ecclesia
893 1333 1180 1404 episcopus
1205 1331 1275 1405 (c)
1302 1332 1417 1399 fuit,
1442 1347 1471 1386 a
1490 1348 1577 1388 me
1598 1348 1718 1390 esse

122 1431 415 1487 damnatum
444 1429 628 1501 prius,
661 1443 823 1497 quam
853 1425 921 1483 ad
943 1426 1258 1483 comitatum
1281 1429 1453 1484 sancti
1487 1430 1717 1500 impera-

125 1523 243 1579 toris
277 1522 485 1578 litteras
524 1519 886 1577 Orientalium
941 1518 1272 1574 destinarem
1312 1521 1713 1591 episcoporum,

123 1626 170 1672 et
192 1614 257 1670 sb
280 1613 531 1670 ecclesiae
558 1612 820 1667 Romana:
837 1611 1223 1668 communione
1244 1626 1366 1667 esse
1381 1624 1712 1682 separatum,

126 1710 265 1767 sicuti
291 1706 370 1784 (tl)
394 1716 535 1765 teste
561 1718 651 1764 est
691 1721 852 1763 omne
893 1706 1289 1779 presbyterium
1332 1704 1592 1762 Romanae
1625 1722 1714 1763 ec-

1826 496 1969 553 scire
1995 511 2092 552 vos
2112 496 2259 566 volo,
2291 497 2435 569 quod
2456 498 2677 556 fratrem
2700 497 3151 557 Fortunatianum
3172 499 3241 574 (ι’)
3267 498 3421 571 petii,

1827 595 1887 642 ut
1915 602 2037 643 cum
2070 587 2266 645 litteris
2313 589 2449 647 meis
2497 590 2565 646 ad
2609 589 3092 647 clementissimum
3128 592 3422 666 imperato-

1824 692 1939 734 rem
1969 679 2346 736 Constantium
2373 683 2668 754 Augustum
2699 692 2966 755 pergeret,
2992 692 3178 756 petere
3204 695 3259 739 ut
3281 683 3427 741 bono

1824 768 1974 841 pacis
2004 779 2059 826 et
2081 773 2411 842 concordiae,
2436 774 2489 829 in
2518 792 2620 848 qua
2648 777 2823 847 pietas
2851 777 2970 849 ejus
3004 793 3221 850 semper
3255 778 3423 857 683

1823 865 2079 934 exsultat,
2111 883 2198 924 me
2245 869 2312 923 ad
2366 869 2652 926 ecclesiam
2701 872 2830 926 milii
2885 872 3143 929 divinitus
3172 874 3421 931 traditam

1817 958 2005 1028 jubeat
2026 960 2225 1017 reverti
2252 980 2264 1014 :
2296 969 2357 1017 ut
2386 963 2725 1034 temporibus
2756 964 2923 1036 ipsius
2966 963 3209 1025 Romana
3251 967 3424 1023 eccle-

1822 1054 1900 1108 sia
1932 1052 2130 1108 nullam
2164 1055 2427 1111 sustineat
2471 1056 2895 1113 tribulationem.
2946 1058 3029 1115 Me
3072 1069 3251 1115 autem
3297 1075 3419 1115 cum

1822 1146 2075 1202 omnibus
2124 1148 2277 1204 vobis
2320 1149 2589 1219 episcopis
2636 1150 2889 1208 Ecclesia:
2922 1150 3201 1208 catholica:
3230 1167 3417 1226 pacem

1820 1236 2043 1306 habere,
2078 1237 2162 1293 his
2194 1240 2389 1295 litteris
2417 1242 2554 1297 meis
2576 1258 2731 1311 inquo
2754 1250 2809 1299 et
2835 1243 3065 1315 simplici
3089 1245 3269 1301 animo
3287 1246 3422 1301 scire

1819 1330 2052 1397 debetis,
2105 1331 2302 1388 fratres
2347 1332 2675 1390 eharissimi.
2739 1336 2986 1406 Magnum
3037 1335 3113 1409 (9)
3167 1336 3420 1393 solatium

1820 1425 1964 1480 enim
1999 1425 2155 1482 vobis
2188 1426 2239 1480 in
2272 1425 2359 1482 die
2382 1428 2756 1485 retributionis
2784 1429 3102 1501 acquiretis,
3128 1433 3171 1487 si
3203 1445 3300 1501 per
3329 1446 3422 1487 vos

1818 1532 1926 1588 pax
1972 1518 2216 1576 ecclesiae
2269 1519 2529 1575 Romanis
2583 1521 2744 1577 fuerit
2784 1521 3013 1579 reddita.
3059 1522 3212 1580 Scire
3239 1532 3418 1580 autem

1817 1629 1916 1686 per
1955 1629 2052 1670 vos
2080 1615 2208 1671 volo
2239 1614 2403 1670 etiam
2454 1613 2653 1673 fratres
2702 1625 2757 1674 et
2803 1617 3159 1689 coepiscopos
3206 1626 3424 1676 nostros

1820 1706 2126 1777 Epictetum
2155 1716 2211 1765 et
2245 1708 2598 1777 Auxentium,
2634 1724 2819 1780 pacem
2852 1725 2943 1767 me
2978 1719 3034 1766 et
3082 1711 3422 1767 communio.

125 1805 307 1862 clesia.
364 1804 493 1861 Sola
538 1802 663 1859 haec
702 1815 867 1858 causa
897 1800 1017 1867 fuit,
1051 1810 1110 1855 ut
1152 1800 1357 1856 tardius
1394 1800 1612 1857 viderer
1648 1801 1718 1857 de
1745 1792 1795 1853 B
1822 1813 1945 1854 nem
1973 1800 2401 1856 ecclesiasticam
2427 1816 2551 1857 cum
2598 1800 2731 1873 ipsis
2773 1800 2972 1857 habere
3018 1820 3031 1856 :
3076 1816 3213 1875 quos
3260 1802 3425 1860 credo

127 1898 325 1954 nomine
350 1895 528 1967 ipsius
556 1894 775 1950 litteras
811 1891 879 1950 ad
911 1891 1110 1948 fratres
1138 1900 1193 1948 et
1227 1892 1582 1963 coepiscopos
1610 1906 1710 1949 no-

128 1999 256 2045 stros
276 1987 591 2045 Orientales
620 1985 776 2053 dare,
810 1997 867 2042 ut
891 1984 1053 2057 legati
1083 1984 1154 2057 (e)
1178 1985 1285 2041 mei
1313 1999 1449 2056 quos
1482 1985 1551 2041 ab
1580 1985 1717 2042 urbe

127 2081 275 2138 Rotas
303 2080 369 2137 sd
416 2082 746 2138 comitatum
792 2078 1123 2143 direxeram,
1175 2092 1272 2133 seu
1327 2077 1568 2148 episcopi
1621 2078 1713 2149 qui

124 2174 313 2232 fuerant
332 2174 632 2246 deportati,
662 2184 720 2230 et
748 2172 848 2244 ipsi
878 2187 983 2228 una
1015 2186 1142 2229 cum
1171 2170 1279 2241 bis,
1330 2169 1379 2226 si
1424 2170 1542 2228 fieri
1582 2186 1707 2243 pos-

129 2278 219 2337 set,
237 2267 303 2325 de
328 2267 519 2325 exsilio
548 2275 958 2325 revocarentur.

132 2459 297 2508 contra
307 2452 668 2508 Athanasium
681 2449 1071 2508 Mediolanensi
1103 2449 1159 2506 in
1177 2448 1408 2506 concilio
1436 2447 1714 2519 subscrip-

132 2533 316 2605 serunt.
360 2525 435 2581 De
473 2524 646 2581 verbo
674 2522 1036 2596 requirendum
1062 2523 1196 2578 satis
1224 2519 1580 2578 disseruimus
1609 2535 1703 2577 su-

163 2610 309 2650 crtus.

132 2609 591 2738 peagsiiliquanto
619 2674 742 2738 post
770 2680 931 2737 quam
953 2664 1291 2738 superiorem
1318 2662 1386 2719 ad
1409 2662 1713 2738 Orientales

138 2733 329 2806 scripsit
358 2733 645 2795 epistolam
678 2757 693 2793 :
719 2733 962 2806 adeoque
986 2733 1130 2793 circa
1154 2736 1366 2790 initium
1407 2736 1535 2806 anni
1579 2733 1709 2791 558.

133 2803 265 2862 Hanc
315 2809 578 2865 Baronins
617 2821 673 2866 ut
709 2803 999 2878 genuinam
1049 2807 1305 2864 describit
1352 2805 1418 2861 ad
1462 2822 1551 2861 an.
1580 2806 1709 2878 55‘],

136 2895 182 2932 n.
206 2878 287 2934 '55.
313 2882 378 2935 At
401 2882 674 2937 sententia
703 2876 990 2936 retractata
1025 2882 1076 2934 in
1109 2878 1419 2947 Appendice
1464 2894 1581 2947 pag.
1615 2876 1709 2944 25,

135 2949 460 3006 adulterinam
493 2967 616 3006 eam
644 2966 767 3008 esse
798 2952 930 3009 vult.
964 2960 1019 3005 et
1044 2951 1112 3004 ab
1142 2950 1231 3013 iis,
1262 2965 1290 3000 τι
1322 2949 1516 3019 quibus
1546 2963 1711 3014 supe-

134 3020 609 3093 riusgfragmentum
639 3038 695 3078 tv
720 3021 1026 3077 confictam.
1079 3021 1372 3093 Postremae
1403 3020 1546 3073 illius
1583 3033 1712 3075 sen-

137 3091 297 3146 tentia!
337 3091 640 3151 subscribit
690 3094 896 3155 Biuius,
947 3108 1047 3149 nec
1093 3092 1341 3148 Labbeus
1400 3101 1709 3159 repugnat:

136 3177 222 3236 qua
252 3165 447 3236 ratione
479 3165 733 3236 permoti,
768 3181 889 3220 mox
918 3164 1271 3235 expendetur.
1305 3164 1373 3216 At
1398 3171 1543 3236 certe
1570 3160 1709 3215 inte-

137 3234 224 3287 rim
255 3232 545 3294 concedant
578 3250 798 3292 necesso
830 3246 932 3298 est,
961 3232 1078 3290 eam
1115 3248 1289 3304 neque
1316 3232 1551 3287 auctoris
1587 3246 1712 3288 nos-

138 3304 193 3357 tri
208 3303 397 3371 judicio
436 3307 688 3364 falsitatis
729 3306 896 3362 fuisse
935 3302 1265 3374 suspectam,
1305 3318 1478 3375 neque
1506 3304 1648 3374 stylo
1675 3316 1704 3357 s
1735 3302 1780 3366 C

144 3377 341 3449 caeteris,
358 3378 634 3435 Pontiﬁcis
648 3379 891 3449 ejusdem
921 3379 1116 3433 litteris
1142 3375 1426 3432 dissidere.

212 3447 280 3520 ib)
306 3448 632 3507 Concinnius
654 3445 790 3520 apud
816 3451 1036 3514 Baron.,
1059 3449 1254 3502 domini
1273 3449 1367 3501 mei
1392 3445 1698 3520 charissimi.

201 3517 263 3601 lc)
302 3520 386 3601 El.
402 3538 499 3601 ms.
534 3516 700 3579 Sirml
734 3531 1026 3601 utcumque
1053 3529 1386 3601 restaurator
1423 3519 1507 3571 liic
1534 3516 1705 3601 locus,

139 3590 215 3662 qui
239 3604 301 3645 ex
330 3590 467 3647 Pith.
513 3603 676 3648 antra
703 3593 782 3647 sic
812 3590 1057 3662 vulgatus
1092 3604 1209 3645 erat
1238 3608 1251 3646 :
1282 3591 1555 3662 episcopus
1584 3590 1702 3662 fuit,

140 3660 405 3733 [ritisun
430 3665 498 3720 ad
521 3667 821 3720 comitatum
869 3660 1033 3718 sancti
1064 3660 1387 3733 imperatoris
1426 3660 1706 3733 secundum

140 3730 309 3785 litteras
341 3732 679 3790 Orientalium
712 3736 1091 3804 episwporum,
1115 3729 1161 3788 et
1208 3737 1269 3789 ab
1312 3732 1558 3789 Ecclesia:
1600 3729 1705 3785 Ro-

141 3815 286 3872 mam
307 3809 657 3861 communione
682 3817 947 3872 separatus
973 3815 1068 3872 est,
1099 3805 1249 3861 sicuti
1289 3814 1412 3859 teste
1449 3813 1547 3868 est,
1593 3810 1706 3858 etc.

139 3869 275 3947 Apud
302 3875 585 3934 Baronitttn
613 3869 816 3941 autem,
861 3869 1132 3946 episcopus
1164 3877 1280 3947 fuit,
1314 3878 1611 3945 priusquam
1635 3874 1703 3928 ad

141 3945 408 4019 comitatum
434 3950 599 4004 sancti
647 3948 973 4019 imperatoris
1019 3945 1375 4019 peruenissem,
1425 3950 1705 4019 secundum

143 4012 312 4070 litteras
339 4016 680 4076 Orientalium
710 4012 1066 4089 episcOporum
1091 4023 1154 4073 ab
1179 4017 1425 4073 Ecclesia:
1458 4016 1705 4089 Romana:

143 4090 465 4162 communione
489 4108 599 4146 esse
622 4087 936 4162 separatum.
961 4089 1091 4159 Qum
1115 4090 1278 4146 verba
1300 4106 1420 4143 cum
1448 4087 1706 4162 Baronins

142 4155 494 4244 ita-intelligat,
544 4155 693 4231 quasi
725 4162 878 4244 dicat
920 4155 1186 4244 Liberius,
1206 4176 1265 4215 se
1299 4169 1427 4244 ante
1453 4159 1702 4215 exsilium

144 4237 299 4305 suum.
330 4230 634 4305 priusquam
674 4231 741 4288 ad
788 4230 1129 4301 imperatoris
1175 4232 1485 4305 comitatum
1522 4245 1706 4305 accer-

144 4301 259 4351 situs
279 4301 621 4369 pervenisset,
641 4305 933 4361 secundum
954 4304 1160 4359 litteras
1209 4301 1559 4358 Orientalium
1586 4302 1703 4371 epi-

145 4378 398 4446 Sgoporttm
426 4375 765 4446 pontificatus
788 4376 868 4430 sui
895 4376 1047 4430 initio
1074 4373 1702 4446 acceptas,Atlianasinm

147 4435 204 4516 ξι)
227 4435 454 4516 ccclesiis
475 4446 734 4503 Romanas
754 4446 1135 4501 communione
1160 4435 1471 4515 separasse;
1504 4446 1546 4500 si
1564 4443 1705 4501 bene

147 4510 403 4590 intelligit,
423 4518 765 4590 totam_hanc
792 4519 1074 4584 epistolam
1115 4520 1179 4571 iis
1219 4510 1411 4590 inurito
1437 4510 1701 4581 attribuit,

148 4587 557 4659 qniﬂtperiorem
588 4587 888 4659 fragmento
918 4604 967 4643 tv
996 4590 1218 4644 relatam
1251 4589 1539 4642 cuderunt.

1816 1903 2092 1965 gratanter
2121 1894 2239 1950 hzcc
2258 1907 2631 1967 suscepturos.
2664 1894 3003 1967 Quicumque
3031 1903 3210 1952 autem
3232 1910 3262 1950 a
3289 1911 3423 1968 pace

1816 1996 1871 2045 et
1893 1986 2186 2046 concordia
2205 2001 2415 2055 nostra,
2433 2003 2555 2061 quae
2572 2003 2669 2060 per
2688 1989 2877 2045 orbem
2902 1998 3190 2056 terrarum,
3206 1989 3424 2048 volente

1819 2083 1953 2149 Deo,
1985 2082 2198 2138 firmata
2217 2093 2324 2150 est,
2356 2080 2705 2150 dissenserit;
2730 2080 2869 2138 sciat
2885 2096 2946 2138 se
2968 2091 3275 2153 separatum
3302 2096 3424 2139 esse

1813 2190 1845 2230 a
1885 2181 2072 2231 nostra
2118 2174 2520 2230 communione.
2586 2174 2664 2247 (lt)
2706 2172 3105 2231 Prteuaricatori
3151 2174 3427 2231 anathema

1813 2283 1919 2324 una
1936 2283 2053 2324 cum
2072 2265 2279 2323 Arionis
2293 2284 2326 2323 α
2341 2282 2422 2323 me
2439 2268 2656 2325 dictum.

1814 2449 2113 2504 secundum
2136 2448 2367 2504 formam
2392 2447 2675 2505 sententia:
2698 2448 2894 2505 litteris
2917 2446 3269 2505 Orientalium
3290 2463 3394 2507 con
3409 2478 3425 2495 -

1819 2521 2089 2593 signattr,
2115 2520 2201 2577 vel
2249 2519 2597 2593 obsequendo
2648 2518 2848 2593 litteris
2900 2518 3276 2593 Orientalium,
3329 2522 3420 2593 qui

1820 2590 1961 2647 hanc
2006 2590 2283 2646 Athanasii
2314 2591 2820 2647 condemnationem
2853 2600 2962 2645 tam
2996 2590 3304 2660 importune
3345 2590 3415 2650 ab

1816 2663 1935 2732 ipso
1989 2672 2300 2734 exegerant.
2351 2664 2407 2718 ln
2453 2662 2538 2717 bis
2587 2664 2730 2716 nulla
2763 2662 2992 2718 habetur
3018 2677 3141 2718 cum
3172 2663 3407 2734 pseudo-

1818 2735 2043 2805 epistola
2077 2735 2355 2800 superiore
2383 2734 2782 2789 c0nvenientia.

1892 2805 1971 2875 (ά)
2014 2807 2166 2874 Apud
2194 2806 2415 2872 Baron.,
2449 2806 2589 2859 testis
2619 2816 2712 2859 est.
2770 2807 2850 2859 Att
2898 2803 3114 2860 Liberio
3162 2804 3415 2860 usitatum

1817 2875 1919 2945 fuit
1947 2878 2084 2930 testis
2119 2887 2165 2930 et
2192 2885 2335 2943 teste,
2385 2875 2658 2944 quomodo
2705 2876 2861 2931 nobis
2900 2876 3068 2945 ﬁdelis
3117 2885 3163 2931 et
3215 2875 3415 2945 ﬁdele?

1815 2944 2139 3016 Conjectare
2187 2958 2269 3002 est
2320 2963 2383 3001 ex
2433 2947 2532 3001 hoc
2566 2947 2707 3011 loco,
2755 2944 3027 3003 Liberium
3075 2944 3255 3001 statim
3294 2957 3417 3016 post

1816 3017 2177 3074 defectionem
2203 3018 2351 3089 clero
2386 3018 2632 3089 Romano
2656 3018 2871 3089 litteras
2899 3017 3183 3089 scripsisse
3209 3017 3275 3089 iis
3299 3019 3413 3079 fere

1815 3089 2042 3149 similes.
2066 3104 2198 3159 quas
2246 3088 2524 3146 Vincentio
2567 3086 2715 3145 dedit
2747 3106 2760 3143 :
2792 3085 3026 3158 quibus;
3053 3096 3108 3159 ut
3152 3085 3415 3145 habemus

1818 3160 1978 3226 infra,
2018 3158 2177 3214 enixe
2201 3175 2323 3214 eum
2352 3170 2522 3231 rogat,
2568 3171 2618 3213 ut
2651 3161 2719 3215 de
2749 3174 2842 3215 sua
2885 3174 3007 3215 cum
3051 3158 3414 3231 Orientalibus

1816 3247 1948 3302 pace
1977 3248 2135 3301 quam
2171 3232 2399 3301 primum
2419 3227 2810 3301 imperatorem
2837 3232 3128 3287 certiorem
3158 3227 3338 3285 faciat.

1885 3322 1958 3393 (ε)
1996 3320 2147 3378 Alias
2173 3337 2295 3378 cum
2324 3339 2426 3379 ms.
2458 3322 2625 3387 Pitlt.,
2681 3332 2732 3377 ut
2771 3323 2927 3393 legati
2968 3331 3016 3378 et
3048 3338 3195 3391 quos.
3226 3321 3415 3381 Melius

1810 3392 2024 3449 Baronii
2047 3393 2398 3462 exemplaria,
2426 3404 2479 3447 ut
2511 3394 2665 3465 legati
2686 3395 2805 3460 mei,
2824 3392 2934 3464 ’per
2957 3408 3092 3465 quos
3120 3392 3239 3447 scil.
3297 3394 3412 3465 epi-

1811 3466 2005 3520 stolam
2037 3466 2300 3533 superiori
2339 3465 2637 3535 fragmento
2654 3466 2876 3519 relatam
2919 3464 2986 3520 ad
3033 3464 3407 3520 Constantium

1813 3536 1974 3590 misit.
2008 3537 2126 3592 Mox
2154 3553 2245 3591 seu
2283 3537 2508 3608 episcopi
2557 3535 2782 3608 perinde
2820 3546 2926 3603 est,
2971 3544 3136 3605 atque
3177 3536 3331 3591 simul
3358 3545 3408 3591 et

1810 3608 1993 3679 reliqui
2013 3608 2260 3679 episcopi.

1887 3676 1956 3749 (Γ)
1995 3676 2149 3747 Apud
2197 3678 2391 3732 Bacon.
2437 3687 2493 3732 ut
2535 3678 2589 3732 in
2629 3694 2729 3732 ms.
2795 3677 2960 3733 Sirm.
3018 3676 3245 3748 epistola
3297 3677 3413 3735 haec

1810 3748 2017 3803 auctior
2037 3758 2213 3803 exstat
2237 3752 2288 3803 in
2325 3748 2466 3804 hunc
2498 3749 2717 3805 modum
2751 3765 2765 3802 :
2793 3749 2934 3819 petii,
2965 3759 3020 3802 ut
3049 3751 3244 3805 litteras
3269 3765 3409 3806 meas

1810 3820 1906 3906 ad
1936 3820 2385 3906 clementissimum
2437 3822 2792 3906 imperatorem
2848 3823 3096 3906 perferat,
3156 3837 3287 3891 quas
3339 3823 3409 3879 ad

1813 3889 2101 3945 Orientales
2132 3891 2395 3959 episcOpos
2432 3889 2551 3963 feci,
2600 3902 2653 3945 ut
2698 3889 2886 3946 scirent
2938 3889 3036 3960 ipsi
3093 3889 3197 3946 una
3241 3910 3411 3947 secum

1811 3963 2081 4015 Athanasii
2109 3965 2461 4017 communione
2484 3980 2563 4017 me
2587 3980 2695 4017 esse
2722 3972 3014 4033 separatum
3047 3979 3065 4017 :
3091 3980 3221 4033 quas
3259 3964 3411 4018 credo

1811 4035 1947 4103 quod
1975 4034 2137 4104 pietas
2162 4034 2325 4101 ipsius
2352 4050 2444 4103 pro
2467 4034 2596 4105 barro
2623 4035 2764 4103 pacis
2808 4033 3131 4105 gratulanter
3167 4036 3411 4105 accipiet,

1810 4102 2027 4174 quorum
2056 4105 2332 4175 exemplar
2353 4102 2511 4175 etiam
2539 4102 3155 4175 Pliilagrio'imperatoris
3177 4102 3411 4160 eunucho

1812 4172 1999 4246 prodat
2043 4173 2152 4247 (vel
2198 4172 2255 4247 t_it
2282 4174 2441 4247 habet
2467 4172 2816 4247 Sirm.et'iam
2857 4172 3060 4247 Hilario
3085 4175 3408 4247 intperatoris

1813 4243 1953 4317 ﬁdeli
1976 4243 2159 4301 direxi.
2193 4244 2488 4314 Perrideat)
2517 4243 2742 4317 charitas
2768 4254 2955 4317 uestra,
2999 4245 3106 4300 lucc
3128 4243 3225 4317 tne
3261 4246 3409 4301 beni-

1809 4316 1911 4389 gno
1938 4327 1985 4372 et
2014 4318 2269 4371 innocenti
2295 4317 2467 4370 animo
2493 4316 2728 4389 gessisse.
2760 4316 3089 4389 Quapropter
3116 4316 3197 4371 his
3221 4317 3406 4372 litteris

1810 4385 1933 4460 meis
1963 4390 2203 4460 convenio
2230 4404 2317 4442 vos
2346 4397 2403 4460 et
2422 4388 2618 4460 fadjuro
2648 4403 2739 4459 per
2761 4385 2949 4460 Deum
2968 4385 3399 4460 omnipotentem,

1810 4472 1855 4531 et
1888 4459 2147 4512 Christum
2166 4456 2345 4512 Iesum
2371 4456 2535 4526 ﬁliuni
2571 4456 2683 4531 ejus
2721 4459 2913 4531 (Sirm.
2960 4456 3121 4531 addit
3138 4458 3331 4531 Deum)
3358 4471 3408 4516 et

1816 4479 1855 4513 et
1888 4479 2147 4512 ωιηιιωη
2166 4479 2345 4512 usum
2371 4479 2535 4526 [tuum
2571 4479 2598 4512 e
2624 4479 2683 4513 us
2721 4479 2913 4529 turni.
2960 4479 3111 4515 autut
3138 4479 3331 4531 usum;
3358 4479 3408 4516 et

1816 4529 2093 4603 Dominum
2123 4541 2353 4603 nostrum
2382 4531 2553 4594 (solus
2586 4479 2785 4585 fiaron.
2819 4530 3038 4599 subiicit
3059 4541 3108 4584 et
3138 4533 3409 4603 Spiritum

1808 4599 2064 4672 sanctum)
2088 4641 2104 4668 ,
2137 4614 2193 4656 ut
2222 4601 2503 4672 dignemini
2528 4604 2598 4656 ad
2640 4603 3092 4658 clementissimum
3127 4599 3408 4670 imperato-

207 4650 381 4752 βδέω
415 4650 1056 4752 Ιθοιροηθςειιιοηιῑηρὴίξ
1097 4660 1401 4752 suppeditat
1431 4658 1702 4752 Sir‘ntondi

1821 4650 2611 4752 ιξῆί-ᾱδέί.ῖαῇεε.ι;ῖ’λέεςῑέιῑι.ῑιςι
2642 4650 3407 4752 '52;§Eé‘,"§i"§éi}riiisiis

146 4732 233 4801 llis.
275 4723 369 4782 hoc
418 4732 591 4799 potius
623 4723 833 4786 videtur
873 4731 1117 4787 Liberius
1139 4723 1435 4798 d'tr'clarare,
1462 4730 1703 4785 Athana-

149 4803 267 4871 εξιιηι
294 4812 320 4851 a
342 4814 398 4871 se
417 4803 560 4871 prius
586 4817 706 4857 esse
736 4801 1071 4865 damnatum,
1102 4818 1260 4871 quam
1294 4803 1357 4855 ad
1401 4806 1697 4871 imperato-

148 4870 526 4950 :Iicnntitatum
548 4873 849 4950 destinaret
869 4880 962 4928 aut
984 4870 1127 4941 quod
1166 4875 1230 4929 ad
1243 4872 1565 4950 Orientales
1597 4890 1704 4950 _su-

148 4941 417 5019 Periuribus
447 4943 635 5019 litteris
663 4946 976 5019 scripserat,
1000 4956 1089 5000 aut
1117 4944 1257 5019 quod
1287 4945 1361 5019 illi
1388 4946 1453 4998 ad
1482 4944 1702 5001 easdem

152 5014 531 5128 arguerunt;
569 5016 733 5088 idque
760 5015 1018 5072 Romanae
1044 5016 1292 5072 ecclesia:
1313 5016 1423 5087 jam
1455 5030 1513 5070 se
1540 5018 1706 5087 signi-

243 5093 335 5136 ‘30.

156 5152 312 5238 ,νῖωο
366 5174 570 5238 recepta
637 5167 778 5222 ultro
819 5166 1035 5223 Baronii
1080 5166 1331 5233 lectione,
1380 5165 1578 5238 Liberii
1616 5168 1702 5238 ad

156 5235 513 5308 imperatorem.
556 5238 703 5293 salva
734 5239 890 5305 ltujns
933 5238 1175 5308 epistolae
1218 5240 1462 5300 veritate,
1499 5237 1701 5293 intelli-

155 5303 286 5379 getur
308 5305 708 5379 a_dventus,non
747 5303 986 5379 quidem,
1035 5317 1093 5364 ut
1143 5309 1231 5363 ille
1284 5309 1695 5379 interpretatur,

158 5359 299 5451 tionis
326 5359 1698 5451 uestigiis;“uti;iéiégai..g';st;”gia'sitsit;

158 5446 249 5518 390
289 5444 542 5518 relegatus
579 5461 716 5517 erat,
759 5444 1035 5507 Sirmium:
1083 5450 1241 5506 Certe
1280 5444 1346 5507 ex
1374 5444 1699 5517 Sozomeno,

158 5502 237 5589 tib.
262 5525 327 5578 ιν,
362 5502 423 5572 εἶ’
468 5502 555 5587 is,
586 5502 835 5578 emisi
853 5502 1176 5579 Liberium:
1196 5502 1702 5589 ἦειιῖἆιῆιῗέιέἐὲῦκί

164 5572 354 5662 suum
380 5572 1700 5661 mist-nitiade.maestitia."agitagit;

166 5650 235 5736 ξῗῖ
262 5653 529 5736 i"literatur
555 5650 873 5721 accersitum
899 5650 1039 5721 esse.
1077 5664 1228 5721 Nunc
1261 5666 1420 5736 igitur
1450 5650 1701 5721 testifica-

167 5721 236 5804 Ψ
273 5721 339 5781 se
366 5733 663 5804 priusquam
703 5737 805 5793 hoc
830 5738 934 5793 iter
963 5721 1308 5793 confecisset:
1348 5737 1702 5794 Athanasium

168 5783 411 5860 damnasse
427 5783 931 5866 'Ie'c'i'i'diim"

1811 4745 1975 4815 pacis,
1999 4757 2107 4799 etc.
2135 4747 2267 4811 Quae
2299 4744 2458 4801 verba
2489 4761 2593 4799 non
2629 4743 2789 4799 modo
2820 4745 3088 4806 iutricata.
3113 4744 3207 4799 sed
3227 4743 3399 4815 etin-

1815 4813 2189 4883 terpolationis
2218 4826 2344 4871 sunt
2387 4815 2541 4872 valde
2585 4824 2855 4885 suspecta.
2910 4816 3048 4882 Quid
3098 4815 3243 4870 enim
3291 4813 3409 4873 lucc

1813 4894 2027 4949 sonant,
2080 4888 2181 4941 nisi
2226 4887 2495 4941 Liberium
2525 4886 2672 4958 prius
2701 4886 2767 4940 ad
2799 4886 3137 4958 Orientales,
3152 4900 3312 4955 quam
3329 4885 3407 4958 ad

1814 4958 2193 5025 imperatorem
2226 4954 2603 5025 scripsisse,'et
2635 4958 2840 5012 litteras
2861 4973 2888 5008 ει
2925 4972 2981 5009 se
3007 4957 3073 5011 ad
3102 4954 3407 5013 Orientales
3460 4988 3470 4995 -

1816 5030 2044 5094 scriptis
2076 5036 2261 5099 postea
2298 5030 2386 5099 ad
2418 5030 2793 5099 imperatorem
2842 5026 3407 5099 per_Fortunatianum

1816 5097 2337 5169 lliiSiSSCiQtlaanis
2374 5113 2720 5168 .~upru,num.
2756 5097 2810 5160 4,
2840 5097 2905 5152 ad
2935 5097 3240 5154 Orientales
3273 5101 3410 5154 scri-

1816 5169 1969 5233 bens,
1999 5173 2216 5238 eosdem
2244 5178 2461 5223 moueat
2499 5184 2558 5224 se
2582 5169 2692 5238 jam
2734 5179 2907 5238 antea,
2939 5169 3149 5225 litteras
3188 5169 3407 5227 dedisse

1808 5256 1907 5365 per
1926 5237 2367 5296 Fortunatianum
2390 5241 2457 5294 ad
2480 5237 2859 5310 imperatorem
2881 5237 3257 5296 Constantium
3283 5256 3407 5308 per-

1829 5313 2080 5365 erendas.
2125 5311 2325 5365 Contra
2372 5309 2537 5365 nitida
2590 5321 2693 5365 est.
2745 5318 2803 5365 et
2853 5311 3118 5365 superiori
3165 5312 3407 5365 epistola:

1829 5313 2080 5367 erendas.
2125 5311 2325 5366 Contra
2372 5309 2537 5382 nitida
2590 5321 2693 5373 est,
2745 5318 2803 5366 et
2853 5311 3408 5382 superioris-pistum:

1806 5398 2029 5453 prorsus
2068 5393 2427 5454 consentanea
2458 5381 2640 5449 lectio,
2665 5396 2825 5454 quam
2866 5380 2934 5437 es
2977 5398 3080 5438 ms.
3120 5380 3264 5438 Pitlt.
3309 5396 3405 5438 ex-

1808 5452 2050 5525 pressam
2086 5452 2399 5509 retinemus.

1881 5525 1957 5596 (g)
2000 5524 2218 5587 Baron.,
2270 5539 2510 5596 magnum
2567 5522 2719 5579 etiam
2775 5523 3041 5594 prmium
3084 5524 3274 5596 vobis,
3297 5530 3405 5582 etc.

1810 5595 1976 5651 Sirm.
2003 5613 2103 5650 ms.
2138 5595 2376 5668 magnum
2404 5596 2535 5651 enim
2554 5597 2822 5667 prtemium
2844 5596 2983 5651 vobis
3010 5596 3165 5651 indie
3190 5595 3406 5651 tribula-

1807 5668 1962 5722 tionis
1985 5668 2275 5738 acquiretis.

1851 5737 1961 5865 lui)
2005 5737 2151 5795 Hanc
2198 5742 2360 5795 etiam
2411 5747 2596 5795 notam
2650 5738 2906 5796 exhibent
2958 5739 3176 5797 Baronii
3217 5753 3401 5796 exem-

1871 5826 2003 5865 arta.

1811 5826 2003 5883 ptarta.
