3958 6194
540 261 649 323 695

619 516 706 574 10.
728 518 972 576 Urbicum
997 519 1095 573 sibi
1125 530 1353 590 ereptum
1375 521 1532 578 dolet.
1560 554 1633 566 —
1657 523 1773 582 Non
1817 525 2011 593 doceo,
2044 528 2138 583 sed

542 611 809 667 admolieo
843 619 1087 667 sanctum
1128 616 1363 669 animum
1399 626 1568 679 tuum.
1601 617 1770 674 frater
1798 619 2136 687 charissime,

541 717 609 757 eo
654 702 796 771 quod
827 703 1092 773 colloquia
1142 707 1279 760 mala
1330 724 1512 764 mores
1562 708 1735 766 bonos
1782 724 2143 784 corrumpunt

538 793 585 866 (l
640 793 783 859 Cor.,
829 811 919 860 xv,
952 794 1069 865 35).
1099 796 1313 854 Insidiae
1347 799 1627 857 hominum
1688 803 1949 859 malorum
2000 805 2138 861 bene

540 885 634 941 tibi
667 887 898 955 cognitae
926 896 1073 953 sunt,
1128 890 1268 945 unde
1308 892 1373 946 ad
1407 895 1548 950 hunc
1594 894 1834 950 laborem
1865 898 2084 964 perveni
2120 915 2134 952 :

538 987 593 1032 et
615 993 709 1031 ora
731 977 896 1051 683
921 987 978 1034 nt
1015 980 1103 1035 det
1136 982 1395 1039 Dominus
1425 985 1786 1041 tolerantiam.
1835 988 2134 1045 Dilectissi-

537 1085 659 1125 tnus
683 1070 823 1126 ﬁlius
855 1088 1007 1127 meus
1034 1072 1264 1132 Urbicus
1290 1077 1570 1144 diaconus,
1595 1095 1753 1148 quem
1787 1080 2013 1136 videbar
2035 1083 2135 1137 ha-

537 1159 665 1215 bere
697 1163 970 1228 solatium,
1002 1179 1032 1219 a
1066 1182 1151 1221 me
1181 1182 1277 1239 per
1298 1167 1584 1225 Venerium
1613 1174 1860 1242 agentem
1892 1173 1944 1228 in
1974 1173 2137 1230 rebus

541 1252 786 1309 sublatus
813 1263 915 1311 est.

608 1345 633 1398 1
649 1345 669 1400 1
686 1386 696 1397 .
717 1346 828 1411 Quo
840 1349 1042 1402 nomine
1055 1348 1273 1410 reditum
1288 1351 1350 1404 ab
1364 1352 1544 1407 exsilio
1558 1354 1877 1424 deprecetur.
1920 1387 1991 1399 -—
2002 1358 2137 1413 Satt-

533 1434 705 1489 ctitati
734 1434 812 1508 (b)
858 1447 963 1494 tute
993 1440 1400 1510 signiﬁcandum
1436 1447 1664 1513 credidi,
1704 1465 1791 1505 me
1816 1450 1884 1506 de
1906 1464 2134 1507 conten-

532 1526 681 1582 tione
704 1528 790 1581 illa
821 1544 851 1583 a
885 1533 1103 1586 nomine
1124 1532 1406 1591 Athanasii
1429 1540 1740 1607 recessisse,
1766 1552 1819 1597 et
1844 1542 1909 1597 ad
1940 1543 2136 1600 fratres

533 1628 587 1673 et
607 1620 959 1691 coepisc0p0s
990 1633 1205 1680 nostros
1227 1624 1531 1684 Orientales
1559 1630 1769 1686 litteras
1806 1632 2023 1689 dedisse
2067 1635 2135 1691 de

536 1722 702 1779 super
733 1712 953 1768 nomine
995 1714 1136 1785 ejus.
1171 1716 1325 1773 Unde
1364 1721 1511 1789 quia,
1547 1721 1658 1777 Deo
1687 1723 1924 1787 volente,
1951 1735 2007 1781 et
2031 1742 2132 1796 pax

534 1802 690 1858 vobis
736 1805 934 1876 ubique
991 1817 1096 1875 est,
1144 1809 1453 1883 dignaberis
1502 1817 1794 1873 convenire
1847 1818 2134 1890 episcenos

534 1905 758 1952 cunctos
784 1897 1119 1969 Campaniae,
1149 1913 1205 1958 et
1257 1903 1375 1961 haec
1406 1905 1513 1963 illis
1534 1907 1831 1974 insinuare,
1860 1923 1916 1967 et
1944 1930 2011 1969 ex
2048 1914 2133 1986 ip-

533 2001 719 2043 sorum
747 2005 976 2047 numero
1006 2007 1112 2048 una
1142 2009 1266 2050 cum
1294 1997 1523 2067 epistola
1551 2012 1750 2067 vestra,
1770 2002 1837 2058 de
1867 2005 2136 2061 unanimi-

531 2088 642 2137 tate
667 2090 852 2138 nostra
883 2092 939 2138 et
979 2100 1111 2154 pace
1131 2087 1197 2141 ad
1221 2079 1707 2147 clementissimum
1745 2094 2133 2164 imperatorem

534 2174 777 2230 scribere
807 2190 917 2245 quo
945 2178 1148 2247 possim
1171 2188 1227 2235 et
1274 2195 1375 2252 ego
1411 2183 1478 2238 de
1508 2186 1727 2239 tristitia
1769 2202 1961 2260 magna
1991 2189 2131 2247 libe-

531 2265 661 2321 rari.
695 2264 765 2323 Et
822 2283 980 2322 manu
1032 2270 1193 2341 ipsius
1243 2289 1262 2326 :
1316 2272 1461 2330 Deus
1505 2284 1557 2331 te
1597 2277 1923 2335 incolumem
1953 2291 2135 2337 custo-

534 2358 666 2427 diat,
694 2358 767 2433 (c)
796 2359 978 2418 frater.
1010 2362 1143 2419 Item
1182 2382 1337 2421 manu
1366 2367 1530 2438 ipsius
1551 2371 1756 2442 pagina:
1783 2375 2083 2444 perscripta:
2113 2392 2131 2431 :

526 2449 662 2506 Cum
681 2452 932 2510 omnibus
948 2456 1219 2526 episcopis
1239 2456 1607 2516 Orientalibus
1637 2477 1822 2532 pacem
1843 2466 2127 2535 habemus,

531 2558 588 2605 et
613 2550 892 2606 vobiscum
923 2567 1042 2623 ego.
1074 2552 1158 2609 Me
1179 2554 1245 2609 ad
1278 2554 1447 2611 Deum
1472 2557 1702 2622 absolvi,
1729 2574 1825 2616 vos
1849 2561 2090 2618 videritis
2115 2582 2127 2620 :

533 2643 578 2699 si
596 2643 876 2700 volueritis
896 2661 982 2702 me
1006 2647 1058 2702 in
1077 2647 1272 2704 exsilio
1292 2648 1547 2719 deﬁcere,
1570 2651 1676 2708 erit
1701 2652 1843 2710 Deus
1863 2654 2030 2727 judex
2050 2658 2132 2712 iu-

533 2747 616 2795 ter
644 2753 734 2795 me
758 2748 815 2796 et
841 2754 960 2796 VOS.

782 2896 1258 2956 FRAGMENTUM
1297 2898 1388 2956 Vll
1418 2901 1588 2973 (Alias
1610 2918 1648 2959 tt
1673 2906 1881 2976 partis).

527 3011 729 3069 INCIPIT
758 3028 1048 3069 EXEIPLUI
1082 3012 1161 3086 (d)
1187 3031 1452 3073 aetsrouz
1474 3015 1795 3075 CONSTAN'I'II
1829 3037 2129 3079 IIPERA'I'O-

602 3122 686 3161 BIS
731 3123 801 3162 AD
839 3122 1120 3164 EPISCOPOS
1172 3124 1385 3179 ITALOS,
1427 3127 1517 3176 QUI
1555 3128 1608 3168 IN
1648 3130 1954 3171 ARIXINENM
1993 3133 2125 3172 CON-

1719 273 1964 333 SANCTI
2002 274 2260 334 ﬂlLABll
2301 276 2607 336 EPISCOPI

617 380 752 438 Item
795 382 865 440 de
893 383 1087 441 exsilio
1113 383 1193 463 (ιι)
1237 383 1486 444 Liberius
1528 388 1812 448 Vincentio
1842 389 1953 465 (an.
1982 392 2135 465 358).
2165 390 2215 451 A
2240 401 2495 463 oportere
2533 407 2755 463 operam
2801 394 2931 451 dare

3709 285 3809 342 696

2981 413 2993 450 :
3040 410 3163 452 cum
3204 395 3450 467 profecto
3477 405 3530 453 et
3557 398 3814 471 episcopo-

2244 499 2361 539 rum
2389 485 2438 540 id
2469 485 2646 541 ollicio
2668 497 2928 557 congruat
2952 530 2966 554 ,
2998 498 3053 542 et
3074 488 3222 545 salus
3250 488 3492 544 omnium
3519 489 3666 561 longe
3688 490 3815 548 late-

2242 595 2347 651 que
2395 580 2712 650 populorum
2757 581 2859 636 hoc
2909 581 3221 637 fundamine
3265 583 3578 638 roboretur.
3609 582 3700 639 Sed
3730 601 3814 640 res

2241 676 2521 732 admonuit.
2548 677 2789 731 instituta
2822 693 3010 732 rursus
3036 677 3451 733 exsistere.Non
3473 678 3614 733 enim
3638 677 3819 748 aliquis

2243 769 2461 825 deﬁnita
2482 771 2743 842 geminari
2773 770 3104 841 superfluum
3137 772 3418 843 judicabit,
3464 789 3585 828 cum
3613 774 3677 847 (ι’)
3705 791 3821 832 cre-

2240 863 2334 919 bra
2368 864 2710 919 consueverit
2751 864 3050 918 admonitio
3077 850 3275 933 augt-re
3300 866 3575 920 cumulum
3601 866 3821 938 diligen-

2242 958 2347 1014 lite.
2379 957 2473 1012 His
2501 957 2571 1012 ita
2603 973 2663 1012 se
2687 957 3029 1021 habentibus,
3054 959 3123 1015 de
3150 958 3257 1015 ﬁde
3278 968 3441 1031 atque
3466 961 3664 1017 unitate
3687 973 3822 1018 traco

2240 1050 2338 1105 tari
2371 1050 2571 1105 debere
2598 1063 2888 1121 cognoscat
2923 1052 3208 1108 sinceritas
3258 1064 3458 1115 vestra.
3513 1062 3568 1108 et
3613 1070 3822 1125 operam

2239 1141 2389 1208 dare,
2417 1151 2473 1196 ut
2496 1143 2878 1199 ecclesiasticis
2904 1146 3067 1199 rebus
3092 1145 3227 1201 ordo
3252 1155 3568 1216 competens
3590 1148 3823 1217 praebea-

2239 1245 2345 1292 tur.
2382 1237 2655 1293 Discurret
2684 1253 2918 1307 namque
2938 1249 3256 1294 cunctorum
3285 1240 3617 1310 prosperitas
3637 1240 3826 1309 ubique

2243 1329 2584 1398 populorum,
2616 1339 2670 1384 et
2714 1329 3003 1385 concordia
3036 1331 3138 1386 ﬁda
3183 1332 3493 1387 servabitur
3517 1332 3681 1406 θεά,
3702 1348 3827 1390 cum

2242 1421 2457 1491 penitus
2495 1422 2784 1491 amputatis
2828 1421 2905 1495 (g)
2943 1438 3041 1478 nec
3093 1422 3400 1494 hujusmodi
3448 1427 3829 1497 quiestiouibus

2239 1514 2448 1569 cunctis
2478 1515 2736 1569 sectanda
2772 1517 3150 1573 commoverit.

2310 1611 2363 1665 2.
2397 1610 2517 1666 Non
2546 1612 2609 1667 de
2641 1613 2982 1669 Orientalium
3011 1618 3201 1670 causis.
3242 1647 3314 1658 —
3344 1617 3451 1672 Res
3480 1617 3582 1673 ista
3609 1634 3707 1675 non
3737 1620 3831 1676 de-

2241 1705 2419 1762 hetita
2454 1709 2807 1763 intentionem
2835 1710 2998 1765 animi
3025 1709 3102 1782 (h)
3125 1710 3338 1783 longius
3360 1728 3652 1784 propagare
3682 1732 3694 1767 :
3724 1730 3828 1770 non

2172 1795 2210 1853 Β
2238 1803 2383 1858 enim
2414 1803 2483 1859 de
2510 1804 2878 1862 Orientalibus
2898 1808 3168 1878 episcopis
3197 1809 3251 1863 in
3278 1809 3514 1865 concilio
3534 1823 3712 1867 vestro
3742 1829 3829 1882 pa-

2235 1897 2364 1951 titur
2390 1897 2528 1951 ratio
2558 1897 2759 1969 aliquid
2790 1898 3023 1954 deﬁniri.
3054 1900 3287 1957 Proinde
3309 1918 3475 1971 super
3498 1903 3586 1960 bis
3608 1914 3827 1970 tantum.

2233 2002 2354 2058 quae
2413 1988 2478 2042 ad
2530 2004 2628 2045 vos
2680 1991 2955 2061 pertinere
3007 1994 3291 2064 cognoscit
3340 1996 3578 2066 gravitas
3631 2010 3825 2065 vestra,

2236 2087 2469 2135 tractare
2502 2079 2712 2137 debetis
2751 2100 2764 2137 :
2812 2089 2867 2138 et
2911 2084 3196 2154 completis
3241 2087 3498 2143 celeriter
3541 2088 3827 2151 universis.

2232 2174 2611 2228 consentiente
2641 2188 2913 2230 consensu
2938 2176 3127 2231 decem
3173 2177 3387 2235 mittere
3431 2179 3501 2235 ad
3525 2183 3826 2237 comitatum

2232 2278 2433 2328 meum,
2467 2272 2526 2319 ut
2557 2266 2855 2335 prudentia:
2896 2276 3093 2324 vestrae
3137 2270 3410 2335 prioribus
3468 2272 3660 2328 litteris
3708 2275 3827 2338 (non

2233 2355 2453 2430 exstant)
2480 2358 2863 2415 intimavimus.
2893 2360 3137 2418 Praedicti
3163 2364 3306 2418 enim
3338 2374 3633 2431 potuerunt
3652 2369 3820 2422 omni.

2232 2449 2332 2505 bus
2358 2466 2480 2521 qute
2508 2451 2711 2507 eisdem
2732 2453 3034 2510 Orientales
3059 2460 3441 2528 proposuerint
3473 2460 3821 2528 respondere,

2231 2542 2316 2597 vel
2344 2551 2577 2600 tractare
2597 2543 2667 2601 de
2692 2544 2826 2612 ﬁde;
2856 2556 2915 2601 ut
2940 2547 3085 2603 exitu
3106 2551 3432 2617 competenti
3449 2554 3626 2607 omnis
3646 2568 3789 2624 qurrs

2234 2637 2308 2691 tio
2335 2637 2676 2703 terminetur,
2703 2647 2758 2693 et
2786 2638 3107 2709 ambiguitas
3126 2643 3388 2712 sopiatur.
3422 2644 3555 2712 Quae
3595 2661 3717 2700 cum
3760 2645 3823 2700 ita

2231 2729 2340 2784 sint
2364 2729 2624 2786 adversus
2643 2730 2944 2788 Orientales
2976 2732 3110 2788 nihil
3140 2744 3377 2792 statuere
3404 2752 3504 2793 vos
3549 2748 3758 2809 oportet
3806 2758 3818 2793 :

2235 2833 2322 2878 aut
2346 2824 2390 2879 si
2417 2824 2616 2894 aliquid
2647 2825 2920 2882 volueritis
2959 2839 3147 2883 contra
3174 2829 3393 2885 eosdem
3422 2830 3697 2899 praedictis
3733 2832 3818 2887 ab-

2234 2914 2476 2970 sentibus
2498 2915 2764 2983 deﬁnire;
2796 2917 2874 2982 id,
2905 2919 3048 2990 quod
3097 2919 3255 2977 fuerit
3304 2932 3643 2992 usurpatum,
3678 2925 3816 2980 irrito

2233 3018 2517 3064 evanescet
2545 3009 2758 3066 effectu.
2784 3010 2902 3066 Non
2928 3013 3072 3068 enim
3097 3014 3186 3068 illa
3216 3014 3359 3069 vires
3387 3015 3587 3073 habere
3627 3016 3812 3088 poterit

2233 3101 2495 3168 deﬁnitio,
2528 3105 2611 3158 cui
2642 3113 2825 3159 nostra
2857 3114 3055 3160 statuta
3084 3115 3349 3161 ιρειςιιιιυιε
3403 3108 3514 3179 jam
3559 3125 3699 3165 nunc
3740 3125 3818 3164 ro-

604 3213 748 3253 cnuo
776 3199 845 3270 (ε)
870 3214 1258 3258 οοιιινειιειιιητ
1288 3203 1446 3275 (data:
1473 3204 1557 3259 die
1582 3204 1652 3259 27
1682 3207 1825 3274 maii,
1854 3224 1944 3263 an.
1969 3208 2117 3281 359).

2234 3194 2333 3249 bur
2361 3207 2414 3251 et
2449 3196 2657 3265 cupiam
2688 3197 2783 3263 (al.
2823 3197 3057 3270 cupiam)
3086 3197 3363 3269 denegari.
3410 3200 3542 3269 ρυω
3590 3216 3710 3256 cum
3756 3203 3815 3254 ila

531 3321 719 3379 Victor
767 3322 1115 3380 Constantius
1170 3328 1437 3383 maximus
1487 3328 1846 3394 triumphator
1912 3347 2129 3403 semper

1039 3422 1313 3491 Augusms
1338 3422 1625 3492 episcopis.

600 3532 654 3586 1.
681 3530 764 3587 De
787 3531 892 3602 fide
920 3540 1117 3588 tantum
1148 3534 1202 3588 in
1232 3534 1461 3590 Concilio
1484 3537 1835 3595 tractandum.
1884 3570 1952 3581 —
1987 3542 2128 3599 Con-

530 3626 706 3681 tineut
754 3625 938 3695 priora
980 3626 1248 3695 instituta,
1302 3628 1668 3699 Venerabiles,
1712 3634 2122 3692 sanctimoniam

526 3716 662 3788 legis
698 3717 865 3773 rebus
910 3718 1296 3776 ecclesiasticis
1327 3720 1443 3775 niti.
1497 3720 1638 3778 Satis
1691 3738 1960 3797 superque
2003 3745 2126 3799 per-

525 3808 802 3880 speximus
823 3809 1016 3865 litteris
1037 3810 1106 3865 ad
1135 3820 1370 3867 nostram
1399 3813 1741 3883 prudentiam
1761 3818 2121 3889 datis,iisdem

597 4018 678 4094 _(a)
709 4017 960 4074 Proxime
990 4025 1111 4087 post
1133 4016 1346 4094 litt_eras
1364 4017 1735 4094 Orientalibus
1757 4021 1930 4091 datas,
1957 4035 2033 4094 et,
2062 4038 2120 4085 ιιι

523 4087 828 4161 opinamur,
884 4098 1169 4161 antequam
1215 4087 1463 4161 Ursacio,
1508 4090 1715 4147 Valenti
1758 4105 1810 4149 et
1840 4087 2118 4155 Germi'nio

522 4159 807 4219 scriberet.
837 4160 936 4216 Hic
965 4159 1109 4216 enim
1131 4159 1356 4231 Liberii,
1390 4161 1476 4216 tibi
1503 4177 1532 4216 a
1559 4163 1783 4231 pristina
1812 4172 2114 4225 constantia

520 4249 617 4289 sua
644 4232 860 4299 cecidit,
891 4232 1188 4309 litterarum
1211 4230 1348 4287 ordo
1373 4236 1529 4287 Statui
1557 4230 1734 4309 potest
1764 4254 1776 4289 :
1803 4248 1855 4290 ιιι
1882 4241 2113 4309 primum

520 4305 925 4373 imperatorem,
961 4304 1259 4373 eodemque
1283 4313 1525 4372 tempore
1561 4307 1765 4361 clerum
1810 4304 2111 4369 Romanum

519 4376 708 4431 mutati
733 4374 942 4428 consilii
972 4375 1055 4428 sui
1087 4389 1183 4444 per
1210 4373 1651 4431 Fortunatianum
1683 4382 1947 4437 certiores
1972 4381 2114 4440 fece-

517 4449 609 4511 rit,
638 4445 837 4500 deinde
865 4444 1169 4501 Orientales
1202 4461 1297 4514 per
1342 4446 1547 4502 litteras
1588 4452 1877 4515 monuerit,
1907 4468 1968 4509 se
1988 4469 2108 4511 cum

517 4518 623 4574 illis
651 4516 853 4572 habere
892 4530 1102 4586 pacem,
1151 4525 1204 4571 et
1248 4517 1317 4571 ab
1355 4516 1631 4573 Athanasii
1661 4520 1974 4577 defensioue
2000 4525 2112 4579 dis-

514 4589 777 4653 cessisse;
810 4596 921 4641 tutu
947 4586 1251 4659 Vincentio,
1275 4588 1498 4659 ejusque
1517 4605 1681 4657 opera
1707 4595 1913 4648 cunctis
1948 4596 2108 4653 Cam-

513 4662 687 4732 paniae
722 4657 1010 4732 episcopis.
1043 4657 1480 4715 communionem
1514 4676 1636 4715 cum
1674 4662 2030 4722 Orientalibus
2073 4684 2105 4724 a

2236 3290 2366 3353 sint,
2412 3290 2786 3347 moderatione
2830 3292 3108 3363 religionis
3163 3294 3567 3350 venerabihbus
3619 3294 3815 3350 antisti-

2238 3384 2378 3440 tibus
2401 3397 2764 3441 cousentauea
2795 3386 3005 3442 debetis
3024 3387 3332 3443 veneranda
3362 3388 3657 3456 perﬁcere;
3683 3399 3737 3444 ut
3768 3386 3814 3443 id

2235 3480 2377 3551 quod
2408 3481 2596 3553 religio
2622 3483 2876 3552 postulat,
2906 3482 3228 3553 explicetur,
3248 3492 3305 3539 et
3332 3484 3478 3555 quod
3510 3484 3685 3540 audiri
3709 3498 3814 3554 pro.

2236 3571 2382 3627 bibet
2413 3573 2478 3646 (ἰ)
2508 3614 2522 3637 ,
2552 3575 2730 3630 nullus
2760 3584 3004 3645 usurpet.
3056 3575 3314 3631 Diviuitas
3363 3591 3460 3631 vos
3504 3588 3687 3633 servet
3731 3591 3813 3648 per

2232 3665 2432 3721 multos
2459 3681 2652 3732 annos,
2684 3666 2946 3722 Parentes
2976 3665 3049 3742 (j)
3085 3667 3153 3723 Κ.
3181 3668 3299 3725 Dat.
3327 3685 3378 3724 vi
3408 3668 3626 3726 kalend.
3651 3669 3811 3742 juuias

2232 3756 2464 3813 Eusebio
2494 3767 2548 3813 et
2568 3757 2760 3830 Ypatio
2780 3774 2961 3816 conss.
3083 3747 3096 3761 ’
3610 3776 3613 3783 ’

2227 4040 2282 4085 ιιι
2313 4036 2709 4116 controversias
2754 4035 2824 4092 de
2864 4035 2968 4092 ﬁde
2994 4038 3226 4109 primum
3269 4050 3666 4112 componerent
3689 4057 3807 4116 prte-

2224 4114 2389 4173 cepit.

2297 4195 2371 4269 (c)
2413 4197 2470 4253 In
2497 4197 2653 4261 edit.,
2681 4212 3040 4257 convenerunt.
3064 4201 3182 4259 Non
3220 4203 3360 4259 male
3390 4217 3571 4262 tamen
3608 4210 3658 4263 in
3693 4222 3804 4261 mss.

2222 4280 2602 4342 convenerant;
2633 4286 2754 4325 cum
2786 4272 2871 4326 hic
2904 4273 3089 4328 lltlarii
3110 4290 3290 4329 sermo
3322 4278 3412 4342 sit,
3446 4293 3553 4333 uou
3581 4280 3778 4336 scribent

2223 4340 2353 4393 tium
2383 4342 2785 4416 episcoporum.
2834 4346 2971 4398 Ante
3024 4346 3367 4414 reposuimus
3404 4340 3733 4416 Constantii;
3758 4361 3803 4403 et

2225 4422 2344 4489 post
2372 4409 2741 4489 Constantius;
2764 4430 2884 4468 cum
2907 4431 2988 4489 ιιι
3034 4409 3137 4472 ﬁde
3168 4433 3269 4477 ms.
3314 4420 3464 4489 prius
3501 4409 3802 4479 obtinuisset

2221 4480 2544 4537 Constantini
2571 4497 2622 4538 ct
2649 4483 3031 4545 Constantinus.

2287 4575 2355 4644 (f)
2397 4573 2567 4641 Alias,
2599 4593 2713 4631 cum
2744 4577 2893 4632 rebus
2917 4595 2936 4632 :
2968 4579 3057 4634 ubi
3079 4596 3144 4636 ex
3178 4598 3278 4636 ms.
3309 4583 3477 4640 Sirm.
3524 4586 3799 4641 restituitur

2215 4661 2331 4697 cum
2367 4645 2567 4728 crebra.
2620 4650 2814 4714 Antea,
2863 4649 2982 4706 loco
3027 4653 3308 4724 geminari,
3367 4656 3541 4726 magis
3585 4658 3797 4728 placeret

508 4717 572 4810 ἐρ
600 4717 783 4810 initam
805 4717 1149 4801 sigiiificarit;
1181 4746 1246 4785 ac
1258 4741 1542 4810 postremo
1568 4748 1698 4810 cum
1718 4735 1783 4810 ad
1819 4717 2106 4810 ἱηιρἑξᾶιοῖ
2135 4751 2184 4810 D
2213 4717 2515 4810 επαυξίιιανὶ-

510 4801 588 4858 ris
616 4802 929 4857 comitatum
962 4810 1227 4870 pergeret,
1258 4803 1450 4856 litteris
1491 4802 1629 4857 datis
1660 4801 1907 4864 Valenti.'
1945 4807 2075 4863 Ursa

509 4872 595 4928 cio
626 4882 680 4928 et
707 4872 1010 4937 Gertuinio,
1041 4883 1150 4927 tum
1180 4872 1372 4926 horum
1418 4872 1901 4940 perditissimorum
1934 4879 2103 4935 homi-

470 4958 659 5017 ‘lllllll,
713 4955 822 5017 tum
877 4942 959 5017 his
1025 4944 1258 5017 nequitia
1311 4957 1427 5017 non
1449 4944 1761 4998 inferiorum
1792 4946 2016 5017 Epicteti
2047 4964 2101 5007 et

509 5015 766 5090 {Auxentii
799 5015 1029 5090 gratiam
1060 5015 1181 5090 sibi
1237 5015 1456 5090 tentarit
1484 5017 1795 5090 conciliare.
1821 5015 2101 5090 Egregium

507 5082 757 5162 humanae
787 5082 1102 5162 fragilitatis
1131 5087 1462 5162 escutplum.
1503 5088 1587 5140 eui
1612 5101 1756 5162 saepe
1804 5082 2101 5162 tzu'tto‘gra-

505 5155 624 5212 vius
653 5156 898 5211 imminet
927 5157 1302 5226 pra-cipitium,
1342 5169 1547 5228 quanto
1577 5158 1784 5214 videtur
1807 5155 2017 5218 elatior.

578 5246 654 5329 (ὁ)
676 5247 748 5329 lu
793 5263 894 5329 ms.
925 5246 1088 5303 Sirm.
1138 5249 1304 5305 verbo
1351 5251 1610 5329 sanctitati
1650 5253 1933 5329 subjicitur
1961 5273 2098 5329 vero,

504 5318 644 5389 apud
676 5318 965 5374 Barouium
994 5329 1170 5374 autem
1203 5321 1568 5390 praemittitur,
1598 5332 1644 5376 et
1674 5318 1808 5379 ideo.

576 5412 650 5484 (ο)
688 5412 841 5485 Apud
889 5412 1110 5480 Baron.,
1166 5412 1370 5467 domine
1407 5417 1565 5485 frater
1602 5415 1918 5474 charissime.
1966 5418 2099 5476 Item

500 5499 658 5560 manu
678 5484 841 5553 ipsius
864 5485 916 5560 in
944 5484 1121 5538 eodeni
1144 5485 1333 5560 pagina
1366 5488 1674 5553 conscripta.
1719 5487 1871 5560 Legit
1906 5490 2095 5560 Sirm.,

2282 4806 2361 4880 (g)
2402 4807 2585 4890 lituis.
2615 4811 2784 4890 Pith..
2833 4815 3239 4890 nehujusmodi.
3288 4818 3574 4876 Mallemus
3622 4823 3683 4877 de
3715 4820 3795 4874 ltu-

2204 4880 2466 4950 jttsntodi,
2488 4884 2794 4949 supplendo
2819 4880 3015 4940 deinde
3037 4888 3208 4954 rebus,
3240 4890 3306 4944 dc
3330 4890 3435 4946 ﬁde
3457 4894 3579 4947 scil.
3612 4903 3667 4950 et
3694 4892 3791 4948 uni-

2213 4958 2320 5003 tate
2354 4991 2368 5004 .
2395 4953 2581 5032 sicque.
2607 4955 2697 5032 hic
2728 4957 3084 5032 erit_ittteger
3117 4953 3307 5016 sensus
3369 4981 3381 5014 :
3431 4980 3551 5017 cum
3617 4965 3791 5032 penitus

2209 5023 2490 5101 amputatis
2507 5025 2579 5101 _de
2599 5021 2795 5101 (rebus)
2842 5021 3139 5101 hujusinodi
3179 5034 3542 5099 questionibus
3595 5021 3788 5097 cunctis,

2213 5090 2349 5161 (qua:
2384 5094 2523 5165 sunt)
2550 5090 2795 5152 sectanda
2814 5090 3201 5158 conimonuerit:
3234 5104 3335 5159 Res
3364 5115 3534 5161 tamen
3560 5090 3685 5174 ista,
3699 5090 3787 5161 etc;

2282 5184 2363 5257 (Ιι)
2403 5185 2736 5245 Vocabulum
2760 5193 2963 5263 longius
2992 5210 3057 5250 cx
3083 5212 3183 5251 ms.
3211 5198 3375 5254 Sirm.
3407 5200 3679 5269 adjicitur.

2280 5276 2348 5356 (ξ)
2389 5280 2691 5356 Faberhic
2712 5284 2986 5356 adjeceral
3009 5288 3162 5347 ratio.
3195 5290 3268 5344 uti
3292 5291 3526 5356 videtur.
3549 5296 3785 5350 adductus

2204 5350 2802 5439 verbissuperioribui,
2832 5355 3107 5439 {Vpnhenim
3136 5359 3200 5414 de
3231 5350 3600 5439 Orientalibus.
3634 5408 3649 5421 .
3669 5363 3781 5439 pali-

2203 5429 2287 5494 tur
2310 5424 2439 5475 ratio
2464 5425 2536 5477 ali
2552 5426 2661 5491 [uid
2685 5427 2912 5494 deﬁniri.
2946 5428 3052 5485 Sed
3085 5431 3198 5485 haec
3226 5448 3326 5488 vox
3355 5437 3507 5490 abest
3532 5454 3560 5490 τι
3598 5424 3715 5493 ms;
3738 5441 3784 5487 et

2201 5491 2357 5576 adest
2387 5509 2579 5576 nomen
2610 5491 2814 5576 religio,
2847 5501 3085 5576 adquod
3120 5506 3340 5576 verbum
3384 5491 3624 5576 prohibet
3654 5491 3779 5564 com-

498 5554 691 5624 pagine
711 5557 1012 5625 perscripta,
1043 5570 1148 5610 nou
1179 5554 1383 5627 pagina:
1411 5560 1727 5627 perscripta.

564 5644 647 5712 (ά)
687 5643 942 5721 Epistolas
962 5647 1097 5721 huic
1125 5647 1419 5700 auctoritas
1437 5650 1723 5704 accedite:
1756 5650 2079 5721 Sozomeno.

484 5710 584 5791 lib_.'
619 5727 687 5773 Iv,
716 5728 765 5763 c.
804 5714 888 5791 l7,
926 5715 1023 5791 ubi
1068 5717 1272 5791 litteras
1312 5727 1575 5791 memorat
1627 5721 1964 5791 imp-ratoris
2010 5710 2075 5783 ad

486 5781 775 5852 episcopos
798 5783 1027 5839 Arimini
1050 5800 1113 5842 ac
1151 5784 1411 5843 Seleucia:
1462 5781 1836 5862 caugrrgatos,
1878 5781 2073 5867 quibus

2202 5563 2361 5650 modo.
2389 5564 2676 5650 referatur.
2699 5563 2931 5650 -'S_i._quid
2963 5563 3301 5650 'tuutaudum
3346 5563 3510 5643 esset,
3563 5563 3780 5650 proxime

2198 5635 2388 5689 audere
2412 5651 2509 5706 pro
2538 5641 2707 5692 audiri
2734 5635 2963 5697 libenter
2988 5644 3094 5698 reci
3105 5661 3379 5713 peremus.

2182 5809 2196 5855 ι
2239 5731 2323 5858 l{j}
2370 5729 2476 5812 liae
2504 5733 2683 5790 littera
2737 5736 2770 5790 It
2824 5756 3018 5797 nomen
3086 5739 3357 5796 carissimi
3398 5744 3680 5802 commode
3714 5740 3779 5794 in.

2203 5815 2234 5855 e
2279 5817 2474 5857 exerts.

2203 5815 2474 5857 etlexerts.
