3958 6194
534 247 640 305 699

1728 242 1971 301 SANCTI
2005 240 2261 300 HILABII
2302 241 2605 299 EPISOOPI

3722 238 3821 291 τιιο

535 366 733 424 saecula
765 375 821 423 et
849 381 956 423 non
985 366 1051 439 (Γ.
1078 364 1177 423 sed
1227 364 1360 432 non)
1387 371 1515 419 ante
1549 372 1713 419 omne
1741 363 1965 419 omnino
1994 369 2128 418 tem-
2157 360 2211 422 A
2237 359 2485 415 haeresim
2514 359 2766 415 Ariaoam
2795 356 2862 430 (f)
2890 365 3019 415 tunc
3043 355 3250 427 positus
3294 352 3591 419 invenitur,
3642 361 3700 407 ut
3719 352 3819 409 b2-

538 474 660 534 pus,
710 470 769 519 ut
810 462 862 518 ei
912 470 1123 531 tempus
1167 456 1438 530 adsignet,
1485 457 1778 514 anathema
1815 458 1908 513 sit.
1933 457 1993 514 Si
2016 456 2139 527 quis

540 566 721 613 creata
748 555 935 610 omnia
965 568 1069 609 non
1113 566 1211 623 per
1234 552 1493 618 Verbum,
1524 551 1620 607 sed
1649 550 1767 606 sine
1805 565 1873 605 eo
1899 550 1984 606 vel
2014 559 2140 606 ante

540 664 663 706 eum
690 648 828 703 facta
858 647 1076 710 dixerit.
1119 646 1404 702 anathema
1446 647 1533 701 sit.
1564 646 1621 701 Si
1661 645 1750 712 qui
1780 642 1847 717 (ι’.
1877 644 2018 716 quae)
2044 656 2141 699 att-

540 751 648 797 tem
702 741 822 796 aliae
874 740 1221 808 blasphemia
1271 738 1386 795 Arii
1433 738 1518 794 vel
1570 737 1859 809 cujuslibet
1909 746 2139 807 repertae

542 834 762 899 fuerint,
793 835 1047 890 similiter
1091 832 1635 888 anathematizamus.

672 973 836 1047 337
880 946 1357 1028 FRAGMENTUM
1405 967 1519 1024 vm
1550 966 1719 1042 (Alias
1739 980 1776 1023 ιι
1800 963 2007 1036 partis).

540 1091 819 1157 Ssoutrurt
849 1104 1102 1146 EPISTOLA
1135 1087 1208 1159 (α)
1240 1101 1577 1143 Αιιιιιιιιιςιιειε
1615 1100 1843 1141 εοιιοιιιι
1898 1099 1966 1139 ιι)
2014 1096 2143 1137 CON-

616 1201 883 1241 S'I‘ANTIUII
934 1197 1339 1245 tuasnnonsn,
1373 1180 1451 1253 (b)
1478 1195 1562 1235 um
1608 1194 1842 1234 EPISCOPI
1872 1191 2145 1232 rusum-

610 1293 735 1333 ωτι
766 1292 901 1332 sum
928 1293 959 1331 Α
992 1291 1112 1331 nos
1144 1290 1281 1329 νειυι
1306 1272 1532 1344 (scripta
1557 1287 1644 1326 an.
1666 1268 1819 1341 559).

546 1389 872 1445 Beatissimo
921 1397 975 1443 et
1026 1386 1421 1459 gloriosissimo
1477 1386 1721 1454 Augusto
1777 1381 2095 1440 Constantio
2126 1423 2141 1449 ,

1012 1480 1252 1554 synodus
1299 1480 1676 1534 Ariminensis.

624 1575 674 1630 l.
701 1575 1037 1629 Ariminensis
1076 1573 1304 1645 synodus
1355 1572 1430 1627 nil
1484 1571 1829 1626 innovandum
1871 1571 2147 1625 statuit.—

546 1669 778 1726 Jubente
811 1668 883 1742 (c)
927 1666 1037 1724 Deo
1066 1683 1130 1723 ex
1188 1675 1458 1737 praecepto
1488 1665 1699 1736 pietatis
1730 1674 1834 1720 tute
1873 1663 2146 1720 credimus

2241 468 2393 509 reses
2422 452 2548 509 inde
2598 452 2706 508 siut
2731 459 3053 522 expugnans
3083 466 3096 503 :
3126 463 3157 503 a
3186 461 3294 519 quo
3324 446 3372 501 si
3418 442 3621 516 aliquid
3649 444 3820 520 demp-

2240 555 2354 603 tum
2386 547 2564 613 fuerit,
2590 546 2815 602 venenis
2849 544 3232 600 haereticorum
3279 540 3461 596 aditus
3490 538 3756 609 panditur.

2310 638 2542 713 6882.
2571 637 2622 693 Ν
2628 637 2812 693 ouandi
2823 636 3077 692 studiosos
3091 636 3321 688 damnat.
3345 661 3420 673 —
3441 629 3568 686 Ideo
3584 628 3822 688 Ursacius

2241 742 2298 790 et
2330 734 2527 788 Valens
2565 731 2618 788 in
2647 732 3007 802 suspicionem
3047 727 3289 800 ejusdem
3318 725 3593 781 haereseos
3624 723 3825 781 Ariana

2241 833 2512 879 venerunt
2531 823 2841 895 aliquando,
2858 834 2909 879 et
2925 822 3172 890 suspensi
3194 828 3349 875 erant
3365 835 3391 871 a
3408 815 3783 872 communione
3809 834 3823 872 τ

2242 926 2298 970 et
2326 925 2654 987 rogaverunt
2676 914 2910 979 veniam,
2930 914 3069 968 sicut
3089 927 3275 969 eorum
3303 909 3590 966 continent
3618 907 3822 979 scripta,

2248 1024 2407 1080 quam
2463 1016 2774 1063 meruerant
2824 1014 2952 1062 tunc
3007 1005 3265 1076 temporis
3293 1019 3323 1057 a
3355 1001 3590 1058 concilio
3621 998 3699 1074 (g)
3732 1001 3829 1057 lle»
3930 1014 3931 1080 ξ

2244 1100 2546 1157 diolaneusi
2593 1099 2966 1155 assistentibus
3016 1098 3176 1153 etiam
3230 1098 3423 1166 legatis
3466 1094 3721 1148 llomanm
3751 1110 3830 1151 cc-

2247 1196 2448 1249 clesite.
2475 1194 2555 1264 (h)
2579 1190 2933 1247 Constantino
2959 1199 3223 1263 praesente
3255 1191 3305 1244 iu
3341 1188 3463 1252 hoc,
3495 1204 3619 1244 cum
3650 1203 3832 1258 magno

2245 1287 2495 1342 examine
2521 1286 2711 1340 fuisset
2732 1286 3118 1355 conscriptum,
3148 1284 3288 1356 quod
3312 1292 3505 1338 tenens
3532 1281 3823 1352 baptizatus

2245 1380 2311 1436 ad
2341 1380 2573 1452 quietem
2635 1380 2721 1435 Dei
2772 1379 3183 1449 commigravit;
3232 1373 3386 1432 nefas
3413 1385 3667 1446 putamus
3710 1372 3825 1431 inde

2244 1472 2446 1543 aliquid
2477 1471 2537 1545 (i)
2571 1472 2817 1527 mtttilare
2839 1514 2854 1539 ,
2885 1480 2943 1527 et
2974 1482 3051 1526 ιοι
3078 1478 3295 1525 sanctos
3342 1478 3397 1525 et
3426 1465 3766 1523 confessores
3786 1475 3833 1521 et

2248 1586 2594 1628 successores
2646 1576 2939 1641 martyrum
2975 1568 3144 1637 ipsius
3194 1573 3457 1621 tractatus
3501 1563 3834 1635 conscripto-

2249 1679 2338 1719 res
2369 1665 2418 1717 itt
2460 1662 2641 1732 aliquo
2671 1675 2991 1723 removere;
3022 1659 3093 1735 (j)
3140 1673 3261 1713 cum
3304 1666 3360 1713 et
3414 1656 3515 1728 ipsi
3551 1655 3832 1725 prater-ito-

548 1763 715 1818 fuisse
742 1762 1089 1830 dispositum,
1114 1769 1173 1815 ut
1209 1759 1277 1815 ad
1328 1758 1750 1815 Ariminensium
1775 1759 1949 1813 locum
1973 1772 2039 1814 ex
2064 1755 2147 1813 di-
2175 1752 2221 1812 Β
2251 1773 2370 1814 rum
2422 1756 2809 1813 catholicorum
2841 1753 3139 1810 secundum
3168 1753 3467 1824 scripturas
3486 1760 3706 1806 cunctas
3732 1765 3835 1806 ser-

547 1856 721 1912 versis
752 1853 1046 1925 provinciis
1089 1852 1515 1909 Occidentalium
1544 1850 1784 1920 episcopi
1813 1850 2142 1914 veniremus,

548 1946 607 2001 ut
638 1945 771 2000 fides
797 1946 1123 2000 claresceret
1170 1942 1424 1998 omnibus
1478 1939 1736 1997 Ecclesiis
1763 1939 2066 2005 catholicis,
2093 1949 2147 1996 et

553 2038 794 2093 haeretici
826 2047 1205 2092 noscerentur.
1226 2036 1360 2089 Dum
1381 2035 1524 2088 enim
1554 2048 1744 2088 omnes
1773 2032 1863 2103 qui
1890 2040 2036 2088 recte
2060 2047 2147 2087 sa-

550 2130 752 2201 pimus,
786 2137 1269 2191 contractaremns,
1302 2125 1499 2195 placuit
1527 2124 1744 2194 quidem
1804 2134 1860 2178 ut
1887 2122 2046 2178 fidem
2077 2123 2147 2179 ab

555 2222 875 2293 antiquitate
917 2227 1353 2290 perseverantem
1384 2260 1399 2284 ,
1442 2233 1600 2288 quam
1657 2232 1753 2287 per
1828 2217 2141 2287 prophetas,

550 2313 827 2383 evangelia
880 2321 936 2367 et
963 2315 1261 2381 apostolos,
1319 2326 1415 2381 per
1460 2310 1634 2380 ipsum
1678 2309 1846 2365 Deum
1874 2318 1930 2366 et
1961 2310 2145 2365 Domi-

554 2422 681 2461 num
713 2414 957 2461 nostrum
1008 2405 1194 2461 Jesum
1245 2404 1515 2460 Christum
1559 2404 1885 2461 salvatorem
1933 2405 2148 2475 imperii

550 2497 629 2554 tui
658 2506 715 2554 et
743 2498 1054 2569 largitorem
1104 2498 1292 2554 salutis
1324 2508 1427 2553 tua:
1456 2497 1555 2567 (ά),
1581 2513 1742 2569 quam
1772 2514 1990 2571 semper
2009 2500 2151 2555 obti-

548 2592 783 2655 nuimus,
818 2600 1119 2647 teneamus.
1150 2590 1329 2647 Nefas
1359 2592 1504 2647 enim
1549 2592 1801 2648 duximus
1825 2592 1898 2666 (ε)
1932 2603 2150 2649 sancto-

548 2700 668 2740 rum
695 2684 896 2754 aliquid
945 2685 1215 2752 mutitare,
1240 2696 1295 2740 et
1342 2700 1530 2740 eorum
1562 2684 1655 2754 qui
1702 2685 1757 2740 in
1804 2685 2156 2742 Nicmnotra-

551 2785 698 2831 ctatu
717 2776 1076 2833 consederant
1106 2792 1214 2832 una
1257 2792 1379 2832 cum
1408 2776 1658 2847 gloriosae
1693 2778 1970 2833 memorie
2007 2778 2152 2835 Con-

554 2870 793 2925 stantino
816 2880 969 2940 patre
992 2871 1208 2941 pietatis
1226 2880 1351 2926 tutr.
1368 2870 1469 2938 Qui
1495 2880 1756 2926 tractatus
1779 2871 2153 2929 manifestatus

552 2971 655 3032 est,
688 2974 744 3019 et
796 2964 1101 3021 insinuatus
1142 2965 1417 3022 mentibus
1465 2964 1809 3036 populorum,
1865 2974 1921 3023 et
1962 2975 2151 3023 contra

629 3144 706 3217 (α)
736 3143 859 3217 ﬂave
890 3144 1139 3217 epistola,
1171 3152 1309 3199 teste
1337 3144 1711 3217 Socrate,lib.
1737 3161 1793 3209 ll,
1812 3159 1871 3217 pc.
1902 3145 1995 3217 5⁸1,
2028 3154 2148 3216 post
2174 3145 2219 3208 C

555 3215 934 3282 Athanasium,
961 3217 1053 3271 lib.
1089 3216 1157 3272 de
1203 3216 1432 3287 Synod.,
1487 3233 1537 3285 p.
1573 3216 1699 3287 677,
1733 3215 1895 3271 latine
1919 3215 2146 3285 primum

560 3288 784 3357 scripta,
809 3288 859 3341 in
889 3302 1122 3358 graecum
1175 3284 1493 3341 sermonem
1530 3284 1784 3358 translata
1816 3284 1929 3342 est.
1964 3288 2152 3343 Exstat

561 3374 667 3414 non
716 3357 910 3412 solum
937 3357 1074 3427 apud
1126 3358 1479 3413 Athanasium
1528 3369 1579 3413 et
1624 3357 1924 3424 Socratem,
1972 3358 2067 3413 sed
2096 3366 2151 3413 ct

559 3429 700 3499 apud
755 3426 1140 3495 Sozomenum,
1173 3430 1262 3483 lib.
1301 3445 1375 3494 l\',
1403 3444 1452 3483 c.
1491 3426 1577 3493 18,
1617 3437 1669 3483 et
1726 3430 1864 3497 apud
1895 3428 2150 3485 Theodo-

560 3512 755 3567 retttm,
789 3500 884 3556 lib.
914 3516 952 3556 tt
1003 3502 1136 3556 llist.
1185 3500 1358 3566 Ecc|.,
1384 3501 1543 3566 c.15,
1580 3516 1701 3555 cum
1757 3501 1949 3571 insigni
1980 3502 2152 3556 varie-

563 3582 671 3644 tati-
702 3591 722 3644 :4
745 3574 885 3640 quod
932 3574 1122 3644 graecis
1142 3642 1150 3644 Α
1171 3572 1551 3644 interpretibus
1590 3572 1843 3644 solemne
1874 3588 1997 3628 esse
2027 3589 2152 3642 pru-

562 3643 652 3697 bat
680 3642 999 3699 Valesiusiu
1035 3642 1302 3699 laudatum
1327 3643 1565 3699 Socratis
1588 3642 1786 3697 locum.

635 3714 710 3783 (ὁ)
738 3715 793 3768 Id
840 3726 953 3780 est,
995 3715 1136 3783 apud
1167 3730 1326 3784 quem
1358 3730 1479 3769 cum
1508 3714 1706 3769 diutius
1734 3713 1939 3769 delenti
1971 3724 2152 3769 essent

563 3786 825 3853 episcOpi,
854 3801 951 3855 per
994 3800 1130 3856 quos
1182 3786 1345 3840 missa
1394 3795 1476 3841 cst
1531 3787 1645 3841 litae
1674 3786 1927 3857 epistola.
1987 3801 2016 3840 a
2050 3785 2155 3842 fide

565 3870 693 3909 vera
723 3858 1054 3924 praevaricati
1079 3867 1221 3910 sunt.

650 3928 724 3994 (c)
748 3926 896 3982 Alias
923 3942 986 3981 ex
1017 3943 1117 3983 ms.
1148 3925 1287 3981 l‘itlt.
1332 3925 1528 3982 lubente
1557 3925 1687 3981 Deo.
1718 3926 1852 3984 Cum
1901 3943 2004 3983 ms.
2037 3927 2153 3983 Sir-

566 3996 771 4061 moudi,
805 4013 981 4067 gneeo
1027 3998 1325 4068 interprete
1364 4000 1755 4070 consentiente,
1783 4003 1953 4069 magis
1983 3999 2158 4070 placet

559 4070 778 4142 jubente
798 4070 902 4125 Deo
922 4086 941 4124 :
958 4070 1101 4141 quod
1127 4085 1224 4140 pro
1235 4072 1454 4142 juventa
1474 4069 1584 4124 Deo
1611 4073 1870 4139 scriptum
1892 4085 2015 4142 esse
2041 4071 2162 4140 quis

567 4156 691 4197 cum
735 4140 952 4198 Valesio
1006 4140 1364 4211 suSpicetur?
1407 4141 1568 4198 Certe
1620 4142 1889 4211 epi~copis
1932 4140 2039 4196 hoc
2080 4142 2160 4196 di-

564 4227 727 4282 gnum
759 4226 894 4278 erat,
929 4224 985 4267 ιιι
1039 4214 1422 4279 imperatorem
1472 4211 2000 4268 commonefacerent
2065 4228 2159 4267 su-

569 4299 768 4353 premae
825 4283 920 4338 llei
974 4285 1328 4349 auctoritatis,
1359 4283 1443 4339 cui
1493 4294 1600 4339 tam
1650 4282 1743 4339 ille
1784 4299 1945 4355 quam
1973 4299 2163 4342 omnes

569 4368 632 4424 pa
641 4369 761 4407 rere
790 4364 1122 4409 tenvrentur.
2038 4387 2054 4401 .

646 4425 725 4494 (ά)
758 4424 833 4479 Ex
882 4424 1202 4496 Fragmento
1225 4426 1524 4492 superiore,
1556 4444 1610 4482 ιι.
1642 4428 1697 4496 '5,
1730 4426 1821 4482 ubi
1845 4426 2034 4483 eadem
2058 4426 2164 4482 alio

569 4496 859 4550 verborum
887 4495 1078 4551 ordine
1112 4497 1470 4565 explicantur,
1505 4497 1660 4553 facile
1684 4495 2021 4566 suppleveris
2046 4514 2167 4554 sus-

571 4567 802 4637 cepimus
820 4582 841 4621 :
868 4567 970 4620 nisi
1005 4568 1468 4642 malis‘susceptam
1499 4584 1695 4642 semper
1716 4569 2048 4636 obtinuimus,
2068 4585 2169 4641 pro

569 4654 722 4710 quam
747 4654 954 4710 semper
984 4639 1316 4692 obtinuimus.

645 4708 718 4781 (e)
742 4709 797 4763 ltl
820 4721 927 4776 est,
949 4710 1233 4781 aliquidex
1267 4710 1332 4765 iis
1354 4709 1621 4775 mutilare,
1645 4724 1765 4779 qute
1788 4712 1997 4766 sancita
2015 4722 2164 4774 sunt,

574 4790 628 4835 ct
658 4784 953 4850 praesertim
983 4797 1104 4851 quae
1149 4796 1335 4836 eorum
1388 4792 1533 4843 sunt,
1566 4782 1658 4851 qui
1688 4782 1737 4835 in
1781 4781 2000 4837 Nicaeuo
2027 4788 2171 4839 trac-

576 4861 712 4916 tatu,
742 4862 872 4918 ete.,
901 4864 1185 4909 tractatum
1219 4853 1367 4906 illum
1395 4851 1581 4908 Ariani
1624 4854 1919 4909 auferendo
1945 4855 2173 4910 homon-

572 4924 713 4981 siun.
746 4924 981 4979 mutilari
1009 4925 1362 4994 peroptabant

644 5012 716 5087 (Γ)
763 5016 1059 5085 Malleolus,
1082 5018 1157 5073 ita
1207 5017 1422 5082 positus.
1457 5016 1575 5074 Mox
1629 5019 1757 5075 editi
1788 5035 1856 5076 ex
1885 5032 1989 5075 ms.
2019 5018 2169 5077 Pitlt.

577 5099 895 5163 expurgatis.
925 5088 1114 5145 Verius
1144 5090 1305 5163 εῖτ-ιη.
1329 5106 1394 5144 ex
1423 5090 1630 5160 Rontig.
1663 5102 2013 5163 expugnutw:
2045 5105 2171 5150 cum

578 5156 841 5240 ingratae
884 5162 1474 5240 legatttr_ua9pp£6ngm.
1494 5156 1603 5216 non
1618 5156 1988 5240 ἕκαθάρίρησριγ.
2017 5163 2172 5234 Quod

578 5224 880 5285 illustratur
907 5224 1314 5295 tantumita.
1346 5233 1556 5305 Fragtn.
1589 5252 1645 5301 tt,
1682 5254 1735 5289 ιι.
1768 5224 1860 5301 ⁸27,
1893 5224 2169 5292 Νἱοίιῆιιιιιὶ

577 5309 860 5377 tractatum
884 5315 1062 5377 contra
1088 5306 1497 5377 omnesltwreses
1526 5306 1874 5377 inscribenlis
1901 5328 1914 5362 :
1946 5308 2065 5377 quia
2093 5311 2171 5363 tti-

578 5372 797 5438 mirum,
820 5374 896 5428 uti
922 5377 974 5429 in
1003 5375 1247 5449 ipsorum
1266 5372 1714 5446 Fragmentorum
1736 5374 1891 5434 titulo
1914 5372 2169 5449 loquitur,

577 5456 642 5566 So
673 5453 899 5568 tratétatu
945 5448 1190 5503 universa:
1228 5447 1444 5503 htcreses
1500 5464 1803 5522 compressa:
1828 5447 1995 5505 erant
2021 5463 2171 5520 atque

612 5531 764 5568 amna
789 5531 853 5568 az.

612 5531 853 5570 anmatos.

653 5606 733 5678 (g)
781 5612 916 5666 Anni
957 5612 1185 5687 549,ut_
1225 5612 1342 5669 fuse
1377 5613 1817 5687 demonstratum
1869 5624 1953 5672 est
2002 5615 2172 5687 Frag-

586 5688 774 5748 menta
801 5695 859 5744 ιι,
889 5686 1132 5748 quamvis
1173 5683 1287 5742 hzt-c
1325 5685 1392 5742 ad
1437 5688 1722 5745 concilium
1750 5688 2035 5746 Mediolan.
2079 5683 2170 5745 ait.

586 5742 691 5802 547
717 5742 918 5807 referri
936 5754 1165 5812 soleant.

2247 1860 2506 1906 vaverunt
2542 1890 2558 1917 ,
2607 1848 2983 1919 mansisseque
3041 1847 3093 1902 in
3147 1846 3263 1901 lucc
3313 1855 3598 1916 tempora,
3653 1844 3833 1913 quibus

2250 1945 2422 2015 pietas
2454 1953 2539 1998 tua
2569 1957 2599 1997 a
2626 1943 2735 1997 Deo
2785 1953 2935 2012 patre
2989 1955 3085 2013 per
3115 1939 3282 1996 Deum
3318 1948 3375 1995 et
3427 1939 3713 1993 Dominum
3754 1953 3836 1992 no-

2247 2047 2415 2093 strum
2437 2036 2619 2093 .lesum
2645 2035 2920 2091 Christum
2973 2033 3198 2108 (supple,
3239 2031 3589 2105 potestatem)
3622 2030 3825 2103 regendi

2254 2132 2404 2188 orbis
2431 2130 2658 2202 accepit.
2685 2129 2933 2202 (Ιι)’1“ιιιιο
2961 2129 3122 2184 etiam
3149 2126 3488 2183 conabantur
3506 2124 3822 2192 convellere,

2252 2224 2395 2297 quod
2425 2224 2600 2280 fuerat
2654 2223 2886 2293 positum
2931 2221 3162 2278 ratione.
3211 2221 3422 2276 Etenim
3472 2235 3594 2276 cum
3632 2219 3831 2290 pietatis

2252 2327 2357 2373 tua:
2384 2317 2580 2373 litterae
2601 2317 2881 2386 jusserunt
2904 2314 3121 2371 tractari
3150 2312 3220 2369 de
3243 2312 3370 2376 fide.
3392 2311 3722 2368 offerebatur
3749 2325 3833 2365 no-

2254 2409 2338 2465 bis
2363 2426 2392 2464 a
2422 2408 2748 2479 supradictis
2777 2406 3148 2463 turbatoribus
3175 2404 3565 2469 Ecclesiarum,
3586 2401 3833 2460 associato

2254 2503 2533 2561 Germinio
2559 2509 2614 2556 et
2655 2500 2790 2557 Gaio
2816 2498 2880 2571 (ι)
2908 2542 2921 2562 .
2983 2513 3177 2554 ιιονιιιιι
3213 2496 3397 2551 nescio
3426 2494 3553 2567 quid
3606 2494 3831 2550 conside.

2255 2594 2505 2661 randum,
2528 2592 2669 2665 quod
2700 2593 2867 2649 multa
2919 2605 3187 2663 perversu-
3207 2588 3471 2644 doctrinm
3493 2587 3820 2650 continebat;

2256 2691 2393 2747 adeo
2419 2706 2540 2746 cum
2571 2688 2647 2763 (at
2669 2704 2796 2744 vero
2822 2684 2969 2758 cum)
3001 2685 3272 2740 videretur
3292 2681 3581 2751 displicere
3606 2680 3742 2751 quod
3760 2679 3827 2732 ol-

2260 2784 2504 2840 lerebaut
2537 2783 2747 2852 publice
2778 2781 2830 2835 in
2859 2779 3115 2843 concilio,
3162 2781 3489 2845 putaverunt
3531 2774 3683 2829 aliter
3723 2786 3827 2826 esse

2257 2874 2731 2934 conscribendum.
2761 2871 3026 2943 Equidem
3082 2869 3196 2924 haec
3246 2866 3397 2922 brevi
3431 2876 3675 2935 tempore
3706 2877 3829 2932 sarpc

2260 2977 2522 3030 mutasse,
2553 2965 2898 3020 manifestum
2924 2970 3027 3019 est.
3048 2960 3111 3017 Et
3138 2975 3206 3016 ne
3234 2958 3495 3016 Ecclesia:
3522 2955 3827 3028 frequentius

2325 3146 2407 3218 (It)
2448 3145 2622 3202 Verba
2664 3145 2961 3216 sequentia,
2999 3159 3185 3218 usque
3211 3142 3431 3218 regendi,
3464 3141 3603 3218 orbis
3624 3141 3817 3218 accepit,

2262 3212 2503 3274 Valesius
2552 3212 2878 3286 tranSanita
2924 3212 3219 3282 existimat,
3258 3212 3311 3269 et
3361 3214 3518 3270 initio
3549 3212 3698 3286 hujus
3736 3227 3815 3264 nu-

2258 3289 2467 3343 nnmcri
2490 3300 2612 3343 ante
2633 3282 2746 3343 ideo
2782 3287 3053 3355 (Irsacius,
3084 3295 3217 3352 etc.,
3248 3285 3630 3356 prmponenda.
3660 3282 3812 3339 (ἔπειτα

2255 3370 2434 3415 tamen
2481 3361 2746 3429 exempla,
2775 3360 2874 3414 etsi
2903 3360 2970 3414 ab
3004 3360 3103 3414 hoc
3153 3359 3318 3412 latino
3349 3359 3401 3429 in
3433 3357 3615 3410 multis
3640 3356 3812 3408 disere-

2257 3434 2458 3501 pantia,
2490 3446 2552 3486 ea
2601 3428 2705 3485 non
2743 3432 2851 3487 alio
2880 3433 2998 3487 loco
3034 3431 3308 3485 exhibent.
3338 3428 3472 3501 Quia
3504 3441 3635 3501 vero
3660 3439 3810 3486 voces,

2257 3498 2594 3558 Constantino
2616 3515 2883 3571 prasente,
2907 3512 3062 3557 antea
3091 3518 3212 3557 cum
3230 3498 3812 3571 praecedentibuscopu-

2259 3573 2379 3628 iutu'
2410 3583 2564 3629 erant
2591 3566 2626 3632 ,⁷
2662 3575 2782 3629 illas
2812 3574 2965 3629 multi
2993 3572 3069 3627 sic
3096 3566 3495 3632 intellexerunt,
3527 3569 3670 3641 quasi
3699 3566 3811 3623 Con-

2264 3647 2538 3700 SIantinus
2570 3643 2948 3701 Mediolanensi
2974 3644 3204 3700 concilio
3235 3642 3545 3699 interfuisse
3565 3642 3813 3695 diceretur.

2257 3717 2409 3784 Quod
2424 3732 2544 3772 cum
2565 3729 2846 3786 repugnet,
2864 3716 3024 3771 variis
3045 3716 3316 3771 indulsere
3333 3712 3818 3786 conjectttris_a_rero

2259 3781 2365 3860 non
2398 3804 2585 3860 parum
2616 3781 3053 3860 abhorrentibus,
3081 3796 3137 3860 ut
3167 3785 3352 3860 videre
3407 3781 3485 3860 est
3533 3783 3669 3860 apud
3694 3781 3817 3836 Peta-

2258 3854 2414 3914 viuni
2446 3860 2495 3913 in
2548 3859 2806 3930 singulari
2861 3859 3239 3913 diSsertatione
3290 3856 3358 3911 de
3413 3854 3660 3921 Pltotino,
3690 3866 3816 3922 quam

2261 3931 2429 3986 Lahli.
2463 3930 2515 3986 in
2542 3940 2579 3986 t.
2610 3930 2892 3997 ttConeil.,
2930 3947 2983 3999 p.
3012 3930 3142 3996 750,
3165 3940 3411 3998 magnam
3454 3930 3822 3999 partemlransf

2263 4004 2405 4057 tulit.
2443 4004 2610 4058 l’orro
2650 3993 3066 4076 Constantinum
3089 3993 3393 4076 Constantii
3429 3993 3633 4066 patrem
3659 3993 3821 4076 _Nit:t3ui

2265 4084 2521 4129 tractatus
2556 4084 2746 4130 testem
2776 4085 2830 4130 et
2858 4074 3276 4143 approbatorem
3308 4068 3475 4143 fuisse
3498 4066 3730 4143 consulto
3762 4066 3821 4143 in;

2263 4145 2439 4201 culcat
2486 4145 2744 4214 synodus,
2774 4161 2880 4213 quo
2897 4130 3062 4202 illum
3088 4144 3282 4212 pudeat
3338 4141 3664 4214 rescindere,
3706 4130 3818 4214 quod

2267 4217 2432 4286 ipsius
2463 4206 2610 4286 pater
2634 4206 2892 4281 sanitc'rit,
2923 4224 3017 4271 aut
3045 4206 3223 4286 potius
3260 4228 3289 4266 a
3318 4211 3565 4286 patribus
3592 4206 3815 4286 sancitum

2266 4280 2555 4354 acceperit.
2612 4288 2746 4344 Hinc
2780 4280 3279 4356 refellitur'opiuio,
3308 4280 3412 4350 qua
3442 4280 3817 4356 Constantinum

2267 4375 2297 4414 a
2328 4352 2596 4428 baptismo
2623 4360 2675 4414 in
2705 4360 2951 4415 haeresim
2993 4352 3204 4429 lapsum
3383 4352 3632 4429 nonnulli
3645 4356 3822 4429 putant.

2268 4420 2475 4555 Q‘nilius
2507 4433 2835 4555 nog7minus
2865 4420 3180 4485 adversatur
3228 4425 3487 4491 Hilarius,
3519 4424 3616 4479 lib.
3645 4424 3690 4478 in
3713 4420 3824 4476 Con-

2270 4517 2296 4555 s
2324 4516 2387 4555 an
2495 4519 2548 4555 ιι.
2661 4540 2677 4555 .

2270 4511 2458 4563 ειειιιι..
2495 4519 2548 4557 n.
2583 4504 2677 4557 27.

2346 4572 2411 4646 (i)
2444 4562 2696 4629 Mendose
2723 4574 2778 4627 in
2807 4571 2988 4640 editis,
3018 4573 3240 4628 militare
3275 4587 3292 4626 :
3320 4584 3446 4624 cum
3479 4569 3533 4623 in
3568 4579 3689 4622 mss.
3711 4562 3820 4621 Pith.

2274 4660 2338 4699 ac
2365 4645 2531 4701 Sirm.
2563 4652 2738 4700 exstet
2756 4646 3013 4699 ntuliIure.

2347 4714 2427 4843 (ιζ
2452 4717 2527 4772 Ex
2550 4733 2722 4786 grarca
2749 4714 3017 4780 versione.
3042 4718 3087 4772 oi
3111 4735 3246 4776 τινες
3270 4715 3408 4769 κατὰ
3430 4714 3519 4767 τὸν
3545 4710 3741 4767 παλαιὸν
3755 4713 3822 4765 τῆς

2347 4790 2396 4843 9o
2430 4805 2539 4843 ικῆς
2564 4790 2833 4843 ἐκκλησίας
2853 4789 3053 4843 θεσμὸν.
3105 4786 3312 4843 ἅπαντα
3351 4790 3653 4843 φρονοῦντες
3685 4778 3822 4843 διαμε·

2274 4778 3053 4863 καθὸλικῆςῖκχληρίαςλθισμόιρ.
3105 4786 3312 4843 ἅπαντα
3351 4778 3823 4863 φροχᾳῦντεςνδιαιιις

2319 4865 2569 4921 ειηόιωιιτιν⁸
2597 4856 2665 4915 ὧν
2702 4854 2728 4916 ὁ
2757 4861 2882 4922 Θεὸς
2916 4854 3008 4920 cria
3053 4863 3251 4923 πίστιν,
3280 4854 3399 4911 etc:
3443 4854 3539 4911 Sic
3570 4860 3824 4929 restaurare

2298 4932 2402 4986 icet
2442 4933 2581 4985 hunc
2618 4932 2812 4993 locum,
2842 4921 2957 4985 cum
2980 4942 3023 4984 et
3053 4930 3152 5002 ipsi
3200 4921 3574 5002 printer-iterum
3606 4921 3823 5002 ωιΙιοίίςα

2276 5003 2499 5058 ecclesiae
2525 4988 2853 5075 Scriptorum
2900 4988 3085 5056 cunctd
3124 4988 3432 5075 seruauerint
3459 5009 3702 5075 :quorum
3723 4988 3821 5075 ῇιξςε

2276 5056 2699 5143 mansitasqucin
2718 5056 3086 5142 hicctentpora,
3110 5083 3218 5143 etc.
3233 5069 3482 5143 Nicatoris
3504 5056 3682 5143 Patres
3697 5056 3825 5143 Blitio"

2277 5161 2393 5199 rum
2420 5129 2638 5200 sum-itm
2672 5146 2793 5200 litlci
2817 5129 3110 5200 adha~sisse
3150 5141 3313 5213 liquet
3335 5156 3404 5195 ex
3433 5138 3551 5210 ipso
3576 5138 3721 5192 etiam
3739 5129 3818 5186 Eu-

2275 5219 2448 5281 sebio,
2477 5218 2568 5273 lib.
2594 5233 2624 5271 v
2653 5216 2813 5283 liist.,
2833 5232 2882 5272 c.
2908 5216 3001 5273 28.

2354 5308 2430 5383 (lt)
2458 5309 2702 5384 Valesius
2722 5325 2784 5384 es
2813 5323 2994 5381 graeco
3018 5321 3267 5384 sermone
3302 5300 3391 5360 hic
3416 5286 3821 5384 SliPPl?_‘fii,_‘_Xf

2275 5370 2613 5436 rum'miseri
2642 5370 2868 5435 heminas
2905 5391 2950 5434 et
3002 5379 3198 5449 infelici
3228 5392 3389 5449 isensu
3434 5371 3638 5449 praediti
3679 5370 3820 5449 iterat”

2278 5471 2407 5508 ausu
2434 5453 2699 5535 temerario
2731 5467 2787 5535 se
2825 5436 3087 5525 pra’cones
3115 5448 3286 5520 impia!
3313 5436 3565 5502 doctrina:
3607 5436 3818 5495 renuntia-

2278 5536 2420 5585 runt.
2446 5525 2491 5578 'et
2514 5540 2652 5578 nunc
2676 5525 2850 5590 etiam,
2876 5530 2982 5580 etc.

2360 5619 2430 5690 (ί)
2470 5616 2526 5673 [II
2577 5619 2767 5688 graecis
2796 5619 3058 5690 exemplis
3085 5616 3171 5672 his
3195 5612 3515 5690 nominatim
3563 5599 3816 5690 adiungunt

2286 5674 2627 5747 Au‘sentius":
2658 5674 3029 5763 culumneque
3044 5689 3290 5744 meminit
3326 5686 3499 5763 ipsius
3520 5674 3695 5763 synodi
3725 5681 3818 5726 δείλ’

2292 5763 2462 5823 tentia
2490 5756 2777 5837 superiore
2802 5756 3153 5836 Frag'meuto,
3175 5774 3325 5821 nutu.
3352 5756 3414 5831 ιι,
3439 5756 3714 5824 descripta-
