3958 6194
607 243 716 303 703

749 362 913 437 391
939 359 1417 419 FRAGMENTUM
1456 361 1529 418 IX
1556 361 1725 435 (Alias
1745 376 1783 417 ιι
1812 361 2020 434 partis).

613 514 809 556 iscum
849 512 1134 553 essanun
1190 494 1267 569 (a)
1320 512 1463 552 FIDE!
1523 495 1602 569 (ιι)
1645 510 1912 551 spis-roma
1945 508 2116 551 IISSE
2141 509 2209 550 ιιι)

707 605 1077 648 εοεετλιιτιιιιι
1100 606 1480 647 IMPERATORI}!
1510 608 1541 646 Δ
1563 606 1804 647 νειιιτιυιε
1833 603 2118 646 ενιεοοιδιε.

1123 702 1248 775 (An.
1281 703 1385 760 359
1408 702 1670 775 exeunte.)

612 823 842 880 Domino
892 824 1091 880 merito
1135 824 1550 894 gloriosissimo,
1600 823 2052 879 victoriosissimo
2094 823 2212 878 ’Διι-

682 926 841 989 gusto
866 914 1188 972 Constantio
1212 916 1452 987 synodus
1476 914 1547 990 (e)
1576 914 1936 971 Ariminensis
1963 914 2217 971 Orienta-

683 1008 826 1063 libus
853 1009 1209 1065 consentiens
1232 1012 1247 1065 l
1257 1010 1312 1062 id
1339 1018 1411 1061 est
1447 1008 1526 1078 (tl)
1559 1006 1872 1080 Migdonius,
1909 1006 2175 1082 Megasius
2196 1048 2210 1072 ,

696 1099 909 1167 Valens,
945 1099 1247 1169 Epitecttts,
1296 1109 1345 1154 et
1390 1100 1562 1156 cceteri
1598 1099 1686 1171 qui
1726 1098 1907 1155 nteresi
1942 1114 2217 1155 consense-

687 1191 854 1265 runt).

686 1289 740 1343 1.
767 1288 1079 1344 Substantite
1107 1303 1289 1341 nomen
1328 1287 1588 1351 reficiunt.
1610 1315 1683 1327 —-
1727 1285 1988 1341 lllustrati
2048 1287 2217 1357 pieta-

614 1379 684 1434 tis
717 1387 821 1433 luze
848 1378 1086 1449 scriptis,
1110 1379 1373 1433 maximas
1403 1379 1514 1433 Deo
1542 1378 1825 1434 retulimus
1848 1388 1904 1434 et
1925 1377 2216 1434 referimus

614 1473 837 1545 gratias,
866 1473 1007 1543 quod
1037 1486 1135 1527 nos
1163 1473 1430 1540 bcaveris,
1464 1472 1718 1527 intimans
1746 1474 1903 1527 nobis
1939 1472 2062 1538 illa,
2095 1488 2215 1543 qua:

614 1580 739 1623 cum
770 1565 1113 1622 discursione
1145 1566 1359 1637 pietatis
1390 1575 1498 1621 tua:
1538 1566 1717 1622 facere
1760 1566 2112 1633 deberemus,
2148 1584 2217 1625 ne

618 1660 742 1731 quis
768 1659 896 1714 asiae
929 1658 1015 1713 vel
1057 1659 1310 1713 liomousii
1342 1659 1561 1713 nomina
1606 1660 1861 1714 Ecclesiae
1910 1660 1999 1715 Dei
2032 1661 2210 1731 ignota

1762 239 2004 300 SANCTI
2055 238 2312 297 illLARll
2356 237 2661 300 EPISCOPI

3786 243 3873 301 70l

2225 361 2274 419 A
2371 358 2426 414 2.
2462 359 2692 414 Arimino
2721 359 2911 415 dimitti
2927 367 3132 433 rogant.
3190 386 3261 400 —-
3308 356 3466 415 Unde
3488 370 3704 413 oramus
3731 359 3875 429 pieta-

2314 459 2422 508 tem
2453 462 2618 519 tuam,
2644 452 2902 523 quoniam
2931 451 3074 506 ineo
3100 450 3221 507 loco
3244 450 3335 505 ubi
3360 449 3609 523 synodus
3629 459 3765 521 gesta
3784 462 3873 519 est,

2315 546 2458 603 unde
2488 560 2808 616 responsum
2834 561 2930 616 per
2959 554 3173 600 nostros
3204 546 3411 616 legatos
3439 543 3709 609 dedimus,
3729 544 3872 601 adhuc

2313 638 2642 700 detinentur,
2691 637 2855 710 692
2890 636 3078 706 jubeat
3120 650 3240 697 nos,
3288 634 3382 703 qui
3437 636 3699 706 integram
3737 636 3801 707 tn
3832 637 3873 691 ia

2314 729 2684 786 Orientalibus
2719 729 3020 783 doctrinam
3061 728 3379 793 retinemus,
3425 726 3541 796 jam
3572 725 3657 780 'ad
3698 737 3877 783 uestras

2314 823 2502 894 plebes
2533 821 2771 877 dimitti:
2806 829 2866 875 ιιι
2892 837 2956 877 ex
2984 820 3085 875 hac
3129 827 3282 888 parte
3310 828 3613 890 appareant
3644 828 3878 874 amatores

2316 915 2580 979 veritatis,
2613 915 2702 984 qui
2735 914 2843 969 Deo
2874 928 2980 968 non
3005 921 3212 966 mutant
3243 926 3475 977 nomen;
3507 926 3611 966 nec
3649 926 3766 966 cum
3795 913 3877 979 eis,

2316 1009 2407 1079 qui
2439 1023 2691 1078 perversa
2731 1007 2978 1062 doctrina
3023 1005 3207 1061 infecti
3257 1015 3404 1066 sunt,
3450 1003 3655 1058 diutius
3682 1020 3776 1058 nos
3810 1008 3881 1075 qui

2316 1102 2601 1156 veritatem
2629 1098 2951 1155 catholicam
2976 1109 3220 1153 tenemus
3243 1097 3609 1152 detineamur.
3646 1094 3790 1152 Unde
3806 1097 3883 1150 ira.

2321 1209 2487 1264 pense
2521 1209 2762 1258 oramus,
2811 1192 3054 1256 domine,
3103 1191 3360 1260 pietatem
3402 1199 3550 1243 tuam
3589 1199 3709 1244 ante
3745 1190 3884 1244 Deum

2319 1296 2528 1359 patrem
2553 1297 2607 1340 et
2640 1285 2922 1339 Dominum
2945 1283 3130 1339 Iesum
3155 1282 3434 1337 Christum
3467 1283 3633 1336 Deum
3656 1290 3709 1338 et
3727 1281 3818 1337 Dei
3840 1282 3888 1337 li-

2321 1379 2471 1443 lium,
2508 1379 2671 1432 lacias
2702 1391 2823 1444 nos,
2864 1377 2954 1447 qui
2994 1376 3418 1445 subscripsimus
3448 1369 3883 1441 sante'doctrinae,

2318 1474 2636 1529 recedentes
2666 1472 2735 1526 ab
2762 1471 2888 1525 urite
2922 1472 3161 1535 nomine,
3197 1479 3248 1524 te
3292 1471 3618 1540 imperante,
3646 1482 3695 1525 et
3718 1468 3884 1539 jubeas

2319 1582 2419 1624 nos
2448 1568 2515 1622 ad
2555 1577 2769 1621 nostras
2816 1564 3001 1635 plebes
3039 1564 3272 1629 dimitti;
3306 1572 3365 1618 ut
3409 1563 3625 1619 lactetur
3656 1564 3884 1629 Ecclesia,

2315 1675 2435 1731 qua:
2467 1657 2756 1713 immutare
2787 1656 3001 1711 nomina
3031 1657 3124 1711 Dei
3155 1665 3211 1711 et
3244 1655 3336 1710 lilii
3382 1656 3504 1724 ejus
3534 1672 3643 1711 non
3680 1656 3885 1712 admittit

613 1749 908 1821 aliquando
940 1751 1208 1817 nominet,
1237 1750 1387 1823 quod
1411 1751 1726 1807 scandalum
1750 1753 1887 1808 inter
1911 1752 2102 1809 fratres
2134 1753 2203 1809 fa-
2244 1753 2289 1814 Β
2317 1753 2370 1807 in
2401 1759 2591 1816 totum,
2619 1750 2845 1819 imperio
2878 1759 2981 1804 tua:
3003 1750 3217 1804 virtutis
3243 1756 3299 1804 et
3326 1748 3517 1818 glorim
3544 1769 3557 1805 :
3582 1750 3666 1804 cui
3697 1738 3879 1804 tantum

613 1858 740 1900 cere
770 1845 940 1911 Solet;
973 1844 1264 1917 plurimum
1293 1846 1548 1917 gratulati
1586 1861 1795 1906 Sumus.
1823 1848 1947 1917 quia
1975 1846 2028 1903 id
2070 1849 2212 1918 quod

613 1938 934 1994 tenebamus
970 1940 1401 2010 recognovimus.
1430 1938 1475 1994 Ο
1509 1953 1607 1995 nos
1651 1939 1858 2007 beatos,
1889 1941 2086 2010 quibus
2122 1955 2215 1996 oc-

612 2032 783 2087 currit
815 2040 964 2086 tanta
1001 2031 1254 2097 felicitas,
1294 2041 1351 2085 ut
1394 2032 1703 2102 cognitione
1743 2039 1848 2087 tute
1890 2031 2105 2103 pietatis
2136 2030 2208 2104 (e)

611 2123 851 2186 caeteris,
875 2124 966 2195 qui
1007 2123 1124 2179 haec
1157 2123 1369 2178 nomina
1399 2138 1498 2194 pro
1535 2123 1645 2178 Deo
1682 2133 1737 2178 et
1779 2124 1868 2179 Dei
1909 2123 2022 2178 lilio
2060 2139 2213 2179 assu-

612 2230 765 2272 mere
800 2216 1002 2282 solent,
1044 2215 1263 2272 modum
1309 2214 1620 2284 acceperint
1658 2216 1881 2271 revicti!
1916 2215 2024 2271 Nos
2053 2217 2215 2287 igitur

617 2308 912 2365 rcddcntes
956 2307 1277 2378 obsequium
1322 2308 1629 2363 clementia:
1677 2317 1805 2372 tuae,
1851 2308 1994 2379 quod
2032 2324 2214 2364 coram

611 2402 859 2459 veritatis
891 2411 1065 2457 status
1108 2401 1279 2456 eluxit
1309 2420 1322 2458 :
1354 2418 1475 2473 qua:
1514 2401 1659 2473 quod
1702 2402 1907 2457 nesciat
1949 2403 2090 2459 vinci
2113 2445 2128 2470 ,
2161 2413 2217 2458 et

612 2496 847 2552 obtinuit
880 2494 1193 2555 victoriam:
1234 2503 1295 2551 ut
1332 2495 1607 2566 indignum
1654 2496 1762 2552 Deo
1794 2511 2029 2564 nomen,
2068 2497 2214 2568 quod

612 2604 882 2655 nusquam
910 2589 963 2645 in
992 2589 1200 2660 legibus
1222 2590 1425 2646 sanctis
1454 2590 1717 2661 scriptum
1743 2599 1848 2658 est,
1868 2590 1982 2663 jam
2005 2606 2036 2645 a
2066 2591 2214 2647 nullo

610 2681 841 2739 dicatur.

611 2873 882 2931 confessio
912 2889 941 2929 a
972 2874 1164 2944 legatis
1192 2872 1522 2943 subscripta,
1566 2882 1820 2943 apparet;
1863 2872 1990 2927 dum
2024 2872 2075 2927 in
2117 2872 2219 2927 illa

612 2947 930 3002 substantia:
954 2954 1010 3002 et
1032 2944 1297 3001 liomousii
1329 2946 1603 3000 silentium
1638 2944 1853 3015 prmcipi
1879 2959 2025 2998 num.
2058 2946 2111 3016 i,
2143 2960 2208 2999 ac

610 3017 667 3082 2,
695 3017 1011 3072 inculcetur.

686 3086 762 3160 (a)
794 3088 1028 3160 Rursum
1059 3087 1142 3143 lite
1182 3102 1367 3151 voces,
1395 3088 1686 3160 exemplum
1715 3159 1719 3160 ί
1731 3086 1851 3157 ﬁdei
1872 3128 1884 3147 .
1916 3087 1981 3141 ad
2014 3087 2213 3144 Arimi-

614 3158 838 3213 nensem
862 3158 1124 3213 ectbesim
1152 3175 1270 3226 qua:
1294 3160 1418 3212 hinc
1446 3159 1651 3225 dilapsa
1680 3159 1781 3220 sit,
1816 3161 2088 3228 pertinere.
2116 3175 2211 3229 po-

615 3231 721 3284 tius
750 3229 981 3300 videtur.
1000 3245 1159 3300 quam
1186 3231 1252 3285 ad
1275 3230 1577 3285 subnexam
1604 3229 1906 3298 epistolam.
1928 3232 2037 3284 Aut
2061 3240 2209 3286 certe

2316 1844 2569 1899 divinitas
2596 1843 2845 1905 contulit,
2874 1839 2950 1915 (g)
2975 1852 3034 1896 ut
3063 1852 3289 1911 apparet
3319 1840 3608 1896 dicationis
3628 1844 3875 1914 sacrilegis

2311 1940 2423 2007 jam
2456 1939 2583 1992 asia:
2603 1947 2657 1993 et
2683 1937 2937 1991 liomousii
2966 1939 3184 1992 nomina
3201 1936 3482 2004 recedant,
3507 1937 3690 2005 quain
3711 1937 3881 1994 divinis

2317 2033 2609 2102 Scriptnris
2635 2032 2701 2088 de
2731 2032 2838 2087 Deo
2869 2040 2924 2087 et
2948 2032 3039 2087 Dei
3065 2031 3174 2086 lilio
3201 2048 3307 2086 non
3332 2031 3681 2087 inveniuntur
3699 2032 3883 2101 scripta.

2388 2128 2441 2182 5.
2468 2125 2726 2193 Subveni,
2768 2126 2855 2195 pie
2894 2123 3207 2195 imperator,
3236 2124 3328 2179 Dei
3353 2124 3552 2179 summi
3570 2123 3881 2180 cultoribus:

2319 2219 2543 2274 subveni
2573 2221 2672 2278 eis,
2715 2217 2807 2287 qui
2842 2231 2936 2285 per
2969 2214 3243 2271 Christum
3277 2216 3372 2271 Dei
3418 2215 3587 2271 lilium
3619 2217 3775 2271 Deum
3811 2233 3887 2285 pa-

2317 2322 2452 2367 trem
2486 2311 2912 2379 omnipotentem
2950 2316 3111 2363 orant
3151 2325 3164 2363 :
3196 2307 3422 2363 subveni
3457 2308 3561 2372 eis,
3594 2309 3681 2377 qui
3706 2308 3882 2378 judicio

2320 2415 2410 2459 tuo
2446 2404 2524 2477 (lt)
2566 2402 2791 2457 devoms
2817 2400 3057 2456 oﬂ'erunt
3097 2414 3275 2464 aures,
3316 2400 3413 2470 qui
3452 2399 3698 2455 nesciunt
3732 2400 3883 2454 colere

2318 2495 2421 2552 nisi
2472 2495 2641 2550 Deum
2692 2505 2896 2564 patrctu
2950 2508 3045 2561 per
3097 2491 3383 2547 Dominum
3436 2501 3679 2547 nostrum
3726 2491 3882 2547 Jesum

2316 2589 2586 2646 Christum
2627 2587 2815 2657 glorie
2841 2587 2960 2656 ejus
2985 2585 3171 2641 lilium.
3205 2584 3273 2640 Et
3297 2587 3575 2657 praecipue
3613 2588 3740 2658 (lege
3770 2601 3885 2656 prte-

2324 2686 2467 2759 cipe)
2503 2685 2722 2742 domine
2766 2685 3083 2756 imperator,
3123 2681 3189 2738 ad
3231 2693 3448 2738 nostras
3495 2697 3595 2738 nos
3625 2681 3881 2751 plebesre-

2319 2871 2407 2926 tite
2450 2870 2652 2925 nomini
2687 2867 2974 2924 retinendo
3003 2868 3273 2924 mordicus
3312 2866 3675 2924 adhaerere'nt.
3707 2869 3765 2923 Et
3787 2868 3879 2939 qui-

2317 2942 2440 2997 dem
2469 2943 2519 2995 in
2547 2941 2878 3012 Scleuciensi
2908 2939 3115 3012 synodo
3136 2948 3352 2994 contum
3375 2942 3614 3012 quinque
3632 2941 3875 3006 episcenos

2322 3012 2688 3077 homceusion,
2729 3011 3013 3082 [Egyptios
3043 3025 3234 3066 comes
3266 3019 3463 3079 praeter
3488 3011 3766 3081 Georgium
3804 3012 3876 3064 lio-

2318 3090 2600 3150 mousion,
2634 3084 3003 3137 anonimtision
3031 3093 3210 3136 autem
3242 3084 3612 3138 novemdecim
3636 3085 3874 3137 dumtaxat

2319 3157 2640 3226 prmdicasse
2663 3165 2845 3210 narrat
2876 3162 3061 3226 noster
3088 3153 3407 3226 Hilarius,in
3432 3152 3710 3226 Constant.
3734 3172 3780 3207 ιι.
3805 3154 3870 3207 l2.

2320 3224 2431 3282 Hoc
2478 3239 2654 3282 tamen
2703 3233 2817 3279 arte
2856 3224 3229 3279 Occidentales
3264 3224 3585 3280 delusi—runt
3628 3225 3805 3280 Valens
3833 3232 3873 3278 et

615 3301 661 3354 si
693 3299 957 3367 genuinus
991 3288 1147 3369 Ii'ujns
1169 3301 1412 3369 epistol:e
1448 3308 1533 3355 est
1577 3288 1802 3361 titulus;
1838 3316 1944 3354 non
1984 3310 2091 3355 tam
2124 3303 2210 3356 hic
2235 3288 2281 3352 C
2314 3297 2595 3361 Ursacius,
2625 3298 2953 3369 afﬁrmantes,
2985 3305 3040 3351 ut
3069 3314 3189 3369 cum
3219 3296 3480 3363 Sulpicio,
3505 3314 3555 3365 ιι.
3580 3297 3705 3363 259,
3731 3297 3873 3369 loqua-

617 3385 816 3454 nov_um_
861 3370 1091 3426 habetur
1125 3371 1528 3454 Fragmentum,
1558 3386 1718 3454 quam
1748 3370 2082 3454 continuatio
2117 3387 2208 3427 su-

617 3442 870 3513 perioris,
900 3457 1023 3497 cum
1050 3457 1156 3512 quo
1183 3441 1353 3513 etiam,
1378 3443 1431 3495 in
1465 3441 1736 3513 ms.__Pitli.
1769 3442 2029 3496 colireret.

691 3512 766 3585 (b)
802 3511 1097 3583 Epistulam
1130 3514 1269 3568 lianc
1294 3512 1359 3566 ad
1391 3513 1515 3566 anni
1540 3511 1645 3567 559
1661 3513 1868 3585 exitum
1899 3513 2205 3569 referimus.

617 3583 762 3641 Sane
795 3586 955 3639 missa
983 3599 1088 3639 non
1116 3593 1220 3647 est,
1252 3592 1377 3638 ante
1406 3598 1565 3653 quam
1588 3583 1827 3652 episcopi
1859 3584 2089 3643 Arimini
2117 3586 2207 3639 de-

621 3654 754 3710 tenti
798 3656 1253 3725 peregrinationis
1295 3654 1456 3708 tmdio
1492 3653 1706 3709 Arianis
1746 3657 2055 3710 cessissent.
2106 3656 2214 3711 Nec

617 3737 896 3781 cesserunt
927 3727 1038 3790 illi,
1081 3730 1183 3781 nisi
1215 3735 1501 3797 postquam
1552 3727 1789 3793 ipsiirum
1824 3727 1980 3796 legati
2017 3727 2213 3783 Nicaea:

620 3797 674 3852 in
751 3796 978 3852 Thracia
1053 3798 1184 3866 lapsi
1219 3796 1531 3851 ’Ariniinum
1581 3797 1811 3864 regressi
1850 3806 2052 3853 essent.
2098 3798 2211 3853 lmo

619 3869 782 3923 etiam
816 3879 935 3935 post
961 3882 1148 3922 eorum
1180 3868 1409 3922 reditum
1437 3867 1745 3936 aliquandiu
1779 3871 2112 3923 restiterunt.
2146 3870 2214 3926 Ut

620 3939 767 3993 enim
803 3949 995 3993 auctor
1031 3946 1117 3994 est
1158 3938 1454 4009 Sulpicius,
1490 3940 1785 4008 legatorum
1812 3940 2026 3995 illorum
2065 3942 2214 4007 igna-

620 4010 762 4081 viam
795 4011 1027 4079 primum
1047 4026 1237 4065 omnes
1265 4009 1631 4074 exhorruere,
1667 4011 1838 4078 iisque
1873 4012 1978 4064 vim
2013 4027 2211 4081 regiam

620 4080 747 4136 licet
774 4081 1198 4151 deprecantibus
1228 4093 1414 4152 negata
1443 4082 1788 4147 communio,
1822 4081 1993 4137 donec
2032 4080 2217 4151 paula-

621 4152 713 4207 tim
760 4152 1004 4209 remissis
1045 4154 1242 4209 animis
1282 4154 1335 4207 in
1381 4162 1584 4221 partem
1619 4154 1842 4208 alteram
1883 4165 1967 4207 est
1993 4168 2214 4209 CllllCCS'

619 4237 761 4278 sum.
791 4224 952 4292 Atqui
979 4226 1162 4296 legati,
1190 4235 1243 4278 ut
1266 4223 1925 4296 Fragmentosuperiore,
1954 4242 2006 4277 ιι.
2033 4225 2089 4287 5,
2121 4239 2215 4280 no-

622 4303 787 4359 tatur,
819 4311 909 4350 an.
940 4294 1063 4362 359',
1100 4297 1342 4351 octobris
1375 4296 1442 4350 10
1467 4295 1557 4350 die
1586 4295 1873 4352 formulam
1904 4297 1971 4349 ab
2002 4296 2216 4350 Arianis

620 4365 726 4439 sibi
754 4368 1080 4439 prepositam
1123 4374 1502 4439 susceperunt.
1548 4367 1632 4421 Ex
1674 4367 1996 4439 Fragmento
2035 4376 2214 4421 autem

621 4435 972 4507 subsequenti
1002 4435 1306 4497 constabit;
1337 4437 1545 4492 delatas
1585 4452 1706 4492 esse
1745 4435 1840 4492 has
1879 4437 2090 4507 litteras
2121 4453 2217 4507 per

620 4505 828 4633 chlams
855 4507 1011 4575 alios,
1035 4524 1100 4563 ex
1133 4507 1371 4563 Valentis
1397 4509 1654 4562 nimirum
1675 4517 1729 4565 et
1747 4507 1957 4566 Ursacii
1982 4505 2216 4565 factione

660 4593 690 4633 e
713 4588 884 4633 CCIOS.

660 4588 884 4634 CICCIOS.

653 4744 666 4756 .
696 4673 768 4745 (e)
820 4672 1196 4756 inscriptionis.
1237 4670 1405 4756 huius
1437 4669 1773 4756 mendacium
1806 4672 2027 4756 corrigit
2069 4673 2211 4728 Hila-
2237 4673 2290 4733 D

622 4740 755 4805 rius,
790 4746 878 4798 ubi
906 4740 1110 4814 adjimt.
1140 4745 1196 4797 id
1223 4740 1783 4814 eet'Migdonius,relc.
1808 4740 1904 4814 Cui
1928 4740 2069 4798 enim
2104 4761 2209 4801 non

622 4825 883 4886 appareat
905 4812 1064 4872 abiis
1086 4817 1307 4883 scripta,
1340 4812 1431 4884 qui
1467 4812 1704 4868 Valentis
1728 4824 1783 4867 et
1812 4813 2015 4869 Ursacii
2048 4820 2209 4883 parti-

625 4885 724 4942 bus
751 4886 1134 4942 adhaerebant?
1163 4886 1323 4942 Certe
1366 4886 1417 4940 in
1445 4899 1559 4947 eos,
1590 4899 1814 4951 quorum
1846 4887 2133 4940 coiisensio
2162 4888 2211 4942 vi

623 4972 687 5012 ac
717 4960 877 5013 minis
901 4968 1109 5013 extorta
1137 4967 1242 5022 est,
1280 4957 1501 5012 minimc
1536 4955 1786 5012 convenit
1820 4967 1912 5010 aut
1952 4973 2009 5008 se
2051 4973 2209 5011 num-

623 5044 783 5096 quam
823 5029 980 5085 aliter
1008 5028 1303 5084 credidisse
1346 5027 1601 5095 proliteri,
1646 5037 1736 5080 aut
1769 5043 1886 5093 eos,
1931 5028 2018 5097 qui
2057 5029 2213 5085 aliter

624 5116 782 5171 quam
830 5103 928 5171 ipsi
971 5101 1132 5156 tnodo
1169 5117 1261 5169 per
1294 5100 1398 5156 vim
1442 5098 1669 5169 professi
1698 5109 1876 5163 erant,
1905 5101 2211 5168 crederent,

625 5169 884 5229 lia-retice
935 5172 1153 5227 nomine
1212 5172 1489 5233 infamare,
1536 5179 1628 5224 aut
1680 5171 2010 5239 imperatori,
2057 5170 2212 5238 cujus

624 5244 936 5299 violentiam
987 5247 1194 5311 experti
1235 5251 1437 5307 essent,
1482 5254 1587 5296 tam
1630 5241 1793 5312 impie
1831 5243 2057 5297 adulari.
2101 5242 2211 5299 Sed

624 5320 713 5389 qui
755 5320 895 5373 hanc
925 5316 1186 5373 cudcrunt
1233 5315 1541 5389 epistolam,
1578 5312 1629 5366 id
1667 5314 1953 5389 in_cormn
1984 5315 2207 5389 gratiam

624 5384 717 5461 qui
738 5390 841 5445 sibi
868 5384 1667 5461 consenserantinseruere,_ut
1681 5384 2212 5461 ad__pr0p_rias‘eccle-

625 5456 734 5517 sias
761 5462 971 5531 regredi
994 5460 1074 5514 eis
1098 5458 1217 5531 jam,
1234 5457 1439 5517 liceret.
1465 5456 1606 5526 quod
1620 5456 1985 5531 _eo_lilientius
2012 5458 2208 5523 fecere,

625 5548 734 5605 quo
765 5527 972 5588 facilius
995 5527 1183 5585 lateret
1207 5529 1442 5598 ipsorum
1471 5527 1834 5583 mendacium.

700 5611 1034 5669 Mendacium
1061 5610 1291 5665 alterum
1329 5609 1635 5662 continetur
1667 5609 1751 5661 his
1782 5606 1959 5662 verbis
1979 5648 1994 5674 ,
2028 5602 2212 5661 Orien-

629 5686 816 5737 talibus
838 5681 1155 5735 consentiens
1174 5695 1193 5734 :
1213 5695 1332 5732 cum
1353 5680 1654 5733 Sozomeuo
1678 5677 1936 5741 lesle,lib.
1957 5693 2030 5744 tv,
2053 5693 2102 5733 c.
2131 5680 2209 5746 t9,

630 5750 938 5808 Orientales
957 5762 1166 5817 omnes,
1186 5748 1419 5817 demptis
1434 5748 1721 5806 admodum
1747 5747 1951 5817 paucis,
1966 5750 2214 5804 substitua-

2316 3386 2459 3437 mur,
2486 3364 2784 3441 prwsentem
2806 3367 2961 3437 [idem
2991 3364 3245 3422 catholica
3270 3369 3471 3441 ratione
3505 3364 3799 3441 conceptam.
3823 3366 3869 3441 ab

2318 3439 2664 3496 Orientalibus
2694 3440 2999 3506 imperatore
3019 3450 3228 3493 auctore
3249 3440 3527 3508 prolatam,
3565 3456 3674 3492 cum
3705 3439 3868 3505 piaculo

2313 3512 2583 3584 repudiari
2618 3527 2635 3565 :
2677 3521 2730 3565 et
2764 3510 3046 3584 addentes,
3089 3509 3160 3566 Ut
3198 3511 3328 3584 quid
3375 3509 3745 3584 discordiarum
3778 3509 3868 3584 [iiiis

2316 3580 2443 3655 foret
2472 3625 2485 3647 ,
2524 3585 2567 3637 si
2603 3598 2717 3651 qua:
2759 3580 3112 3655 Orientalibus
3140 3582 3447 3655 placuisset,
3500 3580 3867 3655 Occidentalibus

2316 3652 2642 3726 displiceret?
2670 3655 2935 3726 Quoctrca
2957 3653 3249 3726 concilium
3275 3652 3757 3719 Parisieit~e,inl‘ra,
3778 3652 3864 3726 n.l,

2315 3724 2454 3794 apud
2484 3726 2787 3780 Orientales
2818 3724 3163 3792 testificatur,
3208 3727 3387 3793 plures
3417 3740 3629 3791 eorum,
3659 3725 3741 3793 qui
3778 3724 3866 3794 Ari—

2316 3793 2445 3851 mini
2475 3807 2566 3850 aut
2593 3796 2785 3851 Nicmm
2815 3795 3138 3862 adfuerunt,
3168 3796 3267 3850 sub
3309 3797 3632 3851 auctoritate
3673 3793 3862 3850 nominis

2317 3868 2561 3937 ipsorum
2590 3869 2654 3921 ad
2685 3869 2815 3921 usia:
2846 3867 3120 3922 silentium
3145 3867 3309 3922 fuisse
3335 3876 3574 3922 coactos.

2389 3957 2469 4030 td)
2509 3958 2565 4012 In
2609 3958 2934 4024 Fragmento
2964 3973 3079 4028 seq.
3125 3956 3442 4030 Magdonius
3471 3956 3866 4030 scriliiturtllox

2317 4028 2582 4102 Epictetus
2616 4030 2897 4099 legendum
2929 4040 3034 4102 est,
3080 4043 3185 4102 non
3221 4028 3504 4095 Epitectus.
3532 4029 3782 4102 'l‘umsuh
3805 4028 3866 4081 bis

2318 4100 2516 4167 verbis,
2554 4110 2598 4154 et
2621 4102 2788 4155 ueteri
2808 4102 2890 4167 qui
2918 4100 3097 4154 luet-esi
3129 4111 3512 4161 consenserunt.
3541 4101 3865 4169 intelliguntur

2317 4185 2407 4229 aut
2440 4173 2528 4243 qui
2578 4172 2982 4241 praenominatis
3025 4170 3246 4226 hu-resis
3286 4169 3586 4243 fautoribus
3628 4172 3864 4243 intendent

2319 4241 2682 4314 promovenda
2732 4243 3005 4313 adjutores
3048 4256 3283 4314 semper,
3308 4242 3556 4314 fuerunt,
3596 4252 3651 4298 et
3690 4241 3862 4301 haeresi.

2318 4312 2479 4387 quam
2508 4315 2558 4368 in
2579 4312 2807 4370 Oriente
2822 4314 3231 4387 propugnabant
3259 4312 3536 4387 Anomtei,
3562 4326 3745 4387 sponte
3764 4327 3866 4387 conf

2318 4382 2639 4456 senserunt;
2669 4396 2759 4440 aut
2788 4382 2877 4456 qui
2905 4384 2974 4439 ab
3004 4382 3086 4438 his
3109 4399 3203 4456 per
3220 4386 3420 4456 vimac
3443 4382 3680 4440 fraudi-nt
3700 4382 3866 4456 seducti

2317 4467 2465 4513 sunt.
2495 4455 2650 4511 Nulla
2680 4458 2783 4512 alia
2807 4454 2892 4511 de
2927 4471 3087 4509 causa
3116 4455 3232 4510 lia:c
3262 4455 3500 4511 lltlarius
3527 4456 3728 4512 videtur
3749 4454 3867 4508 addi-

2319 4529 2487 4591 disse.
2533 4529 2635 4582 nisi
2681 4537 2739 4582 ut
2784 4525 3138 4597 posteriorem
3189 4527 3522 4582 intellectum
3578 4526 3864 4583 excluderet.

2321 4599 2564 4655 Priorem
2592 4607 2771 4655 autem
2799 4608 2924 4653 nota
2952 4613 3186 4668 sequens
3215 4597 3584 4655 conﬁrmabit.

2392 4698 2463 4770 (e)
2496 4699 2806 4770 Legendum
2850 4698 3072 4754 omnino
3115 4697 3303 4770 cteteri.
3347 4696 3406 4754 Si
3441 4712 3651 4766 quaeras
3688 4695 3860 4770 quinam

2316 4766 2599 4827 illi'c'teteri'
2621 4773 2709 4842 qui
2737 4771 3051 4842 substantia:
3072 4779 3127 4824 et
3150 4768 3416 4823 homousii
3440 4771 3655 4842 nomina
3679 4782 3763 4842 pro
3781 4766 3862 4819 Deo

2316 4852 2370 4898 ct
2392 4843 2485 4898 Dei
2517 4838 2933 4913 filio'aSsumere
2959 4840 3171 4913 solent;
3203 4850 3311 4893 tota
3336 4841 3579 4913 synodus
3607 4838 3863 4913 Ariminen-

2316 4915 2411 4985 sis.
2444 4913 2628 4984 paucis-
2669 4912 2882 4985 Arianis
2910 4911 3173 4985 exceptis,
3206 4926 3272 4966 eo
3299 4909 3521 4985 nomine
3558 4909 3863 4985 comprehen-

2316 4983 2492 5039 demla
2532 4987 2657 5038 erit.
2692 4984 2728 5038 li
2766 4985 2933 5056 igitur
2962 4983 3062 5056 soli
3095 4998 3236 5056 nunc
3274 4983 3541 5056 scribunt,
3582 4984 3668 5049 qui
3706 4983 3862 5056 Arimi-

2317 5055 2504 5111 nensis
2531 5055 2723 5126 synodi
2763 5054 2920 5109 initio
2956 5054 3237 5126 catholicis
3284 5054 3633 5126 restiterunt,
3663 5054 3861 5123 quamvis

2319 5129 2483 5182 totius
2509 5124 2701 5198 synodi
2730 5127 2829 5182 sibi
2864 5140 3060 5185 nomen
3091 5124 3225 5179 falso
3249 5125 3567 5180 attribuant.

2391 5218 2459 5294 (f)
2494 5221 2548 5276 Id
2582 5231 2686 5285 est,
2718 5220 2805 5294 qui
2835 5220 3171 5294 doctrinam,
3198 5233 3322 5288 qua":
3353 5218 3408 5273 in
3437 5216 3780 5275 Orientalibus
3799 5221 3859 5267 est

2311 5289 2546 5363 integra,
2580 5307 2679 5347 nos
2708 5289 2944 5347 retinere
2975 5289 3307 5362 proﬁtemur.

2375 5371 2680 5497 .‘giForte,
2710 5382 2763 5426 ut
2797 5370 3021 5434 abolitis,
3055 5385 3150 5425 seu
3193 5369 3462 5443 ablegatis,
3493 5366 3775 5423 dictionibus
3796 5380 3856 5418 ιαο

2310 5459 2383 5498 ert
2407 5459 2533 5515 egis.

2392 5535 2471 5607 (h)
2501 5536 2647 5591 Alias
2686 5550 2809 5589 cum
2841 5549 2945 5591 ms.
2984 5532 3149 5607 Pitlr,
3184 5531 3392 5607 devotos
3419 5534 3640 5607 oﬂferunt
3676 5538 3853 5607 omnes:

2314 5622 2380 5664 ex
2401 5600 2511 5676 quo
2537 5606 2981 5672 conjectabamus
3007 5604 3290 5676 legendum
3317 5620 3439 5660 esse
3453 5600 3660 5676 devotas
3679 5600 3853 5676 οσιιιιιιι

2312 5670 2526 5819 'rneiites.
2550 5670 2674 5747 cum
2705 5693 2769 5732 ex
2813 5693 2915 5734 ms.
2943 5670 3108 5735 Sim].
3141 5676 3295 5732 nobis
3322 5674 3765 5733 occurritdeeotas
3793 5670 3853 5737 oi-

2337 5758 2482 5803 erunt
2513 5763 2681 5802 aures.
