3958 6194
50 304 152 361 ⁸1οὸ

1048 304 1143 362 EX
1172 304 1404 362 OPERE
1444 280 1808 363 HISTOBICO
1846 303 2327 363 FRAGMENTUM
2365 304 2435 360 X.

3276 301 3386 360 706

50 435 229 479 meare
264 420 419 475 datis
465 421 675 478 litteris
715 421 789 493 (ιι)
829 420 895 479 ad
922 438 975 477 v.
1007 438 1060 479 c.
1103 423 1415 493 prtefeetum
1442 424 1680 494 praetorii
1707 426 1758 485 Α
1788 429 1858 477 ta:
1888 422 2175 492 impietatis
2205 420 2468 477 efﬁceret.
2502 419 2570 474 Et
2598 433 2918 489 quamquam
2946 417 3022 491 (g)
3046 434 3152 474 non
3174 433 3391 476 cessare

53 514 288 569 Taurum
317 528 332 564 :
364 512 507 582 quia
538 523 603 568 et
634 527 752 576 nos,
786 514 837 568 in
871 514 1254 584 praedicatione
1283 517 1519 571 nominis
1561 516 1678 583 Dei,

52 605 429 663 Orientalibus
457 615 523 661 et
559 614 669 662 tua:
703 605 1044 677 dispositioni
1089 608 1303 678 plenum
1349 608 1683 665 reddidimus

56 697 402 768 obsequium.
436 697 505 754 In
537 699 620 771 (ὁ)
663 700 762 755 hac
794 714 873 766 re,
903 699 958 755 in
988 715 1092 770 qua
1129 716 1345 773 semper
1386 703 1676 768 tenuimus,

52 797 156 866 jam
184 792 255 848 ad
280 802 525 849 nostras
550 793 738 863 plebes
762 792 942 850 redire
967 794 1251 851 debemus.
1276 796 1353 853 De
1375 795 1475 852 hac
1498 806 1679 853 autem

60 905 116 945 re
143 886 210 942 ad
237 885 558 956 episcopos
589 896 808 942 nostros
832 886 1141 943 Orientales
1172 888 1379 945 litteras
1408 888 1677 954 dedimus,

63 990 114 1037 ut
136 981 307 1035 sciant
342 978 459 1035 hoc
492 993 720 1049 semper
745 979 971 1050 (supple,
998 981 1121 1049 nos)
1154 982 1415 1047 tenuisse,
1440 983 1606 1056 693
1627 992 1682 1040 et

66 1072 115 1129 in
141 1070 249 1128 ﬁde
280 1069 579 1127 catholica
610 1086 730 1127 cum
760 1071 891 1141 ipsis
917 1088 1256 1145 permanere.
1296 1075 1480 1130 Divina
1511 1077 1682 1147 pietas

66 1177 113 1221 te
136 1164 617 1238 gloriosissimum
646 1181 863 1236 semper
890 1176 945 1222 et
971 1165 1167 1237 ubique
1196 1184 1290 1237 per
1310 1169 1491 1224 omnia
1522 1170 1682 1225 faciat

65 1260 329 1316 vindicem
377 1257 482 1331 (an
530 1259 795 1316 victorem
810 1258 877 1329 ἲ),
905 1259 1124 1316 domine
1162 1261 1402 1331 piissime
1443 1263 1680 1334 impera-

70 1362 165 1409 tor.
196 1351 461 1424 Explicit.

328 1488 835 1547 FRAGMENTUM
872 1490 921 1546 X
962 1492 1129 1563 (Alias
1157 1508 1171 1547 ι
1201 1489 1405 1564 partis).

74 1620 352 1661 EIEIPLUI
402 1603 478 1676 (c)
534 1621 806 1662 erts'rou:
857 1622 1223 1664 omsunuuu
1273 1624 1677 1677 EPISCOPOBUM,

190 1714 330 1765 QUAI
367 1714 639 1755 REVERSIS
664 1716 729 1754 AB
757 1716 977 1757 ARIIINO
1007 1717 1229 1758 LEGATIS
1250 1719 1546 1760 DEDERUNT.

462 1815 702 1886 (scriptae
729 1833 816 1870 an.
867 1816 977 1872 559
1019 1815 1276 1888 exeunte).

82 1909 447 1966 Dilectissimis
477 1908 742 1964 fratribus
773 1906 997 1965 Ursacio
1021 1951 1037 1972 ,
1072 1908 1282 1966 Valenti
1307 1951 1321 1975 ,
1352 1908 1635 1980 Magdonio
1658 1952 1675 1978 ,

144 2001 573 2073 Mcgasio,Gaio,
599 2000 1055 2073 Justino,Optato,
1086 2001 1318 2059 Martiali
1345 2001 1489 2074 (d)et
1519 2010 1680 2060 caete-

145 2095 215 2151 ris
237 2095 611 2151 Ariminensis
638 2093 831 2166 synodi
858 2094 1047 2162 legatis
1068 2135 1083 2158 ,
1123 2094 1411 2165 Sylvanus,
1441 2093 1677 2163 Sophro-

144 2188 256 2243 nias
280 2230 296 2254 ,
328 2187 449 2243 Neo
475 2229 490 2251 ,
524 2186 871 2243 Herodianus
895 2228 910 2254 ,
935 2186 1004 2259 (e)
1035 2186 1299 2242 Patricius
1323 2227 1338 2252 ,
1376 2186 1672 2258 Helpidius,

148 2279 505 2350 Theophilus,
541 2278 887 2343 Theodorus,
913 2279 1221 2344 Eumacius,
1255 2277 1547 2342 Didimion.
1581 2279 1680 2333 Ec-

146 2372 343 2436 dicius,
374 2372 649 2426 Arsenius
671 2411 686 2435 ,
729 2369 798 2443 (ί)
824 2370 1130 2426 Passinicus
1155 2412 1171 2436 ,
1206 2370 1535 2435 Valentinus,
1569 2369 1680 2425 Eu-

149 2463 379 2533 carpius.
409 2462 714 2530 Leontius,
752 2462 1051 2530 Eortasius,
1101 2470 1156 2518 et
1198 2463 1462 2520 Macarius
1494 2463 1546 2517 in
1576 2462 1682 2518 Do-

148 2557 288 2611 mino
315 2555 595 2613 Salutem.

154 2647 200 2702 l.
230 2646 583 2703 Seleuciensis
620 2646 804 2720 synodi
844 2648 995 2719 legati
1015 2648 1102 2719 qui
1128 2664 1253 2720 erga
1288 2647 1422 2703 Aetii
1452 2652 1681 2720 fautores

93 2756 138 2794 se
153 2750 338 2810 gerant,
362 2741 723 2797 Ariminenses
755 2743 958 2798 docent.
998 2772 1072 2783 —
1091 2740 1292 2799 Unitati
1320 2753 1375 2798 et
1404 2758 1545 2798 verse
1566 2742 1679 2812 paci

98 2833 393 2900 studentes’,
424 2844 484 2890 et
510 2852 579 2891 ex
615 2836 807 2909 synodi
841 2835 1096 2890 mandato
1116 2835 1312 2891 haeresi
1343 2837 1635 2892 renitentes
1662 2878 1677 2903 ,

98 2928 353 2985 manifesta
389 2931 505 2987 ﬁeri
539 2932 697 2986 vobis
732 2946 827 2997 ea,
875 2946 994 2999 qua:
1022 2930 1165 2986 circa
1195 2930 1486 2985 Ecclesiam
1509 2945 1673 3001 agun-

102 3029 193 3079 tur.
212 3021 408 3091 justum
442 3025 798 3094 putavimus;
842 3038 913 3079 ne
934 3022 1200 3095 ignoratio
1225 3036 1321 3078 vos
1350 3022 1528 3078 socios
1561 3030 1679 3086 tan-

1785 529 1883 571 vos
1908 516 2249 579 arbitremur,
2287 528 2396 570 non
2417 513 2534 568 sine
2559 512 2719 567 totius
2743 512 2936 585 synodi
2994 514 3216 583 legatis,
3268 513 3385 583 epi-

1788 622 2074 679 scoporum
2090 606 2532 663 scilicetnumero
2554 606 2666 662 lere
2687 606 2856 661 multo
2881 605 3115 676 amplius
3140 617 3387 674 centum,

1785 715 1929 756 nunc
1955 715 2128 771 usque
2157 700 2400 770 ingressu
2435 698 2596 770 hujus
2621 699 2869 755 ecclesiae
2889 701 3249 771 nosmetipsos
3265 701 3388 757 abs-

1785 793 1959 849 tinere
2004 809 2019 846 :
2047 792 2118 848 ob
2142 793 2284 864 quod
2326 791 2620 847 instructos
2640 792 2801 848 etiam
2834 807 2931 859 vos
2956 806 3078 849 esse
3109 794 3385 861 volumus,

1784 902 1853 942 ne
1881 888 2094 956 penitus
2133 885 2421 942 dominans
2463 885 2571 958 jam
2602 887 2740 941 intra
2759 883 2929 959 δή.
2956 886 3248 943 Ecclesium
3278 889 3388 944 lite-

1784 976 1923 1033 resis
1955 978 2269 1045 invalescat,
2289 994 2409 1050 quae
2426 979 2716 1033 Dominum
2736 989 2977 1033 nostrum
2993 978 3176 1034 Jesum
3196 978 3386 1035 Chris-

1783 1077 1900 1125 tum
1928 1084 2056 1125 vere
2084 1068 2377 1127 lilium.Dei
2401 1068 2755 1139 unigenitum,
2786 1068 2952 1124 Deum
2985 1070 3053 1125 de
3082 1069 3210 1135 Deo,
3244 1070 3387 1126 Patri

1781 1160 2017 1216 similem
2048 1176 2177 1216 ausa
2225 1171 2309 1216 est
2338 1160 2641 1231 denegare:
2677 1160 2748 1215 ita
2782 1160 2863 1234 (It)
2902 1170 2958 1215 ut
2984 1177 3105 1230 qua:
3129 1160 3390 1232 praedica-

1788 1253 1963 1309 tiones
1991 1251 2340 1321 blaSpltemiae
2365 1253 2435 1309 de
2461 1254 2737 1324 unigenito
2769 1252 2881 1307 Deo
2905 1263 2959 1308 et
2992 1255 3296 1311 sentiantur
3320 1256 3389 1311 ab

1783 1346 1901 1413 his,
1938 1354 1995 1403 et
2037 1347 2433 1417 praedicentur,
2480 1346 2754 1417 cognitum
2804 1345 3098 1403 haberetis.
3154 1347 3286 1404 Nam
3333 1357 3390 1405 et

1782 1438 2024 1510 piissimo
2064 1439 2377 1509 imperatori
2421 1437 2739 1495 Constantio
2787 1439 2892 1496 hoc
2931 1440 3103 1510 ipsum
3132 1441 3386 1512 probavi-

1783 1549 1922 1600 mus,
1953 1542 2007 1590 et
2030 1532 2476 1589 anathematizari
2503 1532 2622 1589 haec
2638 1533 2819 1589 omnia
2835 1543 3139 1590 commotus
3166 1535 3381 1606 religio-

1783 1627 2002 1682 sissime
2025 1627 2211 1683 voluit.
2258 1627 2433 1693 Dolus.
2451 1636 2634 1683 autem
2660 1643 2800 1682 nunc
2830 1626 2926 1699 (al.
2958 1627 3069 1700 hic)
3112 1645 3386 1700 praepara-

1786 1730 1894 1786 tur,
1920 1721 2180 1778 utAetius
2208 1730 2396 1775 auctor
2424 1719 2582 1790 hujus
2610 1720 2833 1775 lueresis
2862 1721 2975 1791 ipse
2999 1722 3200 1791 potius,
3221 1738 3384 1793 quam

1711 1837 1761 1897 Β
1789 1814 1906 1872 haec
1946 1816 2236 1887 impietatis
2262 1814 2404 1871 dicta
2436 1815 2529 1885 (al.
2573 1813 2735 1884 impie
2785 1813 2964 1881 dicta)
3014 1814 3381 1883 damnentur;

1790 1913 2070 1984 magisque
2099 1912 2152 1967 in
2184 1911 2455 1967 hominem
2481 1950 2497 1974 ,
2529 1924 2689 1980 quam
2723 1909 2775 1964 in
2798 1909 3096 1965 doctrinam
3128 1952 3142 1978 ,
3170 1919 3389 1967 sentcn-

1785 2006 1855 2060 tia
1888 2005 1990 2059 lata
2023 2017 2145 2059 esse
2174 2000 2439 2057 videatur.
2471 2000 2751 2056 Monemus
2791 2016 2922 2072 ergo
2967 2015 3066 2057 vos
3090 2043 3106 2067 ,
3142 2001 3385 2067 Fratres,

1786 2108 1844 2154 ut
1880 2098 1995 2153 haec
2022 2096 2311 2167 diligenter
2340 2096 2684 2159 retraetetis;
2733 2093 2979 2165 detisque
3022 2110 3280 2164 operam,
3328 2104 3387 2151 ut

1784 2194 1919 2249 lides
1945 2191 2209 2249 catholica
2240 2198 2477 2245 maneat.
2514 2188 2781 2246 Caeterum
2812 2203 2917 2244 non
2949 2188 3171 2260 ambigit
3197 2187 3388 2245 Chari-

1785 2296 1866 2342 tas
1896 2285 2104 2348 Vestra,
2139 2283 2388 2338 universa
2414 2281 2507 2347 ita,
2537 2291 2596 2336 ut
2619 2289 2903 2352 geruntur,
2952 2281 3389 2340 Occidentalibus

1783 2393 1904 2435 esse
1933 2376 2178 2433 ecclesiis
2209 2373 2521 2430 nuntianda.
2566 2374 2826 2444 Optamus
2869 2389 3000 2440 vos,
3032 2373 3252 2431 Fratres
3274 2415 3291 2443 ,
3332 2375 3387 2431 in

1784 2471 2014 2529 Domino
2045 2470 2181 2527 bene
2212 2470 2412 2527 valere.

1926 2563 1982 2618 2.
2032 2560 2142 2616 Has
2172 2561 2675 2641 litterassuscipiens
2714 2560 2848 2615 male
2888 2559 3031 2630 apud
3068 2576 3187 2615 suos
3219 2559 3386 2617 audit.

1784 2658 2132 2712 Ariminenses
2153 2656 2309 2728 legati
2330 2655 2561 2728 perﬁdia:
2582 2654 2679 2710 rei.
2719 2684 2790 2696 —-
2830 2672 2850 2706 ι
2875 2653 2970 2709 His
2999 2655 3177 2723 itaque
3204 2670 3390 2723 sump-

1783 2750 1876 2817 tis,
1898 2749 2094 2819 quibus
2122 2757 2178 2804 et
2196 2758 2635 2803 commemoratae
2663 2748 2912 2817 superius
2942 2746 3292 2817 blasphemia:
3323 2747 3387 2820 (il

1782 2844 2040 2899 subnexm
2065 2856 2240 2909 erant,
2273 2842 2539 2898 calumnia
2572 2840 2640 2915 (j)
2679 2841 2731 2896 in
2754 2856 2875 2895 eum
2898 2841 2988 2911 qui
3030 2840 3268 2911 suscepit
3306 2840 3389 2896 iu-

1785 2935 2052 2990 tenditur:
2083 2944 2137 2990 et
2193 2942 2374 2990 tantus
2411 2932 2636 2989 detectae
2676 2931 3045 2987 fraudulentiam
3073 2946 3186 2988 sua:
3218 2931 3388 3004 hypo-

1785 3028 1954 3084 critas
2018 3026 2170 3082 furor
2230 3025 2435 3092 subiit,
2507 3033 2566 3080 ut
2658 3023 2951 3094 periculum
3033 3022 3389 3095 depositionis

160 3153 328 3230 (a)_lta
352 3171 479 3230 cum
520 3171 632 3230 ms.
665 3155 826 3230 Sirm.
871 3153 928 3209 lo
962 3154 1108 3224 prius
1149 3156 1375 3230 vulgatis
1406 3165 1585 3212 autem
1615 3173 1679 3213 ex
1708 3157 1753 3222 C
1787 3159 2023 3215 scribere
2053 3162 2225 3215 coacti
2258 3156 2562 3230 sintzquod
2582 3165 2751 3230 nocte
2774 3158 3132 3230 annttm77360
3188 3176 3390 3230 prmce-

103 3240 173 3280 ms
194 3297 201 3299 ξ
222 3226 374 3299 Pith..
411 3227 480 3282 ad
508 3229 649 3282 hunc
673 3226 952 3299 perfectum
985 3229 1230 3294 pra'torii.

164 3297 230 3369 (ὁ)
258 3298 574 3355 Pithtnanus
604 3297 795 3359 codex,
821 3298 1014 3369 iit/iere,
1041 3300 1210 3367 proin
1234 3299 1328 3353 hac
1348 3316 1425 3364 re,
1446 3311 1500 3355 et
1527 3316 1674 3369 mox,

104 3367 161 3444 ad
175 3367 603 3444 archiepiscopus,
650 3384 755 3424 non
792 3368 859 3422 ad
893 3372 1216 3442 coepiscopos
1248 3387 1266 3426 :
1293 3370 1434 3443 quod
1467 3388 1532 3427 ex
1568 3367 1669 3427 ms.

106 3437 249 3495 Sirm.
273 3437 583 3508 corrigitur.

170 3512 234 3581 (c)
259 3513 303 3568 A
330 3513 546 3585 quibus,
579 3512 646 3566 ad
676 3528 815 3585 quos
841 3553 855 3575 .
894 3528 1015 3583 qua,
1038 3513 1321 3569 occasione
1361 3523 1415 3568 et
1468 3514 1681 3585 quando

108 3583 250 3654 missa
278 3586 345 3639 sit
375 3584 491 3639 hme
521 3584 752 3654 epistola
779 3625 794 3649 ,
840 3600 981 3640 nunc
1024 3588 1206 3654 paucis
1245 3595 1327 3641 est
1370 3583 1677 3643 dicendum.

111 3653 145 3706 Α
173 3653 516 3723 Seleneiensis
542 3653 735 3729 synodi
779 3657 969 3725 legatis
1009 3653 1225 3729 missam
1256 3673 1376 3729 esse
1411 3699 1423 3720 ,
1468 3660 1679 3729 perspi-

111 3739 246 3779 cuum
275 3736 355 3781 est
384 3738 495 3781 tum
525 3744 594 3781 ex
622 3727 768 3782 illius
799 3728 1042 3794 quamvis
1070 3727 1330 3781 mendoso
1358 3727 1530 3789 initio,
1567 3727 1677 3782 tiun

116 3796 322 3852 maxime
349 3813 415 3851 ex
448 3798 712 3853 soluiexis
743 3814 889 3852 num.
947 3799 983 3852 ‘2
1025 3797 1209 3853 Hilarii
1241 3800 1449 3863 verbis,
1480 3801 1683 3853 Adeunt

116 3866 276 3942 deinde
302 3886 388 3942 uos
427 3887 532 3942 non
558 3871 989 3924 communicantes
1033 3870 1283 3942 episcOpis
1312 3870 1496 3941 synodi
1529 3871 1683 3942 legati

119 3936 399 3994 Orientales.
461 3940 679 3996 Movere
710 3950 886 3995 tamen
924 3947 1101 4008 potest
1125 3980 1139 4003 ,
1184 3936 1357 4011 quod'
1381 3942 1535 4010 longe
1568 3936 1681 4010 pln-

120 4011 236 4063 rium
263 4027 414 4079 quant
445 4012 635 4067 decent
667 4011 884 4067 nomine
909 4013 1105 4082 sci-ipta
1146 4013 1253 4077 sit;
1303 4028 1476 4078 neque
1526 4014 1576 4067 in
1620 4013 1683 4068 iis

120 4091 438 4153 compareant
469 4083 723 4145 Basilius.
756 4082 1001 4138 Eleusius
1029 4093 1189 4153 atque
1219 4083 1560 4151 Eustathius,
1592 4086 1681 4150 qui

121 4164 226 4205 cum
243 4152 828 4219 Silvano,'l‘lteodorelo
860 4162 1017 4219 teste,
1049 4155 1085 4208 Ι.
1119 4169 1157 4209 ιι
1186 4153 1322 4208 Hist.
1355 4156 1489 4209 eccl.
1523 4155 1682 4219 c.27,

123 4222 334 4295 primarii
364 4225 728 4281 Seleuciensis
758 4225 946 4295 synodi
980 4226 1136 4295 legati
1179 4226 1520 4280 exSIiterunt.
1575 4225 1685 4281 Sed

125 4293 241 4368 mlnl
277 4305 448 4359 vetat,
493 4293 798 4368 quominus
845 4293 1091 4363 quaedam
1157 4296 1373 4350 nomina
1415 4297 1686 4352 excidisse

127 4365 413 4421 sentiamus.
463 4365 605 4423 Fieri
635 4371 798 4423 etiam
832 4369 1001 4436 potuit
1026 4410 1040 4433 ,
1073 4379 1127 4421 tit
1149 4382 1270 4437 qua-
1296 4384 1324 4422 a
1354 4367 1567 4438 legatis,
1592 4376 1686 4423 aut

128 4446 256 4510 certe
286 4452 313 4491 a
340 4442 569 4495 maxima
596 4456 781 4496 eorum
806 4446 957 4509 parte
979 4444 1179 4510 scripta
1209 4439 1301 4503 sit,
1328 4439 1685 4510 abaliisejtts-

129 4501 233 4584 dem
259 4512 646 4584 communionis
677 4501 944 4584 episcopis
967 4552 983 4578 ,
1030 4501 1119 4581 qui
1155 4501 1396 4565 Seleucia
1424 4501 1686 4565 Coiisian-

133 4580 771 4658 tinnpolimconﬂuxerant
799 4624 813 4650 ,
864 4580 946 4637 isit
984 4580 1282 4652 subscripta
1306 4625 1321 4650 ,
1367 4592 1421 4637 et
1448 4586 1687 4637 omnium

132 4654 322 4704 nomine
349 4654 529 4711 missa.
1070 4700 1075 4705 .

192 4718 313 4798 Cum
340 4734 514 4798 autem
543 4725 733 4781 iisdem
758 4724 1008 4798 inscripta
1042 4726 1142 4798 sit,
1172 4740 1309 4797 quos
1340 4724 1572 4798 Hilarius
1599 4741 1690 4780 sn-

136 4794 334 4853 perioris
357 4796 596 4864 epistola:
619 4809 867 4853 auctores
896 4794 1149 4852 indicavit
1173 4794 1204 4860 ς’
1237 4814 1342 4851 non
1389 4797 1679 4852 obscurum

136 4867 208 4940 cst
232 4867 545 4933 superiorem
573 4869 854 4940 epistolam
882 4869 950 4921 ab
979 4869 1306 4940 iisdelatam
1338 4884 1479 4935 esse,
1503 4883 1540 4940 ra
1563 4868 1684 4940 qni-

140 4926 225 5009 btts
250 4926 538 5010 conscripta
566 4926 778 5005 fuerat;
822 4956 1025 5010 eosque
1054 4939 1289 5009 legatos,
1345 4940 1434 5010 qui
1465 4926 1534 4993 ab
1562 4926 1684 4993 Ari-

142 5005 342 5080 niinensi
363 5005 562 5080 synodo
588 5012 654 5068 ad
682 5005 1053 5067 Constant-ium
1081 5005 1318 5066 settundn
1347 5005 1495 5067 missi
1523 5020 1642 5064 sunt
1670 5051 1685 5074 ,

143 5069 256 5124 3110s
277 5077 340 5154 ab
359 5069 421 5154 iis
448 5083 627 5153 fuisse,
660 5086 751 5154 qui
778 5085 976 5152 primas
997 5084 1239 5152 ejusdem
1266 5083 1456 5154 synodi
1482 5069 1690 5136 litteras

136 5145 577 5225 'exfalllolicorum
609 5145 761 5225 parte
780 5145 851 5209 ad
882 5145 1132 5211 eumdem
1162 5145 1489 5209 detulerant.

205 5211 467 5278 Novissitni
499 5226 568 5281 illi
609 5211 780 5296 'legati
810 5225 1327 5296 ConstantinOpnlitn
1372 5224 1690 5295 pervenien-

150 5288 218 5336 ιεε
238 5325 252 5349 ν
273 5303 387 5363 Δςιιηι
411 5296 516 5362 jam
542 5288 824 5352 damnatus
853 5307 996 5351 esset
1022 5288 1240 5363 Aetius,
1268 5288 1499 5361 cinnque
1526 5297 1690 5349 insta-

152 5358 563 5440 ﬁfIIIQrietttalcs,
599 5379 656 5422 ut
683 5370 769 5440 qui
801 5370 1036 5423 lueretici
1065 5358 1236 5437 hujus
1252 5358 1550 5423 doctrinam
1591 5367 1686 5421 de-

153 5418 403 5508 fendebam
427 5418 672 5502 ’,”.;;.'d.;‘.;.
685 5418 982 5495 tentasti;
996 5418 1114 5508 In}.
1124 5418 1393 5501 satis,"
1408 5418 1689 5507 saetosi“

157 5492 278 5582 9!“?!
302 5492 603 5582 acceperunt
626 5492 794 5582 {qua
809 5492 817 5494 ἡ
831 5492 965 5581 ipsis
985 5492 1049 5566 e'o
1070 5492 1303 5565 consilto
1331 5492 1489 5582 "aug.
1537 5517 1653 5582 erat
1675 5550 1691 5574 ,

158 5568 538 5653 ξξεΕιιιίᾳιιὶιλπο
567 5568 728 5638 sociis
770 5568 925 5653 eju's,
969 5592 1155 5651 utpme
1196 5568 1695 5653 Seleucimgmerito

157 5631 386 5725 eius“.
410 5631 448 5725 ,ς
465 5631 1694 5725 magna}.nscas;asinangtiJgssis

163 5714 590 5794 Ψξιθιερθινὶόεθιῆ
616 5767 630 5788 ,
677 5732 733 5780 et
782 5714 1067 5794 antequam
1099 5714 1458 5781 Seleuciensis
1501 5714 1694 5793 synodi

163 5772 294 5847 ιθὸίιιὶ
322 5772 588 5852 rursus
609 5772 1553 5874 Alfenus:'ss'.itisa.‘1,?sg;ssas
1568 5772 1696 5851 ὲὺὗέ

1714 4547 1766 4609 1)

1785 3230 1949 3286 dente
1978 3230 2177 3285 factum
2210 3244 2334 3284 esse
2364 3228 2549 3283 scribit
2573 3227 2931 3293 Snzomenus,
2960 3229 3051 3284 lib.
3084 3246 3169 3296 tv,
3189 3227 3251 3287 _c.
3294 3234 3385 3291 25.

1857 3301 1938 3372 (ά)
1985 3303 2076 3356 His
2114 3301 2261 3355 addit
2290 3299 2669 3370 Fragmentum
2694 3315 2941 3372 sequens
2988 3317 3135 3372 num.
3166 3302 3234 3360 4.
3285 3308 3393 3361 Att-

1779 3371 2013 3429 xeutium
2041 3415 2054 3440 ,
2089 3373 2339 3443 superius
2366 3381 2559 3443 autem,
2593 3372 2644 3425 in
2691 3371 2807 3443 ipso
2853 3372 3011 3427 titulo
3054 3371 3390 3443 Epictetum:

1780 3461 1845 3500 ex
1900 3461 2129 3514 quortnn
2162 3442 2490 3500 accessione
2533 3442 2720 3498 decem
2782 3442 3386 3514 legatorutn'uumerus

1785 3517 2113 3587 perﬁcietur.

1860 3588 1932 3655 (e)
1963 3587 2019 3641 lu
2052 3587 2208 3652 edit.,
2245 3585 2510 3641 Patrinus.
2543 3584 2612 3640 At
2643 3583 2694 3655 in
2728 3599 2884 3645 mss..
2918 3584 3201 3642 Patricius.

1859 3654 1926 3728 (Ῑ)
1966 3658 2113 3714 Alias
2158 3675 2223 3715 ex
2256 3675 2357 3712 ms.
2414 3658 2557 3712 Pitli.
2583 3699 2598 3722 ,
2642 3654 2994 3712 Passnmicus.
3044 3657 3390 3718 Praelerimus

1781 3745 1902 3784 cmn
1936 3746 2035 3783 ms.
2071 3731 2242 3800 Sirm.
2273 3728 2590 3800 Passinicus.
2648 3728 2798 3796 Apud
2829 3729 3129 3795 Socratem,
3154 3731 3250 3787 lib.
3281 3749 3340 3789 ιιι
3367 3774 3383 3800 ,

1783 3816 1832 3857 c.
1866 3799 2490 3877 2:3.“legitttr_Pnsin_icus
2535 3798 2794 3877 lanarum
2817 3814 2937 3877 cum
2971 3800 3169 3877 Basilio
3211 3798 3391 3877 ancy-

1784 3888 1881 3935 rte.
1915 3872 2135 3929 Silvano
2162 3871 2333 3933 Tarsi,
2365 3870 2668 3939 Sophronia
2699 3870 3170 3941 Pompeiopoli-os,
3210 3870 3390 3931 Leuit-

1787 3944 1862 3998 tio
1889 3944 2251 4015 Cumanorum
2278 3983 2294 4010 ,
2326 3953 2379 3998 ct
2404 3941 2707 4011 TheOphilo
2732 3939 3383 4015 Castabalornmepisco-

1789 4015 1871 4085 pis
1895 4014 2226 4080 conspirare.

1859 4085 1935 4157 (g)
1982 4085 2095 4142 Etsi
2121 4087 2445 4157 depratjatus
2471 4093 2562 4157 est,
2582 4083 2665 4138 hic
2690 4085 2879 4157 locus;
2929 4101 3034 4157 non
3082 4093 3170 4141 est
3208 4096 3387 4144 tamen

1787 4154 2075 4213 obscurum
2109 4172 2173 4211 eo
2196 4154 2264 4209 ab
2289 4154 2650 4210 Orientalibus
2678 4154 2993 4223 signiﬁcari,
3027 4170 3086 4210 se
3111 4166 3275 4211 totam
3302 4175 3389 4215 re-

1791 4238 2119 4297 przesentare
2149 4228 2437 4299 synodum,
2469 4230 2510 4299 si
2541 4223 2760 4299 quidem
2783 4242 2808 4276 a
2833 4242 2935 4299 sua
2969 4229 3205 4299 ipsorum
3235 4241 3387 4298 parte

1786 4309 1990 4354 starent
2024 4296 2240 4354 centum
2269 4308 2322 4351 et
2351 4296 2582 4362 amplius
2608 4296 2867 4365 episcopi.
2921 4297 3115 4365 lleipsa
3144 4296 3389 4357 ltommu-

1788 4371 1906 4423 sion
1929 4380 2144 4424 centum
2185 4369 2369 4439 viginti
2419 4368 2704 4439 episeopos
2730 4409 2743 4431 ,
2792 4371 3170 4425 annuimusion
3199 4384 3380 4428 autem

1792 4449 1998 4495 tantum
2050 4438 2421 4495 novemdi-citn
2482 4438 2804 4506 praedicasse
2851 4440 3162 4495 observavit
3208 4453 3392 4500 no~ter

1793 4510 2052 4576 Hilarius,
2076 4526 2124 4567 et
2161 4512 2363 4581 scripto
2393 4510 2665 4581 mandavit
2696 4511 2746 4563 in
2774 4509 3057 4567 Constant.
3092 4530 3146 4565 n.
3177 4514 3263 4568 12.
3300 4517 3390 4573 Sic

1795 4594 1974 4637 autem
2007 4594 2186 4652 posset
2215 4580 2546 4639 reSt-iurari:
2598 4580 2662 4635 Et
2701 4599 3009 4654 quamquam
3054 4600 3155 4637 non
3198 4589 3391 4641 nescire

1796 4670 1883 4727 vos
1917 4654 2410 4727 arbitremur,rnos,
2445 4669 2559 4707 cum
2594 4655 2750 4707 simus
2790 4657 2944 4709 totius
2980 4654 3165 4726 synodi
3192 4656 3346 4727 legati
3370 4699 3386 4724 ,

1796 4726 2153 4796 episc0porum
2177 4726 2368 4781 scilicet
2398 4740 2631 4796 numero,
2663 4734 2768 4780 etc.

1874 4797 1957 4871 (It)
2000 4797 2090 4871 Sic
2123 4800 2409 4871 tus.Sirm.
2454 4795 2525 4871 At
2545 4798 2672 4871 editi
2702 4812 2767 4871 ex
2799 4812 2899 4871 ms.
2932 4796 3074 4871 filii.
3096 4838 3112 4859 ,
3162 4798 3236 4852 ita
3276 4815 3391 4871 qua:

1798 4865 2185 4937 prti’dicationes
2200 4868 2529 4935 blasphemia:
2557 4866 2621 4920 de
2641 4867 2901 4938 unigenito
2920 4865 3032 4922 Deo
3058 4865 3391 4938 essentialiter

1797 4936 1859 5012 ab
1882 4940 1960 4994 his
1985 4940 2343 5012 prtcdicentur.
2376 4942 2706 5012 Quamquam
2735 4936 2799 5012 de
2810 4939 3070 5012 uniqenito
3086 4936 3196 4993 Deo
3221 4957 3393 4997 essen-

1797 5009 1995 5065 tialiter
2012 5028 2077 5066 eo
2102 5027 2262 5066 sensu
2301 5012 2483 5066 dicere
2506 5010 2871 5065 Orientalibus
2915 5009 3093 5073 licuit,
3139 5027 3246 5079 quo
3294 5013 3388 5067 lib.

1793 5080 1862 5136 de
1888 5082 2092 5155 Synod.
2125 5099 2178 5155 n.
2212 5081 2298 5155 l5,
2320 5081 2517 5155 dicunt
2560 5098 2589 5155 :_
2607 5079 2682 5155 Et
2695 5082 2738 5133 si
2767 5082 2879 5150 quis
2901 5080 3121 5155 audiens
3156 5084 3390 5155 unigeni-

1795 5162 1904 5207 tum
1930 5149 2101 5222 ﬁlium
2129 5152 2394 5207 invisibilis
2423 5149 2518 5205 Dei
2545 5149 2795 5222 similem,
2827 5168 2928 5206 non
2956 5151 3142 5207 dixerit
3175 5149 3392 5211 essentia

1794 5221 1979 5293 ﬁlium,
2012 5231 2117 5278 etc.
2153 5223 2319 5277 Porro
2352 5223 2574 5293 haeresis
2604 5221 2693 5276 illa
2719 5222 3008 5278 dominans
3022 5222 3213 5277 Filium
3243 5224 3392 5282 Patri

1794 5291 2027 5350 similem
2062 5310 2165 5349 non
2201 5293 2408 5361 publica
2436 5291 2795 5358 cunfessione,
2833 5295 2926 5348 sed
2957 5292 3203 5363 penitiori
3238 5313 3385 5351 men-

1795 5367 1864 5420 tis
1889 5380 2051 5421 sensu
2082 5365 2398 5431 denegabit.
2433 5364 2758 5433 Susceperat
2782 5365 2924 5420 enim
2956 5365 3276 5422 Acacianam
3298 5383 3387 5425 ec-

1800 5435 2391 5509 thesinitquml’ilium
2422 5438 2557 5506 patri
2581 5435 2797 5490 similem
2829 5434 3129 5505 proﬁtetur.
3249 5504 3253 5509 η

1900 5508 1962 5578 (i)
2022 5507 2389 5580 Blasphemias
2455 5509 2674 5580 easdem
2740 5509 2940 5580 pariter
2978 5523 3097 5580 cum
3128 5507 3395 5580 proxima

1799 5578 2154 5635 Orientalium
2183 5578 2406 5647 cpi~tol.i
2439 5581 2491 5634 in
2520 5579 2723 5637 Gallias
2748 5579 2817 5634 ab
2848 5579 3046 5636 Hilario
3071 5578 3262 5638 miésas
3277 5597 3400 5639 esse

1800 5650 2073 5720 discemus
2103 5648 2455 5719 subsequenti
2485 5649 2829 5720 Fragmenta,
2857 5668 2910 5705 n.
2936 5653 2992 5707 4.

1871 5719 1943 5793 (j)
1988 5721 2325 5776 Calumniam
2387 5719 2668 5780 intendere
2696 5723 2781 5795 hic
2810 5723 3032 5795 perinde
3064 5724 3266 5781 ililario
3293 5735 3397 5792 est,

1800 5796 2033 5851 aclitem
2063 5807 2322 5850 movere:
2372 5796 2512 5853 sicut
2543 5811 2689 5867 cum,
2718 5794 2825 5852 lib.’
2849 5810 2883 5852 tt
2928 5795 3001 5854 de
3019 5796 3171 5854 Trin.
3203 5814 3260 5854 ιι.
3289 5796 3360 5854 50
3379 5837 3399 5868 ,
