  <div class='ocr_page' id='page_1' title='image "/cluster/home/n/w/nwhite01/storage/ocr_20150623/10/uva.x000826522/361.png"; bbox 0 0 3958 6194; ppageno 0'>
   <div class='ocr_carea' id='block_1_1' title="bbox 618 313 742 395">
    <p class='ocr_par' dir='ltr' id='par_1_1' title="bbox 618 313 742 395">
     <span class='ocr_line' id='line_1_1' title="bbox 618 313 742 395; baseline 0 -1"><span class='ocrx_word' id='word_1_1' title='bbox 618 313 742 395; x_wconf 72' lang='grc' dir='ltr'><strong>Ἰοτ’</strong></span> 
     </span>
    </p>
   </div>
   <div class='ocr_carea' id='block_1_2' title="bbox 1813 328 2700 396">
    <p class='ocr_par' dir='ltr' id='par_1_2' title="bbox 1813 328 2700 396">
     <span class='ocr_line' id='line_1_2' title="bbox 1813 328 2700 396; baseline -0.001 -2"><span class='ocrx_word' id='word_1_2' title='bbox 1813 334 2062 394; x_wconf 81' lang='lat' dir='ltr'><strong>SANCTI</strong></span> <span class='ocrx_word' id='word_1_3' title='bbox 2100 328 2357 394; x_wconf 76' lang='lat' dir='ltr'><strong>HILARII</strong></span> <span class='ocrx_word' id='word_1_4' title='bbox 2396 337 2700 396; x_wconf 77' lang='lat' dir='ltr'><strong>EPISCOPI</strong></span> 
     </span>
    </p>
   </div>
   <div class='ocr_carea' id='block_1_3' title="bbox 3848 338 3936 399">
    <p class='ocr_par' dir='ltr' id='par_1_3' title="bbox 3848 338 3936 399">
     <span class='ocr_line' id='line_1_3' title="bbox 3848 338 3936 399; baseline 0.023 -2"><span class='ocrx_word' id='word_1_5' title='bbox 3848 338 3936 399; x_wconf 72' lang='grc' dir='ltr'><strong>7οΐ</strong></span> 
     </span>
    </p>
   </div>
   <div class='ocr_carea' id='block_1_4' title="bbox 622 452 3933 531">
    <p class='ocr_par' dir='ltr' id='par_1_4' title="bbox 622 452 3933 531">
     <span class='ocr_line' id='line_1_4' title="bbox 622 452 3933 531; baseline 0 -20"><span class='ocrx_word' id='word_1_6' title='bbox 622 455 699 531; x_wconf 89' lang='lat' dir='ltr'><strong>(a)</strong></span> <span class='ocrx_word' id='word_1_7' title='bbox 718 459 876 513; x_wconf 89' lang='lat' dir='ltr'><strong>incos</strong></span> <span class='ocrx_word' id='word_1_8' title='bbox 890 452 1404 521; x_wconf 87' lang='lat' dir='ltr'><strong>constituerent.Qui</strong></span> <span class='ocrx_word' id='word_1_9' title='bbox 1423 454 1683 508; x_wconf 59' lang='lat' dir='ltr'><strong>convicta:</strong></span> <span class='ocrx_word' id='word_1_10' title='bbox 1707 453 2218 508; x_wconf 64' lang='lat' dir='ltr'><strong>conscientizedt-lor</strong></span> <span class='ocrx_word' id='word_1_11' title='bbox 2244 457 2298 517; x_wconf 68' lang='grc' dir='ltr'><strong>Α</strong></span> <span class='ocrx_word' id='word_1_12' title='bbox 2320 470 2412 508; x_wconf 81' lang='lat' dir='ltr'><strong>cur</strong></span> <span class='ocrx_word' id='word_1_13' title='bbox 2453 455 2674 510; x_wconf 80' lang='lat' dir='ltr'><strong>similem</strong></span> <span class='ocrx_word' id='word_1_14' title='bbox 2705 454 2989 510; x_wconf 79' lang='lat' dir='ltr'><strong>secundum</strong></span> <span class='ocrx_word' id='word_1_15' title='bbox 3021 454 3341 528; x_wconf 66' lang='lat' dir='ltr'><strong>Scriptura.</strong></span> <span class='ocrx_word' id='word_1_16' title='bbox 3367 485 3440 498; x_wconf 89' lang='lat'><strong>—</strong></span> <span class='ocrx_word' id='word_1_17' title='bbox 3474 475 3494 512; x_wconf 76' lang='grc' dir='ltr'><strong>ι</strong></span> <span class='ocrx_word' id='word_1_18' title='bbox 3529 457 3680 513; x_wconf 81' lang='lat' dir='ltr'><strong>Nam</strong></span> <span class='ocrx_word' id='word_1_19' title='bbox 3726 457 3787 512; x_wconf 89' lang='lat' dir='ltr'><strong>in</strong></span> <span class='ocrx_word' id='word_1_20' title='bbox 3814 473 3933 511; x_wconf 78' lang='lat' dir='ltr'><strong>con-</strong></span> 
     </span>
    </p>
   </div>
   <div class='ocr_carea' id='block_1_5' title="bbox 619 544 2213 618">
    <p class='ocr_par' dir='ltr' id='par_1_5' title="bbox 619 544 2213 618">
     <span class='ocr_line' id='line_1_5' title="bbox 619 544 2213 618; baseline -0.006 -11"><span class='ocrx_word' id='word_1_21' title='bbox 619 562 720 616; x_wconf 83' lang='lat' dir='ltr'><strong>eSt,</strong></span> <span class='ocrx_word' id='word_1_22' title='bbox 746 550 1007 605; x_wconf 88' lang='lat' dir='ltr'><strong>deterreri</strong></span> <span class='ocrx_word' id='word_1_23' title='bbox 1038 563 1359 618; x_wconf 87' lang='lat' dir='ltr'><strong>quemquam</strong></span> <span class='ocrx_word' id='word_1_24' title='bbox 1387 546 1667 617; x_wconf 79' lang='lat' dir='ltr'><strong>agnitione</strong></span> <span class='ocrx_word' id='word_1_25' title='bbox 1691 544 1963 601; x_wconf 83' lang='lat' dir='ltr'><strong>veritatis!</strong></span> <span class='ocrx_word' id='word_1_26' title='bbox 1995 544 2051 600; x_wconf 92' lang='lat' dir='ltr'><strong>Si</strong></span> <span class='ocrx_word' id='word_1_27' title='bbox 2077 544 2213 600; x_wconf 82' lang='lat' dir='ltr'><strong>liber</strong></span> 
     </span>
    </p>
   </div>
   <div class='ocr_carea' id='block_1_6' title="bbox 618 635 2211 706">
    <p class='ocr_par' dir='ltr' id='par_1_6' title="bbox 618 635 2211 706">
     <span class='ocr_line' id='line_1_6' title="bbox 618 635 2211 706; baseline -0.005 -8"><span class='ocrx_word' id='word_1_28' title='bbox 618 646 718 698; x_wconf 89' lang='lat' dir='ltr'><strong>iste</strong></span> <span class='ocrx_word' id='word_1_29' title='bbox 753 639 993 694; x_wconf 89' lang='lat' dir='ltr'><strong>Valentis</strong></span> <span class='ocrx_word' id='word_1_30' title='bbox 1020 645 1077 694; x_wconf 88' lang='lat' dir='ltr'><strong>et</strong></span> <span class='ocrx_word' id='word_1_31' title='bbox 1105 638 1308 694; x_wconf 89' lang='lat' dir='ltr'><strong>Ursacii</strong></span> <span class='ocrx_word' id='word_1_32' title='bbox 1358 652 1463 692; x_wconf 89' lang='lat' dir='ltr'><strong>non</strong></span> <span class='ocrx_word' id='word_1_33' title='bbox 1510 649 1592 692; x_wconf 84' lang='lat' dir='ltr'><strong>est</strong></span> <span class='ocrx_word' id='word_1_34' title='bbox 1620 636 1742 691; x_wconf 79' lang='lat' dir='ltr'><strong>fidei</strong></span> <span class='ocrx_word' id='word_1_35' title='bbox 1790 648 1988 691; x_wconf 65' lang='lat' dir='ltr'><strong>vestras</strong></span> <span class='ocrx_word' id='word_1_36' title='bbox 2025 652 2041 700; x_wconf 83' lang='lat'><strong>;</strong></span> <span class='ocrx_word' id='word_1_37' title='bbox 2082 635 2211 706; x_wconf 87' lang='lat' dir='ltr'><strong>qttid</strong></span> 
     </span>
    </p>
   </div>
   <div class='ocr_carea' id='block_1_7' title="bbox 616 729 2212 805">
    <p class='ocr_par' dir='ltr' id='par_1_7' title="bbox 616 729 2212 805">
     <span class='ocr_line' id='line_1_7' title="bbox 616 729 2212 805; baseline -0.004 -13"><span class='ocrx_word' id='word_1_38' title='bbox 616 736 734 805; x_wconf 83' lang='lat' dir='ltr'><strong>ejus</strong></span> <span class='ocrx_word' id='word_1_39' title='bbox 766 732 1096 790; x_wconf 83' lang='lat' dir='ltr'><strong>damnationi</strong></span> <span class='ocrx_word' id='word_1_40' title='bbox 1129 747 1233 787; x_wconf 91' lang='lat' dir='ltr'><strong>non</strong></span> <span class='ocrx_word' id='word_1_41' title='bbox 1265 729 1644 803; x_wconf 76' lang='lat' dir='ltr'><strong>acquiescitisl</strong></span> <span class='ocrx_word' id='word_1_42' title='bbox 1671 729 1831 786; x_wconf 82' lang='lat' dir='ltr'><strong>Anne</strong></span> <span class='ocrx_word' id='word_1_43' title='bbox 1858 744 1965 785; x_wconf 91' lang='lat' dir='ltr'><strong>non</strong></span> <span class='ocrx_word' id='word_1_44' title='bbox 1995 729 2212 800; x_wconf 90' lang='lat' dir='ltr'><strong>publico</strong></span> 
     </span>
    </p>
   </div>
   <div class='ocr_carea' id='block_1_8' title="bbox 617 826 2213 898">
    <p class='ocr_par' dir='ltr' id='par_1_8' title="bbox 617 826 2213 898">
     <span class='ocr_line' id='line_1_8' title="bbox 617 826 2213 898; baseline -0.003 -15"><span class='ocrx_word' id='word_1_45' title='bbox 617 829 834 883; x_wconf 86' lang='lat' dir='ltr'><strong>immani</strong></span> <span class='ocrx_word' id='word_1_46' title='bbox 864 827 1078 898; x_wconf 80' lang='lat' dir='ltr'><strong>generis</strong></span> <span class='ocrx_word' id='word_1_47' title='bbox 1108 841 1332 882; x_wconf 79' lang='lat' dir='ltr'><strong>assensu</strong></span> <span class='ocrx_word' id='word_1_48' title='bbox 1363 827 1507 882; x_wconf 89' lang='lat' dir='ltr'><strong>inter</strong></span> <span class='ocrx_word' id='word_1_49' title='bbox 1529 838 1719 881; x_wconf 86' lang='lat' dir='ltr'><strong>omnes</strong></span> <span class='ocrx_word' id='word_1_50' title='bbox 1744 826 2018 890; x_wconf 78' lang='lat' dir='ltr'><strong>convenit,</strong></span> <span class='ocrx_word' id='word_1_51' title='bbox 2046 838 2213 880; x_wconf 86' lang='lat' dir='ltr'><strong>vene-</strong></span> 
     </span>
    </p>
   </div>
   <div class='ocr_carea' id='block_1_9' title="bbox 617 919 2206 986">
    <p class='ocr_par' dir='ltr' id='par_1_9' title="bbox 617 919 2206 986">
     <span class='ocr_line' id='line_1_9' title="bbox 617 919 2206 986; baseline -0.003 -9"><span class='ocrx_word' id='word_1_52' title='bbox 617 938 742 978; x_wconf 88' lang='lat' dir='ltr'><strong>mnn</strong></span> <span class='ocrx_word' id='word_1_53' title='bbox 772 922 970 976; x_wconf 89' lang='lat' dir='ltr'><strong>malum</strong></span> <span class='ocrx_word' id='word_1_54' title='bbox 997 934 1141 986; x_wconf 87' lang='lat' dir='ltr'><strong>esse,</strong></span> <span class='ocrx_word' id='word_1_55' title='bbox 1172 930 1226 976; x_wconf 92' lang='lat' dir='ltr'><strong>et</strong></span> <span class='ocrx_word' id='word_1_56' title='bbox 1252 920 1456 975; x_wconf 54' lang='lat' dir='ltr'><strong>caedem</strong></span> <span class='ocrx_word' id='word_1_57' title='bbox 1487 920 1791 975; x_wconf 82' lang='lat' dir='ltr'><strong>innocentis</strong></span> <span class='ocrx_word' id='word_1_58' title='bbox 1813 919 2018 973; x_wconf 82' lang='lat' dir='ltr'><strong>crimen</strong></span> <span class='ocrx_word' id='word_1_59' title='bbox 2048 931 2171 973; x_wconf 88' lang='lat' dir='ltr'><strong>esse</strong></span> <span class='ocrx_word' id='word_1_60' title='bbox 2190 956 2206 985; x_wconf 90' lang='lat'><strong>,</strong></span> 
     </span>
    </p>
   </div>
   <div class='ocr_carea' id='block_1_10' title="bbox 613 1007 2212 1084">
    <p class='ocr_par' dir='ltr' id='par_1_10' title="bbox 613 1007 2212 1084">
     <span class='ocr_line' id='line_1_10' title="bbox 613 1007 2212 1084; baseline -0.005 -14"><span class='ocrx_word' id='word_1_61' title='bbox 613 1024 664 1070; x_wconf 89' lang='lat' dir='ltr'><strong>et</strong></span> <span class='ocrx_word' id='word_1_62' title='bbox 700 1015 1030 1084; x_wconf 88' lang='lat' dir='ltr'><strong>impietatem</strong></span> <span class='ocrx_word' id='word_1_63' title='bbox 1059 1012 1111 1066; x_wconf 92' lang='lat' dir='ltr'><strong>in</strong></span> <span class='ocrx_word' id='word_1_64' title='bbox 1141 1011 1419 1066; x_wconf 89' lang='lat' dir='ltr'><strong>dominum</strong></span> <span class='ocrx_word' id='word_1_65' title='bbox 1446 1009 1731 1065; x_wconf 87' lang='lat' dir='ltr'><strong>horrorem</strong></span> <span class='ocrx_word' id='word_1_66' title='bbox 1753 1010 1909 1066; x_wconf 75' lang='lat' dir='ltr'><strong>esse?</strong></span> <span class='ocrx_word' id='word_1_67' title='bbox 1933 1007 2043 1066; x_wconf 84' lang='lat' dir='ltr'><strong>Sed</strong></span> <span class='ocrx_word' id='word_1_68' title='bbox 2063 1009 2212 1079; x_wconf 85' lang='lat' dir='ltr'><strong>quis-</strong></span> 
     </span>
    </p>
   </div>
   <div class='ocr_carea' id='block_1_11' title="bbox 612 1104 2213 1177">
    <p class='ocr_par' dir='ltr' id='par_1_11' title="bbox 612 1104 2213 1177">
     <span class='ocr_line' id='line_1_11' title="bbox 612 1104 2213 1177; baseline -0.002 -16"><span class='ocrx_word' id='word_1_69' title='bbox 612 1121 717 1177; x_wconf 88' lang='lat' dir='ltr'><strong>que</strong></span> <span class='ocrx_word' id='word_1_70' title='bbox 748 1105 864 1161; x_wconf 71' lang='lat' dir='ltr'><strong>hmc</strong></span> <span class='ocrx_word' id='word_1_71' title='bbox 892 1104 1067 1160; x_wconf 88' lang='lat' dir='ltr'><strong>delata</strong></span> <span class='ocrx_word' id='word_1_72' title='bbox 1100 1119 1204 1159; x_wconf 93' lang='lat' dir='ltr'><strong>non</strong></span> <span class='ocrx_word' id='word_1_73' title='bbox 1236 1104 1476 1168; x_wconf 81' lang='lat' dir='ltr'><strong>damnat,</strong></span> <span class='ocrx_word' id='word_1_74' title='bbox 1513 1117 1737 1159; x_wconf 89' lang='lat' dir='ltr'><strong>necesse</strong></span> <span class='ocrx_word' id='word_1_75' title='bbox 1763 1113 1847 1158; x_wconf 91' lang='lat' dir='ltr'><strong>est</strong></span> <span class='ocrx_word' id='word_1_76' title='bbox 1873 1116 2062 1158; x_wconf 89' lang='lat' dir='ltr'><strong>eorum</strong></span> <span class='ocrx_word' id='word_1_77' title='bbox 2089 1113 2213 1158; x_wconf 86' lang='lat' dir='ltr'><strong>sese</strong></span> 
     </span>
    </p>
   </div>
   <div class='ocr_carea' id='block_1_12' title="bbox 611 1188 2208 1270">
    <p class='ocr_par' dir='ltr' id='par_1_12' title="bbox 611 1188 2208 1270">
     <span class='ocr_line' id='line_1_12' title="bbox 611 1188 2208 1270; baseline -0.004 -13"><span class='ocrx_word' id='word_1_78' title='bbox 611 1188 773 1257; x_wconf 86' lang='lat' dir='ltr'><strong>studii</strong></span> <span class='ocrx_word' id='word_1_79' title='bbox 810 1200 1017 1256; x_wconf 90' lang='lat' dir='ltr'><strong>socium</strong></span> <span class='ocrx_word' id='word_1_80' title='bbox 1048 1201 1400 1270; x_wconf 86' lang='lat' dir='ltr'><strong>profiteatur:</strong></span> <span class='ocrx_word' id='word_1_81' title='bbox 1445 1198 1566 1268; x_wconf 79' lang='lat' dir='ltr'><strong>quia</strong></span> <span class='ocrx_word' id='word_1_82' title='bbox 1598 1212 1759 1253; x_wconf 90' lang='lat' dir='ltr'><strong>nemo</strong></span> <span class='ocrx_word' id='word_1_83' title='bbox 1784 1206 1908 1264; x_wconf 90' lang='lat' dir='ltr'><strong>est,</strong></span> <span class='ocrx_word' id='word_1_84' title='bbox 1957 1197 2049 1267; x_wconf 86' lang='lat' dir='ltr'><strong>qui</strong></span> <span class='ocrx_word' id='word_1_85' title='bbox 2099 1209 2208 1251; x_wconf 90' lang='lat' dir='ltr'><strong>non</strong></span> 
     </span>
    </p>
   </div>
   <div class='ocr_carea' id='block_1_13' title="bbox 612 1290 2205 1366">
    <p class='ocr_par' dir='ltr' id='par_1_13' title="bbox 612 1290 2205 1366">
     <span class='ocr_line' id='line_1_13' title="bbox 612 1290 2205 1366; baseline -0.003 -16"><span class='ocrx_word' id='word_1_86' title='bbox 612 1303 668 1350; x_wconf 90' lang='lat' dir='ltr'><strong>et</strong></span> <span class='ocrx_word' id='word_1_87' title='bbox 698 1309 819 1366; x_wconf 75' lang='lat' dir='ltr'><strong>qum</strong></span> <span class='ocrx_word' id='word_1_88' title='bbox 858 1292 1033 1349; x_wconf 91' lang='lat' dir='ltr'><strong>oderit</strong></span> <span class='ocrx_word' id='word_1_89' title='bbox 1078 1302 1335 1363; x_wconf 88' lang='lat' dir='ltr'><strong>coargnat</strong></span> <span class='ocrx_word' id='word_1_90' title='bbox 1358 1333 1372 1357; x_wconf 87' lang='lat'><strong>,</strong></span> <span class='ocrx_word' id='word_1_91' title='bbox 1404 1300 1460 1346; x_wconf 91' lang='lat' dir='ltr'><strong>et</strong></span> <span class='ocrx_word' id='word_1_92' title='bbox 1486 1306 1604 1362; x_wconf 70' lang='lat' dir='ltr'><strong>qure</strong></span> <span class='ocrx_word' id='word_1_93' title='bbox 1632 1307 1738 1346; x_wconf 89' lang='lat' dir='ltr'><strong>non</strong></span> <span class='ocrx_word' id='word_1_94' title='bbox 1767 1292 2007 1361; x_wconf 80' lang='lat' dir='ltr'><strong>coarguit</strong></span> <span class='ocrx_word' id='word_1_95' title='bbox 2038 1290 2205 1363; x_wconf 62' lang='grc' dir='ltr'><strong>δεῖ,</strong></span> 
     </span>
    </p>
   </div>
   <div class='ocr_carea' id='block_1_14' title="bbox 614 1384 2210 1459">
    <p class='ocr_par' dir='ltr' id='par_1_14' title="bbox 614 1384 2210 1459">
     <span class='ocr_line' id='line_1_14' title="bbox 614 1384 2210 1459; baseline 0.001 -19"><span class='ocrx_word' id='word_1_96' title='bbox 614 1387 825 1459; x_wconf 86' lang='lat' dir='ltr'><strong>probet.</strong></span> <span class='ocrx_word' id='word_1_97' title='bbox 855 1388 931 1457; x_wconf 87' lang='lat' dir='ltr'><strong>(b)</strong></span> <span class='ocrx_word' id='word_1_98' title='bbox 955 1384 1084 1441; x_wconf 85' lang='lat' dir='ltr'><strong>Post</strong></span> <span class='ocrx_word' id='word_1_99' title='bbox 1112 1385 1378 1457; x_wconf 87' lang='lat' dir='ltr'><strong>synodum</strong></span> <span class='ocrx_word' id='word_1_100' title='bbox 1414 1386 1556 1441; x_wconf 89' lang='lat' dir='ltr'><strong>enim</strong></span> <span class='ocrx_word' id='word_1_101' title='bbox 1590 1385 1992 1441; x_wconf 86' lang='lat' dir='ltr'><strong>Seleuciensem</strong></span> <span class='ocrx_word' id='word_1_102' title='bbox 2021 1427 2034 1449; x_wconf 89' lang='lat'><em>.</em></span> <span class='ocrx_word' id='word_1_103' title='bbox 2065 1388 2210 1441; x_wconf 83' lang='lat' dir='ltr'><strong>Con-</strong></span> 
     </span>
    </p>
   </div>
   <div class='ocr_carea' id='block_1_15' title="bbox 611 1476 2209 1549">
    <p class='ocr_par' dir='ltr' id='par_1_15' title="bbox 611 1476 2209 1549">
     <span class='ocr_line' id='line_1_15' title="bbox 611 1476 2209 1549; baseline -0.001 -15"><span class='ocrx_word' id='word_1_104' title='bbox 611 1479 1017 1549; x_wconf 84' lang='lat' dir='ltr'><strong>stantinopolim</strong></span> <span class='ocrx_word' id='word_1_105' title='bbox 1045 1478 1326 1534; x_wconf 75' lang='lat' dir='ltr'><strong>venientes</strong></span> <span class='ocrx_word' id='word_1_106' title='bbox 1348 1520 1364 1545; x_wconf 91' lang='lat'><strong>,</strong></span> <span class='ocrx_word' id='word_1_107' title='bbox 1395 1476 1522 1549; x_wconf 90' lang='lat' dir='ltr'><strong>quid</strong></span> <span class='ocrx_word' id='word_1_108' title='bbox 1549 1486 1632 1534; x_wconf 91' lang='lat' dir='ltr'><strong>est</strong></span> <span class='ocrx_word' id='word_1_109' title='bbox 1658 1477 1799 1546; x_wconf 85' lang='lat' dir='ltr'><strong>quod</strong></span> <span class='ocrx_word' id='word_1_110' title='bbox 1831 1478 2010 1533; x_wconf 85' lang='lat' dir='ltr'><strong>statim</strong></span> <span class='ocrx_word' id='word_1_111' title='bbox 2056 1476 2209 1533; x_wconf 88' lang='lat' dir='ltr'><strong>dam-</strong></span> 
     </span>
    </p>
   </div>
   <div class='ocr_carea' id='block_1_16' title="bbox 609 1571 2209 1645">
    <p class='ocr_par' dir='ltr' id='par_1_16' title="bbox 609 1571 2209 1645">
     <span class='ocr_line' id='line_1_16' title="bbox 609 1571 2209 1645; baseline -0.001 -15"><span class='ocrx_word' id='word_1_112' title='bbox 609 1579 750 1630; x_wconf 85' lang='lat' dir='ltr'><strong>natis</strong></span> <span class='ocrx_word' id='word_1_113' title='bbox 776 1572 1046 1629; x_wconf 66' lang='lat' dir='ltr'><strong>haereticis</strong></span> <span class='ocrx_word' id='word_1_114' title='bbox 1076 1587 1172 1628; x_wconf 87' lang='lat' dir='ltr'><strong>vos</strong></span> <span class='ocrx_word' id='word_1_115' title='bbox 1211 1572 1476 1645; x_wconf 76' lang='lat' dir='ltr'><strong>jungitisl</strong></span> <span class='ocrx_word' id='word_1_116' title='bbox 1522 1571 1638 1627; x_wconf 86' lang='lat' dir='ltr'><strong>Non</strong></span> <span class='ocrx_word' id='word_1_117' title='bbox 1669 1571 1898 1628; x_wconf 83' lang='lat' dir='ltr'><strong>dill&#39;ertls</strong></span> <span class='ocrx_word' id='word_1_118' title='bbox 1930 1573 1982 1626; x_wconf 91' lang='lat' dir='ltr'><strong>in</strong></span> <span class='ocrx_word' id='word_1_119' title='bbox 2026 1572 2209 1643; x_wconf 91' lang='lat' dir='ltr'><strong>aliquo</strong></span> 
     </span>
    </p>
   </div>
   <div class='ocr_carea' id='block_1_17' title="bbox 610 1664 2199 1739">
    <p class='ocr_par' dir='ltr' id='par_1_17' title="bbox 610 1664 2199 1739">
     <span class='ocr_line' id='line_1_17' title="bbox 610 1664 2199 1739; baseline -0.003 -16"><span class='ocrx_word' id='word_1_120' title='bbox 610 1677 821 1739; x_wconf 87' lang='lat' dir='ltr'><strong>tempus</strong></span> <span class='ocrx_word' id='word_1_121' title='bbox 850 1667 1117 1733; x_wconf 83' lang='lat' dir='ltr'><strong>adeundi,</strong></span> <span class='ocrx_word' id='word_1_122' title='bbox 1152 1681 1325 1737; x_wconf 85' lang='lat' dir='ltr'><strong>neque</strong></span> <span class='ocrx_word' id='word_1_123' title='bbox 1348 1665 1416 1721; x_wconf 89' lang='lat' dir='ltr'><strong>de</strong></span> <span class='ocrx_word' id='word_1_124' title='bbox 1444 1664 1724 1737; x_wconf 84' lang='lat' dir='ltr'><strong>prudentis</strong></span> <span class='ocrx_word' id='word_1_125' title='bbox 1750 1665 1959 1720; x_wconf 76' lang='lat' dir='ltr'><strong>ratione</strong></span> <span class='ocrx_word' id='word_1_126' title='bbox 1985 1664 2199 1719; x_wconf 81' lang='lat' dir='ltr'><strong>consilii</strong></span> 
     </span>
    </p>
   </div>
   <div class='ocr_carea' id='block_1_18' title="bbox 606 1756 2201 1835">
    <p class='ocr_par' dir='ltr' id='par_1_18' title="bbox 606 1756 2201 1835">
     <span class='ocr_line' id='line_1_18' title="bbox 606 1756 2201 1835; baseline -0.006 -16"><span class='ocrx_word' id='word_1_127' title='bbox 606 1764 842 1835; x_wconf 86' lang='lat' dir='ltr'><strong>aliquam</strong></span> <span class='ocrx_word' id='word_1_128' title='bbox 869 1762 1024 1817; x_wconf 81' lang='lat' dir='ltr'><strong>vobis</strong></span> <span class='ocrx_word' id='word_1_129' title='bbox 1051 1776 1256 1815; x_wconf 89' lang='lat' dir='ltr'><strong>moram</strong></span> <span class='ocrx_word' id='word_1_130' title='bbox 1285 1760 1352 1814; x_wconf 91' lang='lat' dir='ltr'><strong>ad</strong></span> <span class='ocrx_word' id='word_1_131' title='bbox 1384 1757 1841 1830; x_wconf 88' lang='lat' dir='ltr'><strong>percunctandnm</strong></span> <span class='ocrx_word' id='word_1_132' title='bbox 1869 1756 2201 1826; x_wconf 87' lang='lat' dir='ltr'><strong>impenditis.</strong></span> 
     </span>
    </p>
   </div>
   <div class='ocr_carea' id='block_1_19' title="bbox 2314 546 3930 620">
    <p class='ocr_par' dir='ltr' id='par_1_19' title="bbox 2314 546 3930 620">
     <span class='ocr_line' id='line_1_19' title="bbox 2314 546 3930 620; baseline 0.005 -23"><span class='ocrx_word' id='word_1_133' title='bbox 2314 554 2476 602; x_wconf 84' lang='lat' dir='ltr'><strong>ventu</strong></span> <span class='ocrx_word' id='word_1_134' title='bbox 2525 546 2814 602; x_wconf 87' lang='lat' dir='ltr'><strong>multorum</strong></span> <span class='ocrx_word' id='word_1_135' title='bbox 2844 562 2939 603; x_wconf 91' lang='lat' dir='ltr'><strong>vos</strong></span> <span class='ocrx_word' id='word_1_136' title='bbox 2983 548 3320 619; x_wconf 78' lang='lat' dir='ltr'><strong>arguentium</strong></span> <span class='ocrx_word' id='word_1_137' title='bbox 3345 590 3360 614; x_wconf 86' lang='lat'><strong>,</strong></span> <span class='ocrx_word' id='word_1_138' title='bbox 3391 565 3491 605; x_wconf 88' lang='lat' dir='ltr'><strong>cur</strong></span> <span class='ocrx_word' id='word_1_139' title='bbox 3514 550 3698 605; x_wconf 85' lang='lat' dir='ltr'><strong>etiam</strong></span> <span class='ocrx_word' id='word_1_140' title='bbox 3730 547 3809 620; x_wconf 80' lang='grc' dir='ltr'><strong>(Ι)</strong></span> <span class='ocrx_word' id='word_1_141' title='bbox 3839 564 3930 606; x_wconf 85' lang='lat' dir='ltr'><strong>non</strong></span> 
     </span>
    </p>
   </div>
   <div class='ocr_carea' id='block_1_20' title="bbox 2313 640 3931 713">
    <p class='ocr_par' dir='ltr' id='par_1_20' title="bbox 2313 640 3931 713">
     <span class='ocr_line' id='line_1_20' title="bbox 2313 640 3931 713; baseline 0.003 -18"><span class='ocrx_word' id='word_1_142' title='bbox 2313 649 2617 695; x_wconf 76' lang='lat' dir='ltr'><strong>creaturam</strong></span> <span class='ocrx_word' id='word_1_143' title='bbox 2650 641 2743 697; x_wconf 87' lang='lat' dir='ltr'><strong>Dei</strong></span> <span class='ocrx_word' id='word_1_144' title='bbox 2773 641 2942 697; x_wconf 82' lang='lat' dir='ltr'><strong>tilium</strong></span> <span class='ocrx_word' id='word_1_145' title='bbox 2970 640 3262 707; x_wconf 74' lang='lat' dir='ltr'><strong>diceretis;</strong></span> <span class='ocrx_word' id='word_1_146' title='bbox 3291 644 3662 713; x_wconf 83' lang='lat' dir='ltr'><strong>respondistis</strong></span> <span class='ocrx_word' id='word_1_147' title='bbox 3685 681 3707 709; x_wconf 87' lang='lat'><strong>,</strong></span> <span class='ocrx_word' id='word_1_148' title='bbox 3738 644 3931 700; x_wconf 76' lang='lat' dir='ltr'><strong>sanctis</strong></span> 
     </span>
    </p>
   </div>
   <div class='ocr_carea' id='block_1_21' title="bbox 2312 731 3927 808">
    <p class='ocr_par' dir='ltr' id='par_1_21' title="bbox 2312 731 3927 808">
     <span class='ocr_line' id='line_1_21' title="bbox 2312 731 3927 808; baseline 0.004 -21"><span class='ocrx_word' id='word_1_149' title='bbox 2312 731 2747 791; x_wconf 84' lang='lat' dir='ltr'><strong>Ariminensibus</strong></span> <span class='ocrx_word' id='word_1_150' title='bbox 2817 750 2925 790; x_wconf 88' lang='lat' dir='ltr'><strong>non</strong></span> <span class='ocrx_word' id='word_1_151' title='bbox 2979 735 3256 792; x_wconf 85' lang='lat' dir='ltr'><strong>Christum</strong></span> <span class='ocrx_word' id='word_1_152' title='bbox 3298 746 3609 793; x_wconf 78' lang='lat' dir='ltr'><strong>creaturam</strong></span> <span class='ocrx_word' id='word_1_153' title='bbox 3677 747 3927 808; x_wconf 76' lang='lat' dir='ltr'><strong>negatum</strong></span> 
     </span>
    </p>
   </div>
   <div class='ocr_carea' id='block_1_22' title="bbox 2311 824 3923 900">
    <p class='ocr_par' dir='ltr' id='par_1_22' title="bbox 2311 824 3923 900">
     <span class='ocr_line' id='line_1_22' title="bbox 2311 824 3923 900; baseline 0.003 -19"><span class='ocrx_word' id='word_1_154' title='bbox 2311 824 2500 894; x_wconf 82' lang='lat' dir='ltr'><strong>fuisse.</strong></span> <span class='ocrx_word' id='word_1_155' title='bbox 2530 827 2626 883; x_wconf 89' lang='lat' dir='ltr'><strong>sed</strong></span> <span class='ocrx_word' id='word_1_156' title='bbox 2655 828 2969 884; x_wconf 78' lang='lat' dir='ltr'><strong>dissimilem</strong></span> <span class='ocrx_word' id='word_1_157' title='bbox 2999 830 3211 886; x_wconf 74' lang='lat' dir='ltr'><strong>ctcteris</strong></span> <span class='ocrx_word' id='word_1_158' title='bbox 3235 830 3500 886; x_wconf 78' lang='lat' dir='ltr'><strong>creaturis</strong></span> <span class='ocrx_word' id='word_1_159' title='bbox 3532 848 3548 884; x_wconf 85' lang='lat'><strong>:</strong></span> <span class='ocrx_word' id='word_1_160' title='bbox 3581 831 3730 900; x_wconf 78' lang='lat' dir='ltr'><strong>quia</strong></span> <span class='ocrx_word' id='word_1_161' title='bbox 3770 830 3827 885; x_wconf 91' lang='lat' dir='ltr'><strong>in</strong></span> <span class='ocrx_word' id='word_1_162' title='bbox 3868 847 3923 886; x_wconf 88' lang='lat' dir='ltr'><strong>eo</strong></span> 
     </span>
    </p>
   </div>
   <div class='ocr_carea' id='block_1_23' title="bbox 2312 920 3932 992">
    <p class='ocr_par' dir='ltr' id='par_1_23' title="bbox 2312 920 3932 992">
     <span class='ocr_line' id='line_1_23' title="bbox 2312 920 3932 992; baseline 0.001 -19"><span class='ocrx_word' id='word_1_163' title='bbox 2312 920 2454 989; x_wconf 87' lang='lat' dir='ltr'><strong>quod</strong></span> <span class='ocrx_word' id='word_1_164' title='bbox 2485 920 2688 977; x_wconf 91' lang='lat' dir='ltr'><strong>dictum</strong></span> <span class='ocrx_word' id='word_1_165' title='bbox 2718 923 2810 988; x_wconf 85' lang='lat' dir='ltr'><strong>sit,</strong></span> <span class='ocrx_word' id='word_1_166' title='bbox 2839 937 2942 976; x_wconf 87' lang='lat' dir='ltr'><strong>non</strong></span> <span class='ocrx_word' id='word_1_167' title='bbox 2962 938 3069 977; x_wconf 83' lang='lat' dir='ltr'><strong>esse</strong></span> <span class='ocrx_word' id='word_1_168' title='bbox 3096 935 3325 977; x_wconf 73' lang='lat' dir='ltr'><strong>creatum</strong></span> <span class='ocrx_word' id='word_1_169' title='bbox 3345 925 3483 978; x_wconf 69' lang='lat' dir='ltr'><strong>velut</strong></span> <span class='ocrx_word' id='word_1_170' title='bbox 3506 932 3747 977; x_wconf 68' lang='lat' dir='ltr'><strong>ceteras</strong></span> <span class='ocrx_word' id='word_1_171' title='bbox 3767 921 3932 992; x_wconf 74' lang='lat' dir='ltr'><strong>{acts-</strong></span> 
     </span>
    </p>
   </div>
   <div class='ocr_carea' id='block_1_24' title="bbox 2312 1014 3928 1088">
    <p class='ocr_par' dir='ltr' id='par_1_24' title="bbox 2312 1014 3928 1088">
     <span class='ocr_line' id='line_1_24' title="bbox 2312 1014 3928 1088; baseline 0.001 -19"><span class='ocrx_word' id='word_1_172' title='bbox 2312 1030 2397 1069; x_wconf 86' lang='lat' dir='ltr'><strong>ras</strong></span> <span class='ocrx_word' id='word_1_173' title='bbox 2418 1054 2437 1083; x_wconf 90' lang='lat'><strong>,</strong></span> <span class='ocrx_word' id='word_1_174' title='bbox 2471 1029 2578 1071; x_wconf 92' lang='lat' dir='ltr'><strong>non</strong></span> <span class='ocrx_word' id='word_1_175' title='bbox 2610 1016 2690 1088; x_wconf 85' lang='lat' dir='ltr'><strong>(g)</strong></span> <span class='ocrx_word' id='word_1_176' title='bbox 2721 1015 2845 1085; x_wconf 85' lang='lat' dir='ltr'><strong>quia</strong></span> <span class='ocrx_word' id='word_1_177' title='bbox 2874 1016 3076 1072; x_wconf 80' lang='lat' dir='ltr'><strong>creatio</strong></span> <span class='ocrx_word' id='word_1_178' title='bbox 3105 1031 3216 1071; x_wconf 90' lang='lat' dir='ltr'><strong>non</strong></span> <span class='ocrx_word' id='word_1_179' title='bbox 3267 1016 3359 1083; x_wconf 87' lang='lat' dir='ltr'><strong>sit,</strong></span> <span class='ocrx_word' id='word_1_180' title='bbox 3403 1015 3502 1072; x_wconf 83' lang='lat' dir='ltr'><strong>sed</strong></span> <span class='ocrx_word' id='word_1_181' title='bbox 3546 1014 3874 1085; x_wconf 79' lang='lat' dir='ltr'><strong>excipiatur</strong></span> <span class='ocrx_word' id='word_1_182' title='bbox 3902 1032 3928 1070; x_wconf 87' lang='lat' dir='ltr'><strong>a</strong></span> 
     </span>
    </p>
   </div>
   <div class='ocr_carea' id='block_1_25' title="bbox 2312 1108 3929 1172">
    <p class='ocr_par' dir='ltr' id='par_1_25' title="bbox 2312 1108 3929 1172">
     <span class='ocr_line' id='line_1_25' title="bbox 2312 1108 3929 1172; baseline -0.001 -9"><span class='ocrx_word' id='word_1_183' title='bbox 2312 1110 2566 1163; x_wconf 67' lang='lat' dir='ltr'><strong>cieteris:</strong></span> <span class='ocrx_word' id='word_1_184' title='bbox 2601 1118 2662 1164; x_wconf 91' lang='lat' dir='ltr'><strong>ut</strong></span> <span class='ocrx_word' id='word_1_185' title='bbox 2685 1109 2812 1164; x_wconf 88' lang='lat' dir='ltr'><strong>licet</strong></span> <span class='ocrx_word' id='word_1_186' title='bbox 2836 1124 2942 1164; x_wconf 92' lang='lat' dir='ltr'><strong>non</strong></span> <span class='ocrx_word' id='word_1_187' title='bbox 2973 1108 3251 1164; x_wconf 79' lang='lat' dir='ltr'><strong>dissimilis</strong></span> <span class='ocrx_word' id='word_1_188' title='bbox 3277 1109 3495 1165; x_wconf 71' lang='lat' dir='ltr'><strong>caeteris</strong></span> <span class='ocrx_word' id='word_1_189' title='bbox 3519 1110 3619 1172; x_wconf 76' lang='lat' dir='ltr'><strong>sit,</strong></span> <span class='ocrx_word' id='word_1_190' title='bbox 3658 1118 3851 1165; x_wconf 84' lang='lat' dir='ltr'><strong>tamen</strong></span> <span class='ocrx_word' id='word_1_191' title='bbox 3879 1117 3929 1163; x_wconf 85' lang='lat' dir='ltr'><strong>ut</strong></span> 
     </span>
    </p>
   </div>
   <div class='ocr_carea' id='block_1_26' title="bbox 2319 1200 3928 1270">
    <p class='ocr_par' dir='ltr' id='par_1_26' title="bbox 2319 1200 3928 1270">
     <span class='ocr_line' id='line_1_26' title="bbox 2319 1200 3928 1270; baseline 0.001 -16"><span class='ocrx_word' id='word_1_192' title='bbox 2319 1201 2435 1270; x_wconf 81' lang='lat' dir='ltr'><strong>ipse</strong></span> <span class='ocrx_word' id='word_1_193' title='bbox 2465 1201 2610 1256; x_wconf 88' lang='lat' dir='ltr'><strong>aliud</strong></span> <span class='ocrx_word' id='word_1_194' title='bbox 2639 1216 2745 1255; x_wconf 92' lang='lat' dir='ltr'><strong>non</strong></span> <span class='ocrx_word' id='word_1_195' title='bbox 2772 1201 2864 1256; x_wconf 85' lang='lat' dir='ltr'><strong>sit.</strong></span> <span class='ocrx_word' id='word_1_196' title='bbox 2908 1202 3072 1270; x_wconf 80' lang='lat' dir='ltr'><strong>Quasi</strong></span> <span class='ocrx_word' id='word_1_197' title='bbox 3117 1216 3245 1258; x_wconf 86' lang='lat' dir='ltr'><strong>vero</strong></span> <span class='ocrx_word' id='word_1_198' title='bbox 3275 1200 3381 1256; x_wconf 89' lang='lat' dir='ltr'><strong>ulla</strong></span> <span class='ocrx_word' id='word_1_199' title='bbox 3411 1208 3673 1257; x_wconf 87' lang='lat' dir='ltr'><strong>creatura</strong></span> <span class='ocrx_word' id='word_1_200' title='bbox 3701 1201 3830 1255; x_wconf 87' lang='lat' dir='ltr'><strong>aliis</strong></span> <span class='ocrx_word' id='word_1_201' title='bbox 3864 1204 3928 1255; x_wconf 85' lang='lat' dir='ltr'><strong>sit</strong></span> 
     </span>
    </p>
   </div>
   <div class='ocr_carea' id='block_1_27' title="bbox 2314 1291 3925 1363">
    <p class='ocr_par' dir='ltr' id='par_1_27' title="bbox 2314 1291 3925 1363">
     <span class='ocr_line' id='line_1_27' title="bbox 2314 1291 3925 1363; baseline -0.003 -14"><span class='ocrx_word' id='word_1_202' title='bbox 2314 1292 2507 1349; x_wconf 84' lang='lat' dir='ltr'><strong>similis</strong></span> <span class='ocrx_word' id='word_1_203' title='bbox 2530 1333 2546 1360; x_wconf 93' lang='lat'><strong>,</strong></span> <span class='ocrx_word' id='word_1_204' title='bbox 2577 1303 2634 1348; x_wconf 89' lang='lat' dir='ltr'><strong>ut</strong></span> <span class='ocrx_word' id='word_1_205' title='bbox 2674 1293 2897 1363; x_wconf 75' lang='lat' dir='ltr'><strong>angelus</strong></span> <span class='ocrx_word' id='word_1_206' title='bbox 2929 1292 3132 1347; x_wconf 83' lang='lat' dir='ltr'><strong>homini</strong></span> <span class='ocrx_word' id='word_1_207' title='bbox 3157 1332 3173 1359; x_wconf 90' lang='lat'><strong>,</strong></span> <span class='ocrx_word' id='word_1_208' title='bbox 3207 1291 3372 1348; x_wconf 88' lang='lat' dir='ltr'><strong>homo</strong></span> <span class='ocrx_word' id='word_1_209' title='bbox 3397 1291 3524 1357; x_wconf 86' lang='lat' dir='ltr'><strong>avi,</strong></span> <span class='ocrx_word' id='word_1_210' title='bbox 3551 1292 3682 1347; x_wconf 87' lang='lat' dir='ltr'><strong>avis</strong></span> <span class='ocrx_word' id='word_1_211' title='bbox 3716 1291 3925 1359; x_wconf 79' lang='lat' dir='ltr'><strong>pecudi.</strong></span> 
     </span>
    </p>
   </div>
   <div class='ocr_carea' id='block_1_28' title="bbox 2320 1384 3924 1456">
    <p class='ocr_par' dir='ltr' id='par_1_28' title="bbox 2320 1384 3924 1456">
     <span class='ocr_line' id='line_1_28' title="bbox 2320 1384 3924 1456; baseline 0 -16"><span class='ocrx_word' id='word_1_212' title='bbox 2320 1385 2445 1442; x_wconf 74' lang='lat' dir='ltr'><strong>llzcc</strong></span> <span class='ocrx_word' id='word_1_213' title='bbox 2490 1388 2535 1443; x_wconf 88' lang='lat' dir='ltr'><strong>si</strong></span> <span class='ocrx_word' id='word_1_214' title='bbox 2583 1387 2836 1454; x_wconf 90' lang='lat' dir='ltr'><strong>mentior,</strong></span> <span class='ocrx_word' id='word_1_215' title='bbox 2870 1394 3036 1443; x_wconf 86' lang='lat' dir='ltr'><strong>testes</strong></span> <span class='ocrx_word' id='word_1_216' title='bbox 3080 1392 3209 1441; x_wconf 90' lang='lat' dir='ltr'><strong>sunt</strong></span> <span class='ocrx_word' id='word_1_217' title='bbox 3252 1385 3342 1456; x_wconf 91' lang='lat' dir='ltr'><strong>qui</strong></span> <span class='ocrx_word' id='word_1_218' title='bbox 3394 1385 3717 1441; x_wconf 87' lang='lat' dir='ltr'><strong>audierunt.</strong></span> <span class='ocrx_word' id='word_1_219' title='bbox 3779 1384 3924 1452; x_wconf 80' lang='lat' dir='ltr'><strong>Quod</strong></span> 
     </span>
    </p>
   </div>
   <div class='ocr_carea' id='block_1_29' title="bbox 2313 1478 3916 1550">
    <p class='ocr_par' dir='ltr' id='par_1_29' title="bbox 2313 1478 3916 1550">
     <span class='ocr_line' id='line_1_29' title="bbox 2313 1478 3916 1550; baseline -0.002 -16"><span class='ocrx_word' id='word_1_220' title='bbox 2313 1480 2357 1534; x_wconf 93' lang='lat' dir='ltr'><strong>si</strong></span> <span class='ocrx_word' id='word_1_221' title='bbox 2404 1490 2457 1535; x_wconf 88' lang='lat' dir='ltr'><strong>et</strong></span> <span class='ocrx_word' id='word_1_222' title='bbox 2524 1480 2626 1549; x_wconf 79' lang='lat' dir='ltr'><strong>ipsi</strong></span> <span class='ocrx_word' id='word_1_223' title='bbox 2685 1482 2966 1543; x_wconf 88' lang='lat' dir='ltr'><strong>tacebunt.</strong></span> <span class='ocrx_word' id='word_1_224' title='bbox 3018 1480 3252 1550; x_wconf 88' lang='lat' dir='ltr'><strong>loquitur</strong></span> <span class='ocrx_word' id='word_1_225' title='bbox 3298 1494 3509 1535; x_wconf 90' lang='lat' dir='ltr'><strong>mecum</strong></span> <span class='ocrx_word' id='word_1_226' title='bbox 3568 1478 3843 1534; x_wconf 76' lang='lat' dir='ltr'><strong>defensus</strong></span> <span class='ocrx_word' id='word_1_227' title='bbox 3892 1496 3916 1530; x_wconf 87' lang='lat' dir='ltr'><strong>a</strong></span> 
     </span>
    </p>
   </div>
   <div class='ocr_carea' id='block_1_30' title="bbox 2312 1572 3915 1644">
    <p class='ocr_par' dir='ltr' id='par_1_30' title="bbox 2312 1572 3915 1644">
     <span class='ocr_line' id='line_1_30' title="bbox 2312 1572 3915 1644; baseline -0.002 -16"><span class='ocrx_word' id='word_1_228' title='bbox 2312 1575 2468 1629; x_wconf 84' lang='lat' dir='ltr'><strong>vobis</strong></span> <span class='ocrx_word' id='word_1_229' title='bbox 2515 1574 2831 1644; x_wconf 84' lang='lat' dir='ltr'><strong>impiissime</strong></span> <span class='ocrx_word' id='word_1_230' title='bbox 2857 1573 2990 1629; x_wconf 87' lang='lat' dir='ltr'><strong>liber</strong></span> <span class='ocrx_word' id='word_1_231' title='bbox 3021 1580 3218 1639; x_wconf 86' lang='lat' dir='ltr'><strong>vester,</strong></span> <span class='ocrx_word' id='word_1_232' title='bbox 3246 1572 3299 1629; x_wconf 91' lang='lat' dir='ltr'><strong>in</strong></span> <span class='ocrx_word' id='word_1_233' title='bbox 3330 1589 3438 1643; x_wconf 88' lang='lat' dir='ltr'><strong>quo</strong></span> <span class='ocrx_word' id='word_1_234' title='bbox 3464 1582 3521 1627; x_wconf 91' lang='lat' dir='ltr'><strong>ttt</strong></span> <span class='ocrx_word' id='word_1_235' title='bbox 3551 1574 3763 1627; x_wconf 88' lang='lat' dir='ltr'><strong>vitrum</strong></span> <span class='ocrx_word' id='word_1_236' title='bbox 3795 1572 3915 1642; x_wconf 87' lang='lat' dir='ltr'><strong>by..—</strong></span> 
     </span>
    </p>
   </div>
   <div class='ocr_carea' id='block_1_31' title="bbox 2309 1664 3916 1732">
    <p class='ocr_par' dir='ltr' id='par_1_31' title="bbox 2309 1664 3916 1732">
     <span class='ocr_line' id='line_1_31' title="bbox 2309 1664 3916 1732; baseline -0.003 -10"><span class='ocrx_word' id='word_1_237' title='bbox 2309 1665 2516 1732; x_wconf 84' lang='lat' dir='ltr'><strong>cintbo,</strong></span> <span class='ocrx_word' id='word_1_238' title='bbox 2549 1666 2618 1721; x_wconf 88' lang='lat' dir='ltr'><strong>ita</strong></span> <span class='ocrx_word' id='word_1_239' title='bbox 2659 1665 2824 1721; x_wconf 79' lang='lat' dir='ltr'><strong>Filius</strong></span> <span class='ocrx_word' id='word_1_240' title='bbox 2862 1666 3045 1731; x_wconf 90' lang='lat' dir='ltr'><strong>Patri,</strong></span> <span class='ocrx_word' id='word_1_241' title='bbox 3072 1673 3128 1721; x_wconf 89' lang='lat' dir='ltr'><strong>et</strong></span> <span class='ocrx_word' id='word_1_242' title='bbox 3158 1666 3269 1721; x_wconf 86' lang='lat' dir='ltr'><strong>Deo</strong></span> <span class='ocrx_word' id='word_1_243' title='bbox 3294 1664 3546 1720; x_wconf 83' lang='lat' dir='ltr'><strong>Christus</strong></span> <span class='ocrx_word' id='word_1_244' title='bbox 3576 1664 3804 1721; x_wconf 84' lang='lat' dir='ltr'><strong>alienus</strong></span> <span class='ocrx_word' id='word_1_245' title='bbox 3821 1675 3916 1720; x_wconf 71' lang='lat' dir='ltr'><strong>eet.</strong></span> 
     </span>
    </p>
   </div>
   <div class='ocr_carea' id='block_1_32' title="bbox 2313 1756 3916 1832">
    <p class='ocr_par' dir='ltr' id='par_1_32' title="bbox 2313 1756 3916 1832">
     <span class='ocr_line' id='line_1_32' title="bbox 2313 1756 3916 1832; baseline 0 -18"><span class='ocrx_word' id='word_1_246' title='bbox 2313 1760 2543 1826; x_wconf 85' lang='lat' dir='ltr'><strong>Deinde,</strong></span> <span class='ocrx_word' id='word_1_247' title='bbox 2575 1762 2626 1814; x_wconf 90' lang='lat' dir='ltr'><strong>in</strong></span> <span class='ocrx_word' id='word_1_248' title='bbox 2656 1774 2762 1830; x_wconf 87' lang='lat' dir='ltr'><strong>quo</strong></span> <span class='ocrx_word' id='word_1_249' title='bbox 2790 1758 2957 1832; x_wconf 58' lang='lat' dir='ltr'><strong>om</strong></span> <span class='ocrx_word' id='word_1_250' title='bbox 2980 1756 3260 1815; x_wconf 85' lang='lat' dir='ltr'><strong>audientes</strong></span> <span class='ocrx_word' id='word_1_251' title='bbox 3287 1757 3555 1814; x_wconf 78' lang='lat' dir='ltr'><strong>fefellistis</strong></span> <span class='ocrx_word' id='word_1_252' title='bbox 3580 1798 3597 1822; x_wconf 90' lang='lat'><strong>,</strong></span> <span class='ocrx_word' id='word_1_253' title='bbox 3635 1766 3700 1812; x_wconf 88' lang='lat' dir='ltr'><strong>ut</strong></span> <span class='ocrx_word' id='word_1_254' title='bbox 3724 1775 3831 1813; x_wconf 87' lang='lat' dir='ltr'><strong>non</strong></span> <span class='ocrx_word' id='word_1_255' title='bbox 3858 1760 3916 1814; x_wconf 81' lang='lat' dir='ltr'><strong>de</strong></span> 
     </span>
    </p>
   </div>
   <div class='ocr_carea' id='block_1_33' title="bbox 607 1843 3915 1922">
    <p class='ocr_par' dir='ltr' id='par_1_33' title="bbox 607 1843 3915 1922">
     <span class='ocr_line' id='line_1_33' title="bbox 607 1843 3915 1922; baseline -0.002 -12"><span class='ocrx_word' id='word_1_256' title='bbox 607 1852 825 1910; x_wconf 80' lang='lat' dir='ltr'><strong>Adeunt</strong></span> <span class='ocrx_word' id='word_1_257' title='bbox 865 1852 1061 1908; x_wconf 85' lang='lat' dir='ltr'><strong>deinde</strong></span> <span class='ocrx_word' id='word_1_258' title='bbox 1117 1868 1211 1906; x_wconf 88' lang='lat' dir='ltr'><strong>vos</strong></span> <span class='ocrx_word' id='word_1_259' title='bbox 1260 1866 1364 1905; x_wconf 92' lang='lat' dir='ltr'><strong>non</strong></span> <span class='ocrx_word' id='word_1_260' title='bbox 1418 1850 1881 1905; x_wconf 85' lang='lat' dir='ltr'><strong>conuuunicantes</strong></span> <span class='ocrx_word' id='word_1_261' title='bbox 1936 1850 2207 1919; x_wconf 81' lang='lat' dir='ltr'><strong>episcopis</strong></span> <span class='ocrx_word' id='word_1_262' title='bbox 2238 1843 2287 1904; x_wconf 90' lang='lat' dir='ltr'><strong>B</strong></span> <span class='ocrx_word' id='word_1_263' title='bbox 2316 1853 2475 1908; x_wconf 91' lang='lat' dir='ltr'><strong>nullis</strong></span> <span class='ocrx_word' id='word_1_264' title='bbox 2501 1851 2836 1908; x_wconf 70' lang='lat' dir='ltr'><strong>exstantibus</strong></span> <span class='ocrx_word' id='word_1_265' title='bbox 2863 1853 2969 1919; x_wconf 88' lang='lat' dir='ltr'><strong>sit,</strong></span> <span class='ocrx_word' id='word_1_266' title='bbox 3011 1853 3106 1907; x_wconf 84' lang='lat' dir='ltr'><strong>sed</strong></span> <span class='ocrx_word' id='word_1_267' title='bbox 3136 1849 3366 1919; x_wconf 69' lang='lat' dir='ltr'><strong>exDeo;</strong></span> <span class='ocrx_word' id='word_1_268' title='bbox 3407 1853 3678 1922; x_wconf 89' lang='lat' dir='ltr'><strong>numquid</strong></span> <span class='ocrx_word' id='word_1_269' title='bbox 3718 1861 3778 1907; x_wconf 90' lang='lat' dir='ltr'><strong>et</strong></span> <span class='ocrx_word' id='word_1_270' title='bbox 3803 1854 3915 1921; x_wconf 77' lang='lat' dir='ltr'><strong>quia</strong></span> 
     </span>
    </p>
   </div>
   <div class='ocr_carea' id='block_1_34' title="bbox 611 1938 2203 2019">
    <p class='ocr_par' dir='ltr' id='par_1_34' title="bbox 611 1938 2203 2019">
     <span class='ocr_line' id='line_1_34' title="bbox 611 1938 2203 2019; baseline -0.005 -18"><span class='ocrx_word' id='word_1_271' title='bbox 611 1946 804 2019; x_wconf 81' lang='lat' dir='ltr'><strong>synodi</strong></span> <span class='ocrx_word' id='word_1_272' title='bbox 836 1946 993 2016; x_wconf 88' lang='lat' dir='ltr'><strong>legati</strong></span> <span class='ocrx_word' id='word_1_273' title='bbox 1020 1943 1322 1999; x_wconf 76' lang='lat' dir='ltr'><strong>Orientales</strong></span> <span class='ocrx_word' id='word_1_274' title='bbox 1350 1984 1365 2008; x_wconf 90' lang='lat'><strong>,</strong></span> <span class='ocrx_word' id='word_1_275' title='bbox 1415 1952 1561 2013; x_wconf 81' lang='lat' dir='ltr'><strong>gesta</strong></span> <span class='ocrx_word' id='word_1_276' title='bbox 1605 1943 1784 1996; x_wconf 87' lang='lat' dir='ltr'><strong>omnia</strong></span> <span class='ocrx_word' id='word_1_277' title='bbox 1833 1938 2096 2003; x_wconf 85' lang='lat' dir='ltr'><strong>edocent,</strong></span> <span class='ocrx_word' id='word_1_278' title='bbox 2129 1940 2203 2011; x_wconf 83' lang='lat' dir='ltr'><strong>(e)</strong></span> 
     </span>
    </p>
   </div>
   <div class='ocr_carea' id='block_1_35' title="bbox 605 2034 2206 2108">
    <p class='ocr_par' dir='ltr' id='par_1_35' title="bbox 605 2034 2206 2108">
     <span class='ocr_line' id='line_1_35' title="bbox 605 2034 2206 2108; baseline -0.003 -15"><span class='ocrx_word' id='word_1_279' title='bbox 605 2039 915 2093; x_wconf 81' lang='lat' dir='ltr'><strong>damnatam</strong></span> <span class='ocrx_word' id='word_1_280' title='bbox 975 2051 1189 2108; x_wconf 86' lang='lat' dir='ltr'><strong>quoque</strong></span> <span class='ocrx_word' id='word_1_281' title='bbox 1247 2034 1495 2090; x_wconf 75' lang='lat' dir='ltr'><strong>hzeresim</strong></span> <span class='ocrx_word' id='word_1_282' title='bbox 1526 2034 1901 2090; x_wconf 84' lang='lat' dir='ltr'><strong>demonstrant</strong></span> <span class='ocrx_word' id='word_1_283' title='bbox 1948 2050 1962 2086; x_wconf 88' lang='lat'><strong>:</strong></span> <span class='ocrx_word' id='word_1_284' title='bbox 2022 2046 2206 2088; x_wconf 90' lang='lat' dir='ltr'><strong>nonne</strong></span> 
     </span>
    </p>
   </div>
   <div class='ocr_carea' id='block_1_36' title="bbox 602 2124 2206 2202">
    <p class='ocr_par' dir='ltr' id='par_1_36' title="bbox 602 2124 2206 2202">
     <span class='ocr_line' id='line_1_36' title="bbox 602 2124 2206 2202; baseline -0.002 -15"><span class='ocrx_word' id='word_1_285' title='bbox 602 2131 931 2202; x_wconf 84' lang='lat' dir='ltr'><strong>Oportuisset</strong></span> <span class='ocrx_word' id='word_1_286' title='bbox 986 2145 1082 2185; x_wconf 87' lang='lat' dir='ltr'><strong>vos</strong></span> <span class='ocrx_word' id='word_1_287' title='bbox 1129 2130 1319 2184; x_wconf 80' lang='lat' dir='ltr'><strong>saltem</strong></span> <span class='ocrx_word' id='word_1_288' title='bbox 1364 2128 1450 2183; x_wconf 86' lang='lat' dir='ltr'><strong>vel</strong></span> <span class='ocrx_word' id='word_1_289' title='bbox 1499 2142 1639 2182; x_wconf 90' lang='lat' dir='ltr'><strong>nunc</strong></span> <span class='ocrx_word' id='word_1_290' title='bbox 1685 2127 1951 2182; x_wconf 87' lang='lat' dir='ltr'><strong>absistere</strong></span> <span class='ocrx_word' id='word_1_291' title='bbox 1990 2124 2110 2197; x_wconf 76' lang='grc' dir='ltr'><strong>(ά),</strong></span> <span class='ocrx_word' id='word_1_292' title='bbox 2150 2135 2206 2183; x_wconf 88' lang='lat' dir='ltr'><strong>et</strong></span> 
     </span>
    </p>
   </div>
   <div class='ocr_carea' id='block_1_37' title="bbox 602 2219 2206 2292">
    <p class='ocr_par' dir='ltr' id='par_1_37' title="bbox 602 2219 2206 2292">
     <span class='ocr_line' id='line_1_37' title="bbox 602 2219 2206 2292; baseline -0.003 -12"><span class='ocrx_word' id='word_1_293' title='bbox 602 2233 915 2280; x_wconf 90' lang='lat' dir='ltr'><strong>cunctarum</strong></span> <span class='ocrx_word' id='word_1_294' title='bbox 970 2220 1421 2292; x_wconf 86' lang='lat' dir='ltr'><strong>disceptationum</strong></span> <span class='ocrx_word' id='word_1_295' title='bbox 1468 2228 1708 2275; x_wconf 84' lang='lat' dir='ltr'><strong>tenorem</strong></span> <span class='ocrx_word' id='word_1_296' title='bbox 1750 2219 1975 2275; x_wconf 91' lang='lat' dir='ltr'><strong>arbitrio</strong></span> <span class='ocrx_word' id='word_1_297' title='bbox 2024 2235 2206 2276; x_wconf 86' lang='lat' dir='ltr'><strong>reser-</strong></span> 
     </span>
    </p>
   </div>
   <div class='ocr_carea' id='block_1_38' title="bbox 600 2314 2191 2385">
    <p class='ocr_par' dir='ltr' id='par_1_38' title="bbox 600 2314 2191 2385">
     <span class='ocr_line' id='line_1_38' title="bbox 600 2314 2191 2385; baseline -0.003 -11"><span class='ocrx_word' id='word_1_298' title='bbox 600 2317 759 2374; x_wconf 81' lang='lat' dir='ltr'><strong>vari?</strong></span> <span class='ocrx_word' id='word_1_299' title='bbox 788 2315 894 2374; x_wconf 88' lang='lat' dir='ltr'><strong>Sed</strong></span> <span class='ocrx_word' id='word_1_300' title='bbox 924 2316 1108 2372; x_wconf 76' lang='lat' dir='ltr'><strong>nescio</strong></span> <span class='ocrx_word' id='word_1_301' title='bbox 1132 2315 1284 2385; x_wconf 89' lang='lat' dir='ltr'><strong>cujus</strong></span> <span class='ocrx_word' id='word_1_302' title='bbox 1315 2314 1602 2370; x_wconf 86' lang='lat' dir='ltr'><strong>voluntatis</strong></span> <span class='ocrx_word' id='word_1_303' title='bbox 1634 2324 1829 2369; x_wconf 75' lang='lat' dir='ltr'><strong>vestra:</strong></span> <span class='ocrx_word' id='word_1_304' title='bbox 1857 2315 2191 2369; x_wconf 84' lang='lat' dir='ltr'><strong>conscientia</strong></span> 
     </span>
    </p>
   </div>
   <div class='ocr_carea' id='block_1_39' title="bbox 598 2407 2199 2481">
    <p class='ocr_par' dir='ltr' id='par_1_39' title="bbox 598 2407 2199 2481">
     <span class='ocr_line' id='line_1_39' title="bbox 598 2407 2199 2481; baseline -0.003 -14"><span class='ocrx_word' id='word_1_305' title='bbox 598 2413 730 2468; x_wconf 88' lang='lat' dir='ltr'><strong>recti</strong></span> <span class='ocrx_word' id='word_1_306' title='bbox 771 2410 1032 2481; x_wconf 87' lang='lat' dir='ltr'><strong>judicium</strong></span> <span class='ocrx_word' id='word_1_307' title='bbox 1080 2424 1186 2464; x_wconf 93' lang='lat' dir='ltr'><strong>non</strong></span> <span class='ocrx_word' id='word_1_308' title='bbox 1235 2408 1533 2478; x_wconf 88' lang='lat' dir='ltr'><strong>recepistis.</strong></span> <span class='ocrx_word' id='word_1_309' title='bbox 1590 2407 1794 2462; x_wconf 85' lang='lat' dir='ltr'><strong>Vestris</strong></span> <span class='ocrx_word' id='word_1_310' title='bbox 1844 2407 1987 2463; x_wconf 87' lang='lat' dir='ltr'><strong>enim</strong></span> <span class='ocrx_word' id='word_1_311' title='bbox 2017 2408 2199 2462; x_wconf 81' lang='lat' dir='ltr'><strong>statim</strong></span> 
     </span>
    </p>
   </div>
   <div class='ocr_carea' id='block_1_40' title="bbox 601 2500 2199 2575">
    <p class='ocr_par' dir='ltr' id='par_1_40' title="bbox 601 2500 2199 2575">
     <span class='ocr_line' id='line_1_40' title="bbox 601 2500 2199 2575; baseline -0.002 -17"><span class='ocrx_word' id='word_1_312' title='bbox 601 2503 963 2575; x_wconf 86' lang='lat' dir='ltr'><strong>aggregamini</strong></span> <span class='ocrx_word' id='word_1_313' title='bbox 987 2544 1002 2568; x_wconf 92' lang='lat'><strong>,</strong></span> <span class='ocrx_word' id='word_1_314' title='bbox 1047 2511 1101 2557; x_wconf 92' lang='lat' dir='ltr'><strong>et</strong></span> <span class='ocrx_word' id='word_1_315' title='bbox 1127 2500 1587 2571; x_wconf 81' lang='lat' dir='ltr'><strong>blasphemiarum</strong></span> <span class='ocrx_word' id='word_1_316' title='bbox 1618 2507 1921 2555; x_wconf 84' lang='lat' dir='ltr'><strong>vestrarum</strong></span> <span class='ocrx_word' id='word_1_317' title='bbox 1951 2515 2199 2555; x_wconf 87' lang='lat' dir='ltr'><strong>commu-</strong></span> 
     </span>
    </p>
   </div>
   <div class='ocr_carea' id='block_1_41' title="bbox 595 2592 2194 2667">
    <p class='ocr_par' dir='ltr' id='par_1_41' title="bbox 595 2592 2194 2667">
     <span class='ocr_line' id='line_1_41' title="bbox 595 2592 2194 2667; baseline -0.003 -15"><span class='ocrx_word' id='word_1_318' title='bbox 595 2599 810 2653; x_wconf 85' lang='lat' dir='ltr'><strong>nionem</strong></span> <span class='ocrx_word' id='word_1_319' title='bbox 844 2594 917 2667; x_wconf 85' lang='lat' dir='ltr'><strong>(e)</strong></span> <span class='ocrx_word' id='word_1_320' title='bbox 958 2596 1135 2651; x_wconf 86' lang='lat' dir='ltr'><strong>initis:</strong></span> <span class='ocrx_word' id='word_1_321' title='bbox 1166 2608 1267 2650; x_wconf 90' lang='lat' dir='ltr'><strong>nec</strong></span> <span class='ocrx_word' id='word_1_322' title='bbox 1297 2594 1347 2648; x_wconf 92' lang='lat' dir='ltr'><strong>id</strong></span> <span class='ocrx_word' id='word_1_323' title='bbox 1386 2594 1577 2648; x_wconf 86' lang='lat' dir='ltr'><strong>saltem</strong></span> <span class='ocrx_word' id='word_1_324' title='bbox 1608 2592 1818 2647; x_wconf 80' lang='lat' dir='ltr'><strong>consilii</strong></span> <span class='ocrx_word' id='word_1_325' title='bbox 1845 2592 2079 2659; x_wconf 87' lang='lat' dir='ltr'><strong>sumitis,</strong></span> <span class='ocrx_word' id='word_1_326' title='bbox 2109 2592 2194 2648; x_wconf 92' lang='lat' dir='ltr'><strong>sin</strong></span> 
     </span>
    </p>
   </div>
   <div class='ocr_carea' id='block_1_42' title="bbox 595 2683 2195 2760">
    <p class='ocr_par' dir='ltr' id='par_1_42' title="bbox 595 2683 2195 2760">
     <span class='ocr_line' id='line_1_42' title="bbox 595 2683 2195 2760; baseline -0.003 -17"><span class='ocrx_word' id='word_1_327' title='bbox 595 2688 767 2760; x_wconf 88' lang='lat' dir='ltr'><strong>pudor</strong></span> <span class='ocrx_word' id='word_1_328' title='bbox 794 2689 1006 2759; x_wconf 84' lang='lat' dir='ltr'><strong>aliquos</strong></span> <span class='ocrx_word' id='word_1_329' title='bbox 1037 2686 1343 2752; x_wconf 77' lang='lat' dir='ltr'><strong>fefelliSset,</strong></span> <span class='ocrx_word' id='word_1_330' title='bbox 1386 2683 1785 2739; x_wconf 84' lang='lat' dir='ltr'><strong>Ariminensem</strong></span> <span class='ocrx_word' id='word_1_331' title='bbox 1808 2684 2073 2755; x_wconf 86' lang='lat' dir='ltr'><strong>synodum</strong></span> <span class='ocrx_word' id='word_1_332' title='bbox 2099 2699 2195 2738; x_wconf 90' lang='lat' dir='ltr'><strong>ex-</strong></span> 
     </span>
    </p>
   </div>
   <div class='ocr_carea' id='block_1_43' title="bbox 594 2773 2193 2836">
    <p class='ocr_par' dir='ltr' id='par_1_43' title="bbox 594 2773 2193 2836">
     <span class='ocr_line' id='line_1_43' title="bbox 594 2773 2193 2836; baseline -0.004 0"><span class='ocrx_word' id='word_1_333' title='bbox 594 2780 793 2836; x_wconf 89' lang='lat' dir='ltr'><strong>timari.</strong></span> <span class='ocrx_word' id='word_1_334' title='bbox 828 2779 1017 2834; x_wconf 83' lang='lat' dir='ltr'><strong>Dolutn</strong></span> <span class='ocrx_word' id='word_1_335' title='bbox 1042 2782 1185 2835; x_wconf 90' lang='lat' dir='ltr'><strong>enim</strong></span> <span class='ocrx_word' id='word_1_336' title='bbox 1209 2784 1448 2833; x_wconf 86' lang='lat' dir='ltr'><strong>vestrum</strong></span> <span class='ocrx_word' id='word_1_337' title='bbox 1474 2777 1528 2830; x_wconf 91' lang='lat' dir='ltr'><strong>in</strong></span> <span class='ocrx_word' id='word_1_338' title='bbox 1546 2790 1653 2831; x_wconf 93' lang='lat' dir='ltr'><strong>non</strong></span> <span class='ocrx_word' id='word_1_339' title='bbox 1674 2773 2193 2831; x_wconf 81' lang='lat' dir='ltr'><strong>anathematizandis</strong></span> 
     </span>
    </p>
   </div>
   <div class='ocr_carea' id='block_1_44' title="bbox 589 2870 1351 2942">
    <p class='ocr_par' dir='ltr' id='par_1_44' title="bbox 589 2870 1351 2942">
     <span class='ocr_line' id='line_1_44' title="bbox 589 2870 1351 2942; baseline -0.007 -15"><span class='ocrx_word' id='word_1_340' title='bbox 589 2871 784 2928; x_wconf 85' lang='lat' dir='ltr'><strong>vestris</strong></span> <span class='ocrx_word' id='word_1_341' title='bbox 805 2872 987 2929; x_wconf 88' lang='lat' dir='ltr'><strong>statim</strong></span> <span class='ocrx_word' id='word_1_342' title='bbox 1017 2870 1351 2942; x_wconf 88' lang='lat' dir='ltr'><strong>prodidistis.</strong></span> 
     </span>
    </p>
   </div>
   <div class='ocr_carea' id='block_1_45' title="bbox 658 2962 2193 3038">
    <p class='ocr_par' dir='ltr' id='par_1_45' title="bbox 658 2962 2193 3038">
     <span class='ocr_line' id='line_1_45' title="bbox 658 2962 2193 3038; baseline -0.005 -13"><span class='ocrx_word' id='word_1_343' title='bbox 658 2970 714 3027; x_wconf 76' lang='lat'><strong>3.</strong></span> <span class='ocrx_word' id='word_1_344' title='bbox 769 2967 1055 3038; x_wconf 83' lang='lat' dir='ltr'><strong>Perﬁdiam</strong></span> <span class='ocrx_word' id='word_1_345' title='bbox 1077 2968 1166 3037; x_wconf 87' lang='lat' dir='ltr'><strong>qui</strong></span> <span class='ocrx_word' id='word_1_346' title='bbox 1196 2966 1537 3037; x_wconf 81' lang='lat' dir='ltr'><strong>prodiderint.</strong></span> <span class='ocrx_word' id='word_1_347' title='bbox 1586 2963 1690 3031; x_wconf 83' lang='lat' dir='ltr'><strong>Qui</strong></span> <span class='ocrx_word' id='word_1_348' title='bbox 1730 2964 1896 3033; x_wconf 77' lang='lat' dir='ltr'><strong>ﬁlium</strong></span> <span class='ocrx_word' id='word_1_349' title='bbox 1928 2962 2103 3018; x_wconf 78' lang='lat' dir='ltr'><strong>nolint</strong></span> <span class='ocrx_word' id='word_1_350' title='bbox 2134 2973 2193 3017; x_wconf 87' lang='lat' dir='ltr'><strong>ut</strong></span> 
     </span>
    </p>
   </div>
   <div class='ocr_carea' id='block_1_46' title="bbox 585 3060 2191 3136">
    <p class='ocr_par' dir='ltr' id='par_1_46' title="bbox 585 3060 2191 3136">
     <span class='ocr_line' id='line_1_46' title="bbox 585 3060 2191 3136; baseline -0.004 -16"><span class='ocrx_word' id='word_1_351' title='bbox 585 3075 796 3122; x_wconf 64' lang='grc' dir='ltr'><strong>δίεισι-(ιε</strong></span> <span class='ocrx_word' id='word_1_352' title='bbox 827 3066 1077 3136; x_wconf 72' lang='lat' dir='ltr'><strong>facturas.</strong></span> <span class='ocrx_word' id='word_1_353' title='bbox 1114 3061 1216 3129; x_wconf 81' lang='lat' dir='ltr'><strong>Qui</strong></span> <span class='ocrx_word' id='word_1_354' title='bbox 1241 3061 1396 3117; x_wconf 79' lang='lat' dir='ltr'><strong>uelint</strong></span> <span class='ocrx_word' id='word_1_355' title='bbox 1444 3077 1507 3116; x_wconf 76' lang='lat' dir='ltr'><strong>ex</strong></span> <span class='ocrx_word' id='word_1_356' title='bbox 1550 3060 1679 3116; x_wconf 90' lang='lat' dir='ltr'><strong>Deo.</strong></span> <span class='ocrx_word' id='word_1_357' title='bbox 1737 3061 1838 3127; x_wconf 80' lang='lat' dir='ltr'><strong>Qui</strong></span> <span class='ocrx_word' id='word_1_358' title='bbox 1891 3069 2191 3127; x_wconf 68' lang='lat' dir='ltr'><strong>internum;</strong></span> 
     </span>
    </p>
   </div>
   <div class='ocr_carea' id='block_1_47' title="bbox 585 3219 3357 3295">
    <p class='ocr_par' dir='ltr' id='par_1_47' title="bbox 585 3219 3357 3295">
     <span class='ocr_line' id='line_1_47' title="bbox 585 3219 3357 3295; baseline -0.003 -11"><span class='ocrx_word' id='word_1_359' title='bbox 585 3230 682 3295; x_wconf 86' lang='lat' dir='ltr'><strong>ait,</strong></span> <span class='ocrx_word' id='word_1_360' title='bbox 712 3237 764 3282; x_wconf 89' lang='lat' dir='ltr'><strong>ut</strong></span> <span class='ocrx_word' id='word_1_361' title='bbox 796 3227 862 3282; x_wconf 85' lang='lat' dir='ltr'><strong>de</strong></span> <span class='ocrx_word' id='word_1_362' title='bbox 891 3226 1088 3283; x_wconf 78' lang='lat' dir='ltr'><strong>cteteris</strong></span> <span class='ocrx_word' id='word_1_363' title='bbox 1116 3243 1218 3279; x_wconf 87' lang='lat' dir='ltr'><strong>non</strong></span> <span class='ocrx_word' id='word_1_364' title='bbox 1246 3225 1530 3280; x_wconf 85' lang='lat' dir='ltr'><strong>calumnier</strong></span> <span class='ocrx_word' id='word_1_365' title='bbox 1554 3264 1568 3289; x_wconf 92' lang='lat'><strong>,</strong></span> <span class='ocrx_word' id='word_1_366' title='bbox 1599 3221 1703 3279; x_wconf 88' lang='lat' dir='ltr'><strong>hoc</strong></span> <span class='ocrx_word' id='word_1_367' title='bbox 1728 3221 1827 3278; x_wconf 75' lang='lat' dir='ltr'><strong>sibi</strong></span> <span class='ocrx_word' id='word_1_368' title='bbox 1860 3223 1995 3289; x_wconf 87' lang='lat' dir='ltr'><strong>vult,</strong></span> <span class='ocrx_word' id='word_1_369' title='bbox 2027 3233 2081 3277; x_wconf 89' lang='lat' dir='ltr'><strong>ut</strong></span> <span class='ocrx_word' id='word_1_370' title='bbox 2113 3221 2181 3278; x_wconf 91' lang='lat' dir='ltr'><strong>de</strong></span> <span class='ocrx_word' id='word_1_371' title='bbox 2209 3222 2255 3287; x_wconf 90' lang='lat' dir='ltr'><strong><em>C</em></strong></span> <span class='ocrx_word' id='word_1_372' title='bbox 2290 3229 2575 3291; x_wconf 83' lang='lat' dir='ltr'><strong>negantem</strong></span> <span class='ocrx_word' id='word_1_373' title='bbox 2619 3219 2748 3276; x_wconf 88' lang='lat' dir='ltr'><strong>tolle</strong></span> <span class='ocrx_word' id='word_1_374' title='bbox 2790 3229 2915 3276; x_wconf 89' lang='lat' dir='ltr'><strong>ante</strong></span> <span class='ocrx_word' id='word_1_375' title='bbox 2945 3219 3234 3295; x_wconf 84' lang='lat' dir='ltr'><strong>dissimilis.</strong></span> <span class='ocrx_word' id='word_1_376' title='bbox 3263 3219 3357 3295; x_wconf 66' lang='lat' dir='ltr'><strong>ita</strong></span> 
     </span>
    </p>
   </div>
   <div class='ocr_carea' id='block_1_48' title="bbox 584 3296 1853 3356">
    <p class='ocr_par' dir='ltr' id='par_1_48' title="bbox 584 3296 1853 3356">
     <span class='ocr_line' id='line_1_48' title="bbox 584 3296 1853 3356; baseline -0.006 0"><span class='ocrx_word' id='word_1_377' title='bbox 584 3301 797 3356; x_wconf 70' lang='lat' dir='ltr'><strong>caeteris</strong></span> <span class='ocrx_word' id='word_1_378' title='bbox 827 3315 931 3355; x_wconf 92' lang='lat' dir='ltr'><strong>non</strong></span> <span class='ocrx_word' id='word_1_379' title='bbox 960 3296 1281 3353; x_wconf 80' lang='lat' dir='ltr'><strong>contendam</strong></span> <span class='ocrx_word' id='word_1_380' title='bbox 1307 3312 1371 3350; x_wconf 88' lang='lat' dir='ltr'><strong>ac</strong></span> <span class='ocrx_word' id='word_1_381' title='bbox 1403 3297 1547 3350; x_wconf 87' lang='lat' dir='ltr'><strong>litem</strong></span> <span class='ocrx_word' id='word_1_382' title='bbox 1588 3309 1853 3349; x_wconf 78' lang='lat' dir='ltr'><strong>moveam.</strong></span> 
     </span>
    </p>
   </div>
   <div class='ocr_carea' id='block_1_49' title="bbox 657 3363 2185 3440">
    <p class='ocr_par' dir='ltr' id='par_1_49' title="bbox 657 3363 2185 3440">
     <span class='ocr_line' id='line_1_49' title="bbox 657 3363 2185 3440; baseline -0.003 -15"><span class='ocrx_word' id='word_1_383' title='bbox 657 3369 736 3440; x_wconf 89' lang='lat' dir='ltr'><strong>(a)</strong></span> <span class='ocrx_word' id='word_1_384' title='bbox 787 3369 1091 3438; x_wconf 82' lang='lat' dir='ltr'><strong>chendunt</strong></span> <span class='ocrx_word' id='word_1_385' title='bbox 1114 3369 1175 3440; x_wconf 85' lang='lat' dir='ltr'><strong>in</strong></span> <span class='ocrx_word' id='word_1_386' title='bbox 1199 3385 1257 3421; x_wconf 92' lang='lat' dir='ltr'><strong>eo</strong></span> <span class='ocrx_word' id='word_1_387' title='bbox 1295 3368 1464 3440; x_wconf 80' lang='lat' dir='ltr'><strong>autin</strong></span> <span class='ocrx_word' id='word_1_388' title='bbox 1495 3384 1625 3429; x_wconf 89' lang='lat' dir='ltr'><strong>eum,</strong></span> <span class='ocrx_word' id='word_1_389' title='bbox 1658 3363 1777 3421; x_wconf 81' lang='lat' dir='ltr'><strong>scil.</strong></span> <span class='ocrx_word' id='word_1_390' title='bbox 1809 3366 1897 3434; x_wconf 86' lang='lat' dir='ltr'><strong>qui</strong></span> <span class='ocrx_word' id='word_1_391' title='bbox 1929 3379 2185 3440; x_wconf 70' lang='lat' dir='ltr'><strong>suscepe-</strong></span> 
     </span>
    </p>
   </div>
   <div class='ocr_carea' id='block_1_50' title="bbox 583 3437 2179 3509">
    <p class='ocr_par' dir='ltr' id='par_1_50' title="bbox 583 3437 2179 3509">
     <span class='ocr_line' id='line_1_50' title="bbox 583 3437 2179 3509; baseline -0.003 -12"><span class='ocrx_word' id='word_1_392' title='bbox 583 3437 688 3497; x_wconf 76' lang='lat' dir='ltr'><strong>rat.</strong></span> <span class='ocrx_word' id='word_1_393' title='bbox 718 3437 985 3498; x_wconf 41' lang='lat' dir='ltr'><strong>&#39;Subindc</strong></span> <span class='ocrx_word' id='word_1_394' title='bbox 1038 3439 1282 3509; x_wconf 88' lang='lat' dir='ltr'><strong>vulgati,</strong></span> <span class='ocrx_word' id='word_1_395' title='bbox 1330 3439 1417 3506; x_wconf 83' lang='lat' dir='ltr'><strong>qui</strong></span> <span class='ocrx_word' id='word_1_396' title='bbox 1464 3441 1755 3509; x_wconf 69' lang='lat' dir='ltr'><strong>conjuncta:</strong></span> <span class='ocrx_word' id='word_1_397' title='bbox 1806 3437 2179 3492; x_wconf 69' lang='lat' dir='ltr'><strong>conscientiae:</strong></span> 
     </span>
    </p>
   </div>
   <div class='ocr_carea' id='block_1_51' title="bbox 581 3514 1369 3581">
    <p class='ocr_par' dir='ltr' id='par_1_51' title="bbox 581 3514 1369 3581">
     <span class='ocr_line' id='line_1_51' title="bbox 581 3514 1369 3581; baseline -0.009 -13"><span class='ocrx_word' id='word_1_398' title='bbox 581 3514 936 3570; x_wconf 88' lang='lat' dir='ltr'><strong>emendantur</strong></span> <span class='ocrx_word' id='word_1_399' title='bbox 965 3528 1029 3565; x_wconf 89' lang='lat' dir='ltr'><strong>ex</strong></span> <span class='ocrx_word' id='word_1_400' title='bbox 1052 3515 1369 3581; x_wconf 65' lang='lat' dir='ltr'><strong>archetypo.</strong></span> 
     </span>
    </p>
   </div>
   <div class='ocr_carea' id='block_1_52' title="bbox 654 3577 2174 3706">
    <p class='ocr_par' dir='ltr' id='par_1_52' title="bbox 654 3577 2174 3706">
     <span class='ocr_line' id='line_1_52' title="bbox 654 3577 2174 3706; baseline -0.004 -69"><span class='ocrx_word' id='word_1_401' title='bbox 654 3583 728 3706; x_wconf 42' lang='lat' dir='ltr'><strong>ﬁt»)</strong></span> <span class='ocrx_word' id='word_1_402' title='bbox 772 3585 852 3639; x_wconf 87' lang='lat' dir='ltr'><strong>Ad</strong></span> <span class='ocrx_word' id='word_1_403' title='bbox 882 3577 1530 3649; x_wconf 74' lang='lat' dir='ltr'><strong>Constatttinopmitanam</strong></span> <span class='ocrx_word' id='word_1_404' title='bbox 1557 3577 1823 3650; x_wconf 87' lang='lat' dir='ltr'><strong>synodum</strong></span> <span class='ocrx_word' id='word_1_405' title='bbox 1871 3578 1987 3632; x_wconf 73' lang='lat' dir='ltr'><strong>haec</strong></span> <span class='ocrx_word' id='word_1_406' title='bbox 2037 3594 2174 3632; x_wconf 85' lang='lat' dir='ltr'><strong>non-</strong></span> 
     </span>
     <span class='ocr_line' id='line_1_53' title="bbox 680 3649 2174 3706; baseline -0.001 0"><span class='ocrx_word' id='word_1_407' title='bbox 680 3656 713 3706; x_wconf 81' lang='grc' dir='ltr'><strong>ιι</strong></span> <span class='ocrx_word' id='word_1_408' title='bbox 742 3656 1020 3706; x_wconf 80' lang='lat' dir='ltr'><strong>referunt.</strong></span> <span class='ocrx_word' id='word_1_409' title='bbox 1053 3654 1204 3706; x_wconf 85' lang='lat' dir='ltr'><strong>unasi</strong></span> <span class='ocrx_word' id='word_1_410' title='bbox 1234 3652 1267 3705; x_wconf 97' lang='lat' dir='ltr'><strong>ii</strong></span> <span class='ocrx_word' id='word_1_411' title='bbox 1307 3653 1769 3706; x_wconf 68' lang='lat' dir='ltr'><strong>lionstantinonoli</strong></span> <span class='ocrx_word' id='word_1_412' title='bbox 1804 3649 2072 3703; x_wconf 64' lang='lat' dir='ltr'><strong>Ita-rt-ticis</strong></span> <span class='ocrx_word' id='word_1_413' title='bbox 2119 3665 2174 3705; x_wconf 89' lang='lat' dir='ltr'><strong>se</strong></span> 
     </span>
    </p>
   </div>
   <div class='ocr_carea' id='block_1_53' title="bbox 584 3649 2179 3721">
    <p class='ocr_par' dir='ltr' id='par_1_53' title="bbox 584 3649 2179 3721">
     <span class='ocr_line' id='line_1_54' title="bbox 584 3649 2179 3721; baseline -0.004 -11"><span class='ocrx_word' id='word_1_414' title='bbox 584 3649 720 3710; x_wconf 79' lang='lat' dir='ltr'><strong>nulli</strong></span> <span class='ocrx_word' id='word_1_415' title='bbox 742 3656 982 3711; x_wconf 81' lang='lat' dir='ltr'><strong>referunt</strong></span> <span class='ocrx_word' id='word_1_416' title='bbox 1005 3695 1020 3720; x_wconf 92' lang='lat'><strong>,</strong></span> <span class='ocrx_word' id='word_1_417' title='bbox 1053 3654 1204 3721; x_wconf 85' lang='lat' dir='ltr'><strong>quasi</strong></span> <span class='ocrx_word' id='word_1_418' title='bbox 1234 3652 1267 3705; x_wconf 97' lang='lat' dir='ltr'><strong>ii</strong></span> <span class='ocrx_word' id='word_1_419' title='bbox 1307 3649 1769 3717; x_wconf 70' lang='lat' dir='ltr'><strong>lionstantitmpoli</strong></span> <span class='ocrx_word' id='word_1_420' title='bbox 1804 3649 2072 3703; x_wconf 62' lang='lat' dir='ltr'><strong>lia-rcticis</strong></span> <span class='ocrx_word' id='word_1_421' title='bbox 2119 3665 2179 3705; x_wconf 88' lang='lat' dir='ltr'><strong>se</strong></span> 
     </span>
    </p>
   </div>
   <div class='ocr_carea' id='block_1_54' title="bbox 576 3721 2179 3796">
    <p class='ocr_par' dir='ltr' id='par_1_54' title="bbox 576 3721 2179 3796">
     <span class='ocr_line' id='line_1_55' title="bbox 576 3721 2179 3796; baseline -0.006 -17"><span class='ocrx_word' id='word_1_422' title='bbox 576 3726 819 3796; x_wconf 84' lang='lat' dir='ltr'><strong>jnnxisso</strong></span> <span class='ocrx_word' id='word_1_423' title='bbox 853 3726 937 3780; x_wconf 86' lang='lat' dir='ltr'><strong>hic</strong></span> <span class='ocrx_word' id='word_1_424' title='bbox 958 3736 1294 3796; x_wconf 72' lang='lat' dir='ltr'><strong>arguantur,</strong></span> <span class='ocrx_word' id='word_1_425' title='bbox 1314 3722 1406 3791; x_wconf 83' lang='lat' dir='ltr'><strong>qui</strong></span> <span class='ocrx_word' id='word_1_426' title='bbox 1433 3731 1588 3775; x_wconf 84' lang='lat' dir='ltr'><strong>antea</strong></span> <span class='ocrx_word' id='word_1_427' title='bbox 1616 3721 1878 3796; x_wconf 53' lang='lat' dir='ltr'><strong>Seleucia:</strong></span> <span class='ocrx_word' id='word_1_428' title='bbox 1908 3735 2179 3796; x_wconf 64' lang='lat' dir='ltr'><strong>convena.</strong></span> 
     </span>
    </p>
   </div>
   <div class='ocr_carea' id='block_1_55' title="bbox 583 3793 2175 3864">
    <p class='ocr_par' dir='ltr' id='par_1_55' title="bbox 583 3793 2175 3864">
     <span class='ocr_line' id='line_1_56' title="bbox 583 3793 2175 3864; baseline -0.004 -13"><span class='ocrx_word' id='word_1_429' title='bbox 583 3793 725 3851; x_wconf 77' lang='lat' dir='ltr'><strong>rant.</strong></span> <span class='ocrx_word' id='word_1_430' title='bbox 757 3797 827 3851; x_wconf 82' lang='lat' dir='ltr'><strong>At</strong></span> <span class='ocrx_word' id='word_1_431' title='bbox 855 3811 920 3851; x_wconf 79' lang='lat' dir='ltr'><strong>ex</strong></span> <span class='ocrx_word' id='word_1_432' title='bbox 950 3795 1109 3850; x_wconf 87' lang='lat' dir='ltr'><strong>dictis</strong></span> <span class='ocrx_word' id='word_1_433' title='bbox 1125 3794 1235 3864; x_wconf 87' lang='lat' dir='ltr'><strong>jam</strong></span> <span class='ocrx_word' id='word_1_434' title='bbox 1266 3794 1452 3864; x_wconf 87' lang='lat' dir='ltr'><strong>liquet.</strong></span> <span class='ocrx_word' id='word_1_435' title='bbox 1485 3809 1546 3848; x_wconf 91' lang='lat' dir='ltr'><strong>ea</strong></span> <span class='ocrx_word' id='word_1_436' title='bbox 1571 3793 1635 3848; x_wconf 88' lang='lat' dir='ltr'><strong>ad</strong></span> <span class='ocrx_word' id='word_1_437' title='bbox 1660 3793 2175 3864; x_wconf 31' lang='lat' dir='ltr'><strong>legatorumAArinti-</strong></span> 
     </span>
    </p>
   </div>
   <div class='ocr_carea' id='block_1_56' title="bbox 582 3859 2177 3938">
    <p class='ocr_par' dir='ltr' id='par_1_56' title="bbox 582 3859 2177 3938">
     <span class='ocr_line' id='line_1_57' title="bbox 582 3859 2177 3938; baseline -0.003 -15"><span class='ocrx_word' id='word_1_438' title='bbox 582 3867 766 3923; x_wconf 86' lang='lat' dir='ltr'><strong>nensis</strong></span> <span class='ocrx_word' id='word_1_439' title='bbox 816 3868 1010 3938; x_wconf 83' lang='lat' dir='ltr'><strong>synodi</strong></span> <span class='ocrx_word' id='word_1_440' title='bbox 1056 3866 1107 3919; x_wconf 91' lang='lat' dir='ltr'><strong>in</strong></span> <span class='ocrx_word' id='word_1_441' title='bbox 1127 3859 1278 3938; x_wconf 36' lang='lat' dir='ltr'><strong>:eatn</strong></span> <span class='ocrx_word' id='word_1_442' title='bbox 1322 3859 1515 3938; x_wconf 62' lang='lat' dir='ltr'><strong>urbem</strong></span> <span class='ocrx_word' id='word_1_443' title='bbox 1565 3859 1844 3938; x_wconf 65' lang='lat' dir='ltr'><strong>accessum</strong></span> <span class='ocrx_word' id='word_1_444' title='bbox 1896 3859 2177 3938; x_wconf 82' lang='lat' dir='ltr'><strong>referenda</strong></span> 
     </span>
    </p>
   </div>
   <div class='ocr_carea' id='block_1_57' title="bbox 579 3932 2178 4007">
    <p class='ocr_par' dir='ltr' id='par_1_57' title="bbox 579 3932 2178 4007">
     <span class='ocr_line' id='line_1_58' title="bbox 579 3932 2178 4007; baseline -0.003 -14"><span class='ocrx_word' id='word_1_445' title='bbox 579 3953 723 4001; x_wconf 86' lang='lat' dir='ltr'><strong>esse,</strong></span> <span class='ocrx_word' id='word_1_446' title='bbox 754 3932 1110 4007; x_wconf 36' lang='lat' dir='ltr'><strong>quivabsoluta</strong></span> <span class='ocrx_word' id='word_1_447' title='bbox 1134 3934 1461 4007; x_wconf 81' lang='lat' dir='ltr'><strong>Seleuciensi</strong></span> <span class='ocrx_word' id='word_1_448' title='bbox 1494 3932 2178 4007; x_wconf 84' lang='lat' dir='ltr'><strong>synodoConstantinopo-</strong></span> 
     </span>
    </p>
   </div>
   <div class='ocr_carea' id='block_1_58' title="bbox 580 4005 2177 4074">
    <p class='ocr_par' dir='ltr' id='par_1_58' title="bbox 580 4005 2177 4074">
     <span class='ocr_line' id='line_1_59' title="bbox 580 4005 2177 4074; baseline -0.001 -12"><span class='ocrx_word' id='word_1_449' title='bbox 580 4009 670 4063; x_wconf 90' lang='lat' dir='ltr'><strong>lim</strong></span> <span class='ocrx_word' id='word_1_450' title='bbox 700 4005 976 4065; x_wconf 87' lang='lat' dir='ltr'><strong>venicntcs</strong></span> <span class='ocrx_word' id='word_1_451' title='bbox 1002 4050 1016 4074; x_wconf 93' lang='lat'><strong>,</strong></span> <span class='ocrx_word' id='word_1_452' title='bbox 1045 4005 1316 4061; x_wconf 85' lang='lat' dir='ltr'><strong>damnatis</strong></span> <span class='ocrx_word' id='word_1_453' title='bbox 1338 4006 1403 4061; x_wconf 84' lang='lat' dir='ltr'><strong>ab</strong></span> <span class='ocrx_word' id='word_1_454' title='bbox 1432 4022 1492 4060; x_wconf 89' lang='lat' dir='ltr'><strong>ea</strong></span> <span class='ocrx_word' id='word_1_455' title='bbox 1525 4005 1802 4063; x_wconf 27' lang='lat' dir='ltr'><strong>Vll&#39;Jﬂ&#39;CllCiS</strong></span> <span class='ocrx_word' id='word_1_456' title='bbox 1823 4045 1839 4073; x_wconf 89' lang='lat'><strong>,</strong></span> <span class='ocrx_word' id='word_1_457' title='bbox 1869 4008 2029 4061; x_wconf 83' lang='lat' dir='ltr'><strong>etiam</strong></span> <span class='ocrx_word' id='word_1_458' title='bbox 2061 4021 2177 4060; x_wconf 88' lang='lat' dir='ltr'><strong>mo-</strong></span> 
     </span>
    </p>
   </div>
   <div class='ocr_carea' id='block_1_59' title="bbox 579 4078 1543 4151">
    <p class='ocr_par' dir='ltr' id='par_1_59' title="bbox 579 4078 1543 4151">
     <span class='ocr_line' id='line_1_60' title="bbox 579 4078 1543 4151; baseline -0.004 -15"><span class='ocrx_word' id='word_1_459' title='bbox 579 4082 702 4144; x_wconf 89' lang='lat' dir='ltr'><strong>niti,</strong></span> <span class='ocrx_word' id='word_1_460' title='bbox 724 4097 783 4136; x_wconf 88' lang='lat' dir='ltr'><strong>se</strong></span> <span class='ocrx_word' id='word_1_461' title='bbox 804 4080 1031 4151; x_wconf 84' lang='lat' dir='ltr'><strong>jungere</strong></span> <span class='ocrx_word' id='word_1_462' title='bbox 1061 4094 1167 4133; x_wconf 91' lang='lat' dir='ltr'><strong>non</strong></span> <span class='ocrx_word' id='word_1_463' title='bbox 1191 4078 1543 4151; x_wconf 70' lang='lat' dir='ltr'><strong>distulerunt.</strong></span> 
     </span>
    </p>
   </div>
   <div class='ocr_carea' id='block_1_60' title="bbox 650 4146 2171 4225">
    <p class='ocr_par' dir='ltr' id='par_1_60' title="bbox 650 4146 2171 4225">
     <span class='ocr_line' id='line_1_61' title="bbox 650 4146 2171 4225; baseline -0.003 -17"><span class='ocrx_word' id='word_1_464' title='bbox 650 4154 722 4225; x_wconf 87' lang='lat' dir='ltr'><strong>lc)</strong></span> <span class='ocrx_word' id='word_1_465' title='bbox 750 4146 937 4225; x_wconf 50' lang='lat' dir='ltr'><strong>ln&#39;tns&#39;.</strong></span> <span class='ocrx_word' id='word_1_466' title='bbox 965 4151 1135 4225; x_wconf 84' lang='lat' dir='ltr'><strong>Pit_lt.,</strong></span> <span class='ocrx_word' id='word_1_467' title='bbox 1155 4149 1547 4225; x_wconf 70' lang='lat' dir='ltr'><strong>dominantem:</strong></span> <span class='ocrx_word' id='word_1_468' title='bbox 1575 4147 1838 4225; x_wconf 46' lang='lat' dir='ltr'><strong>cuinfavct</strong></span> <span class='ocrx_word' id='word_1_469' title='bbox 1856 4146 1987 4225; x_wconf 82' lang='lat' dir='ltr'><strong>illud</strong></span> <span class='ocrx_word' id='word_1_470' title='bbox 2021 4163 2171 4225; x_wconf 83' lang='lat' dir='ltr'><strong>nnm_.</strong></span> 
     </span>
    </p>
   </div>
   <div class='ocr_carea' id='block_1_61' title="bbox 578 4217 2175 4294">
    <p class='ocr_par' dir='ltr' id='par_1_61' title="bbox 578 4217 2175 4294">
     <span class='ocr_line' id='line_1_62' title="bbox 578 4217 2175 4294; baseline -0.003 -16"><span class='ocrx_word' id='word_1_471' title='bbox 578 4225 605 4278; x_wconf 77' lang='grc'><strong>1</strong></span> <span class='ocrx_word' id='word_1_472' title='bbox 636 4266 650 4289; x_wconf 88' lang='grc'><em>,</em></span> <span class='ocrx_word' id='word_1_473' title='bbox 694 4217 757 4280; x_wconf 77' lang='lat' dir='ltr'><strong>ne</strong></span> <span class='ocrx_word' id='word_1_474' title='bbox 787 4224 991 4293; x_wconf 81' lang='lat' dir='ltr'><strong>penitus</strong></span> <span class='ocrx_word' id='word_1_475' title='bbox 1026 4222 1300 4276; x_wconf 85' lang='lat' dir='ltr'><strong>dominans</strong></span> <span class='ocrx_word' id='word_1_476' title='bbox 1319 4224 1437 4294; x_wconf 84' lang='lat' dir='ltr'><strong>jam</strong></span> <span class='ocrx_word' id='word_1_477' title='bbox 1465 4222 1600 4276; x_wconf 77' lang='lat' dir='ltr'><strong>intra</strong></span> <span class='ocrx_word' id='word_1_478' title='bbox 1639 4217 1925 4294; x_wconf 43' lang='lat' dir='ltr'><strong>Ecclesium</strong></span> <span class='ocrx_word' id='word_1_479' title='bbox 1967 4219 2175 4273; x_wconf 71' lang='lat' dir='ltr'><strong>lucraris</strong></span> 
     </span>
    </p>
   </div>
   <div class='ocr_carea' id='block_1_62' title="bbox 576 4290 2174 4359">
    <p class='ocr_par' dir='ltr' id='par_1_62' title="bbox 576 4290 2174 4359">
     <span class='ocr_line' id='line_1_63' title="bbox 576 4290 2174 4359; baseline -0.001 -12"><span class='ocrx_word' id='word_1_480' title='bbox 576 4290 868 4351; x_wconf 72' lang='lat' dir='ltr'><strong>incalescat.</strong></span> <span class='ocrx_word' id='word_1_481' title='bbox 895 4295 1012 4350; x_wconf 84' lang='lat' dir='ltr'><strong>Non</strong></span> <span class='ocrx_word' id='word_1_482' title='bbox 1040 4294 1181 4347; x_wconf 84' lang='lat' dir='ltr'><strong>male</strong></span> <span class='ocrx_word' id='word_1_483' title='bbox 1218 4290 1395 4346; x_wconf 58' lang='lat' dir='ltr'><strong>tatn&#39;t-n</strong></span> <span class='ocrx_word' id='word_1_484' title='bbox 1423 4294 1637 4348; x_wconf 81' lang='lat' dir='ltr'><strong>videtur</strong></span> <span class='ocrx_word' id='word_1_485' title='bbox 1661 4290 1834 4346; x_wconf 67' lang='lat' dir='ltr'><strong>Faber</strong></span> <span class='ocrx_word' id='word_1_486' title='bbox 1866 4305 2174 4359; x_wconf 65' lang='lat' dir='ltr'><strong>reposuisse</strong></span> 
     </span>
    </p>
   </div>
   <div class='ocr_carea' id='block_1_63' title="bbox 577 4359 2175 4432">
    <p class='ocr_par' dir='ltr' id='par_1_63' title="bbox 577 4359 2175 4432">
     <span class='ocr_line' id='line_1_64' title="bbox 577 4359 2175 4432; baseline -0.003 -13"><span class='ocrx_word' id='word_1_487' title='bbox 577 4365 875 4421; x_wconf 79' lang='lat' dir='ltr'><strong>damnatam</strong></span> <span class='ocrx_word' id='word_1_488' title='bbox 902 4383 921 4420; x_wconf 89' lang='lat'><strong><em>:</em></strong></span> <span class='ocrx_word' id='word_1_489' title='bbox 962 4380 1083 4420; x_wconf 87' lang='lat' dir='ltr'><strong>cunt</strong></span> <span class='ocrx_word' id='word_1_490' title='bbox 1126 4365 1366 4432; x_wconf 74' lang='lat' dir='ltr'><strong>proxime</strong></span> <span class='ocrx_word' id='word_1_491' title='bbox 1400 4365 1693 4419; x_wconf 80' lang='lat' dir='ltr'><strong>habeatur;</strong></span> <span class='ocrx_word' id='word_1_492' title='bbox 1744 4361 1882 4430; x_wconf 86' lang='lat' dir='ltr'><strong>Quid</strong></span> <span class='ocrx_word' id='word_1_493' title='bbox 1913 4369 1987 4416; x_wconf 82' lang='lat' dir='ltr'><strong>cst</strong></span> <span class='ocrx_word' id='word_1_494' title='bbox 2037 4359 2175 4431; x_wconf 87' lang='lat' dir='ltr'><strong>quod</strong></span> 
     </span>
    </p>
   </div>
   <div class='ocr_carea' id='block_1_64' title="bbox 575 4434 1678 4506">
    <p class='ocr_par' dir='ltr' id='par_1_64' title="bbox 575 4434 1678 4506">
     <span class='ocr_line' id='line_1_65' title="bbox 575 4434 1678 4506; baseline -0.005 -15"><span class='ocrx_word' id='word_1_495' title='bbox 575 4442 747 4491; x_wconf 80' lang='lat' dir='ltr'><strong>statim</strong></span> <span class='ocrx_word' id='word_1_496' title='bbox 769 4436 1023 4490; x_wconf 84' lang='lat' dir='ltr'><strong>damnatis</strong></span> <span class='ocrx_word' id='word_1_497' title='bbox 1053 4435 1301 4488; x_wconf 62' lang='lat' dir='ltr'><strong>haereticis</strong></span> <span class='ocrx_word' id='word_1_498' title='bbox 1324 4450 1409 4487; x_wconf 86' lang='lat' dir='ltr'><strong>uos</strong></span> <span class='ocrx_word' id='word_1_499' title='bbox 1426 4434 1678 4506; x_wconf 84' lang='lat' dir='ltr'><strong>jnngitis?</strong></span> 
     </span>
    </p>
   </div>
   <div class='ocr_carea' id='block_1_65' title="bbox 648 4505 2171 4582">
    <p class='ocr_par' dir='ltr' id='par_1_65' title="bbox 648 4505 2171 4582">
     <span class='ocr_line' id='line_1_66' title="bbox 648 4505 2171 4582; baseline -0.003 -21"><span class='ocrx_word' id='word_1_500' title='bbox 648 4510 732 4582; x_wconf 76' lang='grc' dir='ltr'><strong>(τι)</strong></span> <span class='ocrx_word' id='word_1_501' title='bbox 765 4508 900 4562; x_wconf 71' lang='grc' dir='ltr'><strong>ΙσζιΙὶιί</strong></span> <span class='ocrx_word' id='word_1_502' title='bbox 928 4548 942 4564; x_wconf 90' lang='grc'><strong>.</strong></span> <span class='ocrx_word' id='word_1_503' title='bbox 969 4506 1155 4561; x_wconf 87' lang='lat' dir='ltr'><strong>relicto</strong></span> <span class='ocrx_word' id='word_1_504' title='bbox 1178 4507 1336 4582; x_wconf 72' lang='lat' dir='ltr'><strong>unius</strong></span> <span class='ocrx_word' id='word_1_505' title='bbox 1366 4514 1459 4557; x_wconf 91' lang='lat' dir='ltr'><strong>aut</strong></span> <span class='ocrx_word' id='word_1_506' title='bbox 1486 4505 1708 4582; x_wconf 80' lang='lat' dir='ltr'><strong>duarum</strong></span> <span class='ocrx_word' id='word_1_507' title='bbox 1738 4518 1923 4582; x_wconf 78' lang='lat' dir='ltr'><strong>vocum</strong></span> <span class='ocrx_word' id='word_1_508' title='bbox 1945 4505 2131 4582; x_wconf 67' lang='lat' dir='ltr'><strong>spatio</strong></span> <span class='ocrx_word' id='word_1_509' title='bbox 2156 4543 2171 4571; x_wconf 87' lang='lat'><strong>,</strong></span> 
     </span>
    </p>
   </div>
   <div class='ocr_carea' id='block_1_66' title="bbox 617 4574 2253 4669">
    <p class='ocr_par' dir='ltr' id='par_1_66' title="bbox 617 4574 2253 4669">
     <span class='ocr_line' id='line_1_67' title="bbox 617 4574 2253 4669; baseline -0.004 -35"><span class='ocrx_word' id='word_1_510' title='bbox 617 4574 871 4635; x_wconf 62' lang='lat' dir='ltr'><strong>rmierunt</strong></span> <span class='ocrx_word' id='word_1_511' title='bbox 908 4594 1028 4661; x_wconf 72' lang='lat' dir='ltr'><strong>cum</strong></span> <span class='ocrx_word' id='word_1_512' title='bbox 1074 4592 1175 4669; x_wconf 53' lang='lat' dir='ltr'><strong>ms;</strong></span> <span class='ocrx_word' id='word_1_513' title='bbox 1206 4574 1469 4669; x_wconf 58' lang='lat' dir='ltr'><strong>adsistere.</strong></span> <span class='ocrx_word' id='word_1_514' title='bbox 1531 4575 1732 4656; x_wconf 79' lang='lat' dir='ltr'><strong>Mutato</strong></span> <span class='ocrx_word' id='word_1_515' title='bbox 1774 4574 1812 4669; x_wconf 53' lang='grc' dir='ltr'><strong>(ξ</strong></span> <span class='ocrx_word' id='word_1_516' title='bbox 1853 4575 1904 4629; x_wconf 88' lang='lat' dir='ltr'><strong>in</strong></span> <span class='ocrx_word' id='word_1_517' title='bbox 1938 4575 2169 4669; x_wconf 44' lang='lat' dir='ltr'><strong>b‘locnm</strong></span> <span class='ocrx_word' id='word_1_518' title='bbox 2199 4608 2253 4669; x_wconf 71' lang='grc' dir='ltr'>Β</span> 
     </span>
    </p>
   </div>
   <div class='ocr_carea' id='block_1_67' title="bbox 596 4645 2171 4716">
    <p class='ocr_par' dir='ltr' id='par_1_67' title="bbox 596 4645 2171 4716">
     <span class='ocr_line' id='line_1_68' title="bbox 596 4645 2171 4716; baseline -0.004 -11"><span class='ocrx_word' id='word_1_519' title='bbox 596 4666 718 4706; x_wconf 89' lang='lat' dir='ltr'><strong>tunc</strong></span> <span class='ocrx_word' id='word_1_520' title='bbox 744 4650 1086 4706; x_wconf 76' lang='lat' dir='ltr'><strong>resarcimus.</strong></span> <span class='ocrx_word' id='word_1_521' title='bbox 1137 4649 1306 4702; x_wconf 82' lang='lat' dir='ltr'><strong>Antea</strong></span> <span class='ocrx_word' id='word_1_522' title='bbox 1354 4646 1515 4700; x_wconf 81' lang='lat' dir='ltr'><strong>etiam</strong></span> <span class='ocrx_word' id='word_1_523' title='bbox 1563 4648 1732 4714; x_wconf 78' lang='lat' dir='ltr'><strong>magis</strong></span> <span class='ocrx_word' id='word_1_524' title='bbox 1766 4645 1998 4716; x_wconf 73' lang='lat' dir='ltr'><strong>placeret</strong></span> <span class='ocrx_word' id='word_1_525' title='bbox 2027 4657 2171 4716; x_wconf 80' lang='lat' dir='ltr'><strong>tunc,</strong></span> 
     </span>
    </p>
   </div>
   <div class='ocr_carea' id='block_1_68' title="bbox 574 4715 2172 4793">
    <p class='ocr_par' dir='ltr' id='par_1_68' title="bbox 574 4715 2172 4793">
     <span class='ocr_line' id='line_1_69' title="bbox 574 4715 2172 4793; baseline -0.001 -19"><span class='ocrx_word' id='word_1_526' title='bbox 574 4737 731 4793; x_wconf 86' lang='lat' dir='ltr'><strong>quam</strong></span> <span class='ocrx_word' id='word_1_527' title='bbox 764 4738 923 4788; x_wconf 85' lang='lat' dir='ltr'><strong>nunc;</strong></span> <span class='ocrx_word' id='word_1_528' title='bbox 957 4719 1058 4774; x_wconf 84' lang='lat' dir='ltr'><strong>ltoc</strong></span> <span class='ocrx_word' id='word_1_529' title='bbox 1082 4719 1224 4773; x_wconf 90' lang='lat' dir='ltr'><strong>enim</strong></span> <span class='ocrx_word' id='word_1_530' title='bbox 1251 4715 1354 4771; x_wconf 82' lang='lat' dir='ltr'><strong>sibi</strong></span> <span class='ocrx_word' id='word_1_531' title='bbox 1383 4719 1487 4770; x_wconf 87' lang='lat' dir='ltr'><strong>vult</strong></span> <span class='ocrx_word' id='word_1_532' title='bbox 1526 4736 1538 4793; x_wconf 73' lang='lat'><strong>_:</strong></span> <span class='ocrx_word' id='word_1_533' title='bbox 1580 4715 1873 4793; x_wconf 64' lang='lat' dir='ltr'><strong>lintreticis</strong></span> <span class='ocrx_word' id='word_1_534' title='bbox 1904 4717 2172 4773; x_wconf 72' lang='lat' dir='ltr'><strong>damnatis</strong></span> 
     </span>
    </p>
   </div>
   <div class='ocr_carea' id='block_1_69' title="bbox 572 4788 2170 4859">
    <p class='ocr_par' dir='ltr' id='par_1_69' title="bbox 572 4788 2170 4859">
     <span class='ocr_line' id='line_1_70' title="bbox 572 4788 2170 4859; baseline -0.005 -11"><span class='ocrx_word' id='word_1_535' title='bbox 572 4788 969 4848; x_wconf 66' lang='lat' dir='ltr'><strong>inconsiderate</strong></span> <span class='ocrx_word' id='word_1_536' title='bbox 999 4806 1093 4845; x_wconf 82' lang='lat' dir='ltr'><strong>vos</strong></span> <span class='ocrx_word' id='word_1_537' title='bbox 1117 4795 1341 4859; x_wconf 70' lang='lat' dir='ltr'><strong>iungere</strong></span> <span class='ocrx_word' id='word_1_538' title='bbox 1374 4803 1480 4843; x_wconf 91' lang='lat' dir='ltr'><strong>non</strong></span> <span class='ocrx_word' id='word_1_539' title='bbox 1509 4788 1766 4844; x_wconf 79' lang='lat' dir='ltr'><strong>dcbniSIis</strong></span> <span class='ocrx_word' id='word_1_540' title='bbox 1796 4805 1810 4843; x_wconf 90' lang='lat'><strong>:</strong></span> <span class='ocrx_word' id='word_1_541' title='bbox 1844 4796 1898 4859; x_wconf 71' lang='lat' dir='ltr'><strong>at</strong></span> <span class='ocrx_word' id='word_1_542' title='bbox 1926 4803 2045 4859; x_wconf 85' lang='lat' dir='ltr'><strong>cum</strong></span> <span class='ocrx_word' id='word_1_543' title='bbox 2077 4802 2170 4842; x_wconf 89' lang='lat' dir='ltr'><strong>eo-</strong></span> 
     </span>
    </p>
   </div>
   <div class='ocr_carea' id='block_1_70' title="bbox 573 4857 2167 4920">
    <p class='ocr_par' dir='ltr' id='par_1_70' title="bbox 573 4857 2167 4920">
     <span class='ocr_line' id='line_1_71' title="bbox 573 4857 2167 4920; baseline -0.002 -2"><span class='ocrx_word' id='word_1_544' title='bbox 573 4881 689 4919; x_wconf 86' lang='lat' dir='ltr'><strong>rum</strong></span> <span class='ocrx_word' id='word_1_545' title='bbox 717 4867 963 4920; x_wconf 74' lang='lat' dir='ltr'><strong>ltteresim</strong></span> <span class='ocrx_word' id='word_1_546' title='bbox 992 4860 1141 4917; x_wconf 63' lang='lat' dir='ltr'><strong>vobis</strong></span> <span class='ocrx_word' id='word_1_547' title='bbox 1162 4857 1603 4915; x_wconf 77' lang='lat' dir='ltr'><strong>demonstrarunt</strong></span> <span class='ocrx_word' id='word_1_548' title='bbox 1621 4858 1940 4914; x_wconf 80' lang='lat' dir='ltr'><strong>Orientales.</strong></span> <span class='ocrx_word' id='word_1_549' title='bbox 1972 4857 2167 4915; x_wconf 83' lang='lat' dir='ltr'><strong>saltem</strong></span> 
     </span>
    </p>
   </div>
   <div class='ocr_carea' id='block_1_71' title="bbox 571 4931 1998 4999">
    <p class='ocr_par' dir='ltr' id='par_1_71' title="bbox 571 4931 1998 4999">
     <span class='ocr_line' id='line_1_72' title="bbox 571 4931 1998 4999; baseline -0.006 -7"><span class='ocrx_word' id='word_1_550' title='bbox 571 4946 700 4992; x_wconf 87' lang='lat' dir='ltr'><strong>tunc</strong></span> <span class='ocrx_word' id='word_1_551' title='bbox 722 4952 816 4991; x_wconf 90' lang='lat' dir='ltr'><strong>vos</strong></span> <span class='ocrx_word' id='word_1_552' title='bbox 843 4938 908 4990; x_wconf 92' lang='lat' dir='ltr'><strong>ah</strong></span> <span class='ocrx_word' id='word_1_553' title='bbox 933 4936 1148 4989; x_wconf 90' lang='lat' dir='ltr'><strong>illorum</strong></span> <span class='ocrx_word' id='word_1_554' title='bbox 1172 4932 1430 4986; x_wconf 72' lang='lat' dir='ltr'><strong>sooietate</strong></span> <span class='ocrx_word' id='word_1_555' title='bbox 1451 4932 1714 4988; x_wconf 71' lang='lat' dir='ltr'><strong>ab~istere</strong></span> <span class='ocrx_word' id='word_1_556' title='bbox 1740 4931 1998 4999; x_wconf 83' lang='lat' dir='ltr'><strong>Oportnit.</strong></span> 
     </span>
    </p>
   </div>
   <div class='ocr_carea' id='block_1_72' title="bbox 645 5000 2165 5079">
    <p class='ocr_par' dir='ltr' id='par_1_72' title="bbox 645 5000 2165 5079">
     <span class='ocr_line' id='line_1_73' title="bbox 645 5000 2165 5079; baseline -0.003 -18"><span class='ocrx_word' id='word_1_557' title='bbox 645 5006 717 5079; x_wconf 90' lang='lat' dir='ltr'><strong>(e)</strong></span> <span class='ocrx_word' id='word_1_558' title='bbox 762 5008 813 5062; x_wconf 92' lang='lat' dir='ltr'><strong>In</strong></span> <span class='ocrx_word' id='word_1_559' title='bbox 848 5007 1132 5079; x_wconf 70' lang='lat' dir='ltr'><strong>Pitltteano</strong></span> <span class='ocrx_word' id='word_1_560' title='bbox 1168 5002 1386 5079; x_wconf 61' lang='lat' dir='ltr'><strong>codice,</strong></span> <span class='ocrx_word' id='word_1_561' title='bbox 1428 5004 1691 5079; x_wconf 69' lang='lat' dir='ltr'><strong>attonitis,</strong></span> <span class='ocrx_word' id='word_1_562' title='bbox 1724 5000 1934 5079; x_wconf 82' lang='lat' dir='ltr'><strong>_n_ec_id</strong></span> <span class='ocrx_word' id='word_1_563' title='bbox 1976 5002 2165 5079; x_wconf 76' lang='lat' dir='ltr'><strong>saltem</strong></span> 
     </span>
    </p>
   </div>
   <div class='ocr_carea' id='block_1_73' title="bbox 568 5072 2159 5148">
    <p class='ocr_par' dir='ltr' id='par_1_73' title="bbox 568 5072 2159 5148">
     <span class='ocr_line' id='line_1_74' title="bbox 568 5072 2159 5148; baseline -0.003 -16"><span class='ocrx_word' id='word_1_564' title='bbox 568 5072 800 5134; x_wconf 78' lang='lat' dir='ltr'><strong>consiliis</strong></span> <span class='ocrx_word' id='word_1_565' title='bbox 829 5077 1070 5148; x_wconf 79' lang='lat' dir='ltr'><strong>sumptis,</strong></span> <span class='ocrx_word' id='word_1_566' title='bbox 1102 5086 1203 5130; x_wconf 87' lang='lat' dir='ltr'><strong>etc.</strong></span> <span class='ocrx_word' id='word_1_567' title='bbox 1257 5072 1555 5148; x_wconf 78' lang='lat' dir='ltr'><strong>Retinenda</strong></span> <span class='ocrx_word' id='word_1_568' title='bbox 1591 5073 1789 5148; x_wconf 65' lang='lat' dir='ltr'><strong>Nicolai</strong></span> <span class='ocrx_word' id='word_1_569' title='bbox 1830 5072 1987 5148; x_wconf 81' lang='lat' dir='ltr'><strong>Fabri</strong></span> <span class='ocrx_word' id='word_1_570' title='bbox 2036 5090 2159 5148; x_wconf 83' lang='lat' dir='ltr'><strong>cor-</strong></span> 
     </span>
    </p>
   </div>
   <div class='ocr_carea' id='block_1_74' title="bbox 568 5145 2156 5221">
    <p class='ocr_par' dir='ltr' id='par_1_74' title="bbox 568 5145 2156 5221">
     <span class='ocr_line' id='line_1_75' title="bbox 568 5145 2156 5221; baseline -0.004 -16"><span class='ocrx_word' id='word_1_571' title='bbox 568 5152 759 5205; x_wconf 88' lang='lat' dir='ltr'><strong>rectio.</strong></span> <span class='ocrx_word' id='word_1_572' title='bbox 805 5151 912 5207; x_wconf 87' lang='lat' dir='ltr'><strong>Sed</strong></span> <span class='ocrx_word' id='word_1_573' title='bbox 943 5145 1189 5221; x_wconf 64' lang='lat' dir='ltr'><strong>Quamvis</strong></span> <span class='ocrx_word' id='word_1_574' title='bbox 1219 5148 1305 5221; x_wconf 84' lang='lat' dir='ltr'><strong>bic</strong></span> <span class='ocrx_word' id='word_1_575' title='bbox 1336 5145 1541 5221; x_wconf 80' lang='lat' dir='ltr'><strong>aliquid</strong></span> <span class='ocrx_word' id='word_1_576' title='bbox 1572 5145 1760 5202; x_wconf 79' lang='lat' dir='ltr'><strong>deesSe</strong></span> <span class='ocrx_word' id='word_1_577' title='bbox 1779 5145 2111 5221; x_wconf 67' lang='lat' dir='ltr'><strong>existimarit</strong></span> <span class='ocrx_word' id='word_1_578' title='bbox 2139 5186 2156 5210; x_wconf 90' lang='lat'><strong>,</strong></span> 
     </span>
    </p>
   </div>
   <div class='ocr_carea' id='block_1_75' title="bbox 568 5214 2154 5292">
    <p class='ocr_par' dir='ltr' id='par_1_75' title="bbox 568 5214 2154 5292">
     <span class='ocr_line' id='line_1_76' title="bbox 568 5214 2154 5292; baseline -0.003 -16"><span class='ocrx_word' id='word_1_579' title='bbox 568 5222 778 5292; x_wconf 83' lang='lat' dir='ltr'><strong>integra</strong></span> <span class='ocrx_word' id='word_1_580' title='bbox 810 5214 1200 5292; x_wconf 65' lang='lat' dir='ltr'><strong>nobis&#39;videtur</strong></span> <span class='ocrx_word' id='word_1_581' title='bbox 1226 5217 1386 5271; x_wconf 88' lang='lat' dir='ltr'><strong>lectio</strong></span> <span class='ocrx_word' id='word_1_582' title='bbox 1416 5214 1489 5292; x_wconf 86' lang='lat' dir='ltr'><strong>eo</strong></span> <span class='ocrx_word' id='word_1_583' title='bbox 1527 5233 1690 5273; x_wconf 90' lang='lat' dir='ltr'><strong>sensu</strong></span> <span class='ocrx_word' id='word_1_584' title='bbox 1722 5235 1734 5271; x_wconf 92' lang='lat'><strong>:</strong></span> <span class='ocrx_word' id='word_1_585' title='bbox 1779 5214 2154 5292; x_wconf 75' lang='lat' dir='ltr'><strong>Neqneetiam</strong></span> 
     </span>
    </p>
   </div>
   <div class='ocr_carea' id='block_1_76' title="bbox 568 5289 2157 5362">
    <p class='ocr_par' dir='ltr' id='par_1_76' title="bbox 568 5289 2157 5362">
     <span class='ocr_line' id='line_1_77' title="bbox 568 5289 2157 5362; baseline -0.003 -15"><span class='ocrx_word' id='word_1_586' title='bbox 568 5294 613 5349; x_wconf 91' lang='lat' dir='ltr'><strong>si</strong></span> <span class='ocrx_word' id='word_1_587' title='bbox 639 5289 730 5361; x_wconf 75' lang='lat' dir='ltr'><strong>qui</strong></span> <span class='ocrx_word' id='word_1_588' title='bbox 760 5295 987 5362; x_wconf 88' lang='lat' dir='ltr'><strong>primum</strong></span> <span class='ocrx_word' id='word_1_589' title='bbox 1015 5291 1131 5346; x_wconf 88' lang='lat' dir='ltr'><strong>falsi</strong></span> <span class='ocrx_word' id='word_1_590' title='bbox 1162 5298 1362 5362; x_wconf 83' lang='lat' dir='ltr'><strong>essent.</strong></span> <span class='ocrx_word' id='word_1_591' title='bbox 1393 5300 1446 5344; x_wconf 92' lang='lat' dir='ltr'><strong>et</strong></span> <span class='ocrx_word' id='word_1_592' title='bbox 1476 5290 1530 5345; x_wconf 89' lang='lat' dir='ltr'><strong>in</strong></span> <span class='ocrx_word' id='word_1_593' title='bbox 1558 5289 2011 5362; x_wconf 12' lang='lat' dir='ltr'><strong>erroreinonnihil</strong></span> <span class='ocrx_word' id='word_1_594' title='bbox 2046 5301 2157 5358; x_wconf 66' lang='lat' dir='ltr'><strong>prae</strong></span> 
     </span>
    </p>
   </div>
   <div class='ocr_carea' id='block_1_77' title="bbox 570 5360 2153 5434">
    <p class='ocr_par' dir='ltr' id='par_1_77' title="bbox 570 5360 2153 5434">
     <span class='ocr_line' id='line_1_78' title="bbox 570 5360 2153 5434; baseline -0.006 -14"><span class='ocrx_word' id='word_1_595' title='bbox 570 5360 775 5434; x_wconf 80' lang='lat' dir='ltr'><strong>pudore</strong></span> <span class='ocrx_word' id='word_1_596' title='bbox 803 5364 1176 5434; x_wconf 82' lang='lat' dir='ltr'><strong>detinerentur</strong></span> <span class='ocrx_word' id='word_1_597' title='bbox 1200 5400 1230 5434; x_wconf 83' lang='lat'><strong>,_</strong></span> <span class='ocrx_word' id='word_1_598' title='bbox 1260 5360 1452 5415; x_wconf 86' lang='lat' dir='ltr'><strong>saltem</strong></span> <span class='ocrx_word' id='word_1_599' title='bbox 1502 5361 1795 5415; x_wconf 84' lang='lat' dir='ltr'><strong>immutatis</strong></span> <span class='ocrx_word' id='word_1_600' title='bbox 1826 5361 2153 5434; x_wconf 73' lang='lat' dir='ltr'><strong>oonsilitnu,</strong></span> 
     </span>
    </p>
   </div>
   <div class='ocr_carea' id='block_1_78' title="bbox 570 5428 2154 5490">
    <p class='ocr_par' dir='ltr' id='par_1_78' title="bbox 570 5428 2154 5490">
     <span class='ocr_line' id='line_1_79' title="bbox 570 5428 2154 5490; baseline -0.004 -1"><span class='ocrx_word' id='word_1_601' title='bbox 570 5428 656 5489; x_wconf 79' lang='lat' dir='ltr'><strong>ubi</strong></span> <span class='ocrx_word' id='word_1_602' title='bbox 699 5436 979 5490; x_wconf 85' lang='lat' dir='ltr'><strong>advertere</strong></span> <span class='ocrx_word' id='word_1_603' title='bbox 1002 5429 1262 5489; x_wconf 85' lang='lat' dir='ltr'><strong>debuistis</strong></span> <span class='ocrx_word' id='word_1_604' title='bbox 1306 5444 1540 5486; x_wconf 85' lang='lat' dir='ltr'><strong>vestrum</strong></span> <span class='ocrx_word' id='word_1_605' title='bbox 1568 5446 1809 5488; x_wconf 88' lang='lat' dir='ltr'><strong>errorem</strong></span> <span class='ocrx_word' id='word_1_606' title='bbox 1838 5436 2001 5485; x_wconf 86' lang='lat' dir='ltr'><strong>totius</strong></span> <span class='ocrx_word' id='word_1_607' title='bbox 2038 5428 2154 5484; x_wconf 58' lang='lat' dir='ltr'><strong>Ario</strong></span> 
     </span>
    </p>
   </div>
   <div class='ocr_carea' id='block_1_79' title="bbox 492 5500 2153 5577">
    <p class='ocr_par' dir='ltr' id='par_1_79' title="bbox 492 5500 2153 5577">
     <span class='ocr_line' id='line_1_80' title="bbox 492 5500 2153 5577; baseline -0.005 -16"><span class='ocrx_word' id='word_1_608' title='bbox 492 5516 497 5520; x_wconf 87' lang='lat'>&#39;</span> <span class='ocrx_word' id='word_1_609' title='bbox 568 5507 828 5561; x_wconf 79' lang='lat' dir='ltr'><strong>tniuensis</strong></span> <span class='ocrx_word' id='word_1_610' title='bbox 875 5506 1062 5577; x_wconf 85' lang='lat' dir='ltr'><strong>synodi</strong></span> <span class='ocrx_word' id='word_1_611' title='bbox 1095 5500 1423 5577; x_wconf 72' lang='lat' dir='ltr'><strong>existimari.</strong></span> <span class='ocrx_word' id='word_1_612' title='bbox 1476 5500 1751 5577; x_wconf 76' lang='lat' dir='ltr'><strong>Frequens</strong></span> <span class='ocrx_word' id='word_1_613' title='bbox 1797 5500 1939 5555; x_wconf 91' lang='lat' dir='ltr'><strong>enim</strong></span> <span class='ocrx_word' id='word_1_614' title='bbox 1971 5508 2055 5577; x_wconf 83' lang='lat' dir='ltr'><strong>est</strong></span> <span class='ocrx_word' id='word_1_615' title='bbox 2100 5501 2153 5577; x_wconf 80' lang='lat' dir='ltr'><strong>in</strong></span> 
     </span>
    </p>
   </div>
   <div class='ocr_carea' id='block_1_80' title="bbox 566 5572 2153 5645">
    <p class='ocr_par' dir='ltr' id='par_1_80' title="bbox 566 5572 2153 5645">
     <span class='ocr_line' id='line_1_81' title="bbox 566 5572 2153 5645; baseline -0.003 -15"><span class='ocrx_word' id='word_1_616' title='bbox 566 5579 800 5645; x_wconf 72' lang='lat' dir='ltr'><strong>antiquis</strong></span> <span class='ocrx_word' id='word_1_617' title='bbox 828 5572 977 5632; x_wconf 76' lang='lat' dir='ltr'><strong>libris</strong></span> <span class='ocrx_word' id='word_1_618' title='bbox 1001 5572 1239 5632; x_wconf 75' lang='lat' dir='ltr'><strong>et&#39;timari</strong></span> <span class='ocrx_word' id='word_1_619' title='bbox 1262 5612 1279 5639; x_wconf 91' lang='lat'><strong>,</strong></span> <span class='ocrx_word' id='word_1_620' title='bbox 1313 5588 1409 5642; x_wconf 87' lang='lat' dir='ltr'><strong>pro</strong></span> <span class='ocrx_word' id='word_1_621' title='bbox 1454 5572 1735 5630; x_wconf 75' lang='lat' dir='ltr'><strong>existimari</strong></span> <span class='ocrx_word' id='word_1_622' title='bbox 1765 5582 1857 5626; x_wconf 85' lang='lat' dir='ltr'><strong>ant</strong></span> <span class='ocrx_word' id='word_1_623' title='bbox 1876 5573 2153 5645; x_wconf 65' lang='lat' dir='ltr'><strong>tastinturi.</strong></span> 
     </span>
    </p>
   </div>
   <div class='ocr_carea' id='block_1_81' title="bbox 645 5641 2156 5719">
    <p class='ocr_par' dir='ltr' id='par_1_81' title="bbox 645 5641 2156 5719">
     <span class='ocr_line' id='line_1_82' title="bbox 645 5641 2156 5719; baseline -0.003 -18"><span class='ocrx_word' id='word_1_624' title='bbox 645 5641 733 5719; x_wconf 94' lang='lat'><strong>(</strong></span> <span class='ocrx_word' id='word_1_625' title='bbox 755 5647 915 5702; x_wconf 88' lang='lat' dir='ltr'><strong>Forte</strong></span> <span class='ocrx_word' id='word_1_626' title='bbox 935 5690 949 5715; x_wconf 90' lang='lat'><strong>,</strong></span> <span class='ocrx_word' id='word_1_627' title='bbox 980 5663 1073 5701; x_wconf 86' lang='lat' dir='ltr'><strong>cur</strong></span> <span class='ocrx_word' id='word_1_628' title='bbox 1101 5645 1254 5719; x_wconf 74' lang='lat' dir='ltr'><strong>etiam</strong></span> <span class='ocrx_word' id='word_1_629' title='bbox 1283 5641 1383 5699; x_wconf 81' lang='lat' dir='ltr'><strong>non</strong></span> <span class='ocrx_word' id='word_1_630' title='bbox 1408 5656 1705 5719; x_wconf 69' lang='lat' dir='ltr'><strong>creaturam</strong></span> <span class='ocrx_word' id='word_1_631' title='bbox 1733 5661 1840 5699; x_wconf 86' lang='lat' dir='ltr'><strong>esse</strong></span> <span class='ocrx_word' id='word_1_632' title='bbox 1867 5641 1962 5697; x_wconf 79' lang='lat' dir='ltr'><strong>Dei</strong></span> <span class='ocrx_word' id='word_1_633' title='bbox 1986 5643 2156 5714; x_wconf 82' lang='lat' dir='ltr'><strong>ﬁlium</strong></span> 
     </span>
    </p>
   </div>
   <div class='ocr_carea' id='block_1_82' title="bbox 570 5713 2158 5787">
    <p class='ocr_par' dir='ltr' id='par_1_82' title="bbox 570 5713 2158 5787">
     <span class='ocr_line' id='line_1_83' title="bbox 570 5713 2158 5787; baseline 0.001 -18"><span class='ocrx_word' id='word_1_634' title='bbox 570 5713 678 5770; x_wconf 76' lang='lat' dir='ltr'><strong>non</strong></span> <span class='ocrx_word' id='word_1_635' title='bbox 694 5713 953 5783; x_wconf 72' lang='lat' dir='ltr'><strong>diceretis,</strong></span> <span class='ocrx_word' id='word_1_636' title='bbox 978 5720 1051 5773; x_wconf 88' lang='lat' dir='ltr'><strong>uti</strong></span> <span class='ocrx_word' id='word_1_637' title='bbox 1080 5713 1351 5787; x_wconf 83' lang='lat' dir='ltr'><strong>postulare</strong></span> <span class='ocrx_word' id='word_1_638' title='bbox 1373 5716 1580 5773; x_wconf 86' lang='lat' dir='ltr'><strong>videtur</strong></span> <span class='ocrx_word' id='word_1_639' title='bbox 1601 5718 1900 5773; x_wconf 71' lang='lat' dir='ltr'><strong>subacrum</strong></span> <span class='ocrx_word' id='word_1_640' title='bbox 1931 5713 2158 5786; x_wconf 86' lang='lat' dir='ltr'><strong>respon-</strong></span> 
     </span>
    </p>
   </div>
   <div class='ocr_carea' id='block_1_83' title="bbox 571 5800 714 5839">
    <p class='ocr_par' dir='ltr' id='par_1_83' title="bbox 571 5800 714 5839">
     <span class='ocr_line' id='line_1_84' title="bbox 571 5800 714 5839; baseline -0.014 0"><span class='ocrx_word' id='word_1_641' title='bbox 571 5800 689 5839; x_wconf 78' lang='grc' dir='ltr'>διιιιι</span> <span class='ocrx_word' id='word_1_642' title='bbox 702 5827 714 5838; x_wconf 90' lang='grc'><strong>.</strong></span> 
     </span>
    </p>
   </div>
   <div class='ocr_carea' id='block_1_84' title="bbox 644 5855 2157 5928">
    <p class='ocr_par' dir='ltr' id='par_1_84' title="bbox 644 5855 2157 5928">
     <span class='ocr_line' id='line_1_85' title="bbox 644 5855 2157 5928; baseline -0.002 -13"><span class='ocrx_word' id='word_1_643' title='bbox 644 5855 723 5927; x_wconf 82' lang='grc'><strong>(9)</strong></span> <span class='ocrx_word' id='word_1_644' title='bbox 774 5856 995 5927; x_wconf 86' lang='lat' dir='ltr'><strong>Supple,</strong></span> <span class='ocrx_word' id='word_1_645' title='bbox 1034 5859 1129 5918; x_wconf 82' lang='lat' dir='ltr'><strong>hoc</strong></span> <span class='ocrx_word' id='word_1_646' title='bbox 1168 5863 1359 5919; x_wconf 86' lang='lat' dir='ltr'><strong>dictum</strong></span> <span class='ocrx_word' id='word_1_647' title='bbox 1383 5874 1455 5918; x_wconf 83' lang='lat' dir='ltr'><strong>est</strong></span> <span class='ocrx_word' id='word_1_648' title='bbox 1494 5874 1594 5914; x_wconf 89' lang='lat' dir='ltr'><strong>:ac</strong></span> <span class='ocrx_word' id='word_1_649' title='bbox 1621 5869 1807 5928; x_wconf 76' lang='lat' dir='ltr'><strong>postea.</strong></span> <span class='ocrx_word' id='word_1_650' title='bbox 1835 5856 2157 5926; x_wconf 84' lang='lat' dir='ltr'><strong>particulam</strong></span> 
     </span>
    </p>
   </div>
   <div class='ocr_carea' id='block_1_85' title="bbox 2312 1943 3913 2014">
    <p class='ocr_par' dir='ltr' id='par_1_85' title="bbox 2312 1943 3913 2014">
     <span class='ocr_line' id='line_1_86' title="bbox 2312 1943 3913 2014; baseline 0.001 -16"><span class='ocrx_word' id='word_1_651' title='bbox 2312 1946 2413 1999; x_wconf 86' lang='lat' dir='ltr'><strong>hoc</strong></span> <span class='ocrx_word' id='word_1_652' title='bbox 2440 1960 2470 1999; x_wconf 88' lang='lat' dir='ltr'><strong>a</strong></span> <span class='ocrx_word' id='word_1_653' title='bbox 2505 1945 2656 1999; x_wconf 84' lang='lat' dir='ltr'><strong>vobis</strong></span> <span class='ocrx_word' id='word_1_654' title='bbox 2682 1944 2884 1998; x_wconf 81' lang='lat' dir='ltr'><strong>dictum</strong></span> <span class='ocrx_word' id='word_1_655' title='bbox 2914 1944 2985 1999; x_wconf 90' lang='lat' dir='ltr'><strong>sit</strong></span> <span class='ocrx_word' id='word_1_656' title='bbox 3012 1982 3030 2008; x_wconf 87' lang='lat'><strong>.</strong></span> <span class='ocrx_word' id='word_1_657' title='bbox 3061 1943 3340 2000; x_wconf 86' lang='lat' dir='ltr'><strong>simulatio</strong></span> <span class='ocrx_word' id='word_1_658' title='bbox 3383 1959 3494 2001; x_wconf 87' lang='lat' dir='ltr'><strong>non</strong></span> <span class='ocrx_word' id='word_1_659' title='bbox 3526 1944 3760 2014; x_wconf 73' lang='lat' dir='ltr'><strong>patuit?</strong></span> <span class='ocrx_word' id='word_1_660' title='bbox 3802 1960 3913 2000; x_wconf 85' lang='lat' dir='ltr'><strong>cum</strong></span> 
     </span>
    </p>
   </div>
   <div class='ocr_carea' id='block_1_86' title="bbox 2309 2036 3914 2106">
    <p class='ocr_par' dir='ltr' id='par_1_86' title="bbox 2309 2036 3914 2106">
     <span class='ocr_line' id='line_1_87' title="bbox 2309 2036 3914 2106; baseline 0 -14"><span class='ocrx_word' id='word_1_661' title='bbox 2309 2037 2432 2092; x_wconf 89' lang='lat' dir='ltr'><strong>ideo</strong></span> <span class='ocrx_word' id='word_1_662' title='bbox 2464 2052 2569 2092; x_wconf 92' lang='lat' dir='ltr'><strong>non</strong></span> <span class='ocrx_word' id='word_1_663' title='bbox 2597 2036 2666 2092; x_wconf 92' lang='lat' dir='ltr'><strong>de</strong></span> <span class='ocrx_word' id='word_1_664' title='bbox 2696 2036 2859 2091; x_wconf 84' lang='lat' dir='ltr'><strong>nullis</strong></span> <span class='ocrx_word' id='word_1_665' title='bbox 2884 2037 3258 2106; x_wconf 78' lang='lat' dir='ltr'><strong>exstantibus,</strong></span> <span class='ocrx_word' id='word_1_666' title='bbox 3297 2036 3395 2093; x_wconf 84' lang='lat' dir='ltr'><strong>sed</strong></span> <span class='ocrx_word' id='word_1_667' title='bbox 3424 2052 3491 2094; x_wconf 87' lang='lat' dir='ltr'><strong>ex</strong></span> <span class='ocrx_word' id='word_1_668' title='bbox 3528 2038 3648 2095; x_wconf 81' lang='lat' dir='ltr'><strong>Deo</strong></span> <span class='ocrx_word' id='word_1_669' title='bbox 3670 2078 3688 2103; x_wconf 91' lang='lat'><strong>,</strong></span> <span class='ocrx_word' id='word_1_670' title='bbox 3723 2051 3914 2094; x_wconf 85' lang='lat' dir='ltr'><strong>secun-</strong></span> 
     </span>
    </p>
   </div>
   <div class='ocr_carea' id='block_1_87' title="bbox 2307 2126 3913 2200">
    <p class='ocr_par' dir='ltr' id='par_1_87' title="bbox 2307 2126 3913 2200">
     <span class='ocr_line' id='line_1_88' title="bbox 2307 2126 3913 2200; baseline -0.001 -15"><span class='ocrx_word' id='word_1_671' title='bbox 2307 2129 2436 2185; x_wconf 92' lang='lat' dir='ltr'><strong>dum</strong></span> <span class='ocrx_word' id='word_1_672' title='bbox 2480 2140 2713 2185; x_wconf 82' lang='lat' dir='ltr'><strong>vestram</strong></span> <span class='ocrx_word' id='word_1_673' title='bbox 2743 2128 3135 2199; x_wconf 83' lang='lat' dir='ltr'><strong>professionem</strong></span> <span class='ocrx_word' id='word_1_674' title='bbox 3167 2130 3237 2184; x_wconf 87' lang='lat' dir='ltr'><strong>sit</strong></span> <span class='ocrx_word' id='word_1_675' title='bbox 3261 2167 3279 2195; x_wconf 96' lang='lat'><strong>,</strong></span> <span class='ocrx_word' id='word_1_676' title='bbox 3310 2126 3436 2200; x_wconf 87' lang='lat' dir='ltr'><strong>quia</strong></span> <span class='ocrx_word' id='word_1_677' title='bbox 3461 2128 3652 2185; x_wconf 88' lang='lat' dir='ltr'><strong>eidem</strong></span> <span class='ocrx_word' id='word_1_678' title='bbox 3675 2128 3913 2184; x_wconf 78' lang='lat' dir='ltr'><strong>voluntas</strong></span> 
     </span>
    </p>
   </div>
   <div class='ocr_carea' id='block_1_88' title="bbox 2306 2221 3912 2293">
    <p class='ocr_par' dir='ltr' id='par_1_88' title="bbox 2306 2221 3912 2293">
     <span class='ocr_line' id='line_1_89' title="bbox 2306 2221 3912 2293; baseline -0.001 -18"><span class='ocrx_word' id='word_1_679' title='bbox 2306 2224 2372 2278; x_wconf 89' lang='lat' dir='ltr'><strong>ad</strong></span> <span class='ocrx_word' id='word_1_680' title='bbox 2402 2222 2475 2287; x_wconf 82' lang='lat' dir='ltr'><strong>id,</strong></span> <span class='ocrx_word' id='word_1_681' title='bbox 2507 2223 2649 2293; x_wconf 81' lang='lat' dir='ltr'><strong>quod</strong></span> <span class='ocrx_word' id='word_1_682' title='bbox 2680 2221 2959 2289; x_wconf 85' lang='lat' dir='ltr'><strong>subsistat,</strong></span> <span class='ocrx_word' id='word_1_683' title='bbox 2988 2222 3271 2279; x_wconf 86' lang='lat' dir='ltr'><strong>exordium</strong></span> <span class='ocrx_word' id='word_1_684' title='bbox 3289 2221 3472 2278; x_wconf 76' lang='lat' dir='ltr'><strong>fuerit.</strong></span> <span class='ocrx_word' id='word_1_685' title='bbox 3497 2221 3740 2278; x_wconf 77' lang='lat' dir='ltr'><strong>Mentior</strong></span> <span class='ocrx_word' id='word_1_686' title='bbox 3755 2221 3912 2279; x_wconf 79' lang='lat' dir='ltr'><strong>sane?</strong></span> 
     </span>
    </p>
   </div>
   <div class='ocr_carea' id='block_1_89' title="bbox 2303 2315 3900 2382">
    <p class='ocr_par' dir='ltr' id='par_1_89' title="bbox 2303 2315 3900 2382">
     <span class='ocr_line' id='line_1_90' title="bbox 2303 2315 3900 2382; baseline -0.002 -11"><span class='ocrx_word' id='word_1_687' title='bbox 2303 2319 2346 2372; x_wconf 93' lang='lat' dir='ltr'><strong>si</strong></span> <span class='ocrx_word' id='word_1_688' title='bbox 2383 2333 2486 2371; x_wconf 90' lang='lat' dir='ltr'><strong>non</strong></span> <span class='ocrx_word' id='word_1_689' title='bbox 2535 2320 2586 2372; x_wconf 88' lang='lat' dir='ltr'><strong>in</strong></span> <span class='ocrx_word' id='word_1_690' title='bbox 2617 2317 2973 2373; x_wconf 85' lang='lat' dir='ltr'><strong>conventibus</strong></span> <span class='ocrx_word' id='word_1_691' title='bbox 3019 2330 3114 2382; x_wconf 85' lang='lat' dir='ltr'><strong>per</strong></span> <span class='ocrx_word' id='word_1_692' title='bbox 3155 2315 3579 2373; x_wconf 83' lang='lat' dir='ltr'><strong>conventionem</strong></span> <span class='ocrx_word' id='word_1_693' title='bbox 3622 2315 3800 2373; x_wconf 85' lang='lat' dir='ltr'><strong>libelli</strong></span> <span class='ocrx_word' id='word_1_694' title='bbox 3825 2315 3900 2369; x_wconf 85' lang='lat' dir='ltr'><strong>sui</strong></span> 
     </span>
    </p>
   </div>
   <div class='ocr_carea' id='block_1_90' title="bbox 2301 2406 3909 2481">
    <p class='ocr_par' dir='ltr' id='par_1_90' title="bbox 2301 2406 3909 2481">
     <span class='ocr_line' id='line_1_91' title="bbox 2301 2406 3909 2481; baseline -0.004 -15"><span class='ocrx_word' id='word_1_695' title='bbox 2301 2410 2665 2466; x_wconf 87' lang='lat' dir='ltr'><strong>Orientalibus</strong></span> <span class='ocrx_word' id='word_1_696' title='bbox 2697 2407 2782 2481; x_wconf 79' lang='lat' dir='ltr'><strong>(Ii)</strong></span> <span class='ocrx_word' id='word_1_697' title='bbox 2812 2409 3109 2465; x_wconf 87' lang='lat' dir='ltr'><strong>damnastis</strong></span> <span class='ocrx_word' id='word_1_698' title='bbox 3138 2423 3267 2476; x_wconf 89' lang='lat' dir='ltr'><strong>eos,</strong></span> <span class='ocrx_word' id='word_1_699' title='bbox 3296 2409 3389 2479; x_wconf 89' lang='lat' dir='ltr'><strong>qui</strong></span> <span class='ocrx_word' id='word_1_700' title='bbox 3418 2424 3529 2463; x_wconf 82' lang='lat' dir='ltr'><strong>non</strong></span> <span class='ocrx_word' id='word_1_701' title='bbox 3557 2406 3637 2463; x_wconf 88' lang='lat' dir='ltr'><strong>de</strong></span> <span class='ocrx_word' id='word_1_702' title='bbox 3667 2407 3909 2463; x_wconf 75' lang='lat' dir='ltr'><strong>substan-</strong></span> 
     </span>
    </p>
   </div>
   <div class='ocr_carea' id='block_1_91' title="bbox 2303 2498 3900 2572">
    <p class='ocr_par' dir='ltr' id='par_1_91' title="bbox 2303 2498 3900 2572">
     <span class='ocr_line' id='line_1_92' title="bbox 2303 2498 3900 2572; baseline -0.001 -17"><span class='ocrx_word' id='word_1_703' title='bbox 2303 2503 2373 2556; x_wconf 88' lang='lat' dir='ltr'><strong>tia</strong></span> <span class='ocrx_word' id='word_1_704' title='bbox 2403 2500 2604 2556; x_wconf 86' lang='lat' dir='ltr'><strong>babcre</strong></span> <span class='ocrx_word' id='word_1_705' title='bbox 2634 2502 2684 2555; x_wconf 89' lang='lat' dir='ltr'><strong>id</strong></span> <span class='ocrx_word' id='word_1_706' title='bbox 2714 2500 2858 2572; x_wconf 86' lang='lat' dir='ltr'><strong>quod</strong></span> <span class='ocrx_word' id='word_1_707' title='bbox 2886 2513 3044 2557; x_wconf 88' lang='lat' dir='ltr'><strong>natus</strong></span> <span class='ocrx_word' id='word_1_708' title='bbox 3073 2508 3179 2564; x_wconf 84' lang='lat' dir='ltr'><strong>est,</strong></span> <span class='ocrx_word' id='word_1_709' title='bbox 3206 2500 3301 2555; x_wconf 91' lang='lat' dir='ltr'><strong>sed</strong></span> <span class='ocrx_word' id='word_1_710' title='bbox 3329 2500 3399 2556; x_wconf 88' lang='lat' dir='ltr'><strong>de</strong></span> <span class='ocrx_word' id='word_1_711' title='bbox 3428 2500 3720 2556; x_wconf 68' lang='lat' dir='ltr'><strong>viduatate</strong></span> <span class='ocrx_word' id='word_1_712' title='bbox 3745 2498 3900 2554; x_wconf 84' lang='lat' dir='ltr'><strong>dixis-</strong></span> 
     </span>
    </p>
   </div>
   <div class='ocr_carea' id='block_1_92' title="bbox 2301 2590 3904 2663">
    <p class='ocr_par' dir='ltr' id='par_1_92' title="bbox 2301 2590 3904 2663">
     <span class='ocr_line' id='line_1_93' title="bbox 2301 2590 3904 2663; baseline -0.001 -17"><span class='ocrx_word' id='word_1_713' title='bbox 2301 2602 2443 2648; x_wconf 87' lang='lat' dir='ltr'><strong>sent.</strong></span> <span class='ocrx_word' id='word_1_714' title='bbox 2493 2590 2772 2647; x_wconf 59' lang='lat' dir='ltr'><strong>lEternum</strong></span> <span class='ocrx_word' id='word_1_715' title='bbox 2798 2607 3015 2663; x_wconf 79' lang='lat' dir='ltr'><strong>quoque</strong></span> <span class='ocrx_word' id='word_1_716' title='bbox 3041 2608 3163 2647; x_wconf 85' lang='lat' dir='ltr'><strong>cum</strong></span> <span class='ocrx_word' id='word_1_717' title='bbox 3194 2590 3353 2646; x_wconf 83' lang='lat' dir='ltr'><strong>Patre</strong></span> <span class='ocrx_word' id='word_1_718' title='bbox 3381 2607 3505 2649; x_wconf 79' lang='lat' dir='ltr'><strong>esse</strong></span> <span class='ocrx_word' id='word_1_719' title='bbox 3554 2592 3904 2663; x_wconf 73' lang='lat' dir='ltr'><strong>proﬁtemini.</strong></span> 
     </span>
    </p>
   </div>
   <div class='ocr_carea' id='block_1_93' title="bbox 2306 2685 3902 2754">
    <p class='ocr_par' dir='ltr' id='par_1_93' title="bbox 2306 2685 3902 2754">
     <span class='ocr_line' id='line_1_94' title="bbox 2306 2685 3902 2754; baseline -0.001 -13"><span class='ocrx_word' id='word_1_720' title='bbox 2306 2685 2445 2741; x_wconf 88' lang='lat' dir='ltr'><strong>Vere</strong></span> <span class='ocrx_word' id='word_1_721' title='bbox 2483 2698 2616 2742; x_wconf 70' lang='lat' dir='ltr'><strong>sane</strong></span> <span class='ocrx_word' id='word_1_722' title='bbox 2639 2686 2885 2742; x_wconf 80' lang='lat' dir='ltr'><strong>dixeritis</strong></span> <span class='ocrx_word' id='word_1_723' title='bbox 2912 2727 2928 2754; x_wconf 93' lang='lat'><strong>,</strong></span> <span class='ocrx_word' id='word_1_724' title='bbox 2967 2687 3012 2742; x_wconf 87' lang='lat' dir='ltr'><strong>si</strong></span> <span class='ocrx_word' id='word_1_725' title='bbox 3043 2703 3152 2742; x_wconf 89' lang='lat' dir='ltr'><strong>non</strong></span> <span class='ocrx_word' id='word_1_726' title='bbox 3180 2686 3536 2743; x_wconf 87' lang='lat' dir='ltr'><strong>reclamatum</strong></span> <span class='ocrx_word' id='word_1_727' title='bbox 3564 2686 3707 2742; x_wconf 85' lang='lat' dir='ltr'><strong>mihi</strong></span> <span class='ocrx_word' id='word_1_728' title='bbox 3734 2694 3902 2752; x_wconf 88' lang='lat' dir='ltr'><strong>esset,</strong></span> 
     </span>
    </p>
   </div>
   <div class='ocr_carea' id='block_1_94' title="bbox 2300 2781 3904 2852">
    <p class='ocr_par' dir='ltr' id='par_1_94' title="bbox 2300 2781 3904 2852">
     <span class='ocr_line' id='line_1_95' title="bbox 2300 2781 3904 2852; baseline -0.001 -17"><span class='ocrx_word' id='word_1_729' title='bbox 2300 2793 2398 2835; x_wconf 83' lang='lat' dir='ltr'><strong>cur</strong></span> <span class='ocrx_word' id='word_1_730' title='bbox 2428 2791 2554 2837; x_wconf 89' lang='lat' dir='ltr'><strong>ante</strong></span> <span class='ocrx_word' id='word_1_731' title='bbox 2581 2790 2821 2852; x_wconf 87' lang='lat' dir='ltr'><strong>tempora</strong></span> <span class='ocrx_word' id='word_1_732' title='bbox 2850 2789 3051 2836; x_wconf 59' lang='lat' dir='ltr'><strong>eterna</strong></span> <span class='ocrx_word' id='word_1_733' title='bbox 3077 2781 3150 2837; x_wconf 91' lang='lat' dir='ltr'><strong>de</strong></span> <span class='ocrx_word' id='word_1_734' title='bbox 3178 2796 3310 2837; x_wconf 89' lang='lat' dir='ltr'><strong>vero</strong></span> <span class='ocrx_word' id='word_1_735' title='bbox 3342 2792 3493 2852; x_wconf 85' lang='lat' dir='ltr'><strong>patre</strong></span> <span class='ocrx_word' id='word_1_736' title='bbox 3539 2781 3610 2852; x_wconf 77' lang='grc' dir='ltr'><strong>(ἱ)</strong></span> <span class='ocrx_word' id='word_1_737' title='bbox 3660 2782 3775 2839; x_wconf 88' lang='lat' dir='ltr'><strong>Deo</strong></span> <span class='ocrx_word' id='word_1_738' title='bbox 3819 2796 3904 2835; x_wconf 77' lang='lat' dir='ltr'><strong>re-</strong></span> 
     </span>
    </p>
   </div>
   <div class='ocr_carea' id='block_1_95' title="bbox 2302 2875 3901 2947">
    <p class='ocr_par' dir='ltr' id='par_1_95' title="bbox 2302 2875 3901 2947">
     <span class='ocr_line' id='line_1_96' title="bbox 2302 2875 3901 2947; baseline 0.002 -19"><span class='ocrx_word' id='word_1_739' title='bbox 2302 2891 2417 2929; x_wconf 87' lang='lat' dir='ltr'><strong>rum</strong></span> <span class='ocrx_word' id='word_1_740' title='bbox 2442 2875 2776 2946; x_wconf 87' lang='lat' dir='ltr'><strong>unigenitum</strong></span> <span class='ocrx_word' id='word_1_741' title='bbox 2809 2875 2976 2930; x_wconf 86' lang='lat' dir='ltr'><strong>Deum</strong></span> <span class='ocrx_word' id='word_1_742' title='bbox 3001 2885 3186 2931; x_wconf 86' lang='lat' dir='ltr'><strong>natum</strong></span> <span class='ocrx_word' id='word_1_743' title='bbox 3207 2876 3641 2947; x_wconf 72' lang='lat' dir='ltr'><strong>przedicassetis:</strong></span> <span class='ocrx_word' id='word_1_744' title='bbox 3677 2885 3739 2931; x_wconf 90' lang='lat' dir='ltr'><strong>ut</strong></span> <span class='ocrx_word' id='word_1_745' title='bbox 3751 2885 3901 2931; x_wconf 73' lang='lat' dir='ltr'><strong>aster-</strong></span> 
     </span>
    </p>
   </div>
   <div class='ocr_carea' id='block_1_96' title="bbox 2298 2965 3901 3039">
    <p class='ocr_par' dir='ltr' id='par_1_96' title="bbox 2298 2965 3901 3039">
     <span class='ocr_line' id='line_1_97' title="bbox 2298 2965 3901 3039; baseline 0.001 -18"><span class='ocrx_word' id='word_1_746' title='bbox 2298 2965 2439 3021; x_wconf 87' lang='lat' dir='ltr'><strong>nitas</strong></span> <span class='ocrx_word' id='word_1_747' title='bbox 2464 2969 2515 3023; x_wconf 91' lang='lat' dir='ltr'><strong>ei</strong></span> <span class='ocrx_word' id='word_1_748' title='bbox 2542 2982 2665 3022; x_wconf 89' lang='lat' dir='ltr'><strong>cum</strong></span> <span class='ocrx_word' id='word_1_749' title='bbox 2698 2968 2855 3024; x_wconf 86' lang='lat' dir='ltr'><strong>Patre</strong></span> <span class='ocrx_word' id='word_1_750' title='bbox 2901 2969 3217 3037; x_wconf 79' lang='lat' dir='ltr'><strong>angelorum</strong></span> <span class='ocrx_word' id='word_1_751' title='bbox 3258 2970 3679 3039; x_wconf 78' lang='lat' dir='ltr'><strong>animarumque</strong></span> <span class='ocrx_word' id='word_1_752' title='bbox 3717 2969 3901 3024; x_wconf 75' lang='lat' dir='ltr'><strong>buma-</strong></span> 
     </span>
    </p>
   </div>
   <div class='ocr_carea' id='block_1_97' title="bbox 2301 3060 3893 3136">
    <p class='ocr_par' dir='ltr' id='par_1_97' title="bbox 2301 3060 3893 3136">
     <span class='ocr_line' id='line_1_98' title="bbox 2301 3060 3893 3136; baseline 0.001 -19"><span class='ocrx_word' id='word_1_753' title='bbox 2301 3077 2490 3117; x_wconf 87' lang='lat' dir='ltr'><strong>narum</strong></span> <span class='ocrx_word' id='word_1_754' title='bbox 2519 3102 2534 3129; x_wconf 90' lang='lat'><strong>,</strong></span> <span class='ocrx_word' id='word_1_755' title='bbox 2570 3060 2644 3136; x_wconf 84' lang='lat' dir='ltr'><strong>(j)</strong></span> <span class='ocrx_word' id='word_1_756' title='bbox 2676 3076 2781 3117; x_wconf 92' lang='lat' dir='ltr'><strong>non</strong></span> <span class='ocrx_word' id='word_1_757' title='bbox 2808 3061 2916 3133; x_wconf 80' lang='lat' dir='ltr'><strong>iam</strong></span> <span class='ocrx_word' id='word_1_758' title='bbox 2946 3062 3275 3117; x_wconf 90' lang='lat' dir='ltr'><strong>anteriorum</strong></span> <span class='ocrx_word' id='word_1_759' title='bbox 3308 3063 3402 3128; x_wconf 74' lang='lat' dir='ltr'><strong>sit,</strong></span> <span class='ocrx_word' id='word_1_760' title='bbox 3432 3063 3530 3118; x_wconf 81' lang='lat' dir='ltr'><strong>sed</strong></span> <span class='ocrx_word' id='word_1_761' title='bbox 3578 3061 3893 3118; x_wconf 85' lang='lat' dir='ltr'><strong>futurorum.</strong></span> 
     </span>
    </p>
   </div>
   <div class='ocr_carea' id='block_1_98' title="bbox 3444 3220 3900 3292">
    <p class='ocr_par' dir='ltr' id='par_1_98' title="bbox 3444 3220 3900 3292">
     <span class='ocr_line' id='line_1_99' title="bbox 3444 3220 3900 3292; baseline -0.009 -14"><span class='ocrx_word' id='word_1_762' title='bbox 3444 3222 3599 3278; x_wconf 87' lang='lat' dir='ltr'><strong>enior</strong></span> <span class='ocrx_word' id='word_1_763' title='bbox 3625 3230 3685 3279; x_wconf 89' lang='lat' dir='ltr'><strong>et</strong></span> <span class='ocrx_word' id='word_1_764' title='bbox 3705 3220 3900 3292; x_wconf 79' lang='lat' dir='ltr'><strong>perspi-</strong></span> 
     </span>
    </p>
   </div>
   <div class='ocr_carea' id='block_1_99' title="bbox 2286 3292 3894 3362">
    <p class='ocr_par' dir='ltr' id='par_1_99' title="bbox 2286 3292 3894 3362">
     <span class='ocr_line' id='line_1_100' title="bbox 2286 3292 3894 3362; baseline -0.002 -15"><span class='ocrx_word' id='word_1_765' title='bbox 2286 3295 2441 3348; x_wconf 84' lang='lat' dir='ltr'><strong>cuior</strong></span> <span class='ocrx_word' id='word_1_766' title='bbox 2463 3294 2567 3348; x_wconf 90' lang='lat' dir='ltr'><strong>erit</strong></span> <span class='ocrx_word' id='word_1_767' title='bbox 2597 3296 2714 3347; x_wconf 67' lang='lat' dir='ltr'><strong>haec</strong></span> <span class='ocrx_word' id='word_1_768' title='bbox 2745 3294 3017 3362; x_wconf 88' lang='lat' dir='ltr'><strong>sententia</strong></span> <span class='ocrx_word' id='word_1_769' title='bbox 3047 3309 3062 3347; x_wconf 89' lang='lat'>:</span> <span class='ocrx_word' id='word_1_770' title='bbox 3105 3309 3209 3346; x_wconf 87' lang='lat' dir='ltr'><strong>non</strong></span> <span class='ocrx_word' id='word_1_771' title='bbox 3253 3292 3350 3347; x_wconf 80' lang='lat' dir='ltr'><strong>hoc</strong></span> <span class='ocrx_word' id='word_1_772' title='bbox 3380 3292 3584 3349; x_wconf 82' lang='lat' dir='ltr'><strong>dietum</strong></span> <span class='ocrx_word' id='word_1_773' title='bbox 3630 3304 3712 3349; x_wconf 87' lang='lat' dir='ltr'><strong>est</strong></span> <span class='ocrx_word' id='word_1_774' title='bbox 3732 3337 3746 3361; x_wconf 89' lang='lat'><strong>,</strong></span> <span class='ocrx_word' id='word_1_775' title='bbox 3785 3292 3894 3362; x_wconf 74' lang='lat' dir='ltr'><strong>quia</strong></span> 
     </span>
    </p>
   </div>
   <div class='ocr_carea' id='block_1_100' title="bbox 2282 3361 3896 3435">
    <p class='ocr_par' dir='ltr' id='par_1_100' title="bbox 2282 3361 3896 3435">
     <span class='ocr_line' id='line_1_101' title="bbox 2282 3361 3896 3435; baseline 0 -18"><span class='ocrx_word' id='word_1_776' title='bbox 2282 3368 2473 3418; x_wconf 71' lang='lat' dir='ltr'><strong>arentia</strong></span> <span class='ocrx_word' id='word_1_777' title='bbox 2506 3381 2605 3418; x_wconf 85' lang='lat' dir='ltr'><strong>non</strong></span> <span class='ocrx_word' id='word_1_778' title='bbox 2628 3366 2694 3418; x_wconf 85' lang='lat' dir='ltr'><strong>sit</strong></span> <span class='ocrx_word' id='word_1_779' title='bbox 2724 3406 2738 3428; x_wconf 91' lang='lat'><strong>,</strong></span> <span class='ocrx_word' id='word_1_780' title='bbox 2767 3361 2854 3417; x_wconf 88' lang='lat' dir='ltr'><strong>sed</strong></span> <span class='ocrx_word' id='word_1_781' title='bbox 2877 3367 2998 3435; x_wconf 86' lang='lat' dir='ltr'><strong>quia</strong></span> <span class='ocrx_word' id='word_1_782' title='bbox 3026 3365 3313 3433; x_wconf 71' lang='lat' dir='ltr'><strong>excipiatur</strong></span> <span class='ocrx_word' id='word_1_783' title='bbox 3343 3380 3377 3419; x_wconf 80' lang='grc' dir='ltr'><em>α</em></span> <span class='ocrx_word' id='word_1_784' title='bbox 3426 3366 3630 3420; x_wconf 69' lang='lat' dir='ltr'><strong>ueteris</strong></span> <span class='ocrx_word' id='word_1_785' title='bbox 3654 3380 3676 3420; x_wconf 89' lang='lat'><strong><em>:</em></strong></span> <span class='ocrx_word' id='word_1_786' title='bbox 3710 3373 3767 3419; x_wconf 75' lang='lat' dir='ltr'><strong>ut</strong></span> <span class='ocrx_word' id='word_1_787' title='bbox 3788 3361 3896 3417; x_wconf 74' lang='lat' dir='ltr'><strong>licet</strong></span> 
     </span>
    </p>
   </div>
   <div class='ocr_carea' id='block_1_101' title="bbox 2284 3434 3892 3503">
    <p class='ocr_par' dir='ltr' id='par_1_101' title="bbox 2284 3434 3892 3503">
     <span class='ocr_line' id='line_1_102' title="bbox 2284 3434 3892 3503; baseline 0 -16"><span class='ocrx_word' id='word_1_788' title='bbox 2284 3435 2552 3490; x_wconf 80' lang='lat' dir='ltr'><strong>dissimilis</strong></span> <span class='ocrx_word' id='word_1_789' title='bbox 2580 3436 2777 3490; x_wconf 79' lang='lat' dir='ltr'><strong>cwteris</strong></span> <span class='ocrx_word' id='word_1_790' title='bbox 2805 3434 2909 3502; x_wconf 86' lang='lat' dir='ltr'><strong>sit,</strong></span> <span class='ocrx_word' id='word_1_791' title='bbox 2960 3434 3032 3490; x_wconf 87' lang='lat' dir='ltr'><strong>ita</strong></span> <span class='ocrx_word' id='word_1_792' title='bbox 3060 3446 3233 3491; x_wconf 85' lang='lat' dir='ltr'><strong>tamen</strong></span> <span class='ocrx_word' id='word_1_793' title='bbox 3263 3438 3332 3491; x_wconf 89' lang='lat' dir='ltr'><strong>sit</strong></span> <span class='ocrx_word' id='word_1_794' title='bbox 3354 3437 3675 3503; x_wconf 86' lang='lat' dir='ltr'><strong>dissimilis,</strong></span> <span class='ocrx_word' id='word_1_795' title='bbox 3706 3445 3762 3489; x_wconf 76' lang='lat' dir='ltr'><strong>ut</strong></span> <span class='ocrx_word' id='word_1_796' title='bbox 3795 3436 3892 3503; x_wconf 84' lang='lat' dir='ltr'><strong>ipse</strong></span> 
     </span>
    </p>
   </div>
   <div class='ocr_carea' id='block_1_102' title="bbox 2285 3507 2679 3562">
    <p class='ocr_par' dir='ltr' id='par_1_102' title="bbox 2285 3507 2679 3562">
     <span class='ocr_line' id='line_1_103' title="bbox 2285 3507 2679 3562; baseline 0.008 -3"><span class='ocrx_word' id='word_1_797' title='bbox 2285 3507 2431 3561; x_wconf 81' lang='lat' dir='ltr'><strong>aliud</strong></span> <span class='ocrx_word' id='word_1_798' title='bbox 2460 3524 2563 3561; x_wconf 88' lang='lat' dir='ltr'><strong>non</strong></span> <span class='ocrx_word' id='word_1_799' title='bbox 2591 3509 2679 3562; x_wconf 81' lang='lat' dir='ltr'><strong>sit.</strong></span> 
     </span>
    </p>
   </div>
   <div class='ocr_carea' id='block_1_103' title="bbox 2358 3575 3888 3651">
    <p class='ocr_par' dir='ltr' id='par_1_103' title="bbox 2358 3575 3888 3651">
     <span class='ocr_line' id='line_1_104' title="bbox 2358 3575 3888 3651; baseline -0.002 -21"><span class='ocrx_word' id='word_1_800' title='bbox 2358 3577 2445 3651; x_wconf 82' lang='lat' dir='ltr'><strong>(It)</strong></span> <span class='ocrx_word' id='word_1_801' title='bbox 2488 3578 2644 3651; x_wconf 67' lang='lat' dir='ltr'><strong>Puta,</strong></span> <span class='ocrx_word' id='word_1_802' title='bbox 2679 3592 2803 3651; x_wconf 84' lang='lat' dir='ltr'><strong>cum</strong></span> <span class='ocrx_word' id='word_1_803' title='bbox 2831 3575 3014 3651; x_wconf 85' lang='lat' dir='ltr'><strong>Sirmii</strong></span> <span class='ocrx_word' id='word_1_804' title='bbox 3054 3578 3123 3651; x_wconf 84' lang='lat' dir='ltr'><strong>ab</strong></span> <span class='ocrx_word' id='word_1_805' title='bbox 3153 3576 3456 3651; x_wconf 75' lang='lat' dir='ltr'><strong>Ancyrante</strong></span> <span class='ocrx_word' id='word_1_806' title='bbox 3486 3578 3689 3651; x_wconf 86' lang='lat' dir='ltr'><strong>synodi</strong></span> <span class='ocrx_word' id='word_1_807' title='bbox 3716 3577 3888 3651; x_wconf 78' lang='lat' dir='ltr'><strong>legatis</strong></span> 
     </span>
    </p>
   </div>
   <div class='ocr_carea' id='block_1_104' title="bbox 2291 3645 3884 3717">
    <p class='ocr_par' dir='ltr' id='par_1_104' title="bbox 2291 3645 3884 3717">
     <span class='ocr_line' id='line_1_105' title="bbox 2291 3645 3884 3717; baseline -0.003 -14"><span class='ocrx_word' id='word_1_808' title='bbox 2291 3645 2567 3712; x_wconf 75' lang='lat' dir='ltr'><strong>conventi,</strong></span> <span class='ocrx_word' id='word_1_809' title='bbox 2600 3648 3006 3704; x_wconf 82' lang='lat' dir='ltr'><strong>definitionilnts</strong></span> <span class='ocrx_word' id='word_1_810' title='bbox 3030 3650 3241 3704; x_wconf 89' lang='lat' dir='ltr'><strong>illorum</strong></span> <span class='ocrx_word' id='word_1_811' title='bbox 3264 3645 3611 3705; x_wconf 77' lang='lat' dir='ltr'><strong>subscribere</strong></span> <span class='ocrx_word' id='word_1_812' title='bbox 3636 3645 3884 3717; x_wconf 81' lang='lat' dir='ltr'><strong>compulsi</strong></span> 
     </span>
    </p>
   </div>
   <div class='ocr_carea' id='block_1_105' title="bbox 2289 3719 3885 3791">
    <p class='ocr_par' dir='ltr' id='par_1_105' title="bbox 2289 3719 3885 3791">
     <span class='ocr_line' id='line_1_106' title="bbox 2289 3719 3885 3791; baseline -0.003 -16"><span class='ocrx_word' id='word_1_813' title='bbox 2289 3728 2441 3791; x_wconf 84' lang='lat' dir='ltr'><strong>sunt.</strong></span> <span class='ocrx_word' id='word_1_814' title='bbox 2477 3722 2669 3788; x_wconf 76' lang='lat' dir='ltr'><strong>quibus</strong></span> <span class='ocrx_word' id='word_1_815' title='bbox 2698 3720 3028 3791; x_wconf 79' lang='lat' dir='ltr'><strong>danmantnr</strong></span> <span class='ocrx_word' id='word_1_816' title='bbox 3053 3761 3067 3782; x_wconf 88' lang='lat'><strong>,</strong></span> <span class='ocrx_word' id='word_1_817' title='bbox 3112 3721 3202 3791; x_wconf 90' lang='lat' dir='ltr'><strong>qtti</strong></span> <span class='ocrx_word' id='word_1_818' title='bbox 3236 3719 3431 3776; x_wconf 86' lang='lat' dir='ltr'><strong>Filium</strong></span> <span class='ocrx_word' id='word_1_819' title='bbox 3467 3736 3597 3777; x_wconf 89' lang='lat' dir='ltr'><strong>vere</strong></span> <span class='ocrx_word' id='word_1_820' title='bbox 3624 3730 3681 3776; x_wconf 89' lang='lat' dir='ltr'><strong>et</strong></span> <span class='ocrx_word' id='word_1_821' title='bbox 3708 3733 3885 3774; x_wconf 76' lang='lat' dir='ltr'><strong>secun-</strong></span> 
     </span>
    </p>
   </div>
   <div class='ocr_carea' id='block_1_106' title="bbox 2285 3790 3880 3862">
    <p class='ocr_par' dir='ltr' id='par_1_106' title="bbox 2285 3790 3880 3862">
     <span class='ocr_line' id='line_1_107' title="bbox 2285 3790 3880 3862; baseline 0 -17"><span class='ocrx_word' id='word_1_822' title='bbox 2285 3790 2414 3846; x_wconf 90' lang='lat' dir='ltr'><strong>dum</strong></span> <span class='ocrx_word' id='word_1_823' title='bbox 2464 3792 2819 3845; x_wconf 86' lang='lat' dir='ltr'><strong>substantiam</strong></span> <span class='ocrx_word' id='word_1_824' title='bbox 2868 3790 3031 3862; x_wconf 80' lang='lat' dir='ltr'><strong>lilium</strong></span> <span class='ocrx_word' id='word_1_825' title='bbox 3062 3790 3183 3845; x_wconf 85' lang='lat' dir='ltr'><strong>esse</strong></span> <span class='ocrx_word' id='word_1_826' title='bbox 3228 3803 3463 3862; x_wconf 80' lang='lat' dir='ltr'><strong>negant;</strong></span> <span class='ocrx_word' id='word_1_827' title='bbox 3503 3801 3599 3847; x_wconf 86' lang='lat' dir='ltr'><strong>aut</strong></span> <span class='ocrx_word' id='word_1_828' title='bbox 3649 3791 3738 3858; x_wconf 85' lang='lat' dir='ltr'><strong>qui</strong></span> <span class='ocrx_word' id='word_1_829' title='bbox 3770 3806 3880 3849; x_wconf 85' lang='lat' dir='ltr'><strong>eum</strong></span> 
     </span>
    </p>
   </div>
   <div class='ocr_carea' id='block_1_107' title="bbox 2286 3859 3881 3921">
    <p class='ocr_par' dir='ltr' id='par_1_107' title="bbox 2286 3859 3881 3921">
     <span class='ocr_line' id='line_1_108' title="bbox 2286 3859 3881 3921; baseline -0.001 -6"><span class='ocrx_word' id='word_1_830' title='bbox 2286 3872 2497 3916; x_wconf 88' lang='lat' dir='ltr'><strong>tantum</strong></span> <span class='ocrx_word' id='word_1_831' title='bbox 2544 3863 2840 3916; x_wconf 83' lang='lat' dir='ltr'><strong>secundum</strong></span> <span class='ocrx_word' id='word_1_832' title='bbox 2884 3859 3181 3916; x_wconf 78' lang='lat' dir='ltr'><strong>efﬁcaciam</strong></span> <span class='ocrx_word' id='word_1_833' title='bbox 3216 3859 3404 3921; x_wconf 76' lang='lat' dir='ltr'><strong>filium.</strong></span> <span class='ocrx_word' id='word_1_834' title='bbox 3438 3874 3492 3918; x_wconf 91' lang='lat' dir='ltr'><strong>ct</strong></span> <span class='ocrx_word' id='word_1_835' title='bbox 3532 3863 3752 3918; x_wconf 81' lang='lat' dir='ltr'><strong>Patrem</strong></span> <span class='ocrx_word' id='word_1_836' title='bbox 3783 3862 3881 3921; x_wconf 79' lang='lat' dir='ltr'><strong>dis-</strong></span> 
     </span>
    </p>
   </div>
   <div class='ocr_carea' id='block_1_108' title="bbox 2269 3931 3875 3997">
    <p class='ocr_par' dir='ltr' id='par_1_108' title="bbox 2269 3931 3875 3997">
     <span class='ocr_line' id='line_1_109' title="bbox 2269 3931 3875 3997; baseline 0.001 -10"><span class='ocrx_word' id='word_1_837' title='bbox 2269 3933 2483 3988; x_wconf 69' lang='lat' dir='ltr'><strong>similis</strong></span> <span class='ocrx_word' id='word_1_838' title='bbox 2532 3931 2634 3987; x_wconf 89' lang='lat' dir='ltr'><strong>sibi</strong></span> <span class='ocrx_word' id='word_1_839' title='bbox 2665 3934 2915 3988; x_wconf 79' lang='lat' dir='ltr'><strong>essentia:</strong></span> <span class='ocrx_word' id='word_1_840' title='bbox 2946 3941 3147 3997; x_wconf 76' lang='lat' dir='ltr'><strong>patrem</strong></span> <span class='ocrx_word' id='word_1_841' title='bbox 3171 3948 3292 3989; x_wconf 84' lang='lat' dir='ltr'><strong>esse</strong></span> <span class='ocrx_word' id='word_1_842' title='bbox 3319 3933 3612 3988; x_wconf 80' lang='lat' dir='ltr'><strong>afﬁrmant.</strong></span> <span class='ocrx_word' id='word_1_843' title='bbox 3650 3932 3764 3989; x_wconf 87' lang='lat' dir='ltr'><strong>Vid.</strong></span> <span class='ocrx_word' id='word_1_844' title='bbox 3791 3934 3875 3991; x_wconf 92' lang='lat' dir='ltr'><strong>lib.</strong></span> 
     </span>
    </p>
   </div>
   <div class='ocr_carea' id='block_1_109' title="bbox 2279 4002 3874 4076">
    <p class='ocr_par' dir='ltr' id='par_1_109' title="bbox 2279 4002 3874 4076">
     <span class='ocr_line' id='line_1_110' title="bbox 2279 4002 3874 4076; baseline 0.003 -19"><span class='ocrx_word' id='word_1_845' title='bbox 2279 4006 2347 4059; x_wconf 89' lang='lat' dir='ltr'><strong>de</strong></span> <span class='ocrx_word' id='word_1_846' title='bbox 2370 4005 2576 4076; x_wconf 84' lang='lat' dir='ltr'><strong>Synod.</strong></span> <span class='ocrx_word' id='word_1_847' title='bbox 2613 4020 2667 4059; x_wconf 86' lang='grc' dir='ltr'>ιι.</span> <span class='ocrx_word' id='word_1_848' title='bbox 2701 4002 2778 4076; x_wconf 70' lang='grc' dir='ltr'><strong>ιι</strong></span> <span class='ocrx_word' id='word_1_849' title='bbox 2808 4015 2876 4076; x_wconf 90' lang='lat' dir='ltr'><strong>et_</strong></span> <span class='ocrx_word' id='word_1_850' title='bbox 2912 4003 2999 4076; x_wconf 71' lang='lat' dir='ltr'><strong>i9.</strong></span> <span class='ocrx_word' id='word_1_851' title='bbox 3046 4005 3315 4076; x_wconf 10' lang='lat' dir='ltr'><strong>PrteteVrea</strong></span> <span class='ocrx_word' id='word_1_852' title='bbox 3358 4003 3721 4075; x_wconf 63' lang='lat' dir='ltr'><strong>Epiphanius,</strong></span> <span class='ocrx_word' id='word_1_853' title='bbox 3750 4006 3874 4062; x_wconf 70' lang='lat' dir='ltr'><strong>ltzer.</strong></span> 
     </span>
    </p>
   </div>
   <div class='ocr_carea' id='block_1_110' title="bbox 2280 4073 3873 4141">
    <p class='ocr_par' dir='ltr' id='par_1_110' title="bbox 2280 4073 3873 4141">
     <span class='ocr_line' id='line_1_111' title="bbox 2280 4073 3873 4141; baseline 0.001 -10"><span class='ocrx_word' id='word_1_854' title='bbox 2280 4073 2463 4141; x_wconf 35' lang='lat' dir='ltr'><strong>Lutl&#39;t,</strong></span> <span class='ocrx_word' id='word_1_855' title='bbox 2488 4075 2804 4131; x_wconf 84' lang='lat' dir='ltr'><strong>eortttndetn</strong></span> <span class='ocrx_word' id='word_1_856' title='bbox 2842 4073 3192 4130; x_wconf 81' lang='lat' dir='ltr'><strong>Orietttalttttn</strong></span> <span class='ocrx_word' id='word_1_857' title='bbox 3217 4073 3769 4138; x_wconf 21' lang='lat' dir='ltr'><strong>libellunt’describit,</strong></span> <span class='ocrx_word' id='word_1_858' title='bbox 3814 4078 3873 4133; x_wconf 74' lang='lat' dir='ltr'><strong>ad</strong></span> 
     </span>
    </p>
   </div>
   <div class='ocr_carea' id='block_1_111' title="bbox 2277 4145 3872 4215">
    <p class='ocr_par' dir='ltr' id='par_1_111' title="bbox 2277 4145 3872 4215">
     <span class='ocr_line' id='line_1_112' title="bbox 2277 4145 3872 4215; baseline -0.001 -13"><span class='ocrx_word' id='word_1_859' title='bbox 2277 4152 2430 4215; x_wconf 77' lang='lat' dir='ltr'><strong>Cujus</strong></span> <span class='ocrx_word' id='word_1_860' title='bbox 2454 4156 2657 4202; x_wconf 87' lang='lat' dir='ltr'><strong>calcem</strong></span> <span class='ocrx_word' id='word_1_861' title='bbox 2688 4162 2836 4215; x_wconf 79' lang='lat' dir='ltr'><strong>num.</strong></span> <span class='ocrx_word' id='word_1_862' title='bbox 2860 4145 2955 4209; x_wconf 74' lang='lat'><strong>22,</strong></span> <span class='ocrx_word' id='word_1_863' title='bbox 2991 4146 3187 4215; x_wconf 82' lang='lat' dir='ltr'><strong>legitur</strong></span> <span class='ocrx_word' id='word_1_864' title='bbox 3217 4164 3230 4199; x_wconf 90' lang='lat'>:</span> <span class='ocrx_word' id='word_1_865' title='bbox 3261 4146 3323 4202; x_wconf 83' lang='lat' dir='ltr'><strong>Si</strong></span> <span class='ocrx_word' id='word_1_866' title='bbox 3345 4148 3460 4215; x_wconf 85' lang='lat' dir='ltr'><strong>quis</strong></span> <span class='ocrx_word' id='word_1_867' title='bbox 3500 4165 3601 4201; x_wconf 83' lang='lat' dir='ltr'><strong>non</strong></span> <span class='ocrx_word' id='word_1_868' title='bbox 3636 4149 3691 4201; x_wconf 86' lang='lat' dir='ltr'><strong>in</strong></span> <span class='ocrx_word' id='word_1_869' title='bbox 3720 4150 3872 4201; x_wconf 73' lang='lat' dir='ltr'><strong>omni-</strong></span> 
     </span>
    </p>
   </div>
   <div class='ocr_carea' id='block_1_112' title="bbox 2277 4214 3873 4286">
    <p class='ocr_par' dir='ltr' id='par_1_112' title="bbox 2277 4214 3873 4286">
     <span class='ocr_line' id='line_1_113' title="bbox 2277 4214 3873 4286; baseline 0.001 -15"><span class='ocrx_word' id='word_1_870' title='bbox 2277 4214 2368 4271; x_wconf 84' lang='lat' dir='ltr'><strong>bus</strong></span> <span class='ocrx_word' id='word_1_871' title='bbox 2397 4219 2614 4272; x_wconf 76' lang='lat' dir='ltr'><strong>similem</strong></span> <span class='ocrx_word' id='word_1_872' title='bbox 2654 4233 2761 4272; x_wconf 84' lang='lat' dir='ltr'><strong>esse</strong></span> <span class='ocrx_word' id='word_1_873' title='bbox 2802 4214 2951 4271; x_wconf 84' lang='lat' dir='ltr'><strong>Patri</strong></span> <span class='ocrx_word' id='word_1_874' title='bbox 3007 4214 3224 4281; x_wconf 74' lang='lat' dir='ltr'><strong>Filium,</strong></span> <span class='ocrx_word' id='word_1_875' title='bbox 3267 4218 3700 4285; x_wconf 79' lang='lat' dir='ltr'><strong>quemadmodum</strong></span> <span class='ocrx_word' id='word_1_876' title='bbox 3747 4220 3873 4286; x_wconf 73' lang='lat' dir='ltr'><strong>patri</strong></span> 
     </span>
    </p>
   </div>
   <div class='ocr_carea' id='block_1_113' title="bbox 2276 4286 3869 4359">
    <p class='ocr_par' dir='ltr' id='par_1_113' title="bbox 2276 4286 3869 4359">
     <span class='ocr_line' id='line_1_114' title="bbox 2276 4286 3869 4359; baseline -0.001 -18"><span class='ocrx_word' id='word_1_877' title='bbox 2276 4291 2461 4344; x_wconf 81' lang='lat' dir='ltr'><strong>similis</strong></span> <span class='ocrx_word' id='word_1_878' title='bbox 2492 4297 2563 4343; x_wconf 75' lang='lat' dir='ltr'><strong>est</strong></span> <span class='ocrx_word' id='word_1_879' title='bbox 2590 4287 2771 4359; x_wconf 76' lang='lat' dir='ltr'><strong>ﬁlius;</strong></span> <span class='ocrx_word' id='word_1_880' title='bbox 2800 4286 2888 4342; x_wconf 85' lang='lat' dir='ltr'><strong>sed</strong></span> <span class='ocrx_word' id='word_1_881' title='bbox 2911 4289 3169 4342; x_wconf 78' lang='lat' dir='ltr'><strong>uoluntate</strong></span> <span class='ocrx_word' id='word_1_882' title='bbox 3192 4290 3435 4354; x_wconf 78' lang='lat' dir='ltr'><strong>similem,</strong></span> <span class='ocrx_word' id='word_1_883' title='bbox 3462 4290 3748 4344; x_wconf 79' lang='lat' dir='ltr'><strong>substantia</strong></span> <span class='ocrx_word' id='word_1_884' title='bbox 3768 4289 3869 4341; x_wconf 78' lang='lat' dir='ltr'><strong>dis-</strong></span> 
     </span>
    </p>
   </div>
   <div class='ocr_carea' id='block_1_114' title="bbox 2276 4360 3869 4431">
    <p class='ocr_par' dir='ltr' id='par_1_114' title="bbox 2276 4360 3869 4431">
     <span class='ocr_line' id='line_1_115' title="bbox 2276 4360 3869 4431; baseline 0.001 -18"><span class='ocrx_word' id='word_1_885' title='bbox 2276 4362 2491 4414; x_wconf 66' lang='lat' dir='ltr'><strong>similem</strong></span> <span class='ocrx_word' id='word_1_886' title='bbox 2511 4377 2617 4413; x_wconf 82' lang='lat' dir='ltr'><strong>esse</strong></span> <span class='ocrx_word' id='word_1_887' title='bbox 2637 4360 2845 4423; x_wconf 73' lang='lat' dir='ltr'><strong>dixerit,</strong></span> <span class='ocrx_word' id='word_1_888' title='bbox 2863 4360 3135 4415; x_wconf 78' lang='lat' dir='ltr'><strong>anathenm</strong></span> <span class='ocrx_word' id='word_1_889' title='bbox 3161 4361 3260 4413; x_wconf 85' lang='lat' dir='ltr'><strong>sit:</strong></span> <span class='ocrx_word' id='word_1_890' title='bbox 3280 4363 3439 4431; x_wconf 77' lang='lat' dir='ltr'><strong>eique</strong></span> <span class='ocrx_word' id='word_1_891' title='bbox 3463 4361 3758 4416; x_wconf 72' lang='lat' dir='ltr'><strong>detinitiotti</strong></span> <span class='ocrx_word' id='word_1_892' title='bbox 3780 4376 3869 4414; x_wconf 84' lang='lat' dir='ltr'><strong>no-</strong></span> 
     </span>
    </p>
   </div>
   <div class='ocr_carea' id='block_1_115' title="bbox 2277 4432 3864 4501">
    <p class='ocr_par' dir='ltr' id='par_1_115' title="bbox 2277 4432 3864 4501">
     <span class='ocr_line' id='line_1_116' title="bbox 2277 4432 3864 4501; baseline 0 -17"><span class='ocrx_word' id='word_1_893' title='bbox 2277 4434 2516 4485; x_wconf 88' lang='lat' dir='ltr'><strong>minatint</strong></span> <span class='ocrx_word' id='word_1_894' title='bbox 2547 4432 2823 4488; x_wconf 80' lang='lat' dir='ltr'><strong>Valentem</strong></span> <span class='ocrx_word' id='word_1_895' title='bbox 2857 4432 3245 4501; x_wconf 71' lang='lat' dir='ltr'><strong>subscripsisse</strong></span> <span class='ocrx_word' id='word_1_896' title='bbox 3297 4432 3636 4487; x_wconf 86' lang='lat' dir='ltr'><strong>testificatur.</strong></span> <span class='ocrx_word' id='word_1_897' title='bbox 3684 4433 3864 4497; x_wconf 73' lang='lat' dir='ltr'><strong>Antea,</strong></span> 
     </span>
    </p>
   </div>
   <div class='ocr_carea' id='block_1_116' title="bbox 2278 4501 3864 4626">
    <p class='ocr_par' dir='ltr' id='par_1_116' title="bbox 2278 4501 3864 4626">
     <span class='ocr_line' id='line_1_117' title="bbox 2278 4501 3864 4626; baseline 0 -70"><span class='ocrx_word' id='word_1_898' title='bbox 2278 4518 2373 4626; x_wconf 60' lang='lat' dir='ltr'><strong>pro</strong></span> <span class='ocrx_word' id='word_1_899' title='bbox 2400 4504 2452 4556; x_wconf 89' lang='lat' dir='ltr'><strong>in</strong></span> <span class='ocrx_word' id='word_1_900' title='bbox 2480 4503 2827 4563; x_wconf 79' lang='lat' dir='ltr'><strong>conventibus.</strong></span> <span class='ocrx_word' id='word_1_901' title='bbox 2856 4504 2992 4557; x_wconf 82' lang='lat' dir='ltr'><strong>forte</strong></span> <span class='ocrx_word' id='word_1_902' title='bbox 3032 4501 3318 4572; x_wconf 83' lang='lat' dir='ltr'><strong>legendum</strong></span> <span class='ocrx_word' id='word_1_903' title='bbox 3365 4504 3765 4558; x_wconf 78' lang='lat' dir='ltr'><strong>conniventibus.</strong></span> <span class='ocrx_word' id='word_1_904' title='bbox 3814 4503 3864 4557; x_wconf 90' lang='lat' dir='ltr'><strong>ln</strong></span> 
     </span>
     <span class='ocr_line' id='line_1_118' title="bbox 2295 4571 3864 4626; baseline 0 0"><span class='ocrx_word' id='word_1_905' title='bbox 2295 4590 2379 4626; x_wconf 84' lang='lat' dir='ltr'><strong>tac</strong></span> <span class='ocrx_word' id='word_1_906' title='bbox 2400 4576 2543 4626; x_wconf 82' lang='lat' dir='ltr'><strong>enim</strong></span> <span class='ocrx_word' id='word_1_907' title='bbox 2569 4588 2755 4626; x_wconf 87' lang='lat' dir='ltr'><strong>eorum</strong></span> <span class='ocrx_word' id='word_1_908' title='bbox 2785 4572 3181 4626; x_wconf 71' lang='lat' dir='ltr'><strong>subscriptione</strong></span> <span class='ocrx_word' id='word_1_909' title='bbox 3204 4571 3513 4626; x_wconf 75' lang='lat' dir='ltr'><strong>Orientales</strong></span> <span class='ocrx_word' id='word_1_910' title='bbox 3541 4574 3864 4626; x_wconf 85' lang='lat' dir='ltr'><strong>conniventia</strong></span> 
     </span>
    </p>
   </div>
   <div class='ocr_carea' id='block_1_117' title="bbox 2295 4571 3865 4643">
    <p class='ocr_par' dir='ltr' id='par_1_117' title="bbox 2295 4571 3865 4643">
     <span class='ocr_line' id='line_1_119' title="bbox 2295 4571 3865 4643; baseline 0.001 -18"><span class='ocrx_word' id='word_1_911' title='bbox 2295 4590 2379 4628; x_wconf 75' lang='lat' dir='ltr'><strong>iac</strong></span> <span class='ocrx_word' id='word_1_912' title='bbox 2400 4576 2543 4629; x_wconf 82' lang='lat' dir='ltr'><strong>enim</strong></span> <span class='ocrx_word' id='word_1_913' title='bbox 2569 4588 2755 4628; x_wconf 87' lang='lat' dir='ltr'><strong>eorum</strong></span> <span class='ocrx_word' id='word_1_914' title='bbox 2785 4571 3181 4643; x_wconf 72' lang='lat' dir='ltr'><strong>subscriptione</strong></span> <span class='ocrx_word' id='word_1_915' title='bbox 3204 4571 3513 4629; x_wconf 77' lang='lat' dir='ltr'><strong>Orientales</strong></span> <span class='ocrx_word' id='word_1_916' title='bbox 3541 4574 3865 4630; x_wconf 85' lang='lat' dir='ltr'><strong>eonniventia</strong></span> 
     </span>
    </p>
   </div>
   <div class='ocr_carea' id='block_1_118' title="bbox 2281 4643 3859 4770">
    <p class='ocr_par' dir='ltr' id='par_1_118' title="bbox 2281 4643 3859 4770">
     <span class='ocr_line' id='line_1_120' title="bbox 2281 4643 3859 4770; baseline 0 -73"><span class='ocrx_word' id='word_1_917' title='bbox 2281 4659 2436 4770; x_wconf 50' lang='lat' dir='ltr'><strong>nso‘s5</strong></span> <span class='ocrx_word' id='word_1_918' title='bbox 2454 4660 2576 4699; x_wconf 84' lang='lat' dir='ltr'><strong>esse</strong></span> <span class='ocrx_word' id='word_1_919' title='bbox 2626 4652 2778 4699; x_wconf 85' lang='lat' dir='ltr'><strong>notat</strong></span> <span class='ocrx_word' id='word_1_920' title='bbox 2834 4659 2897 4699; x_wconf 88' lang='lat' dir='ltr'><strong>ac</strong></span> <span class='ocrx_word' id='word_1_921' title='bbox 2928 4643 3107 4699; x_wconf 86' lang='lat' dir='ltr'><strong>laudat</strong></span> <span class='ocrx_word' id='word_1_922' title='bbox 3160 4645 3415 4714; x_wconf 85' lang='lat' dir='ltr'><strong>Hilarius,</strong></span> <span class='ocrx_word' id='word_1_923' title='bbox 3447 4645 3540 4700; x_wconf 89' lang='lat' dir='ltr'><strong>lib.</strong></span> <span class='ocrx_word' id='word_1_924' title='bbox 3564 4648 3635 4703; x_wconf 89' lang='lat' dir='ltr'><strong>de</strong></span> <span class='ocrx_word' id='word_1_925' title='bbox 3671 4643 3859 4717; x_wconf 83' lang='lat' dir='ltr'><strong>Synod.</strong></span> 
     </span>
     <span class='ocr_line' id='line_1_121' title="bbox 2283 4733 2453 4770; baseline -0.012 0"><span class='ocrx_word' id='word_1_926' title='bbox 2283 4733 2337 4770; x_wconf 86' lang='lat' dir='ltr'><strong>ll.</strong></span> <span class='ocrx_word' id='word_1_927' title='bbox 2386 4740 2394 4766; x_wconf 83' lang='grc' dir='ltr'><strong>ι</strong></span> <span class='ocrx_word' id='word_1_928' title='bbox 2444 4759 2453 4768; x_wconf 93' lang='grc'><strong>.</strong></span> 
     </span>
    </p>
   </div>
   <div class='ocr_carea' id='block_1_119' title="bbox 2283 4724 2453 4771">
    <p class='ocr_par' dir='ltr' id='par_1_119' title="bbox 2283 4724 2453 4771">
     <span class='ocr_line' id='line_1_122' title="bbox 2283 4724 2453 4771; baseline -0.012 -1"><span class='ocrx_word' id='word_1_929' title='bbox 2283 4733 2337 4771; x_wconf 85' lang='lat' dir='ltr'><strong>ll.</strong></span> <span class='ocrx_word' id='word_1_930' title='bbox 2368 4724 2453 4770; x_wconf 71' lang='grc' dir='ltr'><strong>(ιζ’).</strong></span> 
     </span>
    </p>
   </div>
   <div class='ocr_carea' id='block_1_120' title="bbox 2351 4786 3854 4860">
    <p class='ocr_par' dir='ltr' id='par_1_120' title="bbox 2351 4786 3854 4860">
     <span class='ocr_line' id='line_1_123' title="bbox 2351 4786 3854 4860; baseline -0.002 -19"><span class='ocrx_word' id='word_1_931' title='bbox 2351 4788 2414 4860; x_wconf 88' lang='lat' dir='ltr'><strong>(i)</strong></span> <span class='ocrx_word' id='word_1_932' title='bbox 2453 4786 2529 4860; x_wconf 81' lang='lat' dir='ltr'><strong>Ita</strong></span> <span class='ocrx_word' id='word_1_933' title='bbox 2570 4787 2934 4860; x_wconf 62' lang='lat' dir='ltr'><strong>emendamus</strong></span> <span class='ocrx_word' id='word_1_934' title='bbox 2954 4802 2967 4839; x_wconf 92' lang='lat'><strong>:</strong></span> <span class='ocrx_word' id='word_1_935' title='bbox 2998 4801 3119 4842; x_wconf 89' lang='lat' dir='ltr'><strong>cum</strong></span> <span class='ocrx_word' id='word_1_936' title='bbox 3150 4803 3215 4843; x_wconf 80' lang='lat' dir='ltr'><strong>ex</strong></span> <span class='ocrx_word' id='word_1_937' title='bbox 3264 4801 3365 4842; x_wconf 89' lang='lat' dir='ltr'><strong>ms.</strong></span> <span class='ocrx_word' id='word_1_938' title='bbox 3416 4787 3562 4843; x_wconf 83' lang='lat' dir='ltr'><strong>Pith.</strong></span> <span class='ocrx_word' id='word_1_939' title='bbox 3606 4788 3854 4860; x_wconf 65' lang='lat' dir='ltr'><strong>vulgatum</strong></span> 
     </span>
    </p>
   </div>
   <div class='ocr_carea' id='block_1_121' title="bbox 2274 4857 3852 4930">
    <p class='ocr_par' dir='ltr' id='par_1_121' title="bbox 2274 4857 3852 4930">
     <span class='ocr_line' id='line_1_124' title="bbox 2274 4857 3852 4930; baseline -0.003 -16"><span class='ocrx_word' id='word_1_940' title='bbox 2274 4857 2443 4925; x_wconf 80' lang='lat' dir='ltr'><strong>esset,</strong></span> <span class='ocrx_word' id='word_1_941' title='bbox 2476 4857 2539 4915; x_wconf 85' lang='lat' dir='ltr'><strong>de</strong></span> <span class='ocrx_word' id='word_1_942' title='bbox 2569 4874 2686 4911; x_wconf 84' lang='lat' dir='ltr'><strong>vero</strong></span> <span class='ocrx_word' id='word_1_943' title='bbox 2721 4870 2865 4930; x_wconf 83' lang='lat' dir='ltr'><strong>patre</strong></span> <span class='ocrx_word' id='word_1_944' title='bbox 2896 4857 3064 4912; x_wconf 86' lang='lat' dir='ltr'><strong>Deum</strong></span> <span class='ocrx_word' id='word_1_945' title='bbox 3111 4874 3287 4913; x_wconf 80' lang='lat' dir='ltr'><strong>verum</strong></span> <span class='ocrx_word' id='word_1_946' title='bbox 3327 4860 3656 4930; x_wconf 71' lang='lat' dir='ltr'><strong>unigenitum</strong></span> <span class='ocrx_word' id='word_1_947' title='bbox 3708 4858 3852 4912; x_wconf 74' lang='lat' dir='ltr'><strong>Deum</strong></span> 
     </span>
    </p>
   </div>
   <div class='ocr_carea' id='block_1_122' title="bbox 2272 4929 3852 5000">
    <p class='ocr_par' dir='ltr' id='par_1_122' title="bbox 2272 4929 3852 5000">
     <span class='ocr_line' id='line_1_125' title="bbox 2272 4929 3852 5000; baseline -0.001 -18"><span class='ocrx_word' id='word_1_948' title='bbox 2272 4940 2452 4984; x_wconf 85' lang='lat' dir='ltr'><strong>natum</strong></span> <span class='ocrx_word' id='word_1_949' title='bbox 2483 4930 2864 5000; x_wconf 69' lang='lat' dir='ltr'><strong>prmdicassrm.</strong></span> <span class='ocrx_word' id='word_1_950' title='bbox 2925 4931 3146 4984; x_wconf 86' lang='lat' dir='ltr'><strong>Planum</strong></span> <span class='ocrx_word' id='word_1_951' title='bbox 3196 4942 3279 4987; x_wconf 89' lang='lat' dir='ltr'><strong>est</strong></span> <span class='ocrx_word' id='word_1_952' title='bbox 3320 4929 3410 4986; x_wconf 84' lang='lat' dir='ltr'><strong>hic</strong></span> <span class='ocrx_word' id='word_1_953' title='bbox 3433 4929 3557 4985; x_wconf 85' lang='lat' dir='ltr'><strong>eam</strong></span> <span class='ocrx_word' id='word_1_954' title='bbox 3593 4930 3852 4985; x_wconf 84' lang='lat' dir='ltr'><strong>formulam</strong></span> 
     </span>
    </p>
   </div>
   <div class='ocr_carea' id='block_1_123' title="bbox 2272 5001 3849 5072">
    <p class='ocr_par' dir='ltr' id='par_1_123' title="bbox 2272 5001 3849 5072">
     <span class='ocr_line' id='line_1_126' title="bbox 2272 5001 3849 5072; baseline -0.003 -17"><span class='ocrx_word' id='word_1_955' title='bbox 2272 5001 2513 5072; x_wconf 78' lang='lat' dir='ltr'><strong>refutari,</strong></span> <span class='ocrx_word' id='word_1_956' title='bbox 2567 5016 2631 5055; x_wconf 86' lang='lat' dir='ltr'><strong>ex</strong></span> <span class='ocrx_word' id='word_1_957' title='bbox 2682 5018 2785 5072; x_wconf 90' lang='lat' dir='ltr'><strong>qua</strong></span> <span class='ocrx_word' id='word_1_958' title='bbox 2858 5003 3156 5056; x_wconf 76' lang='lat' dir='ltr'><strong>Auxentius</strong></span> <span class='ocrx_word' id='word_1_959' title='bbox 3224 5013 3408 5065; x_wconf 76' lang='lat' dir='ltr'><strong>postea</strong></span> <span class='ocrx_word' id='word_1_960' title='bbox 3464 5002 3734 5071; x_wconf 60' lang='lat' dir='ltr'><strong>profesams</strong></span> <span class='ocrx_word' id='word_1_961' title='bbox 3778 5004 3849 5072; x_wconf 77' lang='lat' dir='ltr'><strong>est</strong></span> 
     </span>
    </p>
   </div>
   <div class='ocr_carea' id='block_1_124' title="bbox 2267 5070 3848 5144">
    <p class='ocr_par' dir='ltr' id='par_1_124' title="bbox 2267 5070 3848 5144">
     <span class='ocr_line' id='line_1_127' title="bbox 2267 5070 3848 5144; baseline 0.001 -20"><span class='ocrx_word' id='word_1_962' title='bbox 2267 5071 2541 5144; x_wconf 55' lang='lat' dir='ltr'><strong>Christum</strong></span> <span class='ocrx_word' id='word_1_963' title='bbox 2582 5070 2713 5144; x_wconf 63' lang='lat' dir='ltr'><strong>ante</strong></span> <span class='ocrx_word' id='word_1_964' title='bbox 2746 5073 2916 5126; x_wconf 87' lang='lat' dir='ltr'><strong>omnia</strong></span> <span class='ocrx_word' id='word_1_965' title='bbox 2947 5083 3174 5144; x_wconf 86' lang='lat' dir='ltr'><strong>tempora</strong></span> <span class='ocrx_word' id='word_1_966' title='bbox 3202 5082 3380 5127; x_wconf 73' lang='lat' dir='ltr'><strong>nutum</strong></span> <span class='ocrx_word' id='word_1_967' title='bbox 3414 5070 3578 5129; x_wconf 80' lang='lat' dir='ltr'><strong>Deum</strong></span> 
     </span>
    </p>
   </div>
   <div class='ocr_carea' id='block_1_125' title="bbox 2269 5140 3847 5212">
    <p class='ocr_par' dir='ltr' id='par_1_125' title="bbox 2269 5140 3847 5212">
     <span class='ocr_line' id='line_1_128' title="bbox 2269 5140 3847 5212; baseline 0 -17"><span class='ocrx_word' id='word_1_968' title='bbox 2269 5141 2399 5196; x_wconf 88' lang='lat' dir='ltr'><strong>lium</strong></span> <span class='ocrx_word' id='word_1_969' title='bbox 2427 5160 2489 5198; x_wconf 75' lang='lat' dir='ltr'><strong>ex</strong></span> <span class='ocrx_word' id='word_1_970' title='bbox 2515 5159 2634 5197; x_wconf 83' lang='lat' dir='ltr'><strong>vero</strong></span> <span class='ocrx_word' id='word_1_971' title='bbox 2660 5141 2770 5197; x_wconf 89' lang='lat' dir='ltr'><strong>Deo</strong></span> <span class='ocrx_word' id='word_1_972' title='bbox 2801 5153 2965 5211; x_wconf 87' lang='lat' dir='ltr'><strong>patre.</strong></span> <span class='ocrx_word' id='word_1_973' title='bbox 3003 5140 3156 5212; x_wconf 82' lang='lat' dir='ltr'><strong>Quod</strong></span> <span class='ocrx_word' id='word_1_974' title='bbox 3204 5157 3385 5198; x_wconf 86' lang='lat' dir='ltr'><strong>autem</strong></span> <span class='ocrx_word' id='word_1_975' title='bbox 3426 5146 3534 5199; x_wconf 87' lang='lat' dir='ltr'><strong>sub</strong></span> <span class='ocrx_word' id='word_1_976' title='bbox 3586 5146 3665 5198; x_wconf 79' lang='lat' dir='ltr'><strong>bis</strong></span> <span class='ocrx_word' id='word_1_977' title='bbox 3695 5140 3847 5195; x_wconf 81' lang='lat' dir='ltr'><strong>verbis</strong></span> 
     </span>
    </p>
   </div>
   <div class='ocr_carea' id='block_1_126' title="bbox 2267 5213 3841 5283">
    <p class='ocr_par' dir='ltr' id='par_1_126' title="bbox 2267 5213 3841 5283">
     <span class='ocr_line' id='line_1_129' title="bbox 2267 5213 3841 5283; baseline -0.001 -17"><span class='ocrx_word' id='word_1_978' title='bbox 2267 5218 2414 5269; x_wconf 87' lang='lat' dir='ltr'><strong>virus</strong></span> <span class='ocrx_word' id='word_1_979' title='bbox 2446 5216 2631 5280; x_wconf 87' lang='lat' dir='ltr'><strong>lateat,</strong></span> <span class='ocrx_word' id='word_1_980' title='bbox 2662 5213 2920 5283; x_wconf 86' lang='lat' dir='ltr'><strong>Hilarius,</strong></span> <span class='ocrx_word' id='word_1_981' title='bbox 2946 5215 3041 5271; x_wconf 90' lang='lat' dir='ltr'><strong>lib.</strong></span> <span class='ocrx_word' id='word_1_982' title='bbox 3092 5225 3281 5272; x_wconf 88' lang='lat' dir='ltr'><strong>contra</strong></span> <span class='ocrx_word' id='word_1_983' title='bbox 3325 5216 3583 5273; x_wconf 86' lang='lat' dir='ltr'><strong>eumdem</strong></span> <span class='ocrx_word' id='word_1_984' title='bbox 3635 5214 3841 5269; x_wconf 78' lang='lat' dir='ltr'><strong>Auxent.</strong></span> 
     </span>
    </p>
   </div>
   <div class='ocr_carea' id='block_1_127' title="bbox 2270 5286 2811 5355">
    <p class='ocr_par' dir='ltr' id='par_1_127' title="bbox 2270 5286 2811 5355">
     <span class='ocr_line' id='line_1_130' title="bbox 2270 5286 2811 5355; baseline 0 -17"><span class='ocrx_word' id='word_1_985' title='bbox 2270 5302 2320 5339; x_wconf 91' lang='lat' dir='ltr'><strong>tt.</strong></span> <span class='ocrx_word' id='word_1_986' title='bbox 2354 5289 2386 5340; x_wconf 83' lang='lat'><strong>5</strong></span> <span class='ocrx_word' id='word_1_987' title='bbox 2413 5298 2465 5339; x_wconf 87' lang='lat' dir='ltr'><strong>et</strong></span> <span class='ocrx_word' id='word_1_988' title='bbox 2499 5286 2553 5351; x_wconf 88' lang='lat'><strong>7,</strong></span> <span class='ocrx_word' id='word_1_989' title='bbox 2587 5287 2811 5355; x_wconf 81' lang='lat' dir='ltr'><strong>delegit.</strong></span> 
     </span>
    </p>
   </div>
   <div class='ocr_carea' id='block_1_128' title="bbox 2343 5351 3844 5431">
    <p class='ocr_par' dir='ltr' id='par_1_128' title="bbox 2343 5351 3844 5431">
     <span class='ocr_line' id='line_1_131' title="bbox 2343 5351 3844 5431; baseline -0.003 -18"><span class='ocrx_word' id='word_1_990' title='bbox 2343 5356 2432 5431; x_wconf 56' lang='grc' dir='ltr'><strong>(ἀ)Δ</strong></span> <span class='ocrx_word' id='word_1_991' title='bbox 2458 5351 2739 5431; x_wconf 74' lang='lat' dir='ltr'><strong>Relictam</strong></span> <span class='ocrx_word' id='word_1_992' title='bbox 2761 5357 2845 5411; x_wconf 87' lang='lat' dir='ltr'><strong>hic</strong></span> <span class='ocrx_word' id='word_1_993' title='bbox 2874 5365 2993 5413; x_wconf 85' lang='lat' dir='ltr'><strong>erat</strong></span> <span class='ocrx_word' id='word_1_994' title='bbox 3018 5358 3275 5431; x_wconf 84' lang='lat' dir='ltr'><strong>spatium,</strong></span> <span class='ocrx_word' id='word_1_995' title='bbox 3309 5372 3416 5429; x_wconf 83' lang='lat' dir='ltr'><strong>quo</strong></span> <span class='ocrx_word' id='word_1_996' title='bbox 3456 5360 3613 5430; x_wconf 84' lang='lat' dir='ltr'><strong>plura</strong></span> <span class='ocrx_word' id='word_1_997' title='bbox 3657 5351 3844 5431; x_wconf 77' lang='lat' dir='ltr'><strong>deside-</strong></span> 
     </span>
    </p>
   </div>
   <div class='ocr_carea' id='block_1_129' title="bbox 2269 5428 3843 5496">
    <p class='ocr_par' dir='ltr' id='par_1_129' title="bbox 2269 5428 3843 5496">
     <span class='ocr_line' id='line_1_132' title="bbox 2269 5428 3843 5496; baseline 0.001 -15"><span class='ocrx_word' id='word_1_998' title='bbox 2269 5428 2377 5482; x_wconf 84' lang='lat' dir='ltr'><strong>rari</strong></span> <span class='ocrx_word' id='word_1_999' title='bbox 2420 5428 2589 5483; x_wconf 73' lang='lat' dir='ltr'><strong>lector</strong></span> <span class='ocrx_word' id='word_1_1000' title='bbox 2612 5428 3017 5485; x_wconf 84' lang='lat' dir='ltr'><strong>admoneretur.</strong></span> <span class='ocrx_word' id='word_1_1001' title='bbox 3048 5429 3259 5496; x_wconf 76' lang='lat' dir='ltr'><strong>Integra</strong></span> <span class='ocrx_word' id='word_1_1002' title='bbox 3287 5428 3477 5484; x_wconf 79' lang='lat' dir='ltr'><strong>tamen</strong></span> <span class='ocrx_word' id='word_1_1003' title='bbox 3514 5429 3716 5485; x_wconf 88' lang='lat' dir='ltr'><strong>censeri</strong></span> <span class='ocrx_word' id='word_1_1004' title='bbox 3762 5435 3843 5496; x_wconf 68' lang='lat' dir='ltr'><strong>p9-</strong></span> 
     </span>
    </p>
   </div>
   <div class='ocr_carea' id='block_1_130' title="bbox 2267 5491 3843 5572">
    <p class='ocr_par' dir='ltr' id='par_1_130' title="bbox 2267 5491 3843 5572">
     <span class='ocr_line' id='line_1_133' title="bbox 2267 5491 3843 5572; baseline -0.004 -20"><span class='ocrx_word' id='word_1_1005' title='bbox 2267 5507 2370 5554; x_wconf 86' lang='lat' dir='ltr'><strong>test</strong></span> <span class='ocrx_word' id='word_1_1006' title='bbox 2396 5501 2570 5553; x_wconf 89' lang='lat' dir='ltr'><strong>oratio</strong></span> <span class='ocrx_word' id='word_1_1007' title='bbox 2601 5518 2613 5552; x_wconf 87' lang='lat'><strong>:</strong></span> <span class='ocrx_word' id='word_1_1008' title='bbox 2640 5515 2743 5569; x_wconf 85' lang='lat' dir='ltr'><strong>qua</strong></span> <span class='ocrx_word' id='word_1_1009' title='bbox 2787 5514 2902 5554; x_wconf 90' lang='lat' dir='ltr'><strong>cam</strong></span> <span class='ocrx_word' id='word_1_1010' title='bbox 2957 5491 3255 5564; x_wconf 68' lang='lat' dir='ltr'><strong>dumtaxat,</strong></span> <span class='ocrx_word' id='word_1_1011' title='bbox 3281 5516 3401 5571; x_wconf 72' lang='lat' dir='ltr'><strong>qua:</strong></span> <span class='ocrx_word' id='word_1_1012' title='bbox 3422 5503 3727 5572; x_wconf 72' lang='lat' dir='ltr'><strong>angelorum</strong></span> <span class='ocrx_word' id='word_1_1013' title='bbox 3747 5491 3843 5547; x_wconf 70' lang='lat' dir='ltr'><strong>sni-</strong></span> 
     </span>
    </p>
   </div>
   <div class='ocr_carea' id='block_1_131' title="bbox 2264 5571 3834 5643">
    <p class='ocr_par' dir='ltr' id='par_1_131' title="bbox 2264 5571 3834 5643">
     <span class='ocr_line' id='line_1_134' title="bbox 2264 5571 3834 5643; baseline 0 -21"><span class='ocrx_word' id='word_1_1014' title='bbox 2264 5584 2582 5643; x_wconf 73' lang='lat' dir='ltr'><strong>marmnque</strong></span> <span class='ocrx_word' id='word_1_1015' title='bbox 2633 5583 2936 5643; x_wconf 85' lang='lat' dir='ltr'><strong>nostrarum</strong></span> <span class='ocrx_word' id='word_1_1016' title='bbox 3016 5578 3233 5643; x_wconf 81' lang='lat' dir='ltr'><strong>propria</strong></span> <span class='ocrx_word' id='word_1_1017' title='bbox 3299 5585 3425 5638; x_wconf 86' lang='lat' dir='ltr'><strong>est,</strong></span> <span class='ocrx_word' id='word_1_1018' title='bbox 3504 5571 3834 5643; x_wconf 51' lang='lat' dir='ltr'><strong>aeternitate!!!</strong></span> 
     </span>
    </p>
   </div>
   <div class='ocr_carea' id='block_1_132' title="bbox 2260 5634 3838 5712">
    <p class='ocr_par' dir='ltr' id='par_1_132' title="bbox 2260 5634 3838 5712">
     <span class='ocr_line' id='line_1_135' title="bbox 2260 5634 3838 5712; baseline -0.001 -18"><span class='ocrx_word' id='word_1_1019' title='bbox 2260 5634 2584 5696; x_wconf 44' lang='lat' dir='ltr'><strong>Chrislo&#39;ab</strong></span> <span class='ocrx_word' id='word_1_1020' title='bbox 2629 5641 2844 5697; x_wconf 86' lang='lat' dir='ltr'><strong>Arianis</strong></span> <span class='ocrx_word' id='word_1_1021' title='bbox 2889 5634 3131 5699; x_wconf 51' lang='lat' dir='ltr'><strong>attribui&#39;</strong></span> <span class='ocrx_word' id='word_1_1022' title='bbox 3156 5634 3549 5709; x_wconf 83' lang='lat' dir='ltr'><strong>admonemur;</strong></span> <span class='ocrx_word' id='word_1_1023' title='bbox 3580 5641 3720 5712; x_wconf 79' lang='lat' dir='ltr'><strong>quasi</strong></span> <span class='ocrx_word' id='word_1_1024' title='bbox 3762 5634 3838 5689; x_wconf 75' lang='lat' dir='ltr'><strong>ille</strong></span> 
     </span>
    </p>
   </div>
   <div class='ocr_carea' id='block_1_133' title="bbox 2262 5712 3834 5785">
    <p class='ocr_par' dir='ltr' id='par_1_133' title="bbox 2262 5712 3834 5785">
     <span class='ocr_line' id='line_1_136' title="bbox 2262 5712 3834 5785; baseline 0 -19"><span class='ocrx_word' id='word_1_1025' title='bbox 2262 5729 2367 5766; x_wconf 90' lang='lat' dir='ltr'><strong>non</strong></span> <span class='ocrx_word' id='word_1_1026' title='bbox 2416 5712 2770 5785; x_wconf 83' lang='lat' dir='ltr'><strong>anteriorum,</strong></span> <span class='ocrx_word' id='word_1_1027' title='bbox 2818 5714 2914 5768; x_wconf 88' lang='lat' dir='ltr'><strong>sed</strong></span> <span class='ocrx_word' id='word_1_1028' title='bbox 2972 5714 3272 5771; x_wconf 85' lang='lat' dir='ltr'><strong>futurorum</strong></span> <span class='ocrx_word' id='word_1_1029' title='bbox 3319 5726 3571 5785; x_wconf 67' lang='lat' dir='ltr'><strong>respectu</strong></span> <span class='ocrx_word' id='word_1_1030' title='bbox 3600 5717 3669 5769; x_wconf 86' lang='lat' dir='ltr'><strong>sit</strong></span> <span class='ocrx_word' id='word_1_1031' title='bbox 3695 5717 3834 5785; x_wconf 60' lang='lat' dir='ltr'><strong>xciet:-</strong></span> 
     </span>
    </p>
   </div>
   <div class='ocr_carea' id='block_1_134' title="bbox 2265 5774 3833 5853">
    <p class='ocr_par' dir='ltr' id='par_1_134' title="bbox 2265 5774 3833 5853">
     <span class='ocr_line' id='line_1_137' title="bbox 2265 5774 3833 5853; baseline -0.001 -18"><span class='ocrx_word' id='word_1_1032' title='bbox 2265 5799 2384 5839; x_wconf 87' lang='lat' dir='ltr'><strong>nus.</strong></span> <span class='ocrx_word' id='word_1_1033' title='bbox 2419 5784 2492 5837; x_wconf 85' lang='lat' dir='ltr'><strong>Ita</strong></span> <span class='ocrx_word' id='word_1_1034' title='bbox 2513 5784 2653 5853; x_wconf 86' lang='lat' dir='ltr'><strong>apud</strong></span> <span class='ocrx_word' id='word_1_1035' title='bbox 2685 5774 2913 5840; x_wconf 76' lang='lat' dir='ltr'><strong>Arianos</strong></span> <span class='ocrx_word' id='word_1_1036' title='bbox 2939 5800 3049 5842; x_wconf 88' lang='lat' dir='ltr'><strong>tton</strong></span> <span class='ocrx_word' id='word_1_1037' title='bbox 3079 5802 3183 5841; x_wconf 86' lang='lat' dir='ltr'><strong>una</strong></span> <span class='ocrx_word' id='word_1_1038' title='bbox 3209 5797 3326 5842; x_wconf 87' lang='lat' dir='ltr'><strong>erat</strong></span> <span class='ocrx_word' id='word_1_1039' title='bbox 3357 5774 3674 5841; x_wconf 69' lang='lat' dir='ltr'><strong>teiernitatis</strong></span> <span class='ocrx_word' id='word_1_1040' title='bbox 3698 5774 3833 5836; x_wconf 80' lang='lat' dir='ltr'><strong>Chri-</strong></span> 
     </span>
    </p>
   </div>
   <div class='ocr_carea' id='block_1_135' title="bbox 2264 5855 3835 5929">
    <p class='ocr_par' dir='ltr' id='par_1_135' title="bbox 2264 5855 3835 5929">
     <span class='ocr_line' id='line_1_138' title="bbox 2264 5855 3835 5929; baseline -0.001 -19"><span class='ocrx_word' id='word_1_1041' title='bbox 2264 5857 2328 5911; x_wconf 78' lang='lat' dir='ltr'><strong>sti</strong></span> <span class='ocrx_word' id='word_1_1042' title='bbox 2353 5855 2713 5927; x_wconf 69' lang='lat' dir='ltr'><strong>intelligenda:</strong></span> <span class='ocrx_word' id='word_1_1043' title='bbox 2744 5856 2881 5912; x_wconf 70' lang='lat' dir='ltr'><strong>ratio</strong></span> <span class='ocrx_word' id='word_1_1044' title='bbox 2910 5856 2978 5913; x_wconf 90' lang='lat' dir='ltr'><strong>ad</strong></span> <span class='ocrx_word' id='word_1_1045' title='bbox 3005 5872 3157 5914; x_wconf 88' lang='lat' dir='ltr'><strong>suam</strong></span> <span class='ocrx_word' id='word_1_1046' title='bbox 3199 5860 3442 5929; x_wconf 86' lang='lat' dir='ltr'><strong>ipsorum</strong></span> <span class='ocrx_word' id='word_1_1047' title='bbox 3484 5858 3723 5913; x_wconf 71' lang='lat' dir='ltr'><strong>lia-resin)</strong></span> <span class='ocrx_word' id='word_1_1048' title='bbox 3762 5860 3835 5902; x_wconf 68' lang='grc' dir='ltr'><strong>π·</strong></span> 
     </span>
    </p>
   </div>
  </div>
