3958 6194
642 276 743 334 7H

1875 269 2123 329 SANC'I‘I
2160 267 2416 328 HILARH
2454 267 2761 328 EPISCOPI
3853 269 3928 325 ili

640 385 762 442 dem
796 386 994 444 diaboli
1020 394 1077 443 et
1105 383 1472 449 conspirantia
1505 383 1765 440 adversus
1794 382 2094 439 Ecclesiam
2125 382 2231 438 Do-
2261 389 2317 449 Α
2337 380 2554 437 cibilem
2584 382 2965 452 prtedicemtts,
3006 382 3103 440 sed
3135 381 3280 452 quod
3311 381 3537 453 impium
3568 382 3651 438 sit
3681 383 3923 450 maxime,

640 477 775 533 ntiui
818 478 1201 533 luereticorum
1251 477 1465 548 ingenia
1513 476 1903 547 cognovimus,
1944 475 2027 546 (a)
2056 482 2116 528 ιιι
2157 473 2236 528 di-

636 576 739 631 visi
779 575 833 630 in
866 576 1110 646 partibus
1138 573 1377 629 Orientis
1420 582 1584 642 atque
1628 570 1937 627 Occidentis
1958 611 1972 634 ,
2005 569 2235 625 diversis

640 667 873 723 invicem
904 666 1249 738 Opinionibus
1290 665 1623 721 falleremnr.
1669 663 1804 718 Nam
1838 663 2016 733 plures
2043 677 2234 718 nume-

636 776 732 828 ro,
764 761 855 832 qui
886 770 979 816 aut
1006 758 1241 817 Arimini
1269 768 1359 814 ant
1391 757 1582 814 Nicaea":
1614 755 1896 829 (Thraciae)
1925 754 2230 823 adfuerunt,

633 853 739 907 sub
783 853 1106 908 auctoritate
1148 853 1313 908 vestri
1376 850 1610 906 nominis
1658 849 1727 904 ad
1771 848 1902 904 usim
1955 848 2229 904 silentium

642 952 770 999 sunt
815 942 990 999 coacti
1040 959 1054 996 :
1102 942 1246 1013 quod
1295 942 1518 998 verbum
1571 956 1600 995 a
1642 939 1796 996 vobis
1839 938 2111 1010 quondam
2154 937 2229 1011 (ὁ)

642 1046 832 1091 contra
866 1033 1325 1091 Ariomanitarum
1373 1032 1624 1088 haeresim
1657 1031 1929 1087 inventum
1955 1072 1971 1099 ,
2013 1046 2042 1085 a
2076 1030 2232 1085 nobis

629 1144 847 1201 semper
871 1138 1060 1186 sancte
1094 1128 1436 1199 fideliterque
1465 1137 1774 1195 susceptum
1798 1135 1910 1181 est.

699 1221 756 1275 ‘2.
792 1221 908 1287 Quo
941 1237 1092 1277 sensu
1119 1219 1347 1292 synodus
1376 1218 1680 1273 homousion
1720 1218 2079 1290 amplectatur.-
2111 1214 2227 1269 Ηυ-

629 1316 874 1371 ntteusion
904 1331 1005 1370 non
1035 1315 1249 1385 respuit.
1295 1342 1365 1355 —-
1390 1312 1525 1369 Nam
1567 1312 1891 1368 homousion
1920 1325 2229 1366 sermonem

625 1408 692 1465 ad
730 1423 911 1464 veram
959 1416 1017 1465 et
1060 1407 1351 1479 legitimam
1399 1423 1467 1463 ex
1504 1406 1619 1461 Deo
1649 1415 1801 1476 patre
1841 1403 2099 1476 unigeniti
2134 1403 2227 1459 Dei

631 1499 967 1556 nativitatem
1014 1513 1202 1555 sumus
1230 1500 1503 1570 amplexi,
1549 1499 1886 1555 detestantes
1926 1496 2225 1553 secundum

629 1592 849 1650 Sabellii
882 1591 1247 1663 blasphemiae
1270 1592 1439 1661 ipsam
1473 1590 1749 1653 unionem,
1785 1604 1959 1659 neque
1988 1588 2225 1659 aliquam

629 1697 836 1758 partem
872 1684 1049 1741 Patris
1075 1700 1201 1742 esse
1231 1683 1427 1740 Filium
1453 1683 1855 1754 intelligentes;
1888 1682 1981 1738 sed
2014 1697 2081 1738 ex
2112 1690 2227 1736 toto

2341 474 2454 528 Deo
2501 484 2804 546 temporum
2838 484 3052 545 tempus
3093 476 3311 546 aliquod
3350 474 3670 539 anteferre;
3710 489 3830 531 cum
3866 477 3927 543 ip-

2346 579 2464 621 sum
2496 566 2629 621 illud
2650 609 2665 632 ,
2693 578 2969 639 antequam
2995 579 3288 623 acueretur
3335 584 3438 623 non
3469 570 3570 634 [uit
3589 609 3607 632 ,
3643 569 3722 622 sit
3752 578 3926 639 tempo-

2336 658 2434 712 ris.
2488 658 2593 714 Sed
2635 667 2692 715 et
2730 658 3074 716 obedientem
3104 676 3324 732 quoque
3359 660 3506 716 Patri
3537 659 3755 717 Filium
3793 660 3923 716 etiam

2337 764 2506 821 usque
2550 752 2616 806 ad
2671 761 2902 809 mortem
2954 755 3167 821 crucis,
3220 754 3519 811 secundum
3565 754 3918 810 inﬁrmitatem

2335 842 2606 914 adsumpti
2652 844 2909 910 hominis,
2956 861 3060 901 non
3095 862 3354 917 negamus
3386 862 3551 902 zeum
3580 848 3711 917 ipse
3759 847 3825 902 de
3848 848 3926 902 ad-

2335 953 2529 994 scensu
2556 953 2658 993 suo
2687 938 2754 995 ad
2785 940 2953 996 cmlos
2991 939 3200 996 locutus
3229 942 3302 997 sit
3336 959 3349 995 :
3384 940 3448 997 Si
3493 941 3789 1013 diligerem
3830 957 3921 1007 ate,

2340 1033 2631 1103 gauderetis
2668 1034 2790 1104 quia
2829 1035 2960 1088 vado
2989 1034 3059 1088 ad
3106 1032 3354 1099 Patrem;
3397 1035 3520 1105 quia
3571 1032 3743 1088 Pater
3784 1036 3925 1106 major

2330 1141 2412 1180 me
2432 1136 2505 1180 est
2534 1125 2712 1198 (Joan.
2738 1142 2854 1190 xtv,
2879 1126 2997 1193 28).
3026 1126 3127 1182 Per
3147 1126 3301 1196 cujus
3325 1125 3507 1180 carnis
3533 1124 3919 1196 susceptionem

2338 1230 2438 1271 nos
2483 1216 2585 1272 sibi
2617 1216 2813 1274 fratres
2859 1232 3276 1288 coununcupare
3321 1218 3577 1289 dignatus
3624 1230 3713 1274 εει
3764 1218 3918 1291 (Joan.

2330 1324 2420 1376 xx,
2453 1308 2567 1382 17),
2597 1325 2720 1366 cum
2743 1311 2799 1366 in
2827 1309 3000 1365 forma
3029 1311 3127 1366 Dei
3156 1324 3405 1377 manens,
3435 1310 3616 1366 forma
3647 1312 3789 1366 servi
3815 1326 3917 1367 esse

2328 1401 2517 1456 voluit.

2399 1495 2455 1550 4.
2488 1494 2652 1567 Lapsi
2695 1505 2975 1551 retractant
3008 1496 3147 1561 quod
3186 1504 3475 1568 gesserunt.
3507 1494 3729 1551 Error-is
3755 1506 3914 1551 aucto-

2327 1604 2412 1643 res
2442 1588 2710 1645 damnant.
2758 1590 2972 1658 itaque,
3012 1588 3492 1654 Charissimi,cum
3520 1605 3590 1644 ex
3624 1589 3815 1645 litteris
3838 1605 3916 1645 ve-

2329 1684 2459 1737 stris
2501 1683 2552 1737 in
2582 1687 2720 1737 usta:
2760 1684 2978 1739 silentio
3014 1681 3265 1739 fraudem
3285 1696 3345 1738 se
3373 1696 3591 1752 passam
3615 1680 3915 1751 simplicitas

619 1788 783 1850 atque
811 1777 1049 1850 perfecto
1090 1777 1398 1834 innascibtli
1442 1777 1551 1833 Deo
1577 1820 1591 1844 ,
1621 1784 1792 1831 totum
1824 1785 1985 1846 atque
2011 1774 2221 1845 perfec-
2249 1776 2297 1837 B
2325 1784 2509 1831 nostra
2558 1785 2882 1847 cognoscat;
2916 1778 3077 1832 etiam
3126 1778 3379 1846 pietatem
3406 1791 3601 1831 eorum
3629 1818 3646 1840 ,
3679 1777 3770 1846 qui
3807 1777 3911 1831 Ari-

620 1880 733 1926 tum
776 1872 1111 1942 unigenitum
1143 1871 1309 1926 Deum
1344 1876 1561 1936 natum,
1592 1870 1753 1923 unius
1773 1885 1804 1923 a
1840 1870 1996 1924 nobis
2019 1869 2222 1924 idcirco

616 1963 787 2037 699
814 1963 896 2018 vel
937 1963 1073 2018 usim
1103 1962 1190 2016 vel
1227 1960 1545 2017 substantiae
1584 1976 1705 2017 cum
1757 1963 1867 2017 Deo
1908 1972 2061 2032 patre
2090 1976 2221 2016 con-

622 2057 849 2121 fessum,
895 2070 963 2110 ne
992 2062 1242 2110 creatura
1284 2054 1484 2125 potius,
1527 2062 1619 2109 aut
1646 2053 1884 2125 adoptio,
1919 2064 2008 2109 aut
2033 2054 2220 2124 appel-

619 2149 753 2206 latio
796 2151 1090 2207 videretur.
1126 2148 1196 2205 Et
1239 2151 1362 2221 quia
1394 2165 1463 2206 ex
1499 2147 1618 2217 ipso
1647 2156 1831 2213 esset,
1875 2153 1934 2201 ut
1965 2160 2034 2201 ex
2067 2153 2218 2214 patre

617 2242 936 2311 ﬁlius,ut'ex
959 2244 1070 2299 Deo
1094 2244 1257 2309 Deus,
1273 2252 1410 2298 utex
1425 2243 1619 2297 virtute
1638 2241 1829 2307 virtus,
1856 2249 1912 2295 ut
1930 2254 1997 2295 ex
2025 2239 2215 2308 spiritu

616 2336 844 2407 spiritus
867 2378 885 2406 ,
915 2347 975 2393 ut
996 2337 1176 2392 lumen
1211 2351 1280 2393 ex
1310 2335 1540 2401 lumine;
1570 2331 1971 2388 similitudinem
2000 2345 2216 2402 quoque

617 2428 736 2501 ejus
752 2428 817 2484 ad
841 2429 1005 2485 Deum
1026 2436 1229 2499 patrem
1255 2443 1359 2483 non
1384 2426 1537 2482 inviti
1553 2426 1831 2481 audientes
1849 2422 2073 2497 (quippe
2088 2437 2212 2478 cum

608 2521 787 2594 imago
816 2520 1109 2578 invisibilis
1139 2521 1230 2576 Dei
1253 2518 1348 2592 sit)
1378 2517 1607 2590 (Coloss.
1638 2533 1677 2584 ι,
1710 2517 1823 2584 l3),
1853 2516 1949 2571 sed
1974 2529 2093 2569 eam
2119 2529 2211 2569 so-

612 2615 722 2671 lam
749 2614 1165 2671 similitudinem
1194 2612 1410 2685 dignam
1441 2611 1508 2666 ad
1549 2612 1762 2667 Patrem
1804 2608 2170 2678 intelligentes
2194 2647 2209 2671 ,

608 2725 731 2782 qua:
776 2709 889 2764 veri
926 2708 1018 2763 Dei
1059 2706 1130 2764 sit
1160 2707 1227 2763 ad
1272 2707 1439 2762 Deum
1482 2720 1668 2761 verum
1702 2721 1715 2757 :
1759 2705 1829 2759 ita
1857 2715 1917 2758 ut
1948 2716 2053 2757 non
2080 2702 2212 2755 unio

610 2799 930 2867 divinitatis,
961 2799 1057 2856 sed
1084 2798 1261 2854 unitas
1289 2797 1618 2869 intelligatur
1643 2814 1658 2860 ;
1696 2796 1818 2865 quia
1847 2794 1975 2851 unio
2001 2796 2072 2849 sit
2098 2793 2210 2848 sin-

608 2894 848 2965 gularis,
880 2892 1060 2949 unitas
1102 2908 1231 2949 vero
1260 2891 1559 2948 secundum
1591 2890 1895 2946 nativitatis
1924 2890 2205 2944 veritatem

601 2984 881 3055 plenitudo
934 2985 1207 3040 nascentis
1255 2985 1324 3039 sit
1357 3000 1370 3037 :
1404 2982 1638 3037 maxime
1659 2996 1779 3036 cum
1806 2980 2062 3035 Dominus
2090 2978 2207 3049 ipse

600 3077 760 3135 Jesus
789 3076 1039 3133 Christus
1078 3077 1145 3132 ad
1183 3076 1476 3147 discipulos
1507 3091 1635 3131 suos
1674 3075 1746 3129 sit
1776 3073 2049 3145 professus
2075 3114 2092 3138 ,
2124 3072 2206 3126 di-

2324 1870 2475 1924 mino
2503 1869 3031 1939 Constantinopolim
3062 1878 3424 1937 reverterunt,
3453 1862 3763 1925 conventas
3781 1911 3797 1934 .
3824 1872 3914 1925 sic-

2326 1972 2385 2017 ut
2432 1962 2663 2033 epistola
2695 1964 2771 2031 (ε)
2803 1972 2978 2018 vestra
3024 1974 3279 2018 contenta
3321 1971 3589 2026 testatur.
3636 1979 3908 2034 nequeeos

2322 2054 2389 2109 ad
2427 2063 2693 2109 tantarum
2742 2054 3206 2122 blaSpltemiarum
3243 2055 3662 2111 damnationem
3694 2057 3911 2125 potuisse

2319 2150 2648 2219 compellere
2669 2191 2684 2215 ,
2713 2150 2877 2222 τω
2904 2148 3076 2205 ﬁdelis
3104 2149 3361 2205 dominici
3389 2149 3636 2205 nominis
3663 2149 3906 2220 praedica-

2320 2251 2407 2297 tor
2450 2241 2615 2297 frater
2662 2252 2847 2297 noster
2882 2241 3118 2297 Hilarius
3157 2242 3490 2297 nuntiaverit
3524 2259 3540 2296 :
3574 2256 3680 2296 nos
3714 2255 3904 2311 quoque

2322 2334 2390 2389 ab
2412 2334 2495 2390 his
2521 2334 2791 2397 omnibus.
2817 2350 2935 2405 qua}
2965 2350 3059 2403 per
3076 2335 3438 2404 ignorantiam
3458 2348 3750 2406 perperam
3771 2344 3898 2405 gesta

2316 2436 2464 2492 sunt,
2496 2424 2781 2483 referimus
2811 2443 2824 2480 :
2857 2428 3184 2483 Auxentium
3221 2437 3276 2483 et
3307 2426 3596 2484 Ursacium
3643 2442 3708 2484 ac
3734 2427 3903 2483 Valen-

2322 2526 2455 2583 tem,
2468 2516 2682 2584 Gaium,
2705 2517 2994 2588 Megasium
3013 2528 3068 2575 et
3090 2518 3359 2575 Justinum
3378 2518 3462 2593 (d)
3480 2521 3898 2576 excommunica-

2317 2616 2401 2663 tos
2427 2609 2699 2666 habemus
2728 2611 3025 2666 secundum
3058 2612 3263 2666 litteras
3291 2620 3501 2668 vestras
3535 2631 3550 2666 :
3580 2622 3641 2669 et
3662 2623 3823 2677 certe,
3850 2622 3898 2667 ut

2313 2700 2581 2765 diximus,
2617 2700 2773 2771 juxta
2812 2701 2994 2757 fratris
3031 2705 3199 2758 nostri
3245 2702 3430 2760 Hilarii
3464 2705 3884 2773 professionem,

2310 2792 2400 2863 qui
2422 2808 2482 2847 se
2511 2808 2694 2862 pacem
2717 2809 2837 2848 cum
2864 2795 2946 2850 his
2970 2798 3058 2866 qui
3096 2794 3284 2850 llOl‘llm
3307 2805 3662 2854 sectarentur
3681 2812 3894 2863 errores,
3956 2830 3958 2866 ς

2317 2883 2622 2941 habiturum
2682 2889 2896 2958 negarit
2938 2905 2951 2943 :
3000 2888 3361 2961 blasplteinias
3410 2907 3635 2961 quoque
3682 2907 3893 2953 omnes,

2310 2992 2445 3048 quas
2481 2978 2677 3034 litteris
2716 2978 2910 3034 vestris
2948 2980 3254 3050 sultjecistis
3278 3020 3294 3046 ,
3342 2980 3696 3045 damnamus.
3745 2982 3895 3036 maxi-

2311 3083 2504 3140 meque
2526 3084 2714 3125 eorum
2738 3070 3048 3127 sacerdotes
3069 3082 3345 3143 apostatas
3370 3084 3715 3144 respuentes,
3740 3076 3822 3145 qui
3845 3078 3889 3128 itt

601 3182 734 3224 cens
767 3154 927 3240 :‘Ego
964 3180 1009 3222 et
1041 3167 1202 3223 Pater
1237 3185 1397 3223 unum
1434 3184 1609 3222 sumus
1635 3164 1815 3238 (Joan.
1853 3182 1910 3232 κ,
1943 3164 2069 3237 ‘50);
2099 3181 2205 3236 qtto
2234 3170 2280 3234 C
2312 3162 2425 3217 loca
2459 3161 2681 3218 fratrum
2710 3163 3085 3234 indignissime
3119 3165 3482 3220 exsulantium
3511 3208 3528 3234 ,
3562 3167 3890 3235 quorumdam

602 3275 711 3315 non
736 3260 909 3315 solum
935 3259 1251 3315 charitateut
1274 3274 1393 3331 quae
1411 3259 1476 3315 ad
1502 3260 1712 3314 Patrem
1735 3267 1836 3324 est,
1863 3258 1956 3313 sed
1986 3264 2043 3311 et
2062 3256 2201 3312 divi-

607 3351 833 3408 nitatem
866 3367 985 3417 quze
1029 3352 1123 3407 Dei
1158 3367 1226 3406 ex
1261 3352 1371 3408 Deo
1411 3361 1493 3405 est
1522 3392 1535 3416 ,
1569 3348 1871 3421 signiﬁcat;
1904 3349 2199 3405 secundum

596 3445 729 3502 illud
756 3464 768 3500 :
797 3445 900 3514 Qui
920 3462 1002 3502 me
1021 3445 1168 3511 vidit,
1194 3445 1320 3500 vidit
1341 3455 1391 3499 et
1413 3444 1626 3500 Patrem
1657 3444 1841 3517 (Joan.
1872 3460 1980 3511 xiv,
2002 3443 2098 3516 9);
2122 3454 2198 3512 et,

602 3537 667 3594 Si
702 3538 831 3593 mihi
875 3555 977 3594 non
1007 3538 1160 3593 vultis
1197 3540 1424 3603 credere,
1452 3538 1531 3591 vel
1557 3535 1794 3608 operibus
1822 3537 1947 3591 meis
1986 3537 2197 3601 credite,

594 3630 717 3700 quia
750 3628 906 3686 Pater
925 3632 978 3685 in
1000 3647 1079 3686 me
1101 3640 1205 3698 est,
1238 3640 1286 3684 et
1317 3645 1408 3701 ego
1433 3629 1488 3683 in
1510 3628 1670 3684 Patre
1699 3628 1878 3699 (Joau.
1920 3644 1976 3695 ι,
2009 3628 2124 3696 58).

664 3723 719 3777 5.
750 3718 922 3777 Filius
941 3733 1061 3776 ante
1082 3731 1301 3793 tempus.
1320 3720 1483 3777 Patre
1503 3721 1673 3775 minor
1694 3722 1747 3800 in
1769 3721 1935 3791 forma
1957 3721 2108 3776 servi.
2128 3752 2199 3761 —

592 3812 745 3868 Hanc
795 3812 961 3884 igitur
1012 3813 1172 3869 [idem
1225 3828 1444 3883 semper
1466 3823 1731 3882 tenentes,
1780 3822 1833 3868 et
1861 3812 2193 3879 tenebimus,

591 3905 928 3963 detestantes
970 3922 1184 3978 quoque
1211 3922 1306 3963 eos
1350 3908 1440 3977 qui
1488 3908 1671 3963 dicunt
1699 3950 1715 3975 ,
1760 3906 1884 3962 Non
1930 3919 2039 3962 erat
2080 3917 2198 3961 ante

588 4014 748 4070 quam
775 4011 1070 4055 nasceretur
1094 4015 1113 4055 :
1141 4016 1248 4056 non
1273 4001 1417 4072 quod
1446 4001 1783 4072 unigenitum
1815 4002 1981 4057 Deum
2011 4001 2195 4058 innas-

591 4117 886 4175 minantem
901 4117 1385 4188 viderunt,abjecta
1399 4118 1544 4173 onmi
1562 4117 1903 4173 cunctatione
1922 4116 2155 4172 Occiden
2167 4147 2183 4158 -

592 4191 776 4245 talium
807 4190 1159 4261 patrocinium
1191 4192 1492 4261 quaesiisse.
1526 4189 1634 4246 Sed
1661 4205 1782 4244 cum
1816 4190 1915 4243 hoc
1947 4189 2183 4261 alliciunt

587 4262 689 4316 sibi
733 4260 956 4316 minime
986 4271 1268 4332 sperarent
1298 4276 1393 4328 per
1420 4260 1779 4316 Ariminensis
1810 4260 2003 4332 synodi
2040 4261 2188 4332 lega-

585 4339 693 4397 tos,
720 4346 856 4401 quos
886 4331 1027 4387 cum
1047 4332 1371 4387 adversariis
1396 4347 1510 4386 suis
1537 4335 1798 4387 societate
1823 4331 1881 4385 et
1927 4331 2183 4386 bmretica

586 4401 850 4472 pravitate
875 4402 1191 4470 chnjttnctus
1230 4403 1565 4469 cernebant;
1599 4403 1726 4457 illud
1756 4404 1823 4457 ah
1855 4402 2059 4456 Hilario
2090 4417 2185 4469 per

586 4473 794 4529 litteras
819 4475 1111 4540 expetiere.
1148 4472 1219 4527 lis
1262 4483 1440 4527 autem
1474 4473 1697 4535 litteris,
1725 4485 1784 4527 ιιι
1807 4489 1873 4529 ex
1905 4473 2175 4541 sequenti-

2305 3263 2399 3310 aut
2441 3255 2781 3326 ignoratione
2827 3265 2919 3311 aut
2965 3256 3240 3325 impietate
3281 3256 3356 3328 (ε)
3416 3268 3545 3313 sunt
3594 3258 3889 3314 subStitnti:

2306 3348 2629 3417 pollicentes
2663 3348 2764 3403 ltoc
2786 3363 2969 3404 coram
3007 3349 3116 3404 Deo
3155 3358 3317 3420 atque
3341 3349 3508 3405 etiam
3539 3350 3881 3411 conﬁtentes,

2305 3448 2363 3493 ut
2392 3438 2621 3510 quisque
2651 3439 2754 3506 his,
2782 3455 2905 3511 qua:
2936 3441 3246 3505 statuimus,
3283 3444 3422 3496 intra
3452 3443 3665 3499 Gallias
3693 3454 3888 3515 putave-
3952 3498 3953 3503 η

2304 3531 2374 3585 rit
2396 3532 2761 3600 renitendum,
2795 3550 2822 3585 ει
2851 3534 3236 3589 communione
3267 3550 3331 3589 ac
3364 3534 3495 3590 sedc
3526 3536 3601 3590 sit
3621 3534 3884 3592 sacerdotii
3952 3538 3953 3600 ξ

2304 3626 2662 3696 abjiciendus.
2706 3626 2895 3699 Neque
2922 3630 3067 3685 enim
3094 3671 3107 3694 ,
3144 3639 3200 3683 ut
3225 3629 3359 3684 alias
3385 3670 3399 3695 ,
3441 3637 3540 3684 aut
3567 3631 3881 3685 occ:isi0aem

2314 3720 2647 3791 praedicandi
2674 3724 2741 3792 (j‘)
2784 3738 2889 3776 non
2929 3721 3236 3777 damnando
3259 3723 3587 3790 permittens
3610 3764 3626 3789 ,
3656 3733 3743 3778 aut
3769 3737 3878 3776 con-

2303 3822 2383 3868 tra
2416 3814 2581 3867 Deum
2623 3825 2675 3868 et
2705 3813 2906 3869 Christi
2933 3815 3192 3886 unigeniti
3224 3814 3321 3870 Dei
3354 3818 3696 3885 majestatem
3724 3818 3875 3877 aliter,

2300 3922 2458 3977 quam
2508 3921 2609 3961 nos
2637 3906 2705 3962 de
2739 3907 3006 3963 homousii
3058 3909 3453 3978 signiﬁcatione
3510 3910 3773 3966 sentimus
3800 3908 3878 3961 ob-

2302 4002 2481 4056 nitens
2504 4044 2519 4068 ,
2554 4001 2747 4073 dignus
2777 4002 2880 4057 erit
2910 4003 3198 4058 sanctitate
3228 4002 3522 4058 sacerdotii
3551 4005 3781 4059 nominis
3802 4004 3877 4070 ju-
3950 4018 3951 4079 χ

2293 4116 2575 4172 litudinem
2604 4117 2770 4185 probe
2795 4116 3121 4173 intellectam
3152 4133 3259 4172 non
3286 4131 3573 4186 reSpuunt.
3603 4120 3717 4177 Vid.
3752 4120 3786 4175 l.
3818 4120 3875 4174 de

2293 4190 2494 4260 synod.
2523 4204 2575 4260 ιι.
2609 4188 2680 4243 68
2710 4200 2762 4244 et
2792 4190 2883 4253 88,
2911 4201 2965 4244 et
2993 4189 3088 4243 lib.
3122 4192 3172 4243 in
3203 4190 3392 4244 Const.
3426 4208 3481 4245 ιι.
3516 4193 3613 4246 ‘22.

2366 4259 2440 4332 (ε)
2471 4258 2625 4315 Alias
2652 4276 2733 4332 ex
2776 4276 2877 4313 nis.
2941 4262 3121 4325 Pitlt.,
3155 4271 3331 4315 nostra
3358 4274 3598 4317 contenta
3641 4271 3871 4328 testatur,
3948 4272 3949 4279 ‘

2289 4330 2451 4404 nequ_e
2480 4347 2563 4385 eos
2590 4330 2660 4383 ad
2687 4340 2881 4385 tantam
2906 4348 3012 4385 rem
3047 4333 3502 4404 blasphemiarum.
3538 4334 3617 4390 Ex
3650 4332 3871 4404 sttpctio-
3948 4352 3949 4361 ι

2287 4406 2363 4456 ris
2394 4401 2703 4471 Fragntenti
2735 4404 3028 4457 collatione
3071 4401 3245 4457 locum
3280 4403 3422 4458 hunc
3468 4407 3537 4459 ita
3570 4401 3869 4461 emendate

2289 4488 2476 4527 ramus
2503 4514 2518 4537 ,
2560 4489 2683 4528 cunt
2723 4472 3094 4528 Hertnatttiutu
3130 4489 3192 4529 ac
3241 4476 3593 4531 Sirmundttnt
3626 4478 3867 4544 Comperi-

585 4545 686 4601 bus
709 4535 1023 4617 perpitjuunt
1052 4554 1157 4617 est,
1186 4544 1284 4613 ipsi
1312 4545 1363 4597 in
1389 4545 1577 4617 primis
1607 4535 2001 4617 significabant,
2024 4558 2085 4598 se
2111 4544 2179 4598 ab
2204 4535 2261 4595 D
2284 4560 2404 4617 mus
2436 4535 2590 4599 nobis
2633 4546 3061 4601 eonsentientes.
3094 4545 3187 4600 Ille
3227 4557 3384 4602 antea
3416 4549 3724 4615 impietatem
3744 4535 3869 4599 ἰηςιι-

583 4614 818 4671 inimicis
845 4615 938 4669 lilii
972 4614 1065 4670 Dei
1091 4629 1212 4671 esse
1240 4616 1547 4684 depositus.
1594 4615 1733 4683 quod
1766 4630 1953 4669 eorum
1986 4617 2176 4669 adver-

583 4695 832 4742 sarentur
856 4686 1223 4757 ltlaSpltemlis,
1257 4701 1320 4740 ac
1348 4686 1663 4740 substantiae
1705 4685 2024 4741 vocabulum
2048 4700 2177 4740 con-

581 4757 914 4828 stantissime
941 4765 1353 4828 prouugnarent.
1370 4797 1384 4810 .

655 4827 732 4901 (a)
766 4824 1289 4901 Notat'Sozomenus
1330 4828 1421 4882 lib.
1450 4842 1524 4901 tv,
1557 4842 1611 4881 c.
1655 4827 1722 4882 19
1747 4868 1763 4893 ,
1800 4824 2174 4901 Occidentales

580 4900 689 4955 non
721 4914 813 4954 sua
846 4908 1062 4968 sponte,
1094 4900 1190 4956 sed
1220 4900 1574 4955 Orientalium
1606 4913 1765 4953 causa
1794 4914 1822 4951 a
1858 4900 2175 4953 substantitc

581 4985 715 5026 voce
766 4973 1096 5038 recessisse,
1125 4975 1275 5040 quasi
1329 4971 1476 5025 illam
1523 4984 1713 5024 omnes
1755 4978 2167 5040 aversarentur;

581 5043 726 5113 (cum
765 5051 952 5097 contra
1000 5039 1189 5098 omnes
1218 5083 1232 5107 ,
1265 5042 1500 5109 demptis
1526 5041 1756 5113 paucis,
1802 5039 1994 5095 Filium
2027 5040 2168 5095 Patri

577 5110 874 5183 substantia
922 5116 1157 5168 similem
1207 5110 1585 5183 assererent);
1635 5127 1838 5181 COMIUC
1889 5121 2169 5183 propterea

578 5181 772 5238 Nicmm
802 5183 857 5238 in
886 5183 1117 5240 Thracia
1145 5184 1237 5240 diu
1263 5181 1532 5242 detentus
1556 5197 1677 5239 esse
1705 5225 1720 5251 ,
1751 5198 1818 5239 ne
1859 5183 1996 5237 forte
2028 5182 2171 5237 frau-

576 5255 700 5310 dettt
731 5255 1221 5323 deprehenderent.

649 5324 724 5398 (ὁ)
767 5325 1024 5398 Nimirum
1054 5325 1273 5382 Nicmno
1310 5326 1540 5384 concilio
1566 5342 1655 5380 an.
1686 5326 1793 5398 325
1813 5367 1828 5391 ,
1856 5324 2165 5398 quod_eum

574 5394 941 5452 Orientalibus
969 5399 1306 5467 potissimum
1332 5406 1629 5464 constaret,
1652 5397 1782 5467 ipsis
1809 5397 1969 5452 etiam
1998 5394 2165 5451 Galli-

573 5472 693 5523 cani
747 5469 985 5538 episcopi
1032 5471 1179 5523 vocis
1225 5471 1530 5525 homousion
1582 5470 1950 5524 inventionem
2019 5475 2167 5538 tanto

578 5538 822 5592 tribuunt
845 5537 1121 5611 lilmtttius,
1145 5556 1251 5611 quo
1272 5556 1365 5595 (ξοδ
1393 5541 1559 5611 magis
1572 5542 1638 5595 ad
1655 5539 1781 5594 illud
1802 5537 2165 5608 recipiendum

573 5610 828 5664 excitent.
863 5610 1000 5665 Tum
1032 5610 1159 5665 illud
1193 5626 1387 5666 nomen
1416 5614 1503 5681 pio
1528 5620 1577 5665 et
1608 5612 1876 5666 catholico
1913 5625 2075 5664 sensu
2103 5625 2162 5664 se

575 5689 790 5749 semper
827 5682 1133 5749 suscepisse
1170 5680 1443 5737 insinuant
1470 5682 1649 5737 verbis
1691 5682 1758 5736 ad
1806 5680 1994 5736 Hilarii
2037 5696 2163 5735 sen-

579 5747 800 5802 tentiam
828 5747 1290 5820 accommodatis;
1317 5755 1474 5824 cujus
1498 5754 1660 5808 etiam
1690 5754 1757 5808 ad
1801 5754 1969 5808 instar
2010 5752 2160 5807 simi-

2282 4615 2397 4687 lcti,
2442 4631 2602 4685 quam
2652 4617 2890 4687 pietatem
2916 4659 2930 4683 ,
2980 4617 3413 4687 sulTragaturque
3454 4617 3728 4674 Strmondi
3772 4631 3855 4669 ms.

2281 4686 2579 4759 Episcopus
2604 4686 2781 4741 tamen
2807 4691 2977 4758 magis
2996 4686 3175 4753 decet,
3198 4700 3253 4741 ιιι
3275 4686 3418 4758 quod
3436 4691 3666 4759 simplici
3693 4693 3853 4743 elocu-

2281 4761 2427 4812 tione
2448 4758 2717 4813 diceretur
2745 4775 2830 4813 eos
2850 4769 3147 4823 contentos,
3173 4760 3243 4814 ob
3268 4760 3531 4816 honorent
3550 4758 3612 4815 et
3638 4775 3860 4815 reveren-

2280 4831 2409 4883 tiam
2482 4829 2772 4883 sacerdotii
2827 4831 3012 4885 tlicant
3064 4832 3305 4899 pietatem
3361 4849 3541 4887 eorum
3592 4844 3855 4887 (Otlrt’tthS.

2279 4901 2431 4966 Quod
2461 4900 2515 4970 in
2548 4900 2694 4955 hunc
2724 4903 2941 4956 modum
2982 4904 3296 4970 perspicitus
3336 4901 3428 4957 [let
3460 4922 3473 4957 :
3504 4921 3621 4957 cum
3649 4904 3786 4957 «tiam
3804 4900 3856 4969 ﬁ-

2279 4971 2408 5025 delis
2449 4968 2703 5025 Dominici
2756 4968 3319 5040 natninisprtedicator
3340 4975 3503 5043 frater
3536 4987 3703 5030 noster
3721 4968 3855 5043 Hilae

2276 5044 2387 5114 rius
2434 5043 2763 5106 nuntiaverit,
2824 5054 3098 5098 conventas
3150 5042 3398 5114 (clarius.
3439 5049 3738 5114 convenisse
3761 5042 3849 5108 vos)

2282 5113 2520 5187 pietatem
2550 5130 2726 5167 eorum
2754 5117 2844 5178 qui
2882 5114 3113 5170 Arimino
3145 5112 3646 5187 CoristantinOpolim
3666 5122 3851 5171 reverte-

2277 5194 2423 5248 runt,
2447 5185 2578 5238 sicut
2602 5186 2818 5260 epistola
2833 5197 2998 5260 uestra
3025 5186 3299 5260 (proximo
3327 5185 3660 5260 Fragmenta
3685 5188 3844 5247 relata,

2276 5264 2333 5311 et
2374 5271 2479 5309 una
2530 5271 2652 5311 cum
2700 5255 3130 5331 Hilarii_litterts
3151 5258 3217 5312 ad
3262 5255 3610 5331 nosnt'issis)
3641 5266 3844 5313 contenta

2280 5335 2515 5391 testatur,
2544 5343 2705 5397 neque
2734 5343 2819 5382 eos
2849 5327 2918 5382 ad
2939 5340 3198 5384 tantarum
3220 5327 3661 5398 blasphemiarum
3704 5334 3843 5398 (qn-13.

2280 5407 2338 5452 ut
2386 5413 2545 5467 supra
2599 5396 2783 5454 tuomet
2822 5399 3079 5466 Hilarius,
3128 5396 3481 5456 Orientalium
3527 5396 3840 5458 litterissub-

2276 5484 2430 5544 nexa;
2458 5468 2654 5544 erant)
2690 5472 3070 5526 damnationem
3094 5473 3313 5538 potuisse
3341 5473 3667 5544 compellere.

2347 5540 2426 5611 (ά)
2464 5539 2823 5615 Ariminensis
2853 5546 3043 5614 synodi
3084 5545 3311 5615 legatos,
3360 5554 3417 5600 ut
3443 5539 3671 5601 habetur
3710 5539 3839 5597 initio

2274 5608 2585 5682 Fragmenti
2606 5608 2926 5682 superioris.

2347 5681 2421 5760 (ς)
2463 5681 2618 5760 Puta,
2648 5681 3246 5760 Constantinopolitana
3277 5687 3489 5760 synodo
3513 5688 3637 5742 anni
3664 5684 3774 5760 560.

2342 5752 2411 5827 (ί)
2451 5753 2536 5811 Att
2562 5754 2721 5823 forte,
2748 5752 3067 5826 praedicandi
3095 5752 3445 5816 anomwision
3473 5752 3788 5832 permittens?
