3958 6194
517 251 622 308 715

1735 243 1980 304 SANCTI
2019 245 2282 320 HILARH
2321 248 2628 312 EPISCOPI

3713 258 3815 314 7m

519 376 580 430 tit
635 369 890 428 Liberius.
922 397 993 410 --
1037 365 1324 439 Imperitis:
1368 365 1584 438 culpam
1613 366 1895 425 oblitterat
1922 368 2118 442 resipi-
2142 387 2198 451 Α
2219 373 2340 432 leve
2368 382 2422 431 et
2447 376 2733 432 remissum
2767 374 3002 441 videtur,
3032 381 3322 448 recuperat
3349 373 3403 432 id
3435 373 3580 447 quod
3599 389 3696 446 per
3724 392 3811 430 as-

519 482 700 523 sccns.
730 463 842 520 Hoc
857 470 1032 518 autem
1063 460 1131 514 de
1155 459 1448 531 Scripturis
1468 461 1670 515 sanctis
1698 460 1985 521 advertere
2010 470 2116 518 est.

521 557 784 614 Pietatem
824 553 892 608 ad
919 550 1099 607 omnia
1132 549 1320 606 utilem
1356 565 1479 606 esse
1525 551 1756 623 legimus
1784 595 1798 619 ,
1845 554 1930 608 cui
1975 553 2121 609 cedit

523 647 820 720 corporalis
843 644 1178 712 exercitatio,
1209 644 1458 716 quamvis
1489 653 1542 700 et
1570 645 1684 714 ipsa
1718 645 1967 702 utilitatis
1988 645 2120 702 reti—

523 750 644 798 neat
665 738 903 794 lructus:
935 753 1092 809 quam
1121 736 1432 792 sectandam
1457 736 1614 792 nobis
1637 738 1800 793 etiam
1823 738 1963 793 ratio
1985 745 2120 793 tem-

523 833 667 906 poris
695 831 980 902 praesentis
1018 831 1282 902 exposcit.
1312 828 1386 900 (a)
1411 830 1523 884 Non
1548 830 1692 885 enim
1720 830 1764 885 si
1787 829 1952 904 aliqui
1976 829 2119 886 forte

517 926 608 997 qui
634 924 736 979 hoc
786 921 946 978 studii
978 930 1212 994 gerunt,
1257 923 1468 977 ratione
1519 922 1789 992 provisam
1837 922 2119 982 destruere

515 1015 858 1089 impudenter
909 1015 1128 1070 saeviori
1180 1028 1450 1081 censura;
1496 1014 1600 1070 hoc
1635 1016 2024 1074 restimaverint
2064 1023 2121 1072 et

519 1124 742 1177 novare,
773 1107 915 1179 quod
939 1109 1053 1177 jam
1085 1122 1148 1164 es
1173 1106 1476 1178 apostolica
1491 1107 1817 1164 auctoritate
1849 1108 2116 1164 munitum

518 1201 697 1257 estde
725 1200 944 1271 pietate,
979 1215 1100 1255 cum
1133 1198 1332 1254 dictum
1365 1208 1468 1265 est,
1504 1215 1611 1256 non
1638 1215 1762 1256 csse
1784 1200 2114 1271 parcendum

517 1294 604 1349 his
641 1294 732 1364 qui
759 1292 897 1364 apud
952 1291 1256 1348 Ariminum
1286 1292 1600 1363 ignorantes
1629 1303 1858 1366 egerunt
1880 1335 1896 1360 ,
1921 1296 2118 1368 quibus

518 1385 729 1442 nescire
751 1385 1037 1452 inlicitum,
1063 1385 1162 1440 fuit
1186 1395 1401 1456 captum
1419 1387 1589 1440 errori
1623 1385 1885 1451 incidere,
1914 1387 2117 1444 idcirco

520 1477 719 1532 veritas
761 1476 1066 1550 repedanda
1092 1484 1192 1532 est.
1231 1476 1335 1533 Sed
1365 1477 1518 1546 mihi,
1552 1479 1636 1533 cui
1661 1480 1915 1534 convenit
1938 1481 2118 1540 omnia

515 1569 797 1626 moderate
825 1553 1165 1644 perpendere
1191 1611 1205 1638 ,
1235 1569 1470 1624 maxime
1501 1586 1622 1624 cum
1655 1579 1710 1625 et
1733 1569 1973 1644 Aﬁgyptii
2003 1588 2120 1628 om-

517 1676 615 1717 nes
665 1670 719 1717 et
770 1661 843 1731 (b)
892 1643 1080 1716 Achivi
1131 1664 1367 1717 accusati
1423 1663 1747 1718 sententiam
1796 1673 2118 1736 receperunt

515 1753 719 1821 multis,
747 1753 1073 1824 parcendum
1101 1753 1316 1824 quidem
1348 1753 1432 1820 his
1462 1754 1532 1812 de
1556 1756 1750 1828 quibus
1779 1771 1942 1826 supra
1977 1769 2114 1812 trac-

525 1847 778 1914 tavimus,
808 1855 1057 1902 auctores
1086 1863 1218 1902 vero
1244 1863 1365 1903 esse
1407 1847 1763 1915 damnandos,
1788 1849 1878 1920 qui
1903 1849 2119 1920 obliqua

516 1949 571 1997 et
599 1942 827 2012 maligna
1086 1942 1387 1997 subtilitate
1418 1951 1473 1997 et
1502 1943 1735 2018 caligine
1779 1942 2122 2002 offenderunt

518 2036 886 2093 innocentium
916 2051 1109 2091 sensus
1135 2079 1150 2103 ,
1193 2051 1290 2107 per
1315 2051 1436 2106 quae
1487 2036 1734 2092 velamen
1789 2037 2117 2106 obducerent

513 2131 749 2198 veritati,
788 2130 1040 2188 tenebras
1069 2129 1242 2186 lucem
1278 2169 1294 2195 ,
1345 2139 1399 2186 et
1438 2129 1614 2186 lucem
1654 2131 1907 2188 tenebras
1935 2131 2120 2198 vendi-

518 2235 713 2282 tantes.
1919 2227 1930 2233 ⁵

585 2322 642 2375 2.
672 2320 785 2385 Quo
810 2327 959 2392 pacto
1004 2319 1252 2390 ignoscat.
1303 2316 1469 2389 Igitur
1513 2317 1557 2372 si
1581 2317 1702 2387 quis
1755 2317 2113 2388 ignorationis

515 2423 733 2487 captum
784 2414 1113 2484 resipiscens
1165 2413 1434 2468 sermonis
1489 2420 1690 2468 nostra:
1743 2412 2116 2468 advocationis

519 2508 594 2582 (c)
625 2507 948 2576 brevissima
998 2506 1128 2563 illud
1176 2508 1323 2564 virus
1367 2507 1420 2562 in
1471 2522 1531 2562 se
1579 2505 1898 2577 pestiferum
1930 2507 2116 2565 Ariani

517 2603 786 2676 dogmatis
832 2601 1122 2660 subdolum
1153 2616 1216 2656 ac
1247 2601 1592 2658 tenebrosum
1620 2600 1794 2658 fuerat
1832 2610 2114 2670 expertus,

516 2707 798 2768 reparatus
825 2697 1139 2760 exhauriat;
1169 2695 1520 2758 condemnet,
1548 2693 2036 2765 vehementiusque
2065 2694 2118 2749 in

518 2797 767 2844 auctores
795 2787 912 2858 ejus
940 2787 1208 2854 insmviat,
1230 2802 1366 2858 quos
1389 2787 1442 2844 in
1470 2802 1530 2843 se
1557 2786 1827 2844 violentos
1866 2795 2123 2858 expertus

518 2893 604 2940 est
627 2928 641 2951 ,
676 2891 956 2954 totumque
985 2897 1044 2938 se
1074 2881 1195 2936 fidei
1225 2880 1540 2954 apostolicae
1565 2890 1619 2936 et
1646 2881 1929 2952 catholicae
1950 2895 2122 2951 usque

518 2976 586 3032 ad
611 2976 843 3036 Nicaeus:
883 2973 1077 3047 synodi
1129 2973 1210 3047 (d)
1242 2981 1569 3030 conventum
1602 2972 1669 3030 de
1715 2974 1924 3042 integro
1969 2987 2124 3026 man-

518 3070 682 3140 cipct.
727 3067 833 3124 Per
862 3082 1022 3138 quam
1064 3064 1487 3136 professionem,
1537 3064 1752 3121 etiamsi
1797 3063 2120 3134 quibusdam

2220 468 2407 524 tutiam
2430 469 2692 525 rectitatis
2731 469 3006 524 amiserat.
3035 468 3236 530 Verum
3263 469 3311 526 si
3338 467 3539 540 aliquis
3566 477 3676 526 tam
3704 475 3816 524 sto-

2219 560 2342 618 lidae
2361 562 2579 629 mentis,
2611 561 2753 634 quod
2782 561 2923 618 haud
2949 562 3114 621 credo
3148 605 3162 630 ,
3204 562 3368 629 fuerit
3394 562 3647 626 inventus
3673 603 3688 628 ,
3727 562 3813 632 qui

2220 665 2328 708 non
2356 653 2532 710 solum
2555 653 2692 712 nolit
2736 654 2979 716 converti
3005 654 3310 722 antidotum
3357 652 3630 724 recipiens
3671 654 3819 721 sani-

2220 746 2374 814 tatis;
2425 745 2495 820 (e)
2525 762 2794 814 venenum
2835 747 3093 818 virusque
3137 747 3338 810 noxius
3375 761 3499 804 sese
3545 745 3822 808 vindicare

2219 835 2546 898 crediderit:
2596 847 2652 896 et
2681 840 2894 902 ratione
2923 840 3172 904 vincetur
3194 881 3212 909 ,
3239 847 3298 896 et
3324 837 3538 908 auctori
3578 837 3823 912 perﬁdia

2220 929 2431 1000 perdite
2457 930 2764 1004 deputatus,
2785 931 3046 1000 Ecclesia:
3070 931 3356 998 catholicae
3375 930 3610 1004 spiritali
3630 931 3821 1002 vigore

2222 1023 2509 1093 plectatur.

2263 1171 2390 1212 ιιι-εκ
2419 1162 2707 1215 EXEMPLUI
2733 1157 2816 1232 (f)
2844 1173 3119 1217 erts'rouz
3155 1172 3524 1217 srtscoroauu
3561 1173 3784 1215 mus.

2222 1291 2598 1352 Dilectissimis
2625 1295 2882 1354 fratribus
2911 1313 3008 1368 per
3032 1296 3307 1370 Illyricum
3349 1297 3512 1354 ﬁdem
3540 1305 3821 1369 paternam

2291 1389 2656 1446 retinentibus
2689 1433 2706 1456 ,
2761 1392 3001 1464 episcopi
3052 1392 3220 1447 Italia:
3272 1391 3325 1447 in
3376 1390 3611 1447 Domino
3660 1398 3822 1446 aeter-

2293 1493 2416 1534 nam
2439 1481 2666 1537 salutem
3451 1499 3456 1508 '

2292 1573 2345 1627 5.
2391 1570 2517 1628 Itali
2556 1575 2772 1630 Arimini
2814 1576 3019 1631 statutis
3044 1576 3278 1632 rescissis
3324 1574 3558 1632 Nicarnaz
3603 1576 3727 1645 fidei
3763 1591 3817 1630 sc

2221 1666 2460 1722 reddunt.
2494 1697 2564 1709 -—
2598 1669 2768 1724 Divini
2800 1671 3043 1732 muneris
3065 1673 3238 1741 gratia
3267 1671 3350 1744 (9)
3373 1711 3389 1739 ,
3425 1681 3482 1726 ut
3523 1668 3823 1726 secundum

2149 1787 2198 1847 Β
2222 1758 2539 1828 Apostoluiu
2572 1774 2764 1816 omnes
2791 1777 2958 1817 unum
2998 1776 3189 1832 sapere
3221 1803 3238 1826 ,
3279 1777 3472 1818 omnes
3500 1777 3668 1816 unum
3696 1775 3824 1815 con-

2233 1853 2374 1914 ﬁteri
2425 1854 2774 1924 eruperimus.
2827 1854 2898 1910 Et
2933 1865 3194 1926 quantum
3238 1854 3305 1910 ad
3353 1854 3566 1911 Italiam
3610 1852 3823 1926 quidem

2223 1945 2477 2016 pertinet,
2501 1960 2624 2002 cum
2655 1945 2780 2004 fidei
2812 1957 3052 2018 paterna:
3076 1989 3093 2014 ,
3143 1947 3248 2004 hoc
3277 1955 3383 2013 est,
3413 1946 3562 2019 apud
3582 1945 3820 2013 Nicasius

2226 2038 2440 2106 scriptae
2467 2052 2527 2094 se
2556 2037 2829 2106 reddidit,
2860 2038 3107 2102 fraudem
3130 2055 3295 2111 quam
3348 2054 3508 2111 passa
3557 2048 3646 2104 est.
3687 2037 3827 2109 apud

2174 2120 2182 2127 ’
2225 2131 2529 2198 Ariminum
2557 2145 2988 2202 recognoscens:
3023 2133 3300 2205 Illyricum
3329 2133 3493 2200 etiam
3518 2131 3691 2201 Deum
3717 2130 3828 2198 φιςο

2223 2224 2392 2286 menti
2421 2234 2554 2290 nutu
2583 2226 2895 2298 respexisse
2921 2225 3260 2299 gaudemus;
3309 2235 3365 2286 et
3389 2223 3673 2294 consortio
3713 2224 3830 2292 inli-

2219 2317 2474 2384 delitatis,
2501 2333 2608 2392 quo
2635 2318 2962 2390 gravabatur
2981 2359 2998 2386 ,
3024 2319 3258 2392 abiecto,
3283 2316 3448 2394 7M
3468 2333 3534 2380 ea
3557 2305 3684 2390 qua;
3709 2326 3830 2386 sunt

2220 2420 2384 2476 recta:
2425 2415 2708 2480 sententiae
2743 2414 2976 2485 probare
3025 2413 3649 2486 cmpissegratulatnuﬁ
3692 2411 3824 2468 Noae

2221 2511 2359 2560 tram
2391 2502 2572 2574 igitur,
2605 2503 2946 2574 dilectissimi
2986 2503 3208 2574 Fratres
3237 2545 3254 2574 ,
3283 2520 3448 2574 unam
3475 2503 3830 2576 eamdemque.

2220 2581 2448 2666 accipite
2500 2596 2712 2664 ﬁrmam
2763 2597 3172 2669 subscriptione
3215 2597 3578 2668 sententiam.
3634 2595 3831 2662 uicani

2227 2697 2482 2746 tractatus
2508 2689 2772 2756 adversus
2798 2689 2986 2746 Arium
3019 2690 3428 2762 sabelliumque
3456 2731 3474 2758 ,
3502 2689 3670 2760 cujus
3698 2687 3831 2754 Pho-

2225 2784 2370 2840 tinus
2402 2784 2656 2855 partiaria
2685 2783 2999 2856 haereditate
3027 2785 3315 2850 damnatur
3345 2825 3364 2852 ,
3405 2783 3632 2850 decreta
3656 2795 3834 2846 scrva-

2225 2863 2365 2934 mus.
2396 2875 2755 2948 Ariminensis
2782 2876 3002 2944 concilii
3025 2883 3230 2948 statuta
3257 2872 3619 2954 quorum”;
3673 2872 3833 2945 tergi-

2225 2969 2534 3025 versatione
2563 2976 2818 3045 corrupta
2850 3007 2867 3032 ,
2910 2982 3187 3040 consensu
3236 2966 3483 3039 omnium
3535 2967 3838 3042 provincia-

2226 3077 2345 3117 rum
2378 3103 2393 3128 ,
2421 3061 2542 3130 jure
2573 3059 2968 3126 rescindimus;
3001 3076 3231 3132 quorum
3287 3061 3451 3116 etiam
3505 3059 3834 3132 exemplaria

521 3224 655 3282 ordo
681 3231 954 3295 gestorum
973 3238 1002 3295 :_
1024 3227 1081 3276 ut
1104 3218 1330 3295 synodis
1350 3217 1581 3295 primum
1611 3216 2122 3295 Alexandriaeanno
2147 3217 2194 3280 C
2227 3227 2323 3295 set
2338 3219 2577 3295 construi
2600 3237 2612 3274 :
2639 3217 2810 3295 igitur
2839 3217 3028 3295 siquis
3057 3217 3192 3295 illud
3221 3217 3362 3295 uirus
3387 3217 3441 3276 in
3463 3217 3836 3295 βραδεῖα-ωτι

524 3297 654 3360 562,
675 3289 739 3349 ac
766 3292 961 3349 deinde
990 3293 1046 3346 in
1077 3289 1273 3348 Achaia
1298 3290 1609 3360 celebratis,
1639 3289 1784 3358 quod
1813 3290 1864 3348 in
1893 3289 2000 3345 illis
2026 3291 2121 3348 de-

523 3359 731 3424 cretum
750 3376 852 3429 est,
873 3363 1150 3418 Romanus
1166 3361 1406 3429 pontifex
1428 3359 1799 3424 conﬁrmarit;
1824 3360 1970 3428 quod
1990 3377 2120 3416 vero

524 3439 616 3494 ille
643 3434 996 3498 coniirmarit,
1030 3431 1194 3502 aliqui
1228 3431 1341 3503 (qui
1377 3432 1481 3485 nisi
1525 3429 1889 3503 Luciferiani?
1923 3434 1941 3499 )
1978 3441 2119 3486 tam-

526 3524 689 3580 quam
718 3507 880 3564 nimis
905 3504 1069 3560 molle
1100 3499 1163 3560 a'c
1203 3499 1492 3580 remissum
1523 3499 1861 3580 rescindere_
1884 3512 2123 3580 tentave-

527 3573 664 3636 r'int:
689 3593 922 3651 quorum
947 3582 1216 3651 ueserpat
1245 3575 1479 3651 schisma
1501 3586 1566 3651 ac
1586 3585 1748 3651 prava
1776 3573 1980 3641 opinio,
2000 3574 2126 3651 haec

527 3643 744 3707 rursum
781 3664 811 3704 a
845 3645 1061 3711 Libet-io
1105 3643 1302 3715 seripta
1351 3647 1422 3700 sit
1451 3643 1676 3715 epistola
1709 3681 1725 3708 ,
1779 3659 1900 3714 qua:
1932 3645 2122 3701 subse-

527 3721 1084 3792 quentiioccasianem
1113 3713 1327 3792 videtur
1355 3713 1669 3792 praebuisse.

606 3790 680 3861 (a)
713 3790 869 3845 llunc
896 3789 1073 3844 laeum
1095 3788 1184 3842 diu
1211 3795 1265 3842 et
1293 3794 1500 3844 attente
1539 3786 1826 3842 lustrantes
1847 3795 2008 3861 atque
2035 3802 2120 3861 re-

533 3853 942 3933 cognoscentes,
972 3873 1202 3933 necnon
1233 3873 1358 3933 eum
1389 3871 1571 3933 rerum
1596 3865 1866 3933 gestarum
1894 3853 2119 3915 historia

533 3927 1145 4002 crifnparantes,7paucis
1173 3929 1389 4002 mutatis
1409 3927 1763 4002 redintegrari
1814 3944 1972 4002 ptisse
1998 3945 2120 3998 per-

534 3997 899 4074 spes'itnusin.
931 3997 1088 4074 hunc
1113 3999 1360 4074 modum;
1399 3997 1519 4074 Non
1558 3997 1693 4052 enim
1719 4001 1765 4054 si
1794 3997 1954 4074 aliqui
1993 4001 2128 4074 forte

533 4071 675 4141 sunt,
697 4077 780 4144 qui
813 4073 907 4127 hoc
931 4072 1089 4126 studii
1133 4080 1314 4139 gerunt
1343 4071 1501 4144 (scil.
1535 4073 1699 4138 rem),
1731 4073 1929 4126 ratione
1956 4072 2127 4138 proui-

536 4163 646 4201 ram
670 4142 926 4208 destruere
955 4143 1276 4214 impudenter
1302 4142 1503 4198 saviari
1523 4157 1776 4214 censura;
1808 4147 1903 4197 hoc
1945 4145 2125 4198 existi-

538 4219 779 4270 maverint
806 4217 888 4286 (se
920 4213 1099 4281 posse)
1135 4224 1467 4286 extinctor-are
1492 4213 1629 4286 quod
1648 4215 1766 4284 jam
1808 4230 1872 4268 ea:
1917 4224 2126 4281 aposto-

539 4291 636 4343 lica
670 4285 979 4342 auctoritate
1020 4286 1272 4342 munitum
1299 4294 1374 4338 est
1394 4285 1459 4337 de
1495 4285 1682 4349 pietate
1705 4325 1721 4350 ,
1764 4286 2124 4340 contendentes

539 4375 642 4413 non
667 4374 775 4412 esse
803 4357 1116 4427 parcendum
1137 4357 1214 4410 his
1243 4357 1330 4423 qui
1355 4354 1494 4427 apud
1517 4356 1805 4410 Ariminum
1834 4360 2126 4427 ignorantes

541 4439 749 4501 egerunt
783 4426 1248 4501 (scutor-rarunt).
1300 4426 1494 4501 Quibus
1528 4427 1732 4501 nescire
1774 4426 2010 4501 illicitum
2045 4427 2126 4500 (id

541 4497 644 4566 est,
675 4499 816 4569 quod
845 4498 1085 4553 illicitum
1131 4510 1267 4562 erat,
1301 4498 1422 4568 hoc)
1464 4497 1560 4565 fuit
1588 4507 1796 4564 captum
1840 4499 1966 4569 (hoc
1987 4497 2082 4553 est
2105 4539 2121 4565 ,

542 4567 819 4640 laqueum)
841 4570 1030 4622 erroris
1071 4569 1330 4633 incidere;
1376 4569 1568 4640 idcirco
1594 4570 1832 4624 maritas
1864 4568 2127 4640 (discipli-

543 4660 625 4696 na:
655 4639 755 4711 eis)
800 4641 1122 4710 rependequ
1169 4645 1287 4695 est?
1315 4641 1420 4695 Sed
1451 4639 1613 4704 mihi,
1639 4642 1726 4692 'cui
1756 4639 1984 4711 convenit
2015 4657 2126 4694 om-

541 4717 628 4767 nia
677 4710 933 4767 inoderate
979 4711 1288 4780 perpendere
1314 4752 1328 4776 ,
1369 4712 1588 4764 maxime
1629 4726 1743 4763 cum
1791 4722 1840 4763 et
1882 4710 2125 4781 ngyptis'

544 4800 715 4838 oumes
743 4792 789 4838 ct
816 4783 995 4836 Achivi
1016 4785 1144 4836 hanc
1179 4785 1404 4835 uduuate
1443 4781 1743 4834 sententiam
1793 4787 2071 4850 receperint
2106 4825 2121 4849 ,

541 4858 700 4909 uisum
726 4865 820 4919 est,
846 4857 1156 4922 parcendum
1177 4853 1382 4922 quidem
1409 4852 1486 4903 his
1515 4852 1576 4903 de
1596 4852 1777 4915 quibus
1805 4870 1962 4919 supra
1991 4863 2128 4906 trac-

542 4927 777 4990 tavimus,
810 4927 898 4994 qui
928 4925 1176 4979 nimirum
1209 4939 1368 4991 supra
1410 4922 1536 4994 dicti
1560 4932 1705 4994 (Sunt
1734 4923 1784 4976 in
1818 4927 2019 4979 erroris
2052 4925 2128 4978 la-

542 5014 735 5066 queunt
771 4993 843 5050 ita
877 4996 1148 5062 incrdiSse,
1185 5004 1242 5048 ut
1286 4995 1448 5050 iUmsa
1502 4993 1621 5048 ﬁdei
1651 4995 1982 5050 conscientia
2011 4995 2126 5052 ha:-

539 5069 722 5122 rctieis
751 5068 1108 5122 consenserit.

614 5139 692 5208 (ὁ)
748 5138 857 5193 Hoc
883 5139 993 5206 jam
1059 5136 1394 5209 interpretati
1448 5150 1634 5194 sumus
1688 5137 1756 5193 de
1808 5137 2017 5209 synodo
2070 5137 2126 5194 in

541 5209 746 5264 Achaia
797 5210 957 5280 paulo
997 5221 1118 5280 post
1159 5208 1571 5266 Alexmdrinatn
1617 5208 1918 5265 habitaﬁlu
1961 5227 2125 5281 quam

543 5282 764 5350 respicit
793 5281 1140 5343 Athanasius,
1171 5295 1292 5335 cum
1326 5291 1456 5334 l0lll.
1491 5294 1529 5332 ll
1573 5295 1625 5348 p.
1659 5284 1748 5345 40,
1778 5297 1806 5334 a
1836 5281 2124 5336 Ruﬁniano

541 5354 842 5417 cottsultus,
873 5351 1002 5421 quid
1017 5351 1091 5407 de.
1113 5351 1204 5423 Itis
1223 5351 1558 5423 sentiendum
1589 5353 1673 5420 qui
1695 5355 1990 5408 necessitate
2007 5356 2122 5423 qui-

543 5424 657 5476 dam
685 5425 810 5489 acti,
833 5423 922 5478 sed
947 5440 1052 5484 non
1071 5422 1276 5482 ouuzs'no
1307 5422 1589 5491 proﬂigati,
1605 5439 1638 5476 a
1657 5424 1760 5491 ﬁde
1779 5422 2078 5479 aberrarunt
2100 5441 2121 5489 ,'

540 5495 836 5576 respondet
853 5493 1233 5576 liaiiitaseade
1261 5508 1316 5576 re
1341 5492 1601 5576 synodos,
1620 5495 1852 5576 prim-um
1877 5498 2118 5551 Alexano

537 5563 691 5627 drizir,
722 5581 781 5620 ac
805 5565 1002 5621 deinde
1026 5564 1094 5620 ab
1123 5565 1186 5620 iis
1213 5564 1307 5633 qui
1333 5563 1600 5622 Graeciam
1625 5563 1866 5623 incolunt
1891 5608 1905 5631 ,
1939 5576 2044 5622 etc.

607 5634 678 5703 (c)
697 5637 755 5708 lu
781 5635 1063 5692 Pithmano
1089 5637 1542 5708 ms.,gbenissima:
1566 5635 1704 5692 forte
1723 5654 1818 5708 pro
1835 5640 2117 5694 lenissima.

543 5703 660 5756 Mox
695 5707 744 5758 in
775 5721 876 5760 uis.
916 5708 1079 5769 Sirm,
1115 5706 1448 5772 latebrosum,
1481 5721 1585 5764 non
1617 5703 1957 5765 tenebrosum.
1986 5712 2122 5766 Ora-

539 5775 611 5830 tio
638 5788 850 5838 rursum
870 5774 960 5842 bie
983 5776 1238 5847 perplexa
1257 5788 1313 5834 et
1336 5779 1645 5849 perturbata
1666 5783 1746 5838 sic
1769 5781 1965 5840 clarius
1996 5797 2119 5854 pos.-

2231 3291 2412 3345 Ariani
2432 3289 2688 3360 dogmatis
2721 3289 2997 3345 subdolum
3025 3306 3088 3344 ac
3115 3289 3430 3344 latebrosus:
3457 3291 3631 3360 fuerat
3657 3304 3835 3359 sapor-

2229 3370 2308 3416 tus
2332 3380 2349 3427 ;
2383 3359 2518 3416 illud
2541 3364 2654 3431 jam
2672 3403 2688 3428 ,
2711 3363 2961 3416 sermonis
2996 3362 3163 3415 nostri
3192 3361 3554 3414 adhortatione
3576 3359 3837 3431 lenissimis

2227 3443 2520 3502 reparatus,
2543 3430 2597 3488 et
2616 3434 2959 3504 ignoratiouis
2981 3443 3193 3502 captum
3238 3433 3379 3504 (seu,
3407 3431 3472 3484 ab
3496 3430 3836 3504 ignoramus

2228 3505 2408 3576 captu)
2439 3502 2776 3576 resipiscens,
2805 3504 3077 3560 exhauriat
3119 3513 3168 3558 et
3199 3502 3535 3567 condemnet;
3565 3502 3832 3557 seltener:-

2229 3575 2450 3635 tiusaue.
2481 3575 2586 3631 etc.

2299 3594 3046 3718 L(“giliiinfeci.“uatranturaliis
3081 3645 3284 3703 Liberii
3330 3645 3513 3718 verbis
3537 3645 3688 3715 apud
3735 3646 3829 3702 So-

2228 3716 2392 3784 crat.‘,
2422 3718 2514 3773 lib.
2550 3735 2622 3784 IV,
2651 3734 2702 3775 c.
2740 3718 2839 3772 ηε
2881 3717 3027 3772 Hanc
3057 3729 3230 3772 autem
3275 3716 3586 3772 catholicam
3615 3727 3666 3770 et
3709 3732 3830 3786 espo-

2228 3790 2461 3860 stolicam
2477 3789 2632 3854 [idem
2653 3805 2762 3844 esse
2782 3791 3128 3860 agnoscimus,
3144 3805 3263 3859 qua
3283 3803 3442 3858 usque
3461 3787 3534 3842 ad
3557 3789 3833 3842 concilium

2231 3859 2285 3914 Ν
2292 3862 2506 3930 iciunum
2535 3863 2734 3930 integra
2755 3872 2803 3914 st
2820 3859 3136 3915 inconcussa
3160 3861 3472 3929 permansit.

2304 3929 2376 4002 (e)
2411 3932 2589 4002 Forte,
2623 3929 2796 3984 verum
2835 3933 2991 3986 etiam
3019 3945 3267 3986 uenenum
3295 3933 3538 4002 virusque
3579 3930 3758 4002 potius
3785 3944 3833 3982 ss

2229 4000 2378 4072 posse
2399 4001 2662 4056 uindicare
2690 4002 2964 4057 crediderit
2994 4018 3014 4056 :
3041 4013 3090 4056 et
3113 4004 3318 4057 ratione
3355 4000 3602 4072 uincent,
3633 4011 3686 4054 et
3715 4017 3832 4056 auc-

2231 4071 2423 4128 toribus
2452 4073 2719 4142 perﬁdiw,
2754 4084 2863 4128 etc.
2899 4073 3052 4128 Hand
3093 4075 3252 4143 longe
3278 4071 3547 4128 absimilis
3588 4072 3830 4143 asticis

2227 4141 2471 4212 epistol-ai
2500 4141 2741 4214 eiusdem
2765 4144 2961 4199 Liberii
2991 4141 3359 4200 Orientalibus
3389 4143 3531 4199 datas
3564 4141 3716 4214 apud
3738 4143 3831 4198 So-

2229 4226 2430 4271 cratem
2459 4216 2550 4271 lii).
2577 4232 2650 4276 Iv,
2679 4231 2728 4270 ο.
2763 4215 2851 4269 12.

2304 4289 2386 4360 (Ῑ)
2411 4287 2525 4341 Νοη
2556 4298 2640 4360 ea}
2667 4286 3020 4360 disittnsenda
3049 4286 3170 4346 hmo
3196 4287 3426 4360 epistola
3449 4301 3482 4341 ι
3525 4290 3828 4360 superiore,

2230 4359 2318 4414 cui
2349 4374 2468 4413 eam
2499 4361 2567 4413 ab
2598 4359 2799 4413 Ililario
2827 4360 3064 4427 jimctam
3087 4371 3143 4413 et
3178 4359 3550 4417 conﬁrmatam
3591 4359 3724 4416 esse
3753 4360 3833 4414 ia-

2231 4430 2376 4484 dicat
2411 4431 2670 4501 particula
2698 4430 2838 4482 item.
2876 4429 3022 4484 Illam
3054 4430 3298 4484 nonnulli
3329 4429 3588 4501 scriptam
3642 4439 3824 4501 putant

2234 4502 2480 4574 proxime
2505 4511 2629 4568 pust
2654 4500 2920 4574 Illyricam
2947 4501 3215 4574 synodum
3254 4501 3382 4555 anni
3592 4500 3664 4557 At
3708 4517 3829 4574 con—

2234 4575 2417 4626 venire
2449 4573 2591 4627 inter
2615 4571 2806 4627 omnes
2836 4571 3018 4639 debet,
3046 4572 3214 4626 Italos
3243 4587 3366 4626 cum
3395 4571 3592 4627 Hilarii
3624 4573 3792 4628 nostri
3811 4613 3824 4636 ,

2151 4613 2206 4674 D
2237 4655 2347 4697 tuin
2381 4613 2594 4698 Eusebii
2640 4613 3366 4713 Vercellc‘iisis’aliorumque
3391 4613 3594 4713 ope”:

2239 4715 2422 4769 nensis
2447 4715 2660 4769 conci-lii
2709 4715 2926 4770 decreta
2973 4727 3100 4768 ante
3128 4730 3331 4768 anitum
3372 4713 3480 4770 5υό
3519 4715 3823 4770 rescidisse.

2237 4785 2422 4854 Neque
2451 4801 2580 4840 vero
2609 4786 2676 4839 ab
2705 4787 2771 4840 iis
2800 4785 3143 4853 abrugandis,
3177 4785 3372 4854 quibus
3409 4786 3563 4840 inviti
3587 4786 3824 4856 decepti-

2239 4874 2342 4924 que
2370 4867 2778 4919 consenserant,
2807 4857 2896 4910 diu
2926 4857 3263 4926 mult-umque
3289 4856 3649 4914 abhorruere.
3682 4856 3826 4913 Unde

2240 4928 2487 4983 Liberius
2513 4928 2656 4997 apud
2683 4930 2959 4984 Socratem
2988 4929 3080 4981 lib.
3125 4943 3201 4992 tv,
3224 4942 3276 4981 c.
3309 4929 3396 4991 ts,
3427 4928 3494 4982 ad
3527 4928 3824 4984 Orientales

2240 4999 2523 5074 Lampsaci
2547 4998 3158 5074 Congregatosuondmn
3183 4999 3359 5074 habita
3383 4997 3601 5074 μητερα
3625 4999 3825 5074 synodo

2241 5073 2529 5132 rescribit,
2558 5087 2731 5126 omim
2761 5069 3098 5125 Ariminensis
3142 5071 3346 5123 concilii
3376 5069 3725 5136 blasphemihs
3768 5072 3822 5121 ab

2238 5143 2344 5196 illis
2364 5143 2624 5214 ipsis,iqui
2655 5153 2774 5214 tunc
2811 5158 2902 5212 per
2929 5142 3168 5212 fraudem
3211 5141 3411 5214 decepti
3460 5143 3627 5214 fuisse
3653 5141 3820 5214 sitien-

2239 5223 2346 5279 tur,
2384 5211 2710 5267 anathemate
2727 5211 3010 5266 damnatas
3039 5228 3166 5276 esse,
3195 5220 3239 5265 et
3265 5211 3529 5267 uttiversos
3557 5213 3614 5266 in
3656 5211 3821 5267 Nica-

2238 5301 2359 5360 nam
2390 5284 2544 5360 ﬁdem
2556 5284 2988 5360 conspirantibus
2999 5285 3186 5360 animis
3209 5285 3558 5360 consensum
3573 5284 3648 5340 Si
3670 5285 3820 5360 igitur

2238 5354 2350 5409 Itali
2402 5357 2755 5410 Ariminensis
2798 5355 3012 5410 concilii
3032 5363 3226 5421 statuta
3279 5369 3438 5410 nune
3477 5353 3714 5422 primani
3744 5353 3822 5410 hic

2237 5427 2386 5480 irrita
2429 5427 2724 5492 declarant,
2756 5426 2856 5480 hoc
2882 5427 2951 5480 ad
2975 5441 3180 5481 annum.
3204 5426 3310 5482 565
3338 5437 3428 5480 aut
3454 5425 3562 5481 365
3591 5427 3822 5483 refersit,-

2233 5498 2363 5552 dum
2387 5514 2508 5552 esse
2539 5499 2744 5552 nullum
2769 5499 2992 5553 dubium
3019 5507 3120 5553 est.
3145 5496 3307 5553 Forte
3343 5498 3512 5552 etiam
3537 5500 3723 5554 statim
3749 5504 3821 5550 st-

2235 5584 2340 5638 que
2369 5573 2447 5623 eis
2475 5569 2678 5623 reddita
2703 5579 2786 5624 est
2811 5568 3054 5638 superior
3098 5569 3292 5624 Liberii
3332 5569 3564 5638 epistola
3585 5611 3600 5632 ,
3631 5583 3820 5624 artave-

2239 5641 2448 5710 nientes
2476 5642 2526 5692 in
2567 5656 2730 5694 unum
2753 5639 2895 5696 hanc
2924 5656 3137 5696 summo
3166 5654 3436 5710 consensu
3464 5641 3813 5710 scripserunt.

2310 5709 2386 5782 (g)
2413 5711 2653 5768 Verbum
2683 5721 2758 5766 est
2785 5710 2874 5766 hic
2899 5711 3113 5783 videtur
3134 5709 3452 5777 desiderari,
3474 5721 3534 5767 et
3553 5709 3681 5770 mox
3710 5726 3818 5783 par-

2237 5783 2404 5840 ticula
2427 5800 2544 5838 cum
2571 5783 2872 5840 redundare
2896 5792 3021 5840 ante
3042 5782 3161 5852 ﬁdei
3188 5790 3430 5854 poterint.
