3958 6194
493 267 599 326 719

1731 215 1976 323 δᾸΝΕἸΊ
2018 265 2272 324 ΗιιΑῐυι
2309 267 2614 326 EPlSCOi’I

3693 277 3796 336 720

490 408 600 464 bile
628 420 750 462 esse
779 404 1041 469 videatur,
1070 400 1195 472 quia
1223 413 1322 470 per
1361 399 1544 456 omnia
1590 400 1824 457 similem
1858 417 1978 458 esse
2009 401 2084 458 Fi-

2202 394 2278 437 ter
2316 384 2525 456 judical
2552 400 2878 455 quemquam,
2901 389 2992 441 sed
3012 403 3161 443 omne
3174 389 3432 460 judicium
3466 389 3604 445 dedit
3626 391 3790 460 Filio,

492 501 627 557 lium
652 499 792 556 Patri
833 493 1158 567 proﬁtearis.
1207 492 1264 549 Si
1302 493 1446 548 enim
1493 494 1572 549 sic
1598 504 1672 560 te,
1715 496 1855 550 sicut
1887 497 2096 567 optavi-

492 610 637 661 mus,
661 591 864 649 sentire
902 587 1118 659 scriptis
1171 587 1275 643 tuis
1319 585 1787 654 manifestaveris;
1819 589 2092 660 querelam

491 704 593 762 pro
621 684 814 756 injuria
843 699 873 737 a
900 681 1222 754 quibusdam
1245 680 1460 736 clericis
1491 681 1597 736 tuis
1620 681 1862 738 Palladio
1883 691 1937 737 et
1960 682 2094 738 Gaio

487 781 746 838 fratribus
775 785 827 834 et
854 775 1199 847 coepiscopis
1243 775 1448 831 nostris
1479 775 1674 830 laetam
1709 773 1774 847 (Γ.
1803 775 1994 847 facta),
2025 775 2093 831 li-

487 886 576 934 cet
602 873 863 938 nolueris,
892 870 1034 927 sicut
1066 870 1237 941 prima
1285 871 1640 926 conventione
1667 868 1976 925 admonitus
2008 883 2088 938 es,

489 966 782 1038 exquirere
827 963 896 1017 ad
943 961 1361 1018 aestimationem
1403 971 1547 1017 tuam
1585 961 1664 1033 (a)
1697 961 1948 1030 pertinet,
1983 961 2090 1018 illis

485 1063 695 1119 scilicet
736 1056 1120 1131 praestantibus
1165 1071 1262 1125 pro
1315 1069 1412 1110 sua
1447 1055 1756 1110 temeritate
1798 1055 2086 1110 rationem.

483 1155 615 1211 Haec
644 1167 743 1224 per
769 1149 1172 1208 Secundianum
1196 1146 1596 1219 presbyterum,
1626 1146 1956 1204 Pullentium
1979 1147 2088 1204 lec-

483 1257 696 1312 torem,
749 1254 806 1300 et
848 1240 1247 1298 Candidianum
1304 1241 1636 1296 exorcistam
1691 1240 2089 1297 transmisimus

481 1338 745 1398 Cbaritati
800 1348 904 1392 tute
955 1350 1031 1389 xv
1084 1333 1340 1390 calendas
1382 1334 1662 1404 ianuarias
1709 1336 1866 1407 (anno
1912 1335 2084 1406 566),

483 1433 745 1491 Gratiano
792 1425 1130 1486 nobilissimo
1181 1423 1241 1480 P.
1267 1435 1325 1482 et
1362 1427 1638 1499 Dagalaifo
1666 1442 1871 1498 conss,
1897 1443 2086 1486 exem-

484 1526 634 1599 plum
665 1537 836 1596 penes
865 1537 965 1579 nos
993 1524 1311 1582 retinentes.

707 1658 1190 1718 rnacncnrun
1229 1657 1326 1714 xv
1365 1656 1542 1728 (Alias
1596 1672 1608 1711 ι
1652 1652 1862 1726 partis).

2198 487 2256 530 ut
2305 493 2478 532 omnes
2507 479 2847 549 honoriﬁccnt
2895 478 3087 537 Filium
3123 483 3256 537 sicut
3294 483 3643 554 honori/icon:
3692 485 3797 540 Pa-

2196 578 2324 624 trem
2356 569 2535 642 (Joan.
2570 586 2626 637 v,
2653 570 2747 639 22,
2800 571 2939 644 25);
2972 582 3025 630 et
3070 576 3264 630 iterum
3309 577 3393 632 cui
3425 575 3588 633 Pater
3635 577 3794 646 dixit,

2196 660 2476 718 Faciamus
2503 663 2764 719 hominem
2793 665 2860 720 ad
2884 666 3160 738 imaginem
3187 678 3235 723 et
3257 668 3652 723 similitudinem
3680 686 3799 723 nos-

2195 764 2328 809 tram
2357 755 2510 828 (Gen.
2541 773 2582 826 l,
2607 758 2726 828 εδ),
2753 775 2857 816 nec
2880 759 3037 828 dixit,
3070 760 3136 816 ad
3169 761 3454 833 imaginem
3485 771 3664 831 tuam,
3688 764 3795 829 vel,

2193 847 2259 902 ad
2290 847 2579 918 imaginem
2611 866 2811 919 meam,
2851 867 2919 908 ue
2947 852 3178 925 aliquam
3205 853 3710 910 dissimilitudinem
3745 857 3796 912 in

2193 941 2318 998 Filii
2371 943 2454 999 sui
2511 944 2794 1001 divinitate
2841 945 3244 1002 demonstraret
3289 965 3304 1004 :
3357 947 3452 1004 sed
3499 956 3796 1020 propterea

2191 1034 2492 1104 conjunxit,
2537 1037 2607 1090 ad
2630 1037 2906 1109 imaginem
2939 1048 2988 1093 et
3032 1039 3416 1096 similitudinem
3455 1052 3714 1107 nostram,
3741 1050 3796 1097 ut

2191 1125 2384 1182 Filium
2417 1142 2574 1184 suum
2601 1129 2703 1184 sibi
2744 1130 2976 1186 similem
3002 1145 3097 1202 per
3126 1133 3304 1187 omnia
3332 1132 3502 1188 Deum
3536 1134 3794 1190 maniles~

2193 1227 2352 1275 taret.
2387 1220 2588 1276 lterum
2617 1221 2980 1294 Evangelista,
3019 1222 3254 1280 Vidimus
3275 1224 3497 1296 gloriam
3525 1227 3664 1298 ejus,
3689 1226 3798 1298 glo-

2189 1313 2321 1366 riam
2346 1313 2496 1383 quasi
2524 1314 2774 1385 unigeniti
2793 1330 2825 1368 a
2858 1313 3037 1383 Patre,
3063 1317 3270 1387 plenum
3295 1316 3464 1387 gratia
3492 1328 3540 1373 et
3563 1319 3792 1374 ueritate.

2189 1403 2371 1472 (Joan.
2399 1419 2435 1469 ι,
2472 1410 2608 1476 xw.)
2642 1406 2709 1460 Et
2738 1407 3032 1477 Apostolus
3054 1407 3120 1462 ad
3147 1405 3483 1475 Corinthios,
3515 1408 3586 1464 In
3614 1409 3799 1480 quibus

2189 1497 2332 1553 Deus
2360 1497 2516 1569 hujus
2539 1497 2718 1553 διεσαιὶ
2737 1501 3013 1554 excwcavit
3039 1510 3230 1556 mentes
3266 1501 3587 1572 inﬁdelium,
3617 1511 3673 1556 ut
3699 1518 3796 1557 non

2189 1588 2504 1662 refulgerent
2532 1589 2909 1646 illuminatione
2937 1589 3206 1664 Evangelii
3226 1593 3410 1665 gloria:
3434 1592 3653 1660 Christi,
3686 1609 3797 1666 qua:

2188 1693 2263 1739 est
2289 1684 2458 1756 imago
2488 1683 2587 1741 Dei
2618 1683 2686 1756 (ll
2712 1682 2835 1742 Cor.
2868 1701 2944 1752 iv,
2975 1683 3054 1757 ι).
3081 1686 3147 1742 Ει
3169 1688 3364 1744 iterum
3387 1687 3531 1744 idem
3557 1688 3796 1760 Aposto-

480 1793 676 1837 INCIPIT
707 1791 1041 1834 nescstr'run
1069 1773 1144 1849 (b)
1177 1788 1416 1831 essanun
1453 1789 1522 1828 an
1548 1785 1845 1836 numnum,
1881 1785 2084 1827 PALLA—
2113 1786 2164 1848 Β
2191 1776 2305 1832 lus:
2343 1774 2415 1831 Et
2441 1779 2706 1833 transtulit
2751 1795 2845 1834 nos
2869 1779 2924 1833 in
2945 1795 3102 1850 regno
3130 1780 3227 1850 ﬁlii
3264 1779 3533 1836 charitatis
3573 1797 3706 1845 sum,
3747 1781 3798 1836 in

829 1885 981 1936 ntust,
1025 1883 1095 1925 cr
1134 1881 1391 1924 cernuos
1432 1865 1542 1938 (an.
1572 1862 1728 1937 567).

477 1995 724 2054 Dominis
755 1992 1040 2049 Fratribus
1063 1987 1495 2060 religiosissimis
1526 1984 1777 2050 Ruﬁano,
1811 1979 2078 2047 Palladio,

547 2087 832 2153 Severino,
859 2083 1064 2150 Nicbae,
1109 2079 1425 2148 Heliodoro,
1457 2076 1714 2144 Romulo,
1749 2074 1994 2131 Muciano
2028 2081 2083 2128 et

548 2179 826 2240 Stercorio
850 2175 1162 2234 Germinius
1191 2175 1246 2228 in
1271 2172 1498 2228 Domino
1523 2169 1774 2226 salutem.

549 2276 603 2330 1.
631 2270 829 2328 Filium
853 2268 1006 2324 Patri
1026 2284 1116 2340 per
1146 2264 1318 2322 omnia
1334 2262 1557 2319 similem
1582 2276 1692 2316 esse
1734 2269 1782 2314 et
1810 2256 2086 2314 traditione

477 2375 526 2421 et
554 2362 841 2434 Scripturis
869 2359 1062 2414 doceri.
1087 2387 1161 2400 -—
1181 2354 1378 2412 Vitalis
1402 2353 1470 2411 γ.
1498 2352 1560 2409 C.
1588 2353 1663 2421 (c)
1691 2348 1982 2405 militantis
2028 2346 2084 2402 in

474 2455 654 2515 ofﬁcio
695 2451 942 2511 sublimis
981 2450 1329 2506 Praefectura:
1368 2446 1647 2502 relatione
1689 2440 2081 2512 comperimus,

474 2549 787 2608 desiderare
803 2545 1156 2604 Sanctitatem
1179 2551 1438 2608 vestram,
1469 2537 1762 2610 signiﬁcari
1796 2535 1958 2607 707
1987 2548 2084 2589 vo-

479 2641 566 2698 bis
595 2649 782 2711 aperte
805 2637 934 2710 quid
965 2645 1072 2704 est,
1105 2635 1249 2706 quod
1280 2632 1350 2689 de
1380 2631 1483 2687 ﬁde
1517 2640 1700 2686 nostra
1724 2626 1958 2690 Valenti,
1983 2624 2086 2682 Ur-

477 2735 648 2800 sacio,
681 2733 817 2791 Gaio
855 2739 911 2788 et
937 2730 1104 2788 Paulo
1145 2728 1454 2799 displiceat.
1502 2723 1883 2780 Necessarium
1921 2719 2086 2785 duxi,

479 2828 565 2884 his
607 2826 802 2884 litteris
849 2821 1276 2895 patelaeiendum
1318 2817 1602 2877 Sanctitati
1645 2826 1868 2881 vestrte,
1926 2823 1981 2870 ct
2007 2812 2084 2878 id,

476 2918 621 2991 quod
653 2919 704 2975 in
731 2917 885 2974 vobis
905 2915 1037 2988 ipsis
1060 2913 1130 2970 ab
1155 2913 1310 2969 initio
1335 2927 1456 2969 esse
1477 2909 1713 2975 conﬁdo,
1745 2909 1948 2965 dicere.
1977 2905 2088 2962 Nos

477 3013 584 3069 hoc
613 3011 756 3084 quod
785 3019 840 3066 et
862 3024 893 3065 a
919 3006 1162 3080 patribus
1193 3003 1450 3061 traditum
1482 3002 1808 3070 accepimus,
1856 3010 1912 3055 et
1944 2996 2086 3052 divi-

479 3107 564 3161 nis
585 3103 880 3174 Scripturis
905 3100 1050 3172 quod
1078 3098 1249 3155 semel
1284 3095 1594 3159 didicimus,
1629 3102 1683 3150 et
1703 3091 1948 3165 quotidie
1984 3091 2086 3147 do-

2183 1888 2284 1941 quo
2334 1871 2580 1927 habemus
2621 1874 3027 1941 redemptionem
3067 1885 3118 1930 et
3167 1875 3520 1932 remissionem
3563 1885 3800 1946 peccato-

2185 1981 2323 2032 rum,
2359 1965 2449 2036 qui
2477 1975 2553 2019 est
2584 1966 2758 2038 imago
2791 1965 2887 2021 Dei
2911 1966 3202 2033 invisibilis,
3231 1969 3607 2041 primogenilus
3636 1971 3797 2026 omnis

2185 2068 2434 2114 creatura:
2463 2057 2685 2128 (Coloss.
2721 2075 2761 2127 ι,
2797 2061 2866 2116 l3
2888 2072 2935 2116 et
2961 2059 3149 2132 seqq.).
3179 2061 3244 2117 Et
3267 2064 3461 2118 iterum
3489 2063 3639 2118 idem
3659 2066 3799 2132 Apo-

2185 2147 2358 2204 stolus
2387 2166 2399 2202 :
2429 2149 2596 2222 708
2622 2148 2734 2205 Hoc
2778 2151 2915 2206 enim
2957 2153 3142 2208 sentite
3188 2153 3242 2207 in
3270 2152 3431 2221 vobis,
3476 2156 3624 2226 quod
3669 2164 3720 2210 et
3747 2156 3795 2210 in

2187 2240 2392 2297 Christo
2419 2241 2565 2310 Jesu,
2612 2245 2699 2314 qui
2741 2259 2859 2297 cum
2887 2244 2940 2298 in
2968 2245 3138 2316 forma
3171 2243 3268 2300 Dei
3305 2255 3455 2308 esset,
3505 2263 3616 2302 non
3662 2247 3799 2317 rapi-

2188 2350 2306 2388 nam
2336 2333 2620 2388 arbitratus
2651 2344 2727 2390 est
2762 2352 2817 2391 se
2863 2353 2971 2392 esse
2999 2338 3249 2409 aqualem
3287 2335 3420 2405 Deo,
3474 2340 3570 2394 sed
3621 2349 3797 2395 semet-

2186 2426 2358 2493 ipsum
2401 2427 2684 2482 eatinanivit
2713 2429 2931 2498 formam
2981 2430 3111 2484 servi
3147 2429 3428 2500 accipiens,
3456 2431 3512 2485 in
3550 2431 3800 2486 similitu-

2191 2517 2316 2574 dine
2337 2518 2604 2574 hominum
2630 2524 2797 2592 factus
2829 2519 3057 2592 (Philip.
3081 2537 3144 2588 ιι,
3170 2521 3204 2577 5
3233 2531 3284 2576 et
3307 2520 3497 2595 seqq.).
3527 2523 3670 2592 Quis
3696 2539 3797 2580 non

2189 2613 2476 2684 intelligat,
2509 2615 2633 2683 quia
2665 2614 3121 2684 quemadmodum
3162 2615 3461 2673 secundum
3513 2619 3668 2674 servi
3696 2617 3796 2675 lor-

2191 2721 2332 2762 mam
2361 2723 2487 2761 vera
2515 2706 2616 2762 luit
2653 2721 2782 2763 caro
2813 2718 2993 2763 nostra
3042 2709 3094 2764 in
3123 2707 3375 2776 Christo;
3407 2709 3479 2766 ita
3518 2722 3578 2767 et
3607 2710 3665 2766 in
3697 2710 3787 2768 Dei

2189 2798 2364 2854 forma
2405 2815 2530 2854 vera
2552 2798 2622 2854 sit
2649 2800 2904 2856 divinitas
2935 2799 3116 2856 Patris
3151 2800 3204 2856 in
3236 2801 3416 2858 Filio?
3445 2801 3750 2860 [St-iterum
3783 2820 3795 2857 :

2202 2891 2378 2948 Videte
2399 2910 2460 2948 ne
2484 2894 2598 2964 quis
2625 2907 2712 2948 vos
2734 2892 2944 2948 seducat
2967 2910 3057 2964 per
3084 2894 3471 2966 philosOphiam
3502 2904 3554 2950 et
3580 2896 3791 2952 inuitem

2192 2986 2458 3056 fallaciam
2499 2985 2778 3042 secundant
2805 2985 3136 3043 traditionem
3179 2986 3466 3054 hominum,
3503 2988 3796 3044 secundum

2193 3078 2441 3133 elementa
2485 3077 2644 3151 hujus
2683 3078 2883 3146 mundi,
2932 3089 2980 3134 et
3012 3095 3114 3134 non
3153 3080 3440 3136 secundum
3483 3080 3797 3147 Christum;

476 3213 687 3264 cemus,
711 3171 992 3251 Christum
1038 3192 1132 3249 Dei
1169 3192 1335 3248 ﬁlium
1369 3187 1656 3246 Dominum
1703 3195 1950 3242 nostrum
1985 3197 2081 3253 per
2109 3171 2154 3234 C
2185 3173 2305 3264 quia
2329 3172 2513 3264 ittipso
2543 3172 2739 3264 habitat
2767 3172 2933 3264 omnis
2952 3171 3220 3243 plenitudo
3239 3172 3526 3264 divinitatis
3555 3190 3798 3247 corpora-

478 3291 663 3349 omnia
708 3287 854 3343 Patri
911 3284 1166 3347 similem,
1214 3291 1437 3352 excepta
1483 3278 1857 3344 inuativitate,
1915 3275 2084 3332 Deum

482 3383 552 3439 tle
585 3381 716 3445 Deo,
751 3377 933 3433 lumen
968 3374 1039 3431 de
1069 3372 1292 3439 lumine,
1323 3371 1574 3426 virtutem
1605 3369 1674 3424 de
1695 3369 1918 3432 virtute,
1950 3366 2088 3421 inte-

480 3491 642 3548 grum
669 3473 738 3529 de
777 3471 1012 3541 integro,
1058 3465 1360 3538 perlectum
1404 3463 1473 3518 de
1501 3461 1765 3532 perfecto,
1807 3468 1936 3520 ante
1979 3472 2085 3513 sa:-

478 3567 596 3623 cula
622 3575 676 3620 et
696 3574 824 3619 ante
851 3559 1131 3625 universa,
1158 3571 1281 3627 quae
1313 3553 1539 3623 intelligi
1579 3553 1666 3608 vel
1691 3551 1801 3608 dici
1833 3557 2084 3621 possunt,

482 3657 749 3730 genitum,
773 3652 929 3724 cujus
947 3649 1286 3707 nativitatem
1307 3660 1467 3701 nemo
1489 3645 1591 3699 scit
1615 3643 1715 3698 nisi
1734 3643 1883 3698 solus
1901 3641 2086 3710 Pater,

484 3751 604 3820 ipso
626 3747 766 3803 Filio
794 3745 1120 3801 adserentc:
1153 3739 1287 3806 Quia
1312 3753 1458 3792 nemo
1476 3736 1612 3790 novit
1638 3733 1834 3788 Filium
1855 3734 1954 3789 nisi
1979 3731 2085 3787 Pa-

487 3853 587 3908 ter,
621 3854 781 3909 neque
812 3835 1023 3890 Patrem
1041 3833 1156 3903 quis
1179 3831 1316 3885 novit
1337 3828 1437 3884 nisi
1465 3826 1516 3881 F
1518 3828 1661 3894 ilius,
1688 3838 1734 3882 et
1761 3826 1844 3880 cui
1871 3826 2086 3881 noluerit

487 3933 662 3990 Filius
684 3931 910 3987 revelare
937 3925 1156 4000 (Matth.
1187 3939 1264 3992 xi,
1295 3920 1389 3992 27)
1419 3941 1433 3975 :
1473 3937 1568 3992 per
1595 3936 1756 3992 quem
1788 3919 1926 3976 facta
1961 3930 2087 3977 sunt

485 4028 692 4094 omnia,
721 4027 838 4082 sine
862 4037 969 4095 quo
1001 4019 1200 4076 factum
1241 4026 1325 4073 est
1356 4015 1512 4080 nihil,
1541 4012 1840 4072 secundum
1873 4012 2086 4070 divinas

484 4136 650 4178 voces
679 4119 844 4190 ipsius
889 4111 1193 4176 Salvatoris
1238 4109 1411 4166 nostri
1458 4106 1582 4164 Filii
1621 4105 1897 4164 dicentis:
1930 4105 2088 4162 Pater

484 4233 628 4274 meus
649 4229 807 4285 usque
831 4209 982 4265 ntodo
1004 4215 1269 4278 operatur,
1290 4213 1337 4258 et
1367 4218 1458 4276 ego
1476 4217 1659 4272 operor
1679 4199 1857 4271 (Joan.
1887 4197 2083 4271 v,18);

485 4321 542 4367 et
568 4312 786 4372 iterum,
825 4303 1170 4370 Quaecumque
1199 4296 1335 4350 enim
1356 4293 1522 4348 Pater
1551 4293 1694 4365 facit,
1715 4293 1823 4347 [nec
1848 4299 1894 4346 et
1913 4290 2088 4346 simili-

485 4415 560 4460 ter
589 4399 760 4455 Filius
778 4395 900 4470 facit
946 4390 1137 4467 (lbid.,
1176 4386 1295 4460 l9);
1336 4397 1392 4442 et
1423 4387 1641 4453 iterum,
1684 4382 1797 4455 Ego
1839 4393 1887 4439 et
1927 4381 2088 4439 Pater

481 4510 649 4552 unum
675 4505 851 4546 sumus
873 4483 1054 4559 (Joan.
1086 4498 1142 4547 ι.
1171 4481 1304 4550 '50);
1336 4491 1390 4537 et
1420 4478 1640 4542 iterum,
1691 4477 1794 4545 Qui
1828 4493 1908 4532 me
1933 4477 2082 4543 vidit,

2186 3263 2301 3317 liter
2330 3261 2556 3336 (Coloss.
2588 3279 2646 3326 ιι,
2673 3261 2752 3334 8).
2783 3263 2838 3318 Si
2872 3277 3004 3334 ergo
3025 3264 3203 3320 omnis
3234 3263 3516 3334 plenitudo
3542 3263 3798 3322 divinita-

2189 3355 2258 3411 tis
2281 3354 2544 3412 iuliabitat
2565 3356 2616 3410 in
2632 3355 2872 3422 Christo,
2897 3356 3009 3426 jam
3033 3371 3141 3412 non
3157 3372 3223 3414 ex
3247 3366 3402 3427 parte
3425 3357 3633 3415 similis
3661 3369 3793 3414 etex

2188 3454 2341 3516 parte
2381 3445 2680 3510 dissimilis,
2741 3446 2883 3501 sicut
2929 3460 3074 3503 nunc
3113 3455 3382 3512 asserunt,
3425 3447 3522 3518 qui
3569 3456 3796 3520 propter

2186 3541 2591 3596 contentionem
2631 3555 2744 3596 suae
2776 3541 3016 3598 libidinis
3045 3551 3341 3599 retrorsqu
3378 3543 3676 3614 abeuntes,
3707 3559 3794 3600 se-

2187 3633 2447 3703 mctipsos
2475 3647 2507 3688 a
2537 3633 2695 3690 nobis
2723 3642 3058 3690 averterunt.

2258 3726 2312 3780 9..
2346 3726 2474 3794 Qua:
2505 3727 2558 3780 in
2591 3729 2904 3783 contrarium
2933 3727 3224 3796 afferuntur
3249 3729 3336 3792 qui
3357 3727 3702 3803 explicanda.
3727 3759 3794 3775 ——

2186 3815 2319 3871 Nam
2351 3816 2494 3888 quod
2523 3827 2714 3890 putant
2756 3833 2818 3874 se
2845 3835 2940 3891 pro
2981 3835 3176 3892 magno
3210 3819 3281 3877 tle
3317 3821 3519 3878 divinis
3560 3823 3795 3897 Scriptu-

2186 3907 2263 3963 ris
2289 3906 2556 3979 proferre,
2588 3919 2648 3966 ut
2671 3909 2855 3966 dicant
2880 3910 3158 3968 Christum
3198 3913 3458 3969 iacturam
3489 3923 3547 3970 et
3577 3925 3794 3973 creatu-

2188 4014 2302 4055 ram
2336 4016 2349 4054 :
2378 4017 2408 4057 e
2434 4003 2709 4059 contrario
2738 4018 2838 4060 nos
2875 4003 3171 4060 secundum
3203 3991 3527 4077 Scripturas'
3564 4007 3795 4066 dicimus

2187 4094 2349 4161 viam,
2384 4105 2436 4150 et
2460 4093 2703 4166 januam,
2742 4105 2797 4153 et
2826 4095 3059 4167 lapidem
3108 4096 3449 4166 olieusionis,
3493 4109 3555 4156 et
3585 4110 3793 4173 petram

2187 4189 2452 4258 scandali,
2478 4199 2535 4247 et
2560 4191 2990 4258 lundamentum,
3027 4200 3084 4248 et
3109 4191 3412 4256 brachium.
3455 4201 3515 4250 et
3552 4211 3790 4262 manum,

2188 4293 2242 4338 et
2265 4283 2610 4354 sapientiam.
2639 4295 2694 4342 et
2718 4285 2964 4350 verbum,
2989 4293 3044 4341 et
3065 4300 3286 4357 agnum,
3304 4291 3359 4340 et
3378 4301 3566 4353 ovem,
3598 4297 3658 4345 et
3669 4302 3792 4362 pas-

2189 4388 2382 4444 torem,
2411 4386 2465 4433 et
2484 4377 2845 4447 sacerdotem,
2870 4387 2928 4435 et
2958 4382 3145 4443 vitem,
3175 4391 3231 4436 et
3249 4378 3419 4449 diem,
3439 4393 3497 4439 et
3521 4383 3654 4440 alia.
3688 4380 3788 4441 Sed

2190 4470 2306 4526 haac
2331 4471 2513 4526 omnia
2544 4471 2625 4527 sic
2654 4472 3001 4544 intelligimus
3027 4483 3084 4529 et
3109 4473 3362 4545 dicimus,
3393 4486 3454 4533 ut
3483 4477 3716 4533 virtutes
3734 4483 3788 4530 et

481 4589 610 4644 vidit
637 4594 685 4642 ει
708 4553 920 4639 Patrem
945 4573 1130 4651 (Joan.
1164 4589 1279 4641 xiv,
1307 4570 1405 4644 9);
1459 4578 1514 4626 et
1559 4570 1778 4634 iterum,
1816 4567 2088 4636 Quomodo
2113 4553 2165 4614 D
2190 4564 2534 4648 Operationes
2578 4564 2673 4620 lilii
2715 4563 2812 4620 Dei
2850 4565 3247 4638 intelligamus,
3289 4584 3395 4626 non
3451 4579 3512 4626 ut
3547 4569 3786 4627 divinam

485 4682 644 4736 Pater
664 4679 824 4733 vitam
850 4672 996 4728 habet
1021 4671 1075 4724 in
1104 4666 1398 4738 semetipso,
1423 4665 1498 4717 ita
1526 4661 1666 4716 dedit
1695 4670 1744 4716 et
1769 4658 1907 4714 Filio
1930 4661 2087 4715 vitam

484 4775 668 4830 habere
689 4772 742 4825 in
767 4766 1041 4835 semetipso
1065 4759 1247 4834 (Joan.
1274 4774 1328 4822 ν,
1348 4755 1442 4828 26)
1463 4771 1478 4819 ;
1502 4764 1558 4810 et
1580 4755 1798 4819 iterum,
1821 4752 1968 4808 Sicut
1990 4751 2089 4806 Pa-

484 4878 559 4921 ter
574 4864 786 4920 suscitat
817 4866 1048 4914 mortuos
1076 4863 1122 4908 et
1152 4850 1395 4920 vivificat,
1424 4848 1498 4901 ita
1539 4855 1587 4900 et
1618 4843 1792 4898 Filius
1820 4860 1945 4923 quos
1980 4843 2086 4898 vult

480 4958 700 5029 viviﬁcat
719 4949 1060 5026 (lbid..2l);
1090 4955 1146 5002 et
1172 4945 1391 5007 iterum,
1417 4937 1638 4995 Creditis
1666 4938 1721 4991 in
1745 4937 1932 5005 Deum,
1962 4938 2082 4992 etin

481 5071 560 5112 me
582 5050 772 5109 credite
796 5046 980 5120 (Joan.
1015 5057 1126 5107 xw,
1153 5037 1207 5110 l)
1235 5055 1248 5104 ;
1281 5045 1336 5094 et
1356 5036 1573 5100 iterum,
1604 5032 1784 5102 Neque
1810 5032 1946 5088 enim
1971 5030 2082 5086 Ρα.

551 5216 633 5285 (a)
652 5213 712 5285 in
734 5226 838 5268 ms.
879 5208 1072 5285 Sirm.,
1106 5217 1204 5285 non
1236 5199 1499 5285 pertinent.
1513 5195 1593 5285 illi
1623 5195 2020 5285 scilicet4LLJ

553 5264 631 5357 2.55
656 5264 810 5357 ﬁdi“
829 5279 897 5335 ad
945 5264 1280 5357 διψένῑεπείη
1311 5264 2072 5357 “H991”,.ﬁlFIPXf'ml'liS'

483 5335 869 5415 [imiimi—Ca“
900 5359 955 5405 et
997 5335 1175 5407 Pauli,
1209 5358 1316 5396 non
1351 5335 1589 5401 Ruliani,
1640 5335 1890 5415 Palladii,
1942 5346 2074 5415 etc.,

481 5397 982 5496 Kéﬁi'iiié’niéigiiiia
999 5397 1128 5496 est;
1144 5397 1375 5496 qumque
1436 5425 1527 5496 ton
1548 5397 1943 5496 {per‘y‘italeim
1978 5397 2075 5496 sed

2192 4658 2312 4728 ejus
2358 4673 2424 4714 ex
2461 4657 2620 4716 Patre
2669 4660 3007 4718 nativitatem
3052 4661 3428 4733 hujuscemodi
3479 4663 3786 4721 nominibus

2191 4766 2598 4823 comparemus;
2629 4753 2753 4824 quia
2784 4769 2851 4810 ex
2895 4754 3068 4811 nihilo
3095 4757 3278 4814 omnia
3307 4773 3406 4829 per
3434 4757 3635 4815 Filium
3656 4757 3786 4814 facta

2191 4857 2338 4912 sunt,
2378 4846 2756 4905 Filius'autem
2806 4863 2917 4904 non
2947 4863 3015 4905 ex
3047 4850 3240 4918 nihilo,
3271 4849 3368 4907 sed
3398 4866 3466 4906 ex
3497 4851 3615 4909 Deo
3643 4859 3786 4922 patre

2190 4950 2272 4996 est
2294 4939 2529 5011 genitus.

2259 5033 2314 5087 5.
2354 5031 2583 5090 Valentis
2603 5034 2976 5102 inconstantia,
2999 5032 3192 5104 elﬁdei
3216 5053 3250 5090 a
3291 5033 3475 5091 Marco
3520 5031 3783 5092 Arethusia

2183 5193 2478 5268 Severinus
2517 5210 2582 5253 ac
2611 5197 2768 5261 socii.
2795 5197 2865 5252 ab
2893 5197 3126 5268 ipsemet
3157 5197 3438 5256 Germinio
3465 5199 3673 5257 rescire
3695 5196 3782 5254 de-

2185 5265 2575 5341 s_id_erave_t'int_,
2621 5268 2848 5341 quidin
2881 5265 3056 5341 ipsius
3101 5269 3209 5326 ﬁde
3255 5269 3504 5335 Ursacio,
3551 5268 3776 5341 Valenti,

2182 5337 2317 5411 Gaio
2344 5353 2394 5393 et
2429 5338 3086 5411 PaulordispliceretJllis
3117 5341 3219 5398 hoc
3249 5345 3521 5409 rescripto
3551 5340 3677 5397 facit
3701 5337 3780 5396 sa;

2183 5409 2254 5482 tis
2287 5425 2300 5461 :
2334 5409 2479 5482 quod
2512 5409 2738 5478 proinde
2768 5412 3046 5480 aliquanto
3077 5420 3198 5481 post
3231 5412 3560 5482 praedictam
3582 5411 3778 5482 episto-

478 5478 1036 5570 ᾗέὲηῶῳρηάίωἶιιιη,
1091 5478 1426 5570 i’u'lletiiium!
1443 5478 2071 5570 etAEandidLiaiinm-e‘st
2175 5478 2461 5570 lapsanae.
2474 5491 2718 5570 φερε-ηοω
2745 5478 3049 5553 longe.th
3075 5478 3203 5539 anni
3226 5481 3334 5540 567
3357 5483 3534 5552 initia,
3561 5478 3777 5540 missum

476 5551 678 5624 delata.
707 5565 855 5620 illam
889 5551 1070 5617 tamen
1097 5557 1223 5611 huic
1247 5551 1590 5624 occasionem
1622 5552 1918 5624 preebuisse
1937 5564 2070 5606 con-

477 5621 780 5695 cedendum
807 5642 891 5689 est
919 5640 1014 5686 :ut
1035 5625 1128 5699 qui
1147 5641 1210 5699 se
1229 5623 1480 5699 epistolae
1506 5637 1618 5679 sua:
1635 5621 1953 5699 exemplum
1973 5637 2066 5699 pe-

2172 5550 2244 5605 sit
2273 5564 2498 5606 necesse
2527 5559 2634 5607 est.

2242 5620 2316 5694 (ε)
2350 5620 2491 5677 Editi
2518 5636 2591 5694 ex
2628 5636 2732 5678 ms.
2767 5623 2940 5691 Pith.,
2987 5641 3122 5680 nunc
3152 5623 3282 5682 :ubi
3310 5640 3378 5681 ex
3405 5625 3574 5683 Sirm.
3614 5624 3771 5681 resti-

485 5691 673 5764 nesse
701 5703 934 5757 retinere
978 5691 1237 5770 superius
1258 5691 1437 5770 testati
1457 5700 1631 5770 _sunt,
1663 5692 1804 5770 illud
1837 5693 2066 5770 subinde
2170 5691 2370 5770 tuiinus
2391 5707 2437 5746 υ.
2468 5709 2517 5747 c.
2527 5691 2596 5770 id
2617 5705 2732 5770 eSt,_
2749 5694 2846 5750 viri
2871 5696 3168 5770 clarissimi.
3191 5695 3381 5770 Simile
3402 5698 3660 5754 mendum
3700 5711 3766 5770 eux

480 5761 757 5852 publicum
798 5761 1064 5828 lecerint.’
1085 5764 1242 5838 Quod
1279 5769 1422 5826 nacti
1457 5765 1740 5834 Buﬁanus,
1766 5761 2063 5830 Palladius,

2167 5763 2362 5822 eodem
2383 5777 2485 5823 ms.
2522 5764 2686 5824 Sirm.
2712 5765 2826 5838 jam
2847 5767 3170 5840 castigatum
3189 5775 3277 5826 est
3299 5766 3521 5841 Fragm.
3551 5784 3634 5838 ix,
3659 5767 3766 5825 u.3.
