3958 6194
499 209 602 265 7-27
1574 246 1594 259 .
1974 173 2340 256 APPENle.
3724 188 3838 245 res

503 326 637 382 tanti
681 325 854 382 Patris
881 336 1066 383 contra
1112 323 1487 380 sehismaticos
1518 323 1737 380 Grmcos
1790 321 2094 376 doctrinam
2201 317 2519 389 lliSpalense
2548 315 2834 372 concilium
2862 313 2930 379 ll,
2970 327 3093 368 ean.
3142 313 3229 379 l5,
3269 310 3411 385 apud
3451 310 3835 384 Aquit-rium,

502 418 572 474 de
602 415 835 489 Spiritus
864 415 1032 471 sancti
1060 415 1410 487 processione
1438 428 1502 471 ac
1527 413 1684 469 Patre
1715 411 1958 483 Filioque
1981 420 2097 466 tan-
2120 426 2164 489 Ἀ
2202 420 2336 466 ιοιιι.
2367 424 2446 474 ιιι,
2482 425 2535 480 p.
2564 406 2711 464 553:
2762 421 2904 461 nunc
2944 419 3071 461 ecce
3112 420 3180 459 ex
3210 419 3279 460 eo
3322 403 3613 476 iit-perdito
3650 415 3835 472 opere

502 512 664 582 quam
708 510 863 565 unico
888 508 1183 580 principio!
1213 507 1332 564 Jam
1366 524 1495 562 vero
1535 514 1779 561 sanctum
1832 504 2095 560 Hilarium
2122 493 2174 514 ⁸³
2202 501 2429 558 frustum
2458 499 2802 572 splendidum
2851 513 2880 554 a
2912 497 3117 555 Graecis
3162 504 3465 554 servatum.
3488 494 3600 571 (Ex
3634 493 3828 579 Spiri-

503 601 918 659 commentarios
944 598 1229 671 scripsisse
1255 601 1307 655 in
1332 599 1483 654 Pauli
1501 599 1772 670 Epistolas
1794 596 2098 653 affirmabat
2203 595 2305 667 leg.
2336 594 2489 649 Rom.
2521 601 2654 648 tom.
2691 607 2763 659 vt,
2788 606 2845 664 p.
2872 591 2989 664 7‘5.)

557 774 560 775 ν
658 772 2216 783 Μλν-ψύ-ν-ω-
2235 770 2496 776 -ἡ--σ-λ
2519 770 2564 775 -—

1675 924 2655 1063 APPENDIX.

1067 1247 1559 1333 JOANNIS
1637 1244 2482 1334 CHRYSOSTOMI
2555 1244 2627 1324 Τ
2634 1237 3237 1325 ROMBELLI

514 1426 688 1548 IN
780 1366 1888 1587 SEQUENTEM
1972 1418 2700 1551 .HILARlI
2786 1414 3827 1549 EPISTOLAM

1848 1628 2481 1743 PB/BFATIO.

1962 1763 2344 1822 9W4»

1025 1898 1256 1957 CAPUT
1293 1896 1578 1955 PRIMUM.
2135 1894 2186 1954 B
2214 1904 2278 1945 ea
2310 1888 2510 1955 versio,
2546 1904 2665 1960 qum
2688 1888 2743 1943 iu
2765 1887 2990 1959 epistola
3015 1885 3115 1941 hac
3155 1884 3440 1955 allegatur.
3490 1881 3645 1937 Prmil
3682 1895 3830 1952 ergo

505 2034 573 2089 In
595 2052 818 2107 quonam
851 2036 1028 2091 codice
1055 2046 1291 2110 reperta,
1323 2046 1372 2091 et
1412 2037 1618 2091 cuinam
1656 2036 1862 2110 (nostra
1901 2034 2103 2103 quidem

575 2127 849 2201 sententia)
884 2128 1152 2183 tribuenda
1178 2130 1244 2183 sit
1268 2145 1355 2196 ea,
1387 2143 1539 2199 quam
1579 2144 1717 2182 nunc
1760 2127 2057 2199 evulgamns
2087 2168 2101 2191 ,

579 2219 816 2290 epistola.

565 2356 619 2410 1.
637 2355 692 2412 Si
707 2371 769 2410 ex
782 2354 1081 2426 diligentia,
1097 2370 1255 2429 quam
1272 2357 1324 2411 in
1344 2356 1737 2426 perlnstrandis
1750 2354 2105 2411 Bibliotheca:

505 2457 706 2503 nostrae
730 2447 1010 2505 codicibus
1040 2447 1283 2516 adhibui,
1315 2447 1551 2504 fructum
1581 2466 1687 2504 non
1711 2450 1884 2505 levem
1916 2449 2102 2513 retuli,

500 2555 666 2610 quum
702 2540 1038 2610 superiorem
1086 2540 1327 2597 libellum
1359 2541 1562 2611 reperi,
1597 2541 1769 2597 multo
1797 2542 2103 2596 uberiorem

500 2649 634 2688 sane
660 2650 779 2688 sum
806 2642 1110 2699 assecutus,
1142 2634 1269 2688 dum
1307 2633 1542 2689 nobilem
1584 2634 1895 2703 epistolam,
1941 2647 2103 2704 quam

504 2725 623 2790 tibi,
642 2725 1030 2781 humanissime
1048 2724 1264 2791 Lector,
1294 2724 1547 2793 exhibeo,
1574 2725 1626 2781 in
1642 2727 1992 2781 membraneo
2011 2737 2105 2779 co-

502 2816 623 2873 dice
655 2817 967 2890 llieronymi
1005 2818 1300 2891 epistolas,
1334 2826 1390 2872 et
1419 2817 1675 2887 opuscula
1707 2817 2104 2888 complectente

503 2909 687 2964 inveni
718 2910 817 2981 (a).
849 2909 1024 2964 Nolim
1071 2922 1248 2964 tamen
1303 2909 1448 2964 illam
1495 2908 1829 2981 Hieronymo
1866 2908 2100 2974 tribuas;

502 3001 678 3074 stylus
724 3003 869 3058 enim
914 3016 1032 3057 eam
1067 3001 1397 3073 Hieronymo
1435 3000 1738 3071 abjudicat,
1772 3009 1938 3072 atque
1968 2999 2104 3055 adeo

504 3095 813 3159 Ambrosio,
841 3105 892 3149 et
913 3093 1236 3162 Augustino,
1256 3107 1391 3164 quos
1421 3106 1617 3163 nempe
1646 3091 1805 3162 longe
1831 3091 2100 3146 diversam

503 3187 775 3244 scribendi
804 3188 1071 3244 rationem
1100 3188 1268 3244 fuisse
1295 3197 1658 3255 consectatos,
1694 3185 1985 3242 manifesta
2015 3199 2103 3241 res

2211 1981 2470 2036 smculum
2493 1981 2807 2051 septimum,
2834 1995 2941 2051 quo
2966 1979 3174 2035 scilicet
3200 1987 3448 2049 tempore
3469 1978 3523 2033 iu
3552 1975 3830 2033 Ecclesiis

2208 2074 2650 2131 Occidentalibus
2696 2073 2812 2130 fere
2853 2072 3107 2131 omnibus
3153 2072 3382 2145 Vulgata
3436 2072 3686 2128 invaluit.
3748 2074 3825 2124 At

2207 2172 2382 2241 quarti
2415 2170 2600 2226 smculi
2645 2169 2972 2245 scriptorem
3018 2167 3151 2223 satis
3192 2166 3398 2222 indicat
3446 2181 3658 2223 summa
3688 2164 3824 2218 dilio

2207 2260 2411 2331 gentia,
2440 2270 2497 2316 et
2525 2260 2746 2316 enisum
2778 2257 3015 2314 studium
3038 2300 3053 2324 ,
3086 2273 3193 2329 quo
3242 2256 3404 2312 Verbi
3454 2254 3629 2311 divini
3676 2269 3819 2310 con-

2207 2355 2720 2412 substantialitatem
2752 2361 2915 2426 atque
2957 2352 3322 2408 aeternitatem
3344 2348 3817 2411 stabiliresluttet,

2206 2458 2264 2505 et
2287 2446 2581 2513 inculcare,
2614 2446 2849 2516 ideoque
2876 2446 3134 2512 Arianos,
3167 2454 3221 2499 et
3241 2441 3618 2500 Semiarianos
3642 2439 3816 2497 refel-

2207 2542 2323 2598 lere
2352 2560 2368 2598 :
2400 2541 2645 2611 praeterit
2672 2555 2804 2596 vero
2823 2539 3061 2595 haereses
3092 2539 3351 2607 deinceps
3374 2549 3621 2601 exortas,
3649 2544 3817 2606 atque

2206 2634 2345 2691 adeo
2382 2619 2822 2690 Macedoniaitam
2856 2634 3025 2703 ipsam
3071 2631 3535 2688 Semiarianorum
3568 2640 3815 2700 tempore

2207 2727 2514 2793 celebrem;
2548 2727 2660 2782 imo
2708 2726 2778 2781 de
2830 2725 3039 2796 Spiritu
3086 2725 3287 2781 Sancto
3333 2724 3565 2792 loquens
3612 2723 3676 2776 iis
3709 2718 3819 2775 uti-

2210 2830 2300 2877 tur
2324 2819 2711 2886 locutionibus,
2736 2835 2858 2891 qua:
2892 2830 3178 2889 postquam
3214 2816 3439 2872 haeresis
3458 2830 3524 2872 ea
3556 2814 3752 2885 viguit,
3781 2827 3815 2867 a

2207 2914 2325 2969 viro
2352 2912 2658 2978 Catholica,
2692 2913 2872 2984 qualis
2905 2911 3091 2982 procul
3120 2910 3288 2966 dubio
3314 2918 3401 2966 est
3420 2909 3654 2978 scriptor
3681 2921 3816 2961 nos-

2209 3014 2311 3067 ter,
2349 3003 2594 3058 adhiberi
2626 3018 2731 3059 non
2781 3003 3105 3072 potuissent.
3133 3000 3346 3071 Scripta
3374 3001 3559 3070 itaque
3581 3007 3664 3054 est
3691 2997 3817 3069 epi-

2208 3096 2343 3152 stula
2393 3097 2528 3157 haec,
2583 3105 2872 3167 auteqntm
2919 3093 3268 3151 Macedonius
3310 3106 3506 3148 novam
3557 3090 3810 3147 haeresim

2206 3188 2487 3243 conderet.
2510 3187 2657 3243 Inter
2683 3203 2778 3243 eos
2806 3203 2989 3257 porro,
3019 3200 3156 3257 quos
3178 3201 3276 3257 per
3306 3200 3369 3243 ea
3399 3194 3641 3256 tempora
3689 3185 3813 3255 epi-

503 3289 608 3337 est.
638 3279 828 3335 Latine
847 3280 1097 3349 primitus
1122 3280 1404 3349 scriptam,
1431 3294 1538 3334 non
1561 3293 1629 3334 ex
1659 3293 1840 3349 grteco
1869 3294 2105 3334 conver-
2131 3294 2177 3357 (ς
2208 3279 2375 3333 stolas
2402 3279 2687 3349 scripsisse
2710 3278 2977 3343 novimus,
3005 3289 3063 3334 et
3082 3277 3243 3333 Verbi
3267 3276 3607 3332 divinitatem
3645 3285 3810 3345 atque

504 3388 621 3429 sam
652 3372 938 3444 epistolam
971 3371 1137 3434 hanc,
1162 3369 1402 3427 ostendit
1433 3372 1638 3427 locutio
1669 3371 1782 3440 ipsa
1811 3369 1944 3424 nihil
1977 3386 2108 3434 grat-

503 3466 685 3522 citatis
706 3465 911 3521 habens
941 3483 955 3520 :
989 3466 1210 3521 latinum
1238 3480 1454 3536 quoque
1482 3462 1805 3534 scriptorem
1832 3463 2003 3517 innuit
2041 3478 2103 3517 ea

506 3558 801 3629 Scriptum
824 3559 1025 3626 versio,
1058 3573 1218 3629 quam
1242 3556 1490 3627 sequitur
1518 3571 1531 3608 :
1564 3554 1765 3626 quippe
1789 3563 1883 3609 aut
1912 3552 2105 3610 Italica

505 3656 618 3724 ipsa
648 3664 731 3707 est
752 3668 781 3706 a
812 3652 1085 3708 veteribus
1116 3666 1261 3722 szrpe
1289 3648 1525 3711 laudata,
1550 3658 1640 3704 aut
1670 3649 1773 3703 alia
1798 3646 2001 3702 Italiae
2025 3647 2105 3703 af-

504 3747 651 3810 finis,
687 3748 801 3816 ipsa
828 3759 1045 3816 quoque
1085 3760 1116 3800 a
1144 3744 1422 3800 veteribus
1464 3742 1642 3797 latinis
1673 3742 1925 3797 Patribus
1957 3758 2104 3813 stupe

502 3839 767 3895 adhibita.
802 3841 871 3892 At
899 3852 1021 3892 cum
1060 3846 1257 3906 prmter
1281 3835 1690 3907 Hieronymum,
1728 3834 2101 3899 Ambrosium,

501 3941 559 3988 et
585 3930 945 4001 Augustinum
970 3928 1129 4000 (quos
1151 3928 1371 3998 quidem
1400 3927 1621 3997 hujusce
1643 3927 1886 3998 epistola‘
1913 3936 2099 3981 aucto-

503 4037 594 4079 res
624 4020 783 4077 fateri
805 4029 971 4086 vetat,
998 4019 1074 4074 uti
1100 4018 1358 4084 diximus,
1381 4016 1794 4087 scriptiuipsa),
1815 4016 2100 4073 utultil’ue-

502 4117 613 4173 rint
639 4115 789 4170 latini
815 4113 1025 4180 Patres,
1060 4112 1152 4183 qui
1182 4111 1391 4167 litteras
1421 4111 1780 4181 scripserint,
1819 4110 2100 4180 inquiren-

502 4210 629 4266 dum
656 4218 739 4264 est
766 4208 954 4275 nobis,
984 4206 1069 4262 cui
1097 4203 1386 4275 epistolam
1422 4203 1561 4258 hanc
1591 4201 1916 4260 tribuamus.

571 4388 628 4444 2.
651 4388 958 4459 Antequam
988 4362 1217 4455 Vulgata
1273 4383 1567 4438 Bibliorum
1610 4384 1991 4455 interpretatio
2032 4386 2102 4441 ab

502 4480 765 4538 Ecclesiis
795 4478 1148 4549 reciperetur,
1179 4489 1299 4530 eam
1331 4472 1499 4530 fuisse
1523 4476 1884 4546 compositam
1907 4519 1922 4543 ,
1949 4492 2100 4533 com-

497 4573 870 4647 pertissimum
900 4578 1029 4643 puto
1063 4585 1078 4624 :
1109 4564 1293 4625 differt
1315 4568 1459 4623 enim
1491 4567 1783 4638 plurimum
1815 4583 1844 4623 a
1872 4567 2096 4640 Vulgata

2209 3375 2566 3427 :eternitatem
2599 3371 2929 3437 vindicasse,
2956 3372 3201 3427 eminent
3246 3370 3481 3453 Hilarius
3503 3369 3811 3426 Pictavicn-

2208 3463 2286 3518 sis
2307 3462 2406 3535 (ὁ),
2439 3474 2495 3519 et
2517 3463 2787 3520 Eusebius
2821 3463 3180 3519 Vercellensis
3203 3464 3300 3535 (c).
3338 3466 3411 3520 At
3438 3464 3482 3519 si
3539 3463 3662 3533 quis
3689 3461 3803 3533 epi-

2208 3557 2403 3612 stolam
2432 3555 2573 3611 hanc
2606 3570 2728 3611 cum
2761 3556 2830 3611 iis
2861 3555 3262 3626 comparaverit
3294 3552 3512 3611 Eusebii
3541 3552 3806 3623 epistolis,

2207 3661 2344 3716 quas
2370 3646 2635 3703 Baronius
2663 3646 2962 3717 evolgavit,
3000 3645 3291 3702 manifesto
3322 3644 3563 3713 videbit,
3594 3659 3715 3700 eam
3742 3643 3808 3699 ab

2208 3739 2429 3805 Eusebii
2458 3739 2601 3812 stylo
2644 3739 2835 3795 abesse
2863 3739 3193 3807 plurimum,
3227 3737 3489 3793 accedere
3534 3748 3717 3793 autem
3742 3736 3807 3792 ad

2208 3846 2330 3887 eam
2356 3833 2613 3903 loquendi
2640 3834 2944 3900 rationem,
2977 3848 3137 3903 quam
3163 3828 3404 3889 Hilarius
3436 3833 3489 3886 in
3516 3831 3669 3887 libris
3696 3831 3806 3886 suis

2208 3933 2552 3981 consectatus
2576 3934 2662 3980 est
2695 3944 2707 3980 :
2739 3936 2901 3996 atque
2923 3926 3063 3982 adeo
3090 3926 3142 3981 in
3164 3941 3229 3981 eo
3256 3926 3635 3981 tantummodo
3648 3926 3717 3981 ab
3744 3925 3807 3981 iis

2208 4015 2450 4082 dill‘erre,
2479 4017 2623 4088 quod
2654 4016 2689 4072 ii
2717 4026 2903 4089 utpote
2924 4017 3166 4074 oratorio
3187 4020 3328 4091 stylo
3355 4020 3671 4089 compositi,
3694 4018 3805 4073 ela-

2210 4112 2376 4165 tiores
2398 4110 2530 4178 sint,
2568 4126 2633 4166 ac
2659 4110 3038 4176 sublimiores;
3068 4112 3293 4182 epistola
3320 4127 3455 4169 vero
3487 4115 3605 4168 haec
3632 4112 3805 4168 humi-

2208 4200 2267 4268 li,
2303 4202 2513 4256 tametsi
2536 4211 2753 4270 oruato,
2776 4216 2839 4257 ac
2867 4204 3094 4259 multum
3115 4204 3334 4259 exculto
3352 4206 3666 4275 conscripta
3693 4207 3759 4259 sit
3788 4223 3798 4256 :

2204 4293 2348 4365 quod
2379 4294 2572 4348 mirum
2606 4310 2714 4348 non
2745 4303 2860 4360 est;
2893 4294 3053 4366 hujus
3081 4294 3224 4351 modi
3255 4296 3400 4350 enim
3430 4296 3692 4366 loquendi
3717 4311 3801 4366 ge-

2205 4402 2307 4441 nus
2335 4386 2580 4457 epistolae
2606 4387 2684 4443 illi
2711 4390 2986 4459 congruit,
3028 4405 3149 4461 qua:
3180 4389 3235 4461 in
3263 4389 3656 4448 Ecclesiastico
3680 4407 3799 4448 cou-

2204 4488 2365 4533 ventu
2395 4478 2461 4532 ad
2495 4479 2848 4549 plurimorum
2876 4480 3241 4538 eruditionem
3274 4481 3499 4554 legenda
3530 4483 3675 4540 foret
3699 4484 3795 4554 (ά).

2202 4571 2389 4644 Neque
2414 4590 2545 4630 sane
2566 4587 2788 4633 auctore
2816 4575 2907 4632 illo
2928 4577 3146 4649 indigna
3170 4587 3275 4648 est,
3303 4580 3372 4635 de
3399 4595 3508 4652 quo
3534 4580 3654 4639 haec
3678 4581 3796 4651 Hie-

574 4758 663 4834 (a_)_
680 4753 867 4811 Codex
899 4754 1000 4808 iste
1019 4750 1083 4834 in
1112 4756 1326 4834 vetusto
1352 4748 1654 4834 inveptario
1680 4756 1763 4829 est
1795 4747 2001 4834 positus
2030 4763 2085 4802 n.
2117 4758 2171 4818 Ι)
2198 4767 2251 4804 ιι.
2285 4750 2429 4834 92_e_t_
2450 4764 2785 4834 sequentuet
2815 4754 3185 4834 prgafaliouem
3216 4756 3282 4814 ad
3303 4757 3606 4819 editionem
3631 4758 3793 4818 Vero.

498 4819 595 4887 21)
617 4819 772 4884 Nunc
800 4839 928 4879 vero
953 4831 1037 4878 est
1064 4820 1116 4875 in
1139 4821 1325 4891 pluteo
1349 4835 1401 4873 tv
1418 4821 1485 4873 ad
1515 4821 1700 4873 laevam
1730 4819 1785 4891 in,
1812 4828 1964 4886 parte
1995 4834 2083 4872 su-

498 4902 714 4973 periore
731 4895 921 4973 plutei.
945 4888 1285 4973 incipit'vero
1304 4905 1348 4970 a_
1360 4891 1520 4973 libro,
1545 4904 1703 4960 quem
1730 4888 2091 4973 Hieroitymus

499 4959 745 5028 adversus
780 4965 1119 5021 Iovinianum
1162 4962 1396 5031 scripsit.
1430 4959 1616 5025 lianc,
1654 4976 1812 5029 quam
1843 4959 2088 5028 edimus,

499 5041 781 5115 epistolam
811 5036 999 5101 habes,
1030 5050 1153 5106 pag.
1188 5032 1307 5088 H8.

569 5134 646 5202 (ὁ)
661 5128 956 5187 Nonnullas
969 5125 1228 5202 epistolas
1249 5124 1412 5202 fuisse
1516 5123 1714 5202 Hilario
1731 5124 2090 5202 conscriptas,

494 5194 656 5262 docet
677 5194 1167 5269 HieronymuSJib.
1187 5196 1250 5248 de
1276 5194 1870 5269 Virisillu‘stribnswap.
1898 5195 1984 5269 lt),
2007 5195 2091 5249 his

498 5275 698 5338 verbis,
727 5264 992 5326 nonnulla:
1006 5268 1074 5321 ad
1095 5264 1615 5338 digersosepistolee;
1656 5264 1839 5338 Hilarii
1863 5268 2018 5338 enim
2036 5275 2091 5321 ιιι

499 5334 720 5403 Eusebii
752 5339 1109 5396 Vercellensis
1143 5334 1410 5406 Epismlas
1455 5337 1524 5389 de
1565 5336 1920 5404 scriptoribus
1968 5337 2091 5392 illo-

495 5434 616 5473 rum
651 5410 1271 5483 temporttm_ilissere_tis
1298 5448 1322 5483 ,Δ
1371 5409 1745 5483 taptummodo
1783 5417 2087 5483 memorat;

497 5489 592 5542 sed
607 5478 864 5552 expresse
885 5480 935 5552 id
947 5480 1107 5552 docet
1123 5478 1393 5552 Sulpicius
1414 5478 1670 5552 Severus,
1688 5478 1828 5552 libro
1852 5493 1888 5552 ιι
1903 5478 2089 5552 histo.,

496 5572 617 5627 cap.
642 5547 710 5609 57
741 5551 984 5627 :Hosius
1005 5547 1220 5627 (inquit)
1241 5549 1538 5627 centenario
1557 5552 1724 5621 major
1744 5548 1822 5622 (ut
1846 5549 1908 5604 S.
1932 5547 2089 5605 Hila-

498 5618 606 5680 rius
630 5629 686 5678 in
706 5621 935 5691 epistolis
963 5618 1424 5691 refert)_deliravit.

569 5696 645 5762 (τ)
671 5687 804 5747 Vide
819 5706 939 5758 qua:
960 5687 1119 5746 docet
1144 5688 1406 5745 Baronius
1428 5688 1494 5746 ad
1516 5705 1719 5747 annum
1736 5687 1940 5748 Christi
1956 5691 2086 5760 356,

2197 4839 2322 4878 ncn.
2349 4823 2540 4879 Hilarii
2562 4840 2679 4895 pag.
2702 4828 2757 4893 8,
2784 4823 2838 4881 η’.
2867 4826 2957 4883 24.

2265 4918 2348 5000 ςά)
2379 4918 2595 5000 Humile
2632 4921 2901 5000 scribendi
2928 4937 3118 5000 genus
3149 4924 3431 5000 interdum,
3473 4926 3527 5000 in
3543 4927 3793 5000 epistolis

2195 4990 2309 5043 suis
2350 4999 2697 5056 persecutum
2742 4992 2909 5047 fuisse
2938 4990 3248 5057 'llilarium,
3299 4997 3464 5051 tradit
3498 4990 3791 5055 his'verbis

2198 5059 2483 5125 Baronius,
2505 5062 2574 5116 de
2601 5063 2827 5130 epistola
2856 5063 3041 5118 Hilarii
3070 5065 3138 5121 ad
3162 5066 3325 5121 tiliam
3355 5066 3589 5130 loquens
3604 5069 3675 5125 ad
3699 5086 3783 5124 an.

2242 5083 2483 5125 armttus,
2505 5083 2574 5116 ue
2601 5083 2827 5125 eptsmta
2856 5083 3041 5118 rlttartt
3070 5083 3138 5121 aa
3162 5083 3325 5121 ullam
3355 5083 3589 5125 loquens
3604 5083 3675 5125 au
3699 5086 3783 5124 att.

2198 5084 3138 5189 ἓξὲξωὲ¹¹ἷί¹¹¹⁵ὥιὶῒιὶῗ¹ἓ¹η¹ἑέἔῗὲὶέιὲἱ¹
3162 5084 3335 5191 2⁸⁵³3.
3355 5084 3589 5148 ¹⁹⁴¹¹’⁸”⁸
3604 5084 3675 5125 ³⁸³
3688 5086 3783 5194 ·ῗ¹¹·

2307 5171 2407 5211 ,I.
2523 5149 2640 5211 ε.-
2918 5206 2928 5211 _
3143 5155 3235 5191 sn
3336 5155 3790 5211 πεπινωμέν-

2197 5218 2294 5275 que
2312 5202 2802 5273 eloquentissimum,
2824 5206 3017 5275 stylnm
3036 5223 3187 5261 suum
3208 5218 3397 5263 natura
3423 5202 3694 5267 sublimem
3714 5215 3786 5267 in-

2197 5273 2394 5354 clinare
2422 5275 2626 5354 puellae,
2658 5284 2706 5329 et
2732 5273 3079 5354 deinilustria
3106 5281 3349 5354 humilem
3378 5281 3617 5354 reddere,
3645 5295 3787 5354 atque

2194 5343 2265 5422 ad
2285 5346 2692 5422 persuadendum
2717 5348 2944 5422 facilem,
2973 5349 3396 5422 sintplicilmsque
3430 5343 3663 5422 Virginis
3693 5343 3783 5409 ἀκ-

2195 5414 2337 5492 ζὶῡιιε
2378 5414 2787 5492 accotmnodare.
2821 5414 2946 5492 Illas
2976 5414 3107 5475 vero
3133 5414 3396 5492 epistolas
3422 5414 3549 5492 qua?
3573 5425 3642 5478 ad
3669 5441 3782 5480 eum

2197 5484 2357 5539 linem
2386 5487 2761 5543 scribebantur
2784 5530 2799 5549 .
2834 5501 2891 5542 ut
2932 5491 2983 5543 iu
3014 5484 3400 5546 ecclesiasticis
3429 5484 3784 5551 conventibus

2197 5556 2406 5633 publice
2434 5558 2761 5633 legerentur,
2787 5569 3009 5633 ornatas
3039 5563 3222 5629 fuisse,
3256 5575 3420 5633 atque
3443 5567 3712 5628 excultas,
3743 5567 3783 5620 is

2195 5625 2354 5709 liii-ile
2375 5626 2645 5709 fatebitur,
2675 5630 2765 5699 qui
2792 5634 2858 5709 ad
2896 5625 3218 5709 hujusmodi
3239 5625 3448 5690 littéras
3474 5635 3571 5709 (de
3594 5625 3781 5708 quibus

2193 5697 2372 5768 aliqua
2402 5714 2524 5754 mox
2552 5697 2817 5771 dicemus)
2846 5697 3084 5760 animum
3103 5701 3374 5769 advertat.
