3958 6194
90 265 179 319 799
829 263 890 320 IN
953 261 1205 319 llllARH
1248 261 1630 319 EPISTULAM
1671 261 1684 318 ε

1797 263 1802 309 ἶ
1844 262 2186 320 “BELLUM
2230 265 2314 322 PH
2328 263 2622 323 ᾹΞΡΑἸῚΟ.

3273 268 3378 322 7.ῖο

92 397 334 454 ronymns
359 381 528 437 tradit
558 383 665 454 (n):
701 401 718 435 ‹
751 382 808 437 S.
841 384 1075 438 llilarins
1093 384 1376 438 Gallic-ano
1407 384 1674 441 cothurno
1701 388 1754 449 Α
1851 386 2073 442 Accedit
2099 386 2167 441 ad
2192 387 2304 440 lucc
2326 384 2560 440 affinitas
2586 384 2843 440 nonnulla
2863 384 3141 440 nominum
3166 385 3372 451 Hilarii,

90 476 358 540 attollitur,
394 487 446 531 et
471 493 638 546 quum
668 475 892 532 Graeciae
923 476 1145 532 floribus
1165 476 1483 545 adornetur,
1506 477 1679 548 longis

91 572 343 630 interdum
373 571 619 639 periodis
641 571 959 636 involvitur,
993 580 1048 626 et
1077 587 1105 626 a
1129 570 1364 628 lectione
1383 571 1682 640 simplicio—

97 683 202 725 rum
235 666 460 720 fratrum
489 665 677 735 procul
705 674 807 720 est.
849 683 868 717 ι
903 663 1089 731 Neque
1129 665 1182 719 in
1211 680 1275 720 ea
1304 663 1680 720 desideramus

92 765 396 820 ubertatem.
449 773 518 814 ac
559 759 809 824 nitorem,
846 771 1006 828 quem
1035 759 1086 812 in
1118 756 1397 813 Gallorum
1430 756 1678 826 Scripto-

93 869 197 910 rum
247 849 754 906 elucubrationibus
809 848 1019 924 enitere
1065 847 1195 903 alibi
1245 856 1475 903 teStatur
1534 848 1678 902 idem

98 946 440 1016 Hieronymus
469 941 574 1012 (ὁ).
605 939 866 1011 Denique,
896 955 963 994 ne
985 938 1152 993 multa
1182 938 1473 1008 proferam,
1501 939 1553 994 in
1579 937 1679 995 hac

97 1051 210 1093 sane
235 1035 464 1104 epistola
493 1048 557 1089 se
583 1031 760 1102 prodit
783 1031 850 1098 is,
883 1047 1044 1103 quem
1068 1031 1488 1087 disertissimum
1512 1030 1680 1087 fuisse

97 1131 328 1188 evincunt
379 1126 470 1182 illa
504 1125 746 1196 ejusdem
780 1125 986 1197 pariter
1027 1124 1339 1197 Hieronymi
1369 1125 1530 1182 verba
1560 1123 1630 1198 (ο)
1662 1143 1675 1180 :

98 1222 194 1277 Nec
217 1219 509 1275 disertiores
541 1235 714 1272 sumus
745 1217 953 1274 Hilario
985 1233 1004 1272 :
1033 1217 1236 1289 quippe
1279 1219 1397 1289 qui,
1434 1227 1570 1274 teste
1594 1219 1680 1274 hic

97 1329 288 1385 quoque
311 1313 645 1385 Hieronymo
672 1311 773 1384 (ά),
809 1330 828 1363 ι
863 1310 1154 1368 Duodecim
1177 1311 1490 1377 Quintiliani
1515 1311 1680 1366 libros

103 1420 150 1465 et
176 1409 306 1479 stylo
327 1407 572 1461 imitatus
604 1415 706 1466 est.
742 1415 797 1460 et
841 1421 1070 1461 numero
1098 1402 1171 1475 (ε)
1192 1446 1205 1468 ,
1234 1403 1498 1474 brevique
1527 1403 1680 1459 libel-

108 1503 171 1567 lo,
195 1515 343 1570 quem
373 1497 594 1570 scripsit
637 1509 831 1554 contra
865 1499 1182 1553 Dioscorum
1231 1497 1520 1562 medictnn,
1552 1498 1678 1568 quid

107 1596 149 1650 in
178 1592 359 1647 litteris
390 1593 590 1663 possit,
623 1589 878 1644 ostendit.
919 1607 938 1641 ι
970 1589 1184 1644 Initium
1228 1589 1470 1659 profecto
1520 1589 1681 1658 hujus

103 1687 320 1758 epistola:
342 1685 504 1740 valde
524 1683 706 1739 nobile
734 1692 840 1748 est,
874 1698 974 1739 nec
1003 1683 1185 1738 minus
1213 1685 1524 1752 pratstautia
1558 1699 1679 1752 qua:

1779 487 1832 536 et
1865 478 2213 551 Hieronymi;
2248 480 2438 534 iisdem
2461 478 2604 533 enim
2636 477 2830 533 litteris
2861 487 3153 549 utrumque
3181 493 3376 534 nomen

1780 573 1987 642 incipit.
2018 571 2155 627 Hinc
2196 572 2443 642 suspicor
2469 570 2659 627 Hilarii
2703 587 2900 626 nomen
2927 570 3137 628 duabus
3168 579 3375 626 tantum

1780 664 2049 735 prioribus
2075 663 2270 720 litteris
2301 663 2594 718 iudicatum
2625 663 2644 734 (
2669 662 2742 716 Hi
2767 663 2788 734 )
2815 681 2829 716 :
2861 674 2916 718 et
2965 663 3088 718 huic
3130 662 3378 732 epistola:

1780 758 2127 830 praepositum
2181 756 2438 812 inducere
2484 755 2639 812 facile
2691 757 2932 826 potuisse
2988 771 3376 813 amanuensem

1780 859 2023 906 nostrum
2055 865 2160 906 non
2184 849 2474 904 admodum
2501 847 2734 905 fortasse
2764 849 2992 920 peritum
3021 891 3038 918 ,
3082 858 3140 904 ut
3181 848 3376 906 Hiero-

1782 958 1946 1014 nymo
1973 942 2238 998 tribueret
2294 940 2538 997 libellum
2580 941 2778 1006 istum,
2820 941 2910 1012 qui
2948 939 3151 996 Hilario
3195 940 3378 1012 utique

1782 1036 1958 1092 fuerat
1985 1034 2326 1092 tribuendus.

1852 1130 1907 1186 4.
1943 1128 2118 1200 Atque
2148 1127 2232 1184 his
2257 1127 2475 1200 quidem
2506 1126 2835 1198 conjecturis
2864 1127 3053 1195 ducor,
3091 1138 3147 1183 ut
3174 1127 3378 1184 Hilario

1782 1223 2130 1288 Pictaviensi,
2165 1222 2391 1293 ideoque
2419 1222 2863 1292 praeclarissimo,
2891 1231 2946 1277 et
2972 1221 3128 1277 valde
3152 1232 3364 1278 vetusto

1780 1316 2030 1383 scriptori
2054 1315 2336 1384 epistolam
2367 1314 2505 1369 hanc
2527 1314 2851 1370 adscribam.
2880 1315 3015 1370 Nolo
3049 1324 3226 1369 tamen
3259 1314 3372 1370 dis-

1781 1408 2043 1464 simulare
2069 1421 2184 1474 cas,
2209 1422 2344 1478 quas
2372 1407 2504 1462 mihi
2535 1408 2614 1460 vir
2644 1406 3004 1471 clarissimus,
3037 1407 3238 1477 quique
3268 1407 3377 1475 pri-

1782 1515 1900 1556 mas
1928 1499 1980 1553 in
2005 1499 2267 1554 litterario
2308 1499 2585 1570 republica
2620 1508 2808 1554 tenere
2827 1501 2972 1554 visus
2999 1507 3084 1555 est
3113 1499 3215 1571 (g),
3249 1497 3378 1552 mihi

1781 1591 1980 1661 objecit
2010 1589 2378 1646 difﬁcultates.
2429 1589 2692 1645 Nimirum
2738 1590 2794 1644 1°
2814 1590 2882 1644 ad
2912 1589 3228 1661 martyrium
3259 1588 3378 1644 vult

1781 1686 2015 1755 scriptor
2043 1685 2142 1740 istc
2165 1693 2384 1754 paratos
2408 1699 2526 1751 eos,
2550 1683 2746 1753 quibus
2764 1683 2994 1754 epistola
3011 1684 3126 1740 haec
3153 1683 3378 1755 legenda

101 1789 391 1850 sequuntur,
413 1777 493 1832 sic
519 1776 980 1832 utsublimitatem
1005 1775 1176 1842 illam,
1206 1785 1259 1830 et
1285 1775 1676 1844 eloquentiam,
1709 1773 1756 1834 Β
1783 1786 1921 1831 erat.
1945 1776 2237 1846 Antiquior
2265 1791 2396 1846 ergo
2417 1775 2620 1830 Hilario
2643 1785 2835 1830 auctor
2867 1775 3010 1830 illius
3037 1786 3152 1841 est;
3181 1775 3382 1847 quippe

103 1886 238 1942 quam
269 1871 319 1926 in
349 1870 561 1926 Hilario
589 1867 974 1925 commendant
1003 1879 1238 1935 veteres,
1282 1868 1334 1922 in
1372 1883 1433 1925 ea
1464 1865 1681 1939 quoque

104 1963 240 2019 facile
263 1962 510 2032 detegas.

164 2058 210 2113 3.
237 2056 368 2111 Illud
412 2057 579 2111 etiam
627 2057 678 2112 in
729 2056 932 2111 Hilario
980 2065 1238 2112 notarunt
1281 2041 1506 2122 Critici,
1537 2055 1681 2124 quod

106 2163 244 2205 voces
269 2149 558 2205 admodum
583 2148 952 2220 infrequentes
971 2150 1188 2220 scriptis
1204 2150 1316 2204 suis
1339 2150 1542 2205 inserat
1570 2147 1641 2220 (f)
1669 2166 1681 2202 :

108 2249 246 2312 atque
274 2240 323 2296 id
353 2240 574 2312 quidem
609 2242 661 2295 in
695 2240 795 2295 hac
834 2241 948 2310 ipsa
999 2241 1227 2311 epistola
1263 2242 1519 2296 occurrit.
1553 2240 1686 2308 Quis

109 2336 230 2389 enim
284 2349 442 2389 voces
493 2335 616 2398 has,
668 2335 856 2400 initiat,
889 2335 1288 2404 splendiﬁcnre,
1338 2333 1681 2397 sorerdotnre,

109 2428 364 2497 ronfuerit,
419 2441 558 2498 quas
608 2427 695 2482 hic
725 2427 1005 2493 invenies,
1059 2428 1124 2482 iis
1175 2429 1397 2482 vocibus
1426 2443 1688 2482 annume-

114 2518 252 2582 rabit,
281 2533 411 2589 quas
434 2519 637 2574 crebro
664 2518 1018 2574 adhibemus?
1039 2518 1191 2587 Quod
1216 2519 1259 2573 si
1283 2519 1685 2590 ettplicationis,

114 2616 273 2683 reique
303 2613 501 2668 clarius
534 2613 875 2667 illustrandze
903 2627 1063 2666 causa
1096 2626 1299 2682 griecas
1327 2626 1488 2667 Voces
1533 2625 1688 2666 usur-

116 2715 190 2774 pat
232 2705 279 2760 in
311 2707 422 2759 suis
471 2705 632 2759 liliris
682 2689 960 2760 Hilarius:
990 2721 1068 2758 me
1095 2719 1311 2774 quoque
1360 2703 1410 2757 in
1443 2703 1686 2774 Epistola

117 2798 514 2854 bacoccurrunt.
551 2798 612 2854 Si
659 2814 687 2853 a
719 2813 850 2852 voce
883 2797 1188 2851 Itomousiou
1219 2797 1284 2850 ad
1317 2797 1685 2852 consubstan-

118 2890 371 2944 tialitatem
421 2887 590 2944 Verbi
621 2887 998 2957 explicandam
1047 2887 1227 2957 quoad
1280 2895 1488 2956 potest,
1535 2895 1690 2941 cavet

117 2979 322 3036 Hilarius
342 3023 356 3046 ,
413 2983 672 3051 illiusque
703 2981 822 3037 loco
870 2980 1261 3051 explicationes
1291 2981 1424 3035 alias
1454 2983 1505 3034 in
1537 2979 1688 3034 libris

117 3075 210 3127 suis
235 3074 530 3140 substituit,
561 3089 629 3129 ne
674 3075 880 3129 scilicet
922 3074 990 3129 de
1028 3074 1232 3127 nomine
1257 3115 1271 3137 ,
1307 3088 1412 3127 non
1459 3071 1528 3128 de
1571 3073 1685 3141 ipsa

1784 1867 1875 1937 qui
1927 1867 2313 1936 imperatorum
2376 1866 2672 1922 Ecclesiam
2730 1867 3169 1938 persequentium
3223 1875 3383 1922 actate

1785 1960 1938 2014 vixit.
1961 1960 2020 2013 2"
2041 1959 2258 2014 Fatetur
2287 1959 2531 2029 epistola:
2563 1959 2721 2030 hujus
2749 1961 3005 2031 scriptor,
3035 1959 3195 2015 fidem
3228 1973 3382 2014 suam

1787 2053 1952 2106 fuisse
1983 2051 2034 2105 in
2065 2051 2286 2107 dubiqu
2319 2060 2646 2107 revocatam.
2682 2070 2700 2104 ι
2737 2050 2808 2106 Ει
2846 2052 3021 2107 sciant
3051 2051 3232 2106 aemuli
3261 2050 3386 2106 fidei

1788 2159 1922 2200 mese
1950 2145 2244 2214 przestitam
2269 2148 2557 2212 rationem,
2589 2156 2640 2200 et
2667 2147 2964 2202 convenire
2991 2161 3112 2202 cum
3144 2145 3384 2201 Ecclesia

1788 2246 2198 2307 recognoscant.
2244 2258 2263 2289 ι
2303 2239 2369 2292 At
2393 2239 2514 2308 quis
2549 2237 2598 2293 id
2629 2239 2696 2293 de
2729 2238 2932 2294 Hilario
2953 2239 3150 2294 audeat
3170 2239 3388 2294 dicere?

1787 2329 1900 2400 qui,
1931 2337 1989 2382 ut
2015 2328 2298 2397 Augustini
2331 2329 2512 2384 verbis
2542 2337 2661 2383 utar
2699 2328 2804 2401 (Ii),
2846 2348 2866 2383 ι
2893 2330 3150 2385 Ecclesiae
3195 2331 3386 2385 catho-

1788 2421 1904 2475 lica:
1929 2420 2190 2474 adversus
2220 2420 2503 2475 lia-retices
2524 2421 2824 2474 acerrimus
2849 2420 3126 2484 defensor;
3155 2422 3386 2478 catholi-

1787 2527 1882 2566 cus
1903 2523 1958 2568 et
1983 2513 2209 2580 insignis
2227 2510 2483 2567 Ecclesiae
2513 2511 2792 2567 catholicae
2817 2511 3038 2578 doctor;
3067 2524 3246 2568 etnon
3271 2529 3384 2570 meo

1788 2605 1988 2660 diocris
2015 2607 2349 2659 auctoritatis
2372 2605 2424 2659 in
2454 2608 2776 2662 tractatione
2810 2605 3230 2675 Seripturarum,
3249 2617 3304 2662 et
3333 2608 3384 2663 in

1787 2697 2093 2752 assertione
2119 2697 2242 2752 fidei
2289 2697 2371 2752 vir
2397 2698 2700 2768 appellatus
2744 2707 2849 2753 est.
2887 2717 2906 2752 ι
2943 2697 3036 2753 His
3067 2698 3276 2754 scilicet
3317 2700 3384 2754 ad

1789 2791 1930 2848 hunc
1963 2791 2182 2847 modum
2228 2807 2480 2848 occurro.
2505 2790 2809 2848 Constantii
2841 2803 3083 2864 tempore
3109 2795 3385 2852 exstitisse

1789 2886 1990 2942 multos
2015 2927 2032 2952 ,
2084 2886 2177 2958 qui
2227 2897 2449 2956 propter
2497 2885 2825 2941 Ortliodoxa:
2857 2885 2980 2942 fidei
3010 2887 3384 2945 defensionem

1789 2996 1898 3037 non
1931 2980 2092 3035 modo
2123 2979 2176 3034 in
2207 2979 2458 3035 exsilium
2489 2981 2659 3042 missi,
2690 2996 2877 3035 verum
2904 2982 3065 3035 etiam
3117 2983 3381 3054 martyrio

1792 3073 1958 3128 functi
1989 3073 2117 3138 sint,
2149 3069 2464 3128 indubitatis
2493 3074 2855 3128 monumentis
2882 3076 3243 3146 assequimur.
3275 3075 3386 3132 Mc-

118 3165 254 3219 Verhi
279 3165 858 3232 eonsubstautialitate,
884 3173 1046 3237 atque
1072 3166 1396 3232 aeternitate,
1447 3180 1511 3219 ac
1550 3180 1688 3232 prm-
1715 3153 1760 3215 C
1791 3164 1896 3220 rito
1922 3164 2103 3235 itaque
2131 3163 2198 3219 ad
2227 3164 2545 3236 martyrium
2570 3175 2786 3234 paratos
2824 3181 2946 3220 esse
2972 3165 3216 3236 cupiebat
3249 3167 3383 3223 fide-

118 3258 285 3311 slautia
303 3257 585 3312 decertare
615 3256 892 3322 videatur;
924 3256 974 3311 id
1008 3273 1223 3327 quoque
1255 3257 1340 3310 hic
1372 3256 1597 3326 peragit.
1630 3256 1684 3310 ld

119 3347 292 3416 pariter
317 3351 366 3402 in
389 3349 620 3419 epistola
647 3349 745 3404 hac
766 3351 1091 3413 observans,
1119 3349 1261 3418 quod
1286 3349 1338 3404 in
1365 3349 1590 3418 reliquis
1622 3348 1687 3402 li-

119 3440 212 3494 bris
230 3441 334 3496 suis
355 3441 621 3496 adversus
649 3442 878 3496 Arianos
914 3441 1193 3510 disputans
1220 3441 1474 3513 religiose
1497 3441 1688 3496 obser-

120 3542 277 3588 varat:
310 3543 366 3589 ut
387 3536 599 3590 scilicet
627 3551 814 3590 eorum
846 3534 1061 3604 quidem
1086 3549 1305 3590 errores
1334 3533 1687 3590 vehementer

120 3625 394 3696 redarguat,
435 3636 491 3682 at
524 3629 799 3684 neminem
844 3629 1062 3682 nomine
1107 3627 1343 3698 appellet
1371 3645 1386 3685 :
1417 3637 1577 3698 atque
1617 3629 1686 3683 ab

117 3720 281 3775 odioso
303 3723 617 3777 Arianorum
651 3733 706 3778 et
738 3722 1184 3778 Semiarianorum
1230 3722 1492 3778 vocabulo
1532 3737 1686 3793 pror-

118 3830 198 3869 sus
211 3817 462 3873 abstineat
491 3835 504 3872 :
530 3833 692 3887 quam
719 3817 933 3886 quidem
965 3813 1034 3868 ob
1063 3831 1175 3869 rem
1204 3813 1455 3870 Lucifero
1476 3815 1685 3870 Calari-

122 3917 227 3962 tano
263 3910 570 3981 displicuit,
605 3921 656 3964 ct
677 3910 796 3980 plus
834 3923 990 3978 aequo
1033 3907 1180 3962 initis
1209 3907 1478 3976 apparuit.
1509 3906 1687 3973 Quid?

119 4003 239 4071 quod
256 4003 450 4060 eaedem
470 4003 634 4074 paulo
662 4002 947 4056 liberiores
962 4001 1208 4071 phrases,
1237 4001 1538 4069 praesertim
1563 4015 1685 4054 cum

119 4097 177 4151 de
200 4097 387 4167 Spiritu
416 4097 642 4162 Sancto,
678 4096 745 4150 de
776 4093 1168 4149 lncarnationis
1213 4093 1508 4163 mysterio,
1539 4103 1595 4148 et
1621 4093 1690 4148 de

120 4203 275 4244 rerum
301 4192 576 4246 creatione
605 4187 845 4252 disserit,
870 4201 990 4255 qua:
1015 4186 1064 4238 in
1099 4184 1452 4238 librisHilarii
1483 4185 1546 4238 de
1569 4183 1689 4238 Tri-

121 4283 258 4335 nitate
297 4293 634 4344 occurrunt,
681 4289 973 4334 occurrunt
1026 4276 1225 4347 pariter
1271 4278 1324 4332 in
1381 4292 1475 4341 ea,
1528 4294 1688 4348 quam

122 4375 431 4443 evulgamus,
444 4373 698 4446 epistola;
715 4371 996 4427 sententize
1011 4388 1223 4444 quoque
1235 4369 1438 4426 ea-dem
1455 4380 1688 4435 exstant;

125 4483 207 4523 nec
229 4469 521 4534 dissimilis,
543 4470 619 4523 uti
646 4468 902 4532 diximus,
929 4480 1110 4521 sermo
1137 4475 1222 4520 est
1252 4483 1264 4518 :
1292 4475 1454 4533 atque
1483 4465 1535 4519 id
1559 4479 1690 4520 sane

1791 3258 1870 3315 les
1897 3268 2084 3313 noster
2103 3259 2349 3329 egregius
2376 3257 2638 3327 Scriptor,
2668 3259 2733 3312 ad
2766 3259 3154 3314 testificandum
3178 3260 3388 3317 scilicet

1790 3353 2052 3422 sanguine
2080 3367 2180 3406 suo
2208 3350 2536 3408 Orthodoxa:
2567 3353 2924 3410 confessionis
2955 3365 3260 3410 veritatem.
3304 3357 3384 3409 An

1791 3459 1900 3500 non
1932 3444 2092 3500 etiam
2125 3441 2359 3498 dubitari
2403 3445 2597 3499 merito
2629 3455 2861 3515 poterat,
2902 3463 2970 3500 ne
3006 3457 3220 3499 mortuo
3245 3443 3388 3502 Con-

1791 3537 1993 3592 stantio
2019 3535 2087 3590 ad
2121 3535 2395 3592 hominem
2429 3547 2657 3592 vetusut:
2695 3537 3067 3608 superstitioni
3113 3529 3384 3592 addiCtnm

1793 3629 2180 3684 transferretur
2203 3630 2513 3699 imperium,
2554 3646 2728 3699 eoque
2753 3640 3012 3699 regnante
3039 3629 3232 3684 iterum
3261 3645 3389 3684 exa-

1790 3726 2054 3793 gitarelur
2080 3723 2359 3779 Ecclesia?
2383 3723 2534 3792 Quod
2560 3725 2602 3779 si
2628 3734 2886 3794 regnante
2903 3723 3120 3779 Iuliano
3147 3724 3228 3779 vis
3272 3724 3388 3792 epi-

1790 3817 1986 3873 stolam
2016 3818 2152 3872 hanc
2176 3821 2561 3888 conscriptam,
2585 3833 2745 3888 quam
2774 3828 2920 3873 recte
2947 3817 3013 3871 ad
3045 3816 3386 3874 subeundum

1795 3909 2110 3982 martyrium
2145 3918 2362 3979 paratos
2421 3908 2608 3964 fideles
2649 3909 2904 3978 cupiebat
2955 3907 3222 3972 Hilarius,
3253 3922 3390 3977 quos

1793 4019 2062 4058 summum
2095 4002 2148 4057 in
2180 4003 2398 4057 tnodum
2442 4017 2472 4056 a
2503 4001 2825 4067 Gentilibus,
2859 4001 3052 4070 quibus
3081 4001 3255 4072 palam
3284 4001 3390 4055 im-

1796 4107 2012 4168 peratur
2042 4097 2157 4166 ipse
2199 4095 2434 4159 favebat,
2461 4103 2682 4148 vexatos
2713 4094 2998 4147 novimus?

1948 4187 2283 4258 Quamquam
2318 4201 2478 4253 porro
2506 4201 2596 4238 eas
2621 4185 2804 4238 laudes
2835 4183 3092 4238 meruerit
3120 4181 3352 4237 Hilarius
3373 4223 3389 4247 ,

1794 4287 1993 4356 quibus
2017 4286 2084 4340 ab
2113 4282 2428 4354 Augustino.
2455 4281 2805 4351 Hieronymo,
2839 4280 3120 4345 Cassiano,
3165 4278 3392 4348 aliisque

1796 4376 2237 4432 celebratissimis
2268 4376 2397 4428 viris
2424 4384 2646 4428 ornatus
2675 4383 2752 4426 est
2778 4415 2792 4438 ,
2828 4371 3182 4427 indubitatum
3209 4381 3291 4424 est
3316 4381 3393 4425 ta-

1798 4487 1944 4536 men,
1972 4470 2042 4525 de
2065 4469 2208 4524 illius
2239 4468 2343 4524 fide
2369 4468 2532 4522 fuisse
2563 4468 2631 4522 ab
2657 4467 2923 4538 aliquibus
2959 4465 3128 4520 nimio
3163 4465 3284 4536 plus
3311 4479 3396 4517 se-

125 4561 370 4631 fatebitur,
391 4565 480 4636 qui
499 4561 902 4628 aunotationes,
932 4576 1063 4628 qttas
1085 4562 1262 4615 eidem
1285 4560 1527 4628 epistola:
1557 4560 1691 4630 adji-
1717 4545 1771 4606 D
1798 4563 1937 4618 veris
1989 4563 2329 4632 austerisque
2355 4561 2679 4616 dubitatum.
2719 4558 2771 4613 Id
2805 4557 2959 4613 facile
2986 4556 3262 4621 fatebitur,
3304 4555 3392 4622 qui

125 4657 324 4720 ciemus,
347 4656 620 4727 espendet
650 4673 661 4706 :
691 4670 756 4710 eo
775 4659 918 4710 enim
947 4669 1052 4707 non
1087 4653 1296 4706 modica
1329 4653 1537 4707 illarum
1566 4668 1690 4722 pars

127 4750 365 4818 respiciet,
401 4759 460 4804 ut
487 4749 734 4804 adductis
769 4746 956 4802 llilarii
991 4746 1170 4800 verbis
1199 4746 1535 4807 ostendatur,
1565 4760 1687 4799 cum

125 4841 322 4912 reliquis
347 4843 489 4899 illius
513 4841 663 4896 libris
691 4839 977 4910 epistolam
1007 4837 1146 4892 hanc
1170 4851 1276 4891 non
1297 4835 1456 4891 modo
1480 4837 1532 4889 in
1561 4835 1691 4890 doc-

128 4933 268 4998 trina,
291 4951 471 4990 verum
501 4935 666 4992 etiam
705 4932 974 4988 interdum
1009 4933 1062 4985 in
1097 4931 1369 4985 locutione
1401 4931 1540 4998 ipsa,
1568 4945 1694 4986 ver-

128 5025 398 5098 borumque
421 5027 797 5099 dispositione,
823 5039 888 5080 ac
916 5024 1144 5080 circuitu
1165 5022 1480 5079 convenire.

191 5166 258 5236 (τι)
292 5167 457 5237 Epist.
517 5166 583 5223 ad
633 5164 914 5222 Paulinum
944 5163 1092 5218 olim.
1149 5178 1270 5228 sin,
1303 5162 1356 5217 in
1389 5160 1690 5218 Veronensi

129 5235 511 5300 edit-oneum.
537 5255 589 5294 ιι.
617 5238 704 5295 10.

192 5307 260 5378 (li)
288 5308 339 5363 In
379 5313 536 5378 epist.
566 5309 633 5365 ad
661 5307 944 5364 Rusticum
975 5304 1100 5359 oliui
1134 5319 1206 5370 tv,
1233 5304 1306 5378 in
1329 5302 1531 5378 Veron.
1569 5303 1690 5378 edi-

133 5373 256 5432 tione
277 5373 433 5441 cuv'.
485 5397 539 5436 ιι.
570 5387 621 5436 6.
660 5379 729 5435 Ut
755 5379 1051 5440 ubertatem,
1097 5377 1289 5446 inquit,
1335 5373 1530 5446 gallici,
1556 5375 1691 5428 nito-

133 5463 311 5517 remque
325 5453 588 5516 sermonis,
617 5461 724 5506 etc.

195 5515 256 5589 (ε’)
281 5519 333 5575 lu
355 5523 507 5588 epist.
557 5515 623 5577 ad
639 5519 968 5575 Panimachi.
1000 5525 1055 5574 et
1078 5515 1278 5573 Ocean.
1317 5516 1446 5571 olim
1481 5531 1607 5582 uv,
1637 5515 1690 5570 in

139 5585 310 5644 Veron.
340 5593 487 5644 editi.
513 5609 732 5644 uxxw.
765 5608 821 5644 ιι.
855 5591 909 5644 7.

175 5605 310 5644 eruit.
340 5605 487 5646 etltll.
513 5609 732 5654 uniti,
765 5608 821 5646 n.
856 5605 909 5644 'l.

195 5659 266 5734 id)
291 5661 346 5716 In
388 5663 549 5734 epist.
578 5665 646 5720 ad
698 5660 1088 5732 Magnumolim
1121 5675 1335 5727 Luxtv,
1379 5659 1432 5716 in
1482 5658 1681 5720 Veron.

137 5727 257 5786 edit;
283 5748 404 5802 us,
424 5727 489 5790 ἰι.
516 5735 568 5791 ὃ.

1795 4655 1864 4710 ad
1894 4656 2090 4711 librum
2113 4655 2181 4709 ab
2212 4653 2414 4711 Hilario
2436 4652 2499 4707 ad
2520 4669 2629 4708 suae
2661 4652 2779 4706 fidei
2803 4649 3179 4706 defensionem
3202 4647 3396 4702 adver-

1798 4763 1891 4804 sus
1936 4747 2169 4804 Luciferi
2220 4746 2512 4803 Calaritani
2561 4744 2934 4800 accusationes
2989 4740 3390 4816 compositum,

1797 4843 2035 4898 animum
2068 4842 2382 4898 adverterit.
2416 4840 2589 4904 Leeas
2633 4839 2781 4892 illum
2829 4835 3058 4890 obsecro
3084 4874 3098 4897 ,
3143 4842 3192 4887 et
3225 4831 3396 4886 mani-

1797 4935 1938 4990 festo
1968 4933 2270 5004 conspicies
2298 4943 2540 4988 coactum
2578 4930 2745 4983 fuisse
2795 4925 3088 4992 Hilarium,
3145 4933 3202 4976 ut
3234 4923 3392 4977 fidem

1798 5041 1951 5082 suam
1973 5042 2002 5080 a
2017 5021 2723 5089 criminationibushujusce
2736 5018 2972 5088 episc0pi
2991 5015 3286 5070 vindicaret
3306 5012 3391 5081 fi).

1869 5166 1938 5237 (e)
1972 5165 2257 5221 Duodecim
2290 5166 2462 5237 silicet
2488 5179 2714 5219 numero
2744 5173 2868 5218 sunt
2889 5163 3010 5218 libri
3036 5163 3100 5218 de
3117 5161 3389 5228 Triuitnte,

1793 5237 1861 5291 ad
1882 5236 2024 5306 quos
2047 5238 2266 5306 respicit
2289 5236 2374 5290 hic
2397 5236 2774 5308 Hieronymus.

1865 5325 2224 5399 (n‘Erasmus
2254 5327 2306 5382 in
2332 5328 2647 5396 praefatione
2681 5326 2964 5398 praeposita
2994 5325 3218 5382 editioni
3257 5341 3387 5394 ope-

1792 5397 1994 5455 rum'S.
2027 5398 2232 5454 Hilarii.
2421 5404 2426 5408 '

1867 5491 1947 5566 (9)
1972 5493 2226 5548 Ludovic.
2263 5492 2586 5548 Mnratorius
2611 5493 2663 5546 in
2691 5491 2924 5560 epistola
2959 5491 3024 5546 ad
3051 5508 3135 5546 me
3163 5492 3387 5566 scripta.

1863 5584 1944 5654 (ti)
1975 5583 2140 5655 Lib._|
2165 5593 2352 5638 contra
2387 5583 2614 5650 Julian.,
2646 5599 2765 5652 cap.
2802 5584 2858 5649 5;
2883 5583 2977 5640 lih.
3008 5599 3077 5651 ιι,
3109 5599 3230 5655 cap.
3253 5585 3306 5644 ‘7:
3337 5595 3393 5640 et

1790 5652 1885 5710 lib.
1915 5652 1968 5724 vt
2001 5653 2068 5724 de
2099 5652 2320 5719 Trinit.,
2349 5669 2470 5724 cap.
2500 5656 2586 5708 10.

1878 5723 1944 5795 (i)
1970 5723 2151 5782 Tomo
2178 5741 2215 5782 ιι
2245 5723 2608 5795 Ορει·.ΗίΙειι.
2639 5739 2757 5796 pag.
2789 5724 2914 5784 52L
