3958 6194
569 275 665 331 731

1189 377 1416 440 CAPUT
1455 383 1520 440 Il.

572 530 654 587 Ad
689 541 961 600 attenisium
1003 527 1181 583 eadem
1231 527 1448 599 epistola
1488 526 1649 584 missa
1699 527 1811 582 sit:
1835 526 1990 598 quale
2023 526 2166 583 illius

605 629 1000 694 argumentum;
1038 629 1088 676 et
1122 633 1344 690 quonam
1381 629 1608 690 tempore
1633 619 1928 692 conscripta
1954 620 2128 692 fuerit.

642 755 693 812 l.
725 753 794 813 At
819 755 1062 812 Imminet
1104 757 1331 828 Quaestio
1365 753 1535 814 altera
1570 761 1582 812 ':
1619 757 1708 815 cui
1749 755 1958 814 scilicet
2001 761 2167 815 missa

574 847 646 907 sit
673 850 788 907 haec
813 849 1064 924 epistola.
1095 847 1266 909 Abest
1294 851 1435 908 enim
1465 851 1516 907 id
1535 867 1564 906 a
1595 862 1783 909 nostro
1803 853 2015 909 codice.
2047 843 2170 924 Epi-

575 959 844 1016 scopum,
887 943 976 1016 qui
1017 947 1276 1018 p0pulum
1319 945 1611 1017 regendum
1645 941 1806 1018 paulo
1835 956 1959 1004 ante
1980 963 2166 1004 susce-

573 1049 750 1111 perat,
775 1040 1136 1112 eamdemque
1151 1041 1501 1110 catholicum,
1528 1042 1616 1114 qui
1642 1041 2052 1099 instructionem
2074 1058 2169 1098 co-

573 1137 687 1189 rat'n
709 1131 1209 1205 populolegendam
1226 1133 1295 1190 ab
1323 1133 1526 1190 Hilario
1554 1145 1898 1206 poposcerat,
1933 1134 2174 1193 indicant

573 1240 636 1282 ea
659 1225 843 1291 verba,
872 1241 991 1296 quae
1015 1226 1113 1281 sub
1133 1222 1356 1296 hujusce
1372 1225 1616 1296 epistolae
1645 1226 1808 1283 ﬁnem
1840 1238 2130 1284 occurrunt
2154 1247 2169 1286 :

583 1333 600 1367 ι
614 1305 834 1372 Veniam
850 1324 975 1373 ante
992 1331 1179 1372 omnes
1199 1319 1437 1388 (fortasse
1451 1319 1656 1392 omnia)
1670 1335 1700 1374 a
1716 1321 1788 1374 tui
1804 1318 1984 1390 populi
1999 1321 2175 1377 since-

577 1408 790 1463 rissima
815 1395 1103 1463 sanctitate
1130 1421 1316 1475 orans,
1338 1420 1394 1463 ut
1422 1415 1508 1464 tua
1532 1410 1826 1479 Sanctitas,
1843 1413 1928 1466 cui
1951 1413 2176 1485 peritior

579 1501 666 1555 via
697 1514 725 1553 a
762 1498 896 1566 Deo,
928 1507 981 1555 et
1026 1501 1265 1555 sanctior
1290 1502 1638 1573 comprobata
1670 1513 1773 1570 est,
1804 1503 1857 1559 in
1887 1491 2138 1561 omnibus
2158 1547 2174 1573 ,

578 1594 630 1647 in
658 1591 852 1663 quibus
883 1579 1230 1648 mediocritas
1262 1608 1380 1649 mea
1413 1594 1498 1650 vel
1549 1595 1926 1664 praetermisit,
1977 1596 2062 1653 vel
2096 1597 2177 1652 in-

578 1696 739 1743 venta
767 1685 966 1742 melius
997 1687 1289 1757 explanare
1329 1694 1436 1744 non
1464 1689 1674 1760 potuit,
1709 1699 1951 1746 correcta
1998 1691 2176 1748 refor-

1330 271 1396 328 ΙΝ
1437 263 1690 328 HILARII
1730 266 2118 326 EPISTOLAM
2143 265 2273 326 SEU
2325 265 2671 326 “BELLUM
2712 255 3103 324 PREFATIO.
3779 262 3871 315 7ζέ

2188 385 2241 446 Α
2266 392 2318 438 te
2348 399 2562 455 semper
2583 381 2784 440 litteras
2825 395 3068 449 nostras;
3103 393 3283 441 tamen
3309 399 3453 439 nunc
3482 391 3538 438 et
3568 377 3869 441 admoneo.

2265 485 2324 533 et
2354 483 2502 548 peto,
2536 486 2594 530 ut
2615 473 2758 546 quod
2781 475 2914 530 alias
2940 475 3156 546 sponte,
3181 485 3344 546 atque
3374 473 3788 530 humanissime
3809 471 3877 527 [a-

2267 570 2367 640 cis,
2395 571 2557 628 etiam
2589 579 2803 642 petente
2825 586 2910 626 tne
2933 569 3118 637 facias,
3145 567 3326 626 uthac
3354 569 3588 642 epistola
3620 583 3754 624 mea
3783 566 3879 621 lec-

2271 673 2348 733 ta,
2391 665 2437 722 si
2481 653 2623 738 quod
2676 665 2787 722 illic
2830 670 3136 737 contagium
3187 667 3443 722 venenati
3490 664 3797 727 sermonis,
3835 674 3881 719 ct

2273 757 2538 830 pestiferae
2556 757 2926 814 seminationis
2949 759 3260 829 irrepserat,
3287 757 3354 814 de
3382 758 3610 813 fratrum
3632 756 3884 820 auribus,

2270 858 2326 906 et
2349 849 2654 921 pectoribus
2685 859 2932 917 exuatur,
2965 859 3020 904 et
3046 845 3316 906 bonorum
3363 850 3572 920 integra
3599 891 3614 915 ,
3661 865 3736 906 ac
3776 849 3882 902 sin—

2273 961 2398 1000 cera
2427 943 2643 1001 dileCIio
2670 945 2737 1000 ab
2761 945 3012 1001 omnibus
3039 943 3307 1001 hmretica:
3327 943 3747 1000 detrectatiOnis
3771 958 3886 998 sor-

2275 1038 2433 1096 dibus
2463 1049 2804 1111 repurgetur.
2849 1059 2868 1094 ι

2346 1132 2402 1186 2.
2435 1131 2608 1202 Atque
2641 1128 2755 1186 Inec
2784 1129 2998 1201 quidem
3022 1129 3248 1200 epistola
3273 1140 3568 1200 propterea
3595 1129 3798 1202 majori
3833 1129 3883 1184 in

2276 1224 2450 1297 pretio
2490 1221 2736 1279 habenda
2767 1233 2872 1290 est,
2905 1223 3048 1293 quod
3076 1231 3130 1279 et
3159 1239 3401 1295 perrarzc
3445 1224 3811 1280 inveniuntur
3839 1223 3887 1276 in

2278 1317 2408 1388 ipsis
2430 1328 2672 1373 veterum
2701 1316 2854 1370 libris
2895 1315 3056 1386 hujus
3079 1315 3294 1386 generis
3325 1315 3527 1372 litterie
3566 1315 3644 1386 (ά)
3670 1357 3683 1380 ,
3716 1327 3779 1371 et
3812 1329 3888 1370 eas

2279 1411 2393 1480 ipse
2422 1426 2540 1480 qua:
2568 1405 2858 1475 habentur,
2889 1406 3235 1464 incitamenta
3261 1408 3480 1480 quidem
3507 1407 3575 1463 ad
3606 1409 3884 1478 pietatem,

2280 1505 2643 1574 virtutemque
2677 1501 2896 1570 habent,
2942 1513 2996 1558 at
3027 1501 3287 1574 mysteria
3315 1500 3441 1557 lidel
3473 1541 3489 1567 ,
3544 1512 3600 1557 et
3629 1500 3888 1573 dogmata

2280 1607 2373 1653 aut
2403 1611 2621 1668 prorsus
2661 1603 3022 1668 praetereunt,
3071 1601 3164 1650 aut
3217 1593 3538 1666 brevissime
3593 1593 3887 1664 attingunt.

2281 1689 2478 1746 Contra
2513 1687 2631 1743 inec
2661 1696 2949 1758 utrumque
2975 1685 3376 1756 complectitur,
3409 1681 3644 1755 ﬁdeique
3675 1692 3888 1756 myste-

578 1787 747 1845 mare,
773 1787 827 1834 et
852 1779 1105 1850 'supplere
1129 1778 1384 1851 dignetur
1412 1798 1426 1836 :
1459 1791 1552 1837 aut
1571 1783 1615 1838 si
1643 1783 1980 1855 probaveris,
2004 1795 2062 1841 ut
2090 1795 2175 1842 est
2205 1786 2252 1848 B
2280 1785 2358 1840 ria
2389 1783 2673 1854 diligenter
2697 1780 2929 1852 explicat
2959 1797 2975 1836 :
3007 1779 3073 1835 ad
3099 1779 3325 1835 virtutes
3348 1793 3566 1852 quoque
3590 1793 3888 1851 assequen-

578 1887 605 1926 a
641 1869 794 1926 nobis
818 1871 1137 1941 Opusculum
1174 1883 1431 1944 coeptum,
1457 1882 1509 1930 te
1540 1883 1776 1945 petente,
1806 1886 1861 1932 et
1888 1878 1997 1933 Deo
2019 1877 2176 1949 adju-

578 1971 740 2018 vante
770 1959 1092 2034 perfectuut,
1123 1980 1227 2021 non
1260 1964 1460 2021 habere
1487 1966 1626 2039 quod
1654 1967 1814 2037 desit,
1849 1970 1900 2024 in
1923 1971 2178 2027 orationi-

579 2057 679 2112 bus
711 2063 817 2112 tam
845 2059 949 2112 tuis
971 2059 1201 2128 sanctis,
1232 2063 1392 2132 quam
1421 2062 1662 2117 onmium
1694 2061 1923 2119 fratrum
1969 2079 2176 2121 memo-

579 2148 712 2206 riam
751 2153 856 2207 tttei
897 2149 1118 2208 habeas.
1159 2171 1177 2206 ι
1214 2153 1390 2223 Atque
1417 2169 1480 2210 ea
1503 2168 1632 2211 sane
1664 2156 1825 2212 verba
1861 2176 1874 2212 :
1910 2177 1928 2210 (
1966 2158 2051 2215 cui
2083 2175 2177 2229 pe—

580 2243 732 2301 ritior
764 2245 850 2300 via
881 2260 911 2300 a
943 2243 1078 2314 Deo,
1121 2255 1175 2301 et
1202 2245 1440 2304 sanctior
1475 2250 1824 2320 comprobata
1851 2261 1958 2318 est,
1998 2271 2018 2305 ›
2053 2267 2178 2324 pro-

581 2336 705 2393 bum
729 2337 976 2405 innuunt;
1011 2327 1230 2395 doctum
1257 2356 1488 2412 quoque,
1521 2353 1613 2397 aut
1639 2354 1787 2399 certe
1825 2343 1879 2400 in
1905 2343 2172 2414 dicendo,

579 2431 975 2510 scribendoque
1013 2431 1303 2504 aliquoties
1351 2436 1743 2504 exercitatum,
1793 2439 1884 2509 qui
1934 2438 2024 2495 vel
2074 2439 2176 2496 sibi

583 2527 758 2582 minus
783 2527 975 2594 ﬁdens,
1008 2527 1092 2584 vel
1114 2528 1180 2584 ad
1209 2519 1604 2587 conciliandam
1629 2527 1754 2587 ﬁdei
1786 2549 1921 2602 suae,
1967 2533 2178 2606 sibique

583 2617 686 2688 ipsi
711 2619 1117 2688 auctoritatem,
1162 2617 1248 2675 vel
1279 2621 1441 2676 etiam
1474 2632 1532 2677 ut
1570 2623 2052 2680 cumulatissimam
2091 2627 2180 2681 ha-

583 2709 754 2776 beret,
786 2725 942 2780 quam
966 2707 1165 2782 populo
1186 2726 1284 2766 suo
1314 2711 1569 2782 traderet,
1602 2714 2034 2781 instructionem,
2057 2731 2176 2771 eam

582 2799 650 2854 ab
682 2799 886 2859 llilario
935 2813 1255 2874 poposcerat
1280 2803 1588 2875 epistolam,
1619 2806 1669 2861 in
1690 2823 1793 2877 qua
1817 2817 1870 2862 et
1892 2805 2016 2864 ﬁdei
2045 2806 2179 2878 dog—

581 2903 723 2948 mata
753 2895 1062 2951 summatim
1097 2908 1528 2967 proponerentur
1553 2940 1566 2965 ,
1623 2906 1676 2954 et
1719 2899 2082 2970 dirigerentur
2111 2902 2178 2957 ad

582 2989 833 3061 pietatem
867 3006 1069 3047 mores.
1088 2976 1240 3060 Quod
1261 2991 1476 3061 quidem
1502 2985 1696 3048 mirum
1717 3009 1822 3048 non
1847 3004 1959 3060 est;
1991 2981 2044 3050 in
2067 3011 2180 3050 ma-

580 3093 683 3155 gna
718 3085 862 3140 enim
886 3085 1029 3154 apud
1051 3100 1240 3140 omnes
1268 3086 1625 3142 mstimatione
1662 3096 1779 3142 erat
1811 3079 2046 3142 Hilarius
2072 3087 2175 3161 (ιι),

2278 1878 2375 1934 das
2408 1877 2709 1932 luculenter
2736 1873 3007 1941 hortatur,
3036 1883 3091 1930 et
3120 1873 3328 1928 incitat.

2351 1971 2402 2024 5.
2446 1967 2598 2037 Quod
2630 1983 2792 2039 porro
2814 1963 3236 2022 absitaCodice
3280 1972 3471 2020 nostro
3521 1978 3713 2018 nomen
3757 1962 3886 2032 Epi-

2278 2065 2429 2136 scopi
2461 2062 2525 2117 ad
2554 2077 2717 2134 quem
2735 2060 2924 2117 eadem
2945 2060 3170 2140 epistola
3195 2057 3496 2134 missaest,
3515 2057 3720 2121 facit,ut
3747 2067 3885 2112 tem-

2280 2172 2380 2230 pns
2427 2156 2758 2228 ignore-nus,
2807 2169 2916 2225 quo
2947 2169 3010 2209 ea
3065 2152 3374 2223 conscripta
3423 2151 3495 2206 sit
3537 2150 3606 2205 ab
3633 2145 3881 2204 Hilario:

2278 2247 2420 2320 quod
2465 2246 2684 2318 quidem
2729 2255 2942 2317 tempus
2969 2242 3130 2299 facile
3179 2242 3540 2303 innotuisset.
3594 2237 3638 2296 si
3686 2256 3878 2294 nomen

2281 2341 2528 2412 Episcopi
2561 2339 2704 2395 illius
2736 2337 3093 2404 haberemus;
3125 2337 3375 2392 novimus
3403 2336 3609 2406 quippe
3641 2350 3872 2400 annum,

2279 2453 2386 2507 quo
2437 2433 2847 2506 prmstantiores
2898 2425 3094 2488 saltem
3141 2447 3236 2501 per
3296 2447 3415 2486 eam
3467 2437 3678 2508 mtatcm
3730 2427 3872 2482 latini

2281 2528 2534 2600 Episc0pi
2568 2527 2656 2591 (ad
2688 2541 2916 2598 quorutn
2955 2524 3189 2596 aliquem
3218 2521 3448 2594 epistola
3489 2521 3581 2575 illa
3617 2522 3774 2575 missa
3800 2521 3874 2573 vi-

2278 2622 2458 2693 detur)
2483 2621 2839 2678 Ecclesiarum
2867 2634 3086 2674 suarum
3114 2617 3354 2687 regimen
3379 2616 3738 2686 susceperint.

2353 2713 2407 2769 4.
2451 2709 2724 2768 Extremis
2755 2723 2968 2779 tamen,
3019 2707 3214 2781 quibus
3257 2707 3491 2763 Hilarius
3530 2693 3663 2763 vixit
3688 2709 3870 2772 annis,

2281 2804 2524 2861 eamdem
2555 2805 2837 2877 epistolam
2861 2803 3223 2873 conscriptam
3249 2800 3504 2856 arbitror.
3538 2799 3744 2856 Etenim
3767 2811 3872 2854 stu-

2281 2900 2427 2955 dium
2462 2898 2614 2964 illud,
2643 2912 2705 2952 ac
2731 2895 3002 2968 diligentia
3028 2935 3042 2960 ,
3077 2909 3239 2965 quam
3272 2893 3315 2948 is
3342 2892 3609 2964 impendit
3652 2895 3701 2946 in
3733 2891 3870 2947 illus-

2283 2991 2503 3057 trando,
2533 3001 2587 3046 et
2616 2989 2918 3046 luculenter
2953 2983 3272 3058 exponendo
3297 2983 3571 3040 catholico
3599 2983 3865 3055 dogmate,

2282 3101 2389 3156 quo
2416 3081 2534 3139 Filii
2561 3081 2816 3138 divinitas
2844 3080 2998 3136 nobis
3024 3075 3296 3134 credenda
3330 3077 3679 3148 proponitur,
3711 3091 3868 3145 eoque

581 3192 742 3246 quem
797 3176 994 3233 eximia
1049 3177 1308 3249 probitas,
1367 3178 1627 3234 miracula
1689 3177 1835 3236 edita
1861 3222 1878 3248 ,
1929 3178 2175 3236 doctrina
2204 3182 2250 3246 C
2285 3173 2606 3232 vindicando
2635 3193 2662 3229 a
2689 3173 2935 3230 subdolis
2951 3167 3279 3228 Arianorum
3300 3213 3314 3237 ,
3338 3186 3401 3225 ac
3420 3169 3862 3226 Semiarianorum

582 3284 688 3324 non
721 3269 988 3340 vulgaris,
1021 3271 1267 3326 exsiliqu
1298 3271 1439 3341 quod
1485 3271 1800 3341 pertulerat,
1832 3273 2174 3345 laboresque,

581 3376 718 3429 quos
746 3376 842 3432 pro
863 3357 1124 3418 catholica
1153 3353 1257 3418 tide
1289 3363 1644 3429 toleraverat,
1680 3375 1734 3420 et
1761 3367 1896 3422 mira
1920 3365 2179 3423 adversus

581 3452 863 3508 catltoliCae
923 3447 1182 3510 Ecclesiae
1246 3451 1430 3510 hostes
1473 3443 1773 3512 constantia
1834 3474 2181 3530 summopere

582 3543 1054 3600 commendabant.
1105 3543 1336 3601 Aliunde
1383 3546 1545 3601 ctiam
1577 3548 1825 3604 novimus
1850 3541 2180 3606 celebriores

584 3636 867 3692 Antistites
901 3638 969 3694 ab
999 3637 1269 3709 episcopis
1300 3653 1472 3708 nuper
1513 3637 1703 3696 electis
1732 3652 1988 3698 exoratos
2037 3643 2182 3699 litte-

584 3741 673 3783 ras
703 3727 767 3783 ad
799 3745 893 3785 eos
923 3731 1157 3796 tnisisse,
1187 3731 1381 3803 quibus
1406 3732 1586 3804 populi
1613 3733 2012 3792 instruerentur
2042 3755 2054 3793 :
2089 3754 2182 3794 cu-

578 3823 667 3893 jus
697 3823 910 3892 quidem
959 3825 1036 3880 rei
1091 3825 1395 3895 exempldm
1441 3825 1534 3882 tibi
1579 3827 1784 3898 prmbet
1834 3830 2059 3900 epistola
2092 3847 2177 3899 ea,

583 3934 745 3988 qnatn
797 3913 1117 3975 Ambrosius
1169 3917 1586 3976 Mediolanensis
1648 3922 1933 3994 episc0pus
1981 3911 2180 3996 Vigilio

584 4010 840 4082 episcopo
865 4029 1036 4082 nuper
1065 4013 1239 4068 electo
1260 4012 1410 4069 dedit
1439 4009 1512 4086 (ὁ)
1548 4031 1560 4068 :
1595 4014 1647 4070 in
1685 4031 1786 4084 qua
1807 4017 2182 4088 complectitur

584 4117 646 4158 ea
679 4102 792 4160 fere
812 4105 1011 4169 omnia,
1037 4119 1159 4177 quae
1189 4115 1279 4160 aut
1304 4107 1638 4178 perquirere,
1669 4118 1760 4162 aut
1796 4105 2033 4180 elfugere
2068 4110 2183 4181 cpi-

584 4211 781 4268 scopus
809 4195 990 4252 debet.
1009 4194 1345 4253 Nobiliorum
1376 4213 1536 4269 porro
1564 4201 1940 4271 episcoporum
1971 4201 2180 4259 litteras

585 4289 637 4342 in
678 4289 848 4342 sacris
881 4288 1118 4344 ﬁdelium
1143 4291 1500 4347 conventibus
1546 4290 1713 4348 fuisse
1764 4293 2031 4362 periectas
2056 4311 2179 4351 cum

585 4375 689 4434 alia
722 4379 883 4435 multa
928 4390 1211 4451 testentur,
1255 4392 1367 4439 tum
1408 4383 1459 4440 id
1489 4401 1619 4442 sane
1665 4385 1868 4459 liquido
1894 4387 2131 4445 ostendit
2164 4431 2180 4458 ,

585 4471 727 4542 quod
756 4471 1059 4546 Cyprianus
1095 4475 1348 4533 Cornelio
1387 4493 1536 4550 papae
1585 4479 1829 4538 scribens
1871 4477 1958 4539 his
2003 4481 2182 4540 verbis

2281 3268 2749 3340 explicatiooibus,
2780 3281 2898 3320 eam
2929 3273 3142 3327 artatem
3175 3263 3369 3328 innuit,
3397 3278 3520 3333 quae
3551 3276 3739 3317 omnes
3762 3251 3856 3314 Va-

2283 3363 2440 3417 lentis
2464 3404 2478 3428 ,
2511 3360 2737 3424 Ursacii,
2772 3359 3110 3428 aliorumque
3135 3355 3218 3410 his
3247 3355 3493 3410 afﬁnium
3522 3353 3863 3409 machinatio-

2281 3473 2398 3520 nes,
2431 3467 2483 3511 et
2508 3453 2676 3508 malos
2702 3452 2856 3508 dolos
2880 3452 2988 3521 jam
3017 3449 3317 3505 detexerat.
3348 3433 3525 3520 Atque
3547 3448 3600 3502 in
3631 3445 3728 3501 hac
3755 3447 3855 3516 qui-

2281 3547 2403 3604 dem
2438 3548 2690 3616 opinione
2731 3542 3040 3604 conﬁrmor,
3088 3557 3252 3613 quum
3297 3525 3538 3595 animum
3571 3537 3784 3595 intendo
3809 3536 3862 3590 ad

2283 3658 2376 3697 eas
2420 3641 2717 3695 locutiones
2747 3680 2760 3704 ,
2813 3634 3308 3707 eXplicationesqne
3331 3674 3346 3698 ,
3378 3648 3500 3702 qua:
3548 3647 3616 3712 ex
3646 3628 3786 3684 libris
3814 3627 3862 3680 de

2283 3723 2534 3789 Trinitate
2555 3775 2569 3799 ,
2600 3743 2654 3787 et
2681 3747 2744 3786 ex
2783 3725 3199 3782 Commentariis
3231 3724 3282 3778 in
3315 3723 3561 3778 Psalmos
3592 3717 3861 3790 desumpta:

2283 3825 2534 3880 videntur
2566 3843 2578 3877 ;
2621 3819 2892 3894 cenjiccre
2932 3819 3130 3890 quippe
3156 3827 3219 3872 ex
3265 3832 3329 3870 ea
3358 3830 3416 3869 re
3445 3811 3731 3870 commode
3759 3824 3860 3880 pos-

2284 3934 2488 3983 sumus,
2538 3915 2858 3987 conscriptis
2893 3912 3004 3984 jam
3048 3910 3418 3981 evnlgatisqu'e
3450 3907 3538 3971 iis,
3585 3921 3720 3975 quos
3746 3901 3863 3958 divi-

2284 4033 2425 4080 mns,
2460 4012 2630 4078 libris,
2660 4009 2946 4082 epistolam
2975 4005 3114 4060 hanc
3146 4003 3307 4057 fuisse
3340 4000 3409 4055 ab
3448 3997 3654 4055 Hilario
3673 4010 3865 4064 compo-

2283 4113 2463 4167 sitam.
2497 4095 2671 4176 Atquc
2715 4105 2852 4158 hanc
2898 4099 3260 4169 suspicionem
3312 4110 3486 4150 meam
3534 4090 3864 4162 comprobant

2284 4203 2445 4260 verba
2469 4201 2560 4256 illa
2588 4199 2688 4255 Sub
2716 4197 2957 4268 epistolae
2981 4192 3144 4248 tinem
3170 4191 3341 4262 posita
3369 4207 3382 4243 :
3419 4185 3488 4242 Et
3524 4181 3689 4242 sciant
3713 4182 3863 4268 ttmttlt

2287 4298 2405 4367 ﬁdei
2434 4309 2560 4350 mete
2583 4292 2866 4366 prwstitam
2883 4287 3158 4352 rationem,
3183 4293 3229 4339 et
3257 4281 3529 4367 convenire
3560 4297 3675 4334 cum
3703 4265 3859 4329 Ecde-

2284 4395 2362 4449 sia
2383 4363 2742 4462 recognoscant
2775 4403 2792 4443 :
2822 4385 3022 4441 etenim
3054 4380 3186 4437 satis
3214 4379 3457 4436 indicant
3478 4363 3749 4462 dissidium
3777 4388 3857 4424 an-

2287 4499 2370 4544 tea
2415 4461 2663 4544 exortum
2710 4480 2969 4538 Hilarium
3013 4479 3174 4544 inter,
3205 4487 3258 4531 et
3290 4461 3598 4530 Luciferum
3625 4461 3859 4524 Calarita-

585 4563 744 4622 docet
772 4567 846 4640 (c)
881 4585 894 4624 :
933 4588 952 4624 t
993 4563 1057 4625 Et
1077 4587 1401 4644 quamquam
1432 4573 1629 4639 sciam,
1659 4575 1822 4632 frater
1851 4567 2133 4637 carissime
2160 4624 2174 4648 ,
2203 4577 2258 4639 D
2284 4597 2432 4644 num,
2453 4587 2816 4654 .vocatamque
2841 4575 2912 4629 ab
2937 4585 3001 4627 eo
3032 4571 3086 4624 in
3117 4555 3341 4624 dubium
3377 4547 3566 4654 Hilarii
3607 4565 3853 4654 pietatem.

585 4674 685 4729 pro
733 4659 916 4718 'mutua
945 4662 1230 4720 dilectione
1258 4680 1416 4736 quam
1453 4665 1714 4722 debemus
1737 4708 1752 4734 ,
1784 4677 1837 4723 et
1864 4669 2182 4728 exhibemus

587 4755 813 4812 invicem
842 4755 1019 4824 nobis,
1049 4755 1432 4814 florentissimo
1463 4757 1572 4815 illic
1602 4760 1750 4815 clero
1776 4770 1952 4817 tecum
1984 4766 2182 4835 praesi-

585 4851 758 4919 denti,
786 4862 841 4910 et
878 4854 1234 4911 sanctissima:
1260 4863 1422 4928 atque
1451 4855 1798 4928 amplissimae
1827 4849 1969 4930 plebi
2001 4859 2182 4930 legere

658 4995 739 5066 (α)
761 4993 968 5066 quanta
1000 4990 1142 5066 apud
1163 4991 1865 5066 veteresuinaestitnatione
1895 4991 2057 5050 fuerit
2093 4995 2186 5050 Hl-

585 5062 773 5129 lariu's,
799 5063 959 5120 facile
985 5064 1244 5119 discimus
1272 5079 1338 5117 ex
1372 5062 1435 5116 iis
1468 5062 1737 5130 laudibus,
1780 5065 1974 5134 quibus
2020 5066 2090 5120 ab
2123 5069 2186 5122 iis

585 5149 806 5195 ornatus
827 5144 930 5192 est.
965 5135 1200 5206 Consule
1229 5134 1463 5206 obsecro
1490 5147 1610 5204 qum
1639 5136 1740 5189 hoc
1771 5135 1839 5190 de
1865 5148 2185 5206 argumento

587 5210 810 5266 exhibet
837 5215 1104 5279 postrema
1128 5205 1300 5279 editio
1333 5205 1450 5279 (illa
1475 5207 1668 5279 scilicet
1690 5221 1844 5270 quam
1869 5205 2187 5279 nbudlnmt)

589 5294 814 5351 operum
840 5277 920 5351 *s.
955 5277 1178 5341 Hilarii,
1231 5277 1382 5332 initio
1421 5278 1743 5351 prmfutionis
1787 5281 2082 5351 generalis:
2135 5277 2192 5335 et.

587 5347 776 5408 rursus
823 5349 1009 5405 selecta
1056 5359 1276 5402 veterum
1311 5347 1597 5402 testimonia
1625 5347 1687 5403 de
1701 5348 1762 5403 S.
1789 5347 2026 5417 'llilario,
2058 5368 2178 5418 quae

588 5422 921 5478 clarissimus
950 5420 1124 5475 editor
1150 5435 1216 5472 ex
1251 5419 1668 5489 congregatione
1712 5421 1769 5476 S.
1804 5421 1973 5476 Mauri
2008 5422 2176 5477 edidit

595 5495 875 5568 (V.itor_n.l
1048 5483 1625 5568 υρἹεοιρδῧξηοεςι.
1651 5493 1818 5568 edit.).

669 5565 746 5640 (ὁ)
780 5565 843 5640 In
869 5563 1125 5640 editione
1150 5560 1252 5640 PP_.
1300 5560 1789 5640 Benedictin_orutn_'
1815 5563 1934 5619 XIX
1973 5577 2035 5619 ea
2063 5573 2183 5619 est:

607 5633 910 5707 Poposciin
932 5651 969 5707 ρ
993 5649 1075 5707 nte
1109 5633 1444 5707 institutionis
1473 5645 1573 5688 ltttB
1596 5635 1842 5707 insignia,
1871 5646 1975 5707 etc.

604 5697 772 5831 Ve
801 5702 1115 5761 Ineditione
1146 5697 1348 5768 Baluz'ti
1381 5707 1537 5778 epist.
1569 5720 1633 5764 ιν
1669 5697 1838 5780 ,"pag.
1881 5705 2006 5775 t86,
2058 5706 2189 5765 edit.

649 5790 793 5832 enct.

2291 4689 2353 4728 ac
2372 4647 2715 4742 religionem,
2757 4665 2893 4721 adeo
2925 4674 2981 4717 ut
3024 4672 3246 4717 coactus
3274 4660 3358 4734 ~sit
3391 4647 3623 4714 Hilarius
3648 4647 3854 4723 explica-

2291 4765 2492 4820 tionem
2527 4762 2787 4818 librorum
2822 4772 3042 4812 suorum
3093 4762 3311 4817 texere,
3364 4751 3616 4820 illiusque
3659 4757 3854 4819 praeser-

2292 4860 2408 4927 tim,
2440 4856 2530 4928 qui
2573 4853 2633 4906 de
2664 4837 2892 4924 Synodis
2913 4889 2927 4916 ,
2961 4863 3054 4904 seu
3082 4847 3146 4901 de
3172 4847 3276 4916 ﬁde
3327 4841 3668 4898 Orientalium
3695 4833 3855 4894 inscri-

2363 4991 2440 5065 (d)
2481 4990 2626 5046 Inter
2657 4986 2927 5065 Ambrosii
2949 4984 3229 5055 epistolas.
3253 4982 3390 5038 duas
3412 4979 3854 5065 tantmnmodo

2290 5050 2496 5124 venies.
2523 5078 2649 5132 qum
2665 5059 2730 5112 ad
2755 5059 2858 5112 hoc
2876 5050 3047 5128 genus
3067 5065 3317 5132 spectent
3350 5072 3362 5108 :
3385 5068 3580 5132 nempe
3596 5050 3850 5132 secundam

2291 5119 2358 5190 ad
2378 5119 2771 5194 Cutt'SIantium,
2810 5119 3027 5190 elisam,
3057 5119 3214 5196 quam
3247 5125 3420 5193 nilper
3447 5119 3692 5193 allegavi,
3711 5120 3767 5196 ad
3784 5119 3853 5171 Vi-

2310 5207 2476 5267 :ilium
2508 5221 2519 5257 :
2553 5203 2753 5256 nullam
2789 5216 2917 5253 vero
2946 5195 3086 5253 inter
3117 5195 3460 5267 Hieronymi,
3495 5196 3692 5267 nullam
3731 5195 3855 5267 inter

2310 5224 2476 5260 tutum
2508 5224 2519 5257 :
2553 5224 2753 5256 nullam
2791 5224 2917 5253 vero
2948 5224 3084 5253 utter
3117 5224 3426 5267 ιιιυι-υιιιιηι
3447 5235 3460 5256 ,
3496 5224 3692 5248 "una".
3743 5224 3846 5246 mu.

2293 5224 2578 5350 kngustlni
2605 5271 2882 5350 epistolas.
2920 5269 3005 5350 Ea
3035 5277 3218 5350 parm,-
3247 5281 3368 5350 (με
3403 5266 3474 5348 ab
3499 5261 3853 5350 Atnbr‘osiolad

2289 5335 2664 5404 Constantium
2697 5342 2902 5398 directa
2930 5335 3050 5405 est,
3065 5339 3168 5410 piis
3196 5335 3412 5408 quidem
3447 5335 3854 5410 itistrnetionibus

2292 5422 2485 5475 referta
2513 5425 2619 5480 est,
2667 5424 2722 5467 at
2761 5408 3077 5482 paucissima
3107 5410 3176 5465 de
3215 5409 3473 5482 Ecclesiae
3521 5408 3778 5482 ﬁrmitate,
3814 5413 3856 5458 et

2291 5491 2567 5559 Scriptura
2598 5477 2794 5559 habet;
2813 5480 2885 5559 de
2907 5483 3128 5559 reliquiis
3151 5493 3280 5537 vero
3311 5479 3437 5534 ﬁdei
3461 5477 3858 5559 nostraadque.

2293 5565 2360 5616 tis
2391 5548 2714 5614 mentionem
2747 5557 2826 5610 vix
2862 5555 3005 5629 facit.
3030 5548 3131 5607 ’πθ
3172 5566 3320 5612 vero.
3369 5563 3490 5618 qua:
3515 5549 3708 5629 Yigilio
3749 5548 3847 5629 data

2293 5642 2414 5698 est,
2473 5645 2680 5685 morum
2736 5627 3145 5698 instructionem
3209 5619 3610 5698 tantummodo:
3634 5619 3854 5698 respicit,

2295 5694 2546 5775 dogmata
2617 5715 2749 5758 vero
2795 5709 2851 5758 et
2906 5696 3161 5772 mysteria
3217 5695 3340 5752 ﬁdei
3387 5709 3457 5750 ne
3513 5694 3725 5764 attingit
3767 5694 3857 5763 qui-

2295 5777 2440 5836 deut.
