3958 6194
83 334 172 387 753
921 323 1162 383 SANCTI
1206 319 1454 379 uitauit
1501 317 1833 378 EPISTULA
1876 305 2004 374 seu
2049 313 2404 376 LIBELLUS.

3247 312 3349 365 735

82 452 224 504 hitur.
260 442 387 500 Vidi!
430 441 658 498 olisccro
701 443 1051 513 opusculum,
1093 441 1161 497 de
1209 451 1315 512 quo
1354 439 1646 509 loquimur,
1675 437 1825 498 Arn
1855 433 1918 489 de
1969 415 2176 488 Iuram.
2236 437 2352 503 cap.
2397 429 2490 502 24)
2534 438 2821 500 prepterca
2877 441 2905 481 a
2937 424 3211 482 veteribus
3261 439 3358 494 ap-

81 539 306 616 quodque
327 535 661 609 Apologctira
689 530 756 590 ad
785 531 1173 605 reprehensores
1196 521 1310 589 libri
1334 534 1395 588 de
1423 531 1650 604 Synodis

85 644 306 708 responsa
353 629 678 702 inScripserc
721 627 826 685 PP.
860 629 918 686 S.
969 623 1140 684 Mauri
1171 627 1312 701 (p'ag.
1358 623 1458 681 5'21
1520 633 1646 679 tom.

86 739 117 786 tl
143 726 306 782 editio.
348 721 588 795 Veron).

143 819 191 874 5.
229 814 319 871 His
351 814 563 886 positis,
616 811 902 868 manifesto
945 809 1116 878 vides,
1176 825 1335 882 quam
1383 805 1652 865 excellens

86 915 146 968 sit
169 909 406 980 epistola,
457 923 614 980 quam
646 907 984 978 evulgamus,
1010 906 1207 978 quippe
1236 920 1356 977 qum
1397 903 1645 975 plurima,

86 1020 232 1075 eaque
269 999 420 1057 valde
460 1003 767 1072 praesumtio
817 1001 1060 1056 continet
1107 1001 1429 1055 documenta
1475 997 1541 1053 ab
1583 1010 1648 1053 eo

88 1098 380 1168 conscripta,
407 1094 501 1167 qui
535 1091 779 1168 Magister
807 1093 1156 1151 Ecclesiarum
1185 1093 1346 1167 (Vide
1377 1091 1520 1149 Cass.
1555 1091 1641 1147 lib.

1755 530 1984 600 pellatus
2007 544 2127 586 esse
2163 523 2394 597 videtur,
2424 524 2568 599 quod
2601 540 2707 580 non
2732 513 2893 580 modo
2918 517 3188 594 exeiuplo,
3217 522 3355 577 mul-

1757 634 2038 696 tormnque
2064 623 2326 679 librorum
2360 609 2654 692 scriptione
2676 615 2895 675 Arionis
2936 609 3230 696 obstiterit,
3260 611 3354 669 ie-

1755 723 1874 774 t‘uui
1897 693 2058 773 etiam
2087 713 2211 788 quin
2235 700 2533 786 Episcopus
2559 705 2728 784 ipsos,
2755 695 2989 780 ideodue
3016 693 3250 778 populos
3276 709 3355 763 cis

1755 807 2028 880 subjectos
2055 809 2295 881 epistolis
2326 810 2438 864 suis
2462 795 2810 870 instruxerit;
2841 807 3012 874 eaque
3036 801 3245 856 ratione
3266 809 3356 870 per

1759 903 2016 977 profectus
2057 903 2280 957 aliorum
2305 895 2513 956 creveril
2548 897 2644 971 (α).
2678 895 2746 951 At
2776 881 2907 951 satis
2935 892 3214 967 praelocuti
3241 891 3351 964 jam

1757 1003 1961 1055 sumus.
1995 985 2134 1054 Ecce
2157 999 2342 1072 itaque
2389 989 2683 1067 Epistdlam
2705 991 2895 1062 ipsam.

509 1459 1411 1640 EPISTOLA
1526 1502 1837 1628 SEU
1953 1491 2891 1627 LIBELLUS.

785 1696 1029 1769 (Numeri
1053 1693 1430 1752 aunotationes
1456 1690 1525 1747 ad
1554 1689 1762 1746 calcem
1790 1687 2035 1760 epistolae
2055 1685 2334 1758 subiectas
2364 1681 2650 1752 indicant.)

1387 1793 2046 1826 ...κθ-’-

161 1882 196 1937 1.
239 1880 394 1936 Davil
425 1880 448 1933 ι
475 1878 745 1949 gloriosus
769 1878 806 1934 2
833 1876 886 1933 in
915 1876 1133 1934 Psalmo
1157 1871 1278 1944 (Ps.
1309 1886 1462 1939 xviii,
1493 1868 1551 1940 5)
1580 1869 1658 1925 sic
1689 1872 1738 1933 B
1763 1865 1831 1924 de
1858 1880 1981 1922 esse
2008 1865 2268 1936 Spiritum
2297 1863 2577 1930 Sanctum,
2607 1861 2679 1918 25
2705 1861 2796 1933 qui
2832 1868 3048 1928 cuncta,
3073 1873 3193 1932 quae
3222 1859 3362 1916 Deus

101 1974 206 2028 dicit
225 1973 293 2028 δι
325 1970 390 2026 In
416 1971 711 2027 uniuersam
740 1982 932 2026 terram
980 1967 1134 2023 enauit
1179 1981 1337 2022 sonus
1384 1978 1582 2024 eorum,
1613 1971 1660 2016 et

101 2067 153 2119 ad
171 2063 392 2120 terminos
412 2063 550 2118 orbis
580 2072 730 2118 teri-te
753 2063 901 2118 verba
931 2077 1124 2116 eorum.
1161 2059 1236 2114 Ex
1262 2058 1363 2112 hec
1387 2054 1548 2124 igtur
1575 2051 1659 2106 iu-

105 2156 244 2226 telligi
269 2155 442 2221 datur,
474 2169 613 2211 sono
640 2164 765 2210 ante
791 2163 1120 2226 prmpareto,
1155 2150 1207 2206 id
1227 2160 1308 2206 est
1331 2145 1481 2204 Fidei
1513 2147 1659 2217 prtu-

101 2251 248 2319 cipiis,
278 2263 431 2319 posse
457 2248 530 2304 ad
555 2249 756 2304 intima,
772 2256 828 2302 et
849 2245 1170 2317 perfectiora
1193 2240 1321 2298 fidei
1350 2236 1620 2312 perveniri
1645 2278 1658 2303 ,

106 2359 160 2399 ne
193 2343 495 2399 rudimentis
554 2339 933 2397 vacillantihus
981 2337 1194 2392 dicatur
1245 2333 1402 2389 nobis
1449 2327 1662 2386 Domini

105 2450 218 2490 voce
238 2433 562 2504 increpantis
593 2430 744 2506 (Luc.
772 2447 894 2498 ιγι,
927 2429 1019 2500 10)
1046 2452 1060 2484 ε
1090 2427 1150 2484 Si
1177 2428 1229 2480 in
1260 2424 1462 2480 modico
1484 2421 1664 2493 ﬁdeles

107 2545 192 2581 non
215 2528 406 2597 fuistis,
433 2525 574 2598 quod
620 2529 792 2598 majus
839 2533 915 2580 est
967 2538 1081 2594 quis
1127 2519 1268 2576 dabit
1324 2517 1505 2572 vobis?
1560 2517 1665 2569 Sed

105 2619 207 2691 quia
234 2619 381 2676 video
403 2627 610 2678 certam
635 2631 757 2674 esse
783 2615 1035 2680 formam,
1065 2628 1223 2684 quam
1249 2610 1434 2682 egredi
1465 2624 1572 2666 non
1603 2607 1668 2661 li-

110 2725 197 2781 cet,
222 2712 528 2770 dill‘ereutite
557 2712 696 2768 inter
719 2708 958 2774 Judaios,
988 2716 1043 2762 et
1064 2705 1307 2771 Graecos,
1337 2703 1390 2758 id
1414 2711 1498 2758 est
1523 2700 1668 2758 Gen-

112 2806 212 2861 tiles
256 2806 324 2874 ις
345 2806 497 2875 prius
524 2803 887 2860 differentiam
924 2800 1292 2857 edisseramus
1331 2795 1528 2869 (Codex
1566 2811 1665 2849 ms.

112 2900 266 2956 habet:
292 2897 644 2971 disseramus)
669 2915 684 2954 :
706 2895 911 2954 Iudicis
953 2895 1099 2952 enim
1140 2893 1276 2949 nihil
1305 2889 1448 2948 aliud
1485 2889 1552 2946 ad
1578 2905 1668 2945 ve-

110 2995 291 3052 ritatem
317 2994 439 3052 ﬁdei
464 2992 799 3051 credendum
834 2990 1109 3056 existimo,
1141 2987 1243 3045 nisi
1268 2985 1455 3044 Iesum
1484 2983 1672 3040 Chris-

113 3096 204 3142 tum
229 3087 386 3146 lilium
411 3088 514 3144 Dei
549 3106 563 3142 :
595 3102 690 3158 per
717 3086 894 3156 ipsum
915 3082 1109 3139 salvari
1131 3091 1186 3137 et
1208 3096 1380 3152 genus
1408 3078 1594 3142 Israel,
1618 3085 1674 3131 et

113 3179 283 3236 Gentes
321 3181 476 3237 etiam
523 3179 789 3251 baptizari
838 3178 893 3234 in
939 3175 1159 3232 nomine
1208 3173 1326 3244 ejus
1356 3172 1435 3228 5:
1469 3169 1671 3239 reliqua

1764 1975 1862 2031 per
1889 1959 2210 2014 Sermonem
2261 1955 2470 2022 fecerit,
2522 1954 2862 2020 animaverit,
2910 1963 2967 2010 ct
3009 1954 3362 2009 confirmave-

1764 2055 1836 2108 rit
1860 2051 1951 2107 24.
1978 2051 2154 2108 Unum
2194 2065 2316 2106 esse
2343 2049 2666 2120 baptismum
2693 2046 2765 2103 25
2799 2062 2906 2116 quo
2935 2047 3182 2101 homines
3219 2060 3364 2116 rege-

1767 2158 2023 2204 nerantur
2056 2148 2109 2202 in
2139 2146 2250 2202 Deo
2297 2143 2387 2199 26.
2431 2141 2771 2198 Credeudum
2812 2141 2976 2196 etiam
3024 2137 3367 2210 resurrectio-

1766 2256 1888 2297 ncm
1916 2247 2252 2296 mortuorum
2283 2238 2337 2291 in
2377 2235 2569 2290 eadem
2597 2249 2764 2290 carne
2784 2233 2874 2287 27.
2909 2231 3180 2288 Judicium
3218 2229 3367 2286 lutu-

1767 2351 1886 2392 rum
1908 2334 2023 2400 Dci,
2051 2347 2156 2404 quo
2181 2329 2475 2388 secundum
2506 2327 2646 2383 facta
2678 2326 2912 2381 hominis
2940 2324 3024 2379 vel
3062 2325 3226 2380 mulis
3251 2337 3368 2394 pm-

1769 2447 1853 2487 nzc
1907 2428 2270 2500 rependentur
2296 2423 2494 2497 (Cocles:
2548 2439 2644 2477 ms.
2677 2419 2837 2476 liabet.
2875 2415 3232 2490 repnentur),
3277 2419 3365 2474 vel

1768 2526 2033 2581 bonorum
2083 2537 2306 2594 operum
2355 2518 2626 2577 destinata
2672 2516 2891 2588 praemia
2922 2514 3224 2570 tribuantur
3270 2510 3363 2568 28.

1768 2619 1940 2676 Tanta
1984 2627 2066 2675 est
2093 2615 2393 2672 differentia
2445 2612 2757 2671 Iudaeorum
2804 2606 3262 2673 convertentium,
3311 2612 3368 2660 et

1769 2711 2047 2782 gentilium
2074 2708 2411 2765 credentium
2434 2704 2544 2762 29:
2575 2703 2714 2773 Quid
2735 2702 2807 2758 sit
2833 2700 2904 2757 50
2931 2699 3092 2762 Deus,
3126 2705 3217 2753 aut
3240 2709 3366 2767 qua-

1772 2807 1861 2872 lis,
1892 2813 1948 2860 et
1975 2811 2244 2874 quantus;
2287 2801 2409 2872 quis
2443 2809 2587 2856 esset
2615 2833 2630 2864 ,-
2660 2808 2715 2854 et
2761 2796 2935 2868 qualis
2982 2794 3124 2848 filius
3159 2792 3278 2862 Del,
3313 2799 3370 2847 et

1772 2899 1892 2972 quis
1926 2897 2157 2966 Spiritus
2187 2896 2422 2967 Sanctus
2450 2911 2464 2949 :
2488 2894 2622 2950 Tres
2647 2892 2793 2948 enim
2821 2903 2984 2946 unum
3005 2896 3150 2944 sunt.

1845 2993 1908 3048 ll.
1939 2994 2081 3049 Sane
2109 2991 2237 3046 illud
2253 2991 2406 3049 scire
2433 2989 2690 3046 convenit
2719 2984 3018 3059 prudentiae
3041 2993 3236 3040 vestra
3265 2996 3366 3038 nos

1773 3086 1841 3142 de
1871 3085 1981 3140 Deo
2013 3084 2127 3140 hinc
2154 3083 2352 3156 (Codex
2375 3100 2473 3137 ms.
2505 3083 2654 3136 liabet
2708 3080 2832 3149 hoc)
2865 3077 3011 3148 loqui
3057 3085 3112 3132 et
3157 3091 3318 3148 posse
3347 3121 3363 3145 ,

1776 3188 1830 3234 et
1867 3179 2026 3242 scire,
2061 3192 2181 3247 quae
2241 3186 2333 3230 aut
2362 3177 2476 3245 ipse
2516 3174 2583 3229 de
2629 3187 2689 3229 se
2729 3171 2870 3242 apud
2916 3169 3164 3226 homines
3203 3167 3372 3222 voluit

112 3278 231 3332 enim
267 3278 433 3335 scium
462 3293 562 3350 per
598 3277 769 3347 legum
793 3284 848 3331 et
875 3272 1196 3344 Prophetas.
1249 3271 1320 3325 At
1348 3283 1479 3324 vero
1503 3265 1675 3336 genti-
1702 3259 1748 3322 C
1777 3271 1924 3336 sciri,
1955 3279 2046 3325 aut
2069 3284 2130 3323 ea
2156 3268 2223 3324 ad
2247 3285 2366 3338 «tua:
2393 3267 2620 3332 homini,
2646 3265 2911 3336 permissu
2934 3263 3073 3334 ejus,
3099 3261 3252 3316 licuit
3282 3274 3373 3314 ac-

114 3370 196 3434 Ιῦε,
216 3371 394 3441 quibus
421 3384 606 3438 verus,
653 3377 708 3424 et
739 3367 911 3438 major
939 3375 1022 3420 est
1061 3364 1214 3420 labor
1242 3363 1298 3428 6,
1351 3361 1444 3415 tali
1475 3359 1670 3413 admit-

117 3460 254 3526 tendi,
279 3471 333 3518 et
352 3461 579 3519 docendi
616 3470 740 3518 sunt
763 3458 954 3514 ordine
983 3458 1034 3511 7.
1071 3455 1137 3512 Et
1164 3459 1345 3526 primo
1369 3451 1586 3522 quidem
1617 3460 1673 3504 ut

114 3553 168 3606 ab
199 3552 362 3619 ldolis,
388 3555 537 3611 etab
561 3552 812 3609 omnibus
838 3549 1204 3621 voluptatibus
1229 3547 1507 3602 hominum
1550 3543 1674 3598 totis

117 3647 391 3712 primordiis
411 3647 669 3704 recedant
701 3663 714 3700 :
741 3654 801 3702 ut
827 3642 1119 3714 amputatis
1145 3653 1200 3697 et
1230 3640 1433 3696 evulsis
1473 3636 1671 3693 radici-

117 3743 186 3790 tus
207 3738 366 3806 malis,
398 3739 538 3794 bona
563 3738 770 3811 possint
798 3744 853 3791 et
879 3734 1132 3805 religiosa
1168 3731 1477 3802 pectoribus
1514 3727 1677 3783 semi-

117 3831 212 3884 nari
237 3833 266 3884 8
292 3850 304 3886 :
337 3832 437 3889 hoc
465 3841 574 3898 est,
609 3846 773 3886 unum
797 3829 968 3885 Deum
997 3826 1253 3890 credere;
1281 3826 1456 3894 ipsum
1487 3823 1676 3876 timere

119 3923 160 3975 9.
189 3923 376 3994 Deinde
401 3927 575 3992 scire,‘
619 3926 762 3997 quod
807 3931 1003 3980 cuncta
1045 3921 1160 3991 ipse
1211 3915 1558 3974 fabricaverit
1585 3932 1598 3969 :
1623 3923 1678 3970 et

119 4017 335 4074 universa
363 4018 550 4076 mundi
581 4017 665 4074 vel
689 4031 811 4088 qua:
830 4014 975 4070 facta
998 4022 1126 4069 sunt
1157 4011 1240 4068 vel
1268 4011 1388 4082 ipso
1409 4008 1635 4079 jubente
1657 4046 1674 4074 ,

119 4117 160 4162 et
178 4110 390 4178 volente,
415 4122 470 4169 et
511 4112 743 4178 faciente
787 4106 1131 4164 constiterint
1190 4105 1276 4162 lo.
1301 4103 1438 4158 Esse
1479 4113 1678 4171 corpus

119 4198 374 4274 Scriptum
403 4224 416 4260 :
467 4203 616 4276 quod
645 4214 828 4260 autem
857 4202 942 4257 lex
966 4209 1191 4257 vocetur
1227 4206 1392 4269 atque
1430 4194 1677 4266 Prophe-

122 4302 176 4348 ta:
204 4295 256 4351 ll
286 4298 404 4368 quid
435 4297 541 4355 hoc
587 4297 792 4368 indiget
813 4295 918 4350 ηε
947 4293 1091 4366 quod
1127 4292 1343 4364 quidem
1376 4305 1471 4360 per
1503 4289 1678 4345 homi-

122 4401 200 4444 nes
213 4391 452 4462 scriptum
482 4393 580 4460 sit,
614 4407 721 4448 non
743 4390 812 4445 ab
834 4387 1140 4444 hominibus
1157 4385 1259 4442 to?
1276 4385 1510 4454 Spiritus
1529 4383 1676 4439 enim

121 4474 220 4545 Dei,
256 4481 341 4553 qui
364 4483 542 4540 omnia
586 4483 690 4538 scit
715 4482 806 4549 l4,
833 4479 1134 4552 inspirabat
1161 4478 1412 4534 homines
1450 4486 1677 4532 saucios

123 4574 198 4642 qui
222 4575 556 4648 loquerentur
592 4577 682 4645 i5,
710 4577 914 4648 autqui
945 4574 1290 4639 destruerent
1331 4572 1674 4643 pravitatem,

1774 3363 1989 3419 cedere.
2030 3359 2148 3417 Non
2193 3361 2344 3415 illum
2377 3363 2431 3414 in
2462 3361 2624 3414 terris
2651 3367 2856 3426 qumat
2901 3355 3084 3418 homo,
3116 3362 3206 3408 aut
3233 3355 3373 3409 inter
3487 3418 3496 3423 _

1774 3455 2027 3527 fiquenta
2055 3459 2366 3521 componat,
2397 3465 2466 3506 ne
2489 3449 2578 3505 cui
2601 3449 2832 3504 similem
2859 3446 3046 3503 credat
3071 3445 3134 3500 5|
3159 3462 3170 3498 :
3203 3444 3369 3499 Deum

1774 3548 1918 3603 enim
1961 3559 2087 3600 vera
2129 3543 2265 3600 ﬁdes
2315 3544 2386 3598 ita
2435 3558 2651 3611 semper
2679 3539 2928 3610 exposuit
2961 3557 2976 3593 :
3004 3535 3120 3592 Non
3163 3547 3370 3602 natum,

1777 3655 1884 3694 non
1927 3637 2125 3693 factum
2150 3637 2242 3700 3‘3,
2274 3631 2878 3704 iucomprehensihilcm
2904 3632 2995 3696 55,
3029 3630 3374 3690 inextimahi-

1777 3733 1881 3788 lem
1904 3731 1993 3797 54,
2028 3731 2358 3786 iuvisibilem
2387 3729 2478 3791 55,
2506 3735 2564 3783 et
2589 3726 2973 3797 impassibilem
3001 3726 3109 3782 ὅθι
3143 3726 3210 3781 Ει
3251 3725 3375 3780 ideo

1777 3828 1952 3885 solum
1981 3841 2170 3884 verum
2211 3827 2379 3882 Deum
2411 3825 2502 3888 57,
2532 3825 2622 3895 qui
2647 3823 2894 3894 quaedam
2919 3817 3262 3893 generaverit
3282 3819 3370 3883 58,

1777 3919 2026 3991 quimdam
2052 3919 2260 3986 fecerit,
2293 3916 2646 3987 disposuerit,
2675 3913 3008 3970 ordinaverit
3028 3911 3118 3978 59,
3149 3924 3378 3966 exuit-nu-

1777 4012 1918 4067 verit
1941 4013 2029 4069 40.
2053 4011 2350 4081 Optimum,
2387 4009 2594 4079 justum
2623 4007 2880 4062 mandare
2905 4004 3147 4059 Judiccm
3177 4001 3268 4056 41.
3298 4000 3374 4055 Et

1779 4105 1900 4162 ideo
1954 4104 2298 4160 iuexcusatus
2355 4113 2439 4158 est
2489 4101 2666 4154 omnis
2726 4099 2920 4162 homo,
2976 4096 3066 4165 qui
3115 4093 3374 4148 factorctn

1777 4213 1937 4254 suum
1963 4212 2070 4253 non
2097 4194 2376 4267 agnoverit
2399 4192 2470 4246 42
2498 4192 2550 4246 in
2577 4200 2823 4260 tempore
2849 4185 3137 4258 agtiitionis
3163 4182 3254 4248 45,
3277 4182 3376 4237 ha-
3444 4191 3460 4212 ν

1780 4291 1989 4347 biturus
2011 4299 2135 4362 post
2162 4291 2365 4343 exitum
2391 4283 2634 4340 Judicem
2677 4282 2883 4350 justum
2925 4295 2938 4331 :
2979 4277 3070 4349 qui
3119 4291 3225 4330 non
3277 4287 3378 4328 suo

1779 4395 2025 4454 tempore
2053 4381 2293 4437 converti
2321 4394 2382 4434 se
2423 4375 2690 4448 putaverit
2722 4390 2735 4428 :
2766 4371 2862 4428 sed
2881 4386 2955 4436 cx
2987 4368 3261 4441 praeterito
3284 4364 3374 4423 64.

1782 4479 1907 4535 Hmc
1932 4477 2015 4532 fas
2051 4484 2135 4532 est
2163 4474 2232 4532 de
2272 4475 2382 4530 Deo
2407 4471 2636 4528 credere
2661 4467 2754 4525 45.
2786 4467 2912 4523 Hac
2937 4465 3030 4537 qui
3065 4461 3379 4526 crediderit,

1783 4575 2017 4632 abstinet
2046 4589 2108 4630 se
2131 4573 2202 4629 ab
2232 4569 2381 4627 ornni
2408 4567 2670 4639 iniustitia
2697 4565 2788 4624 A6.
2819 4564 2966 4618 Bona
3002 4569 3059 4616 et
3082 4559 3226 4630 justa
3253 4570 3384 4628 ope-

122 4673 199 4720 ῖιιιι
220 4647 301 4738 qui
319 4671 644 4728 mdilicarent
668 4647 852 4740 ﬁdem,
874 4678 967 4723 aut
989 4679 1140 4739 spem
1169 4667 1460 4739 erigerent,
1486 4669 1577 4721 aut
1593 4665 1680 4735 ju-
1706 4647 1760 4708 D
1785 4678 1933 4725 ratus
1961 4676 2221 4723 aeternam
2251 4662 2494 4734 requiem
2517 4659 2734 4716 habebit
2762 4657 2816 4712 in
2838 4656 2941 4710 vita
2971 4651 3062 4709 47.

124 4755 294 4816 dicium
318 4766 795 4830 committerentur,
844 4773 938 4817 aut
985 4760 1254 4832 promissa
1279 4768 1561 4816 servarent
1589 4759 1678 4814 16.

128 4845 306 4908 Deinde
346 4855 670 4912 credendum
724 4855 855 4921 illis,
933 4853 1118 4910 Jesum
1192 4851 1468 4909 Christum
1512 4851 1680 4906 lilium

129 4938 207 4997 Dei
231 4944 312 5013 l7,
337 4961 428 5016 per
449 4963 608 5019 quam
635 4957 826 5003 cuncta
847 4946 990 5002 Deus
1013 4944 1221 5012 fecerit,
1247 4954 1302 5001 et
1319 4945 1438 5001 sine
1464 4960 1570 5015 quo
1598 4945 1683 5000 ui-

129 5029 193 5087 hil
235 5040 532 5095 estfactum
583 5039 671 5106 18,
718 5055 816 5111 per
845 5053 1005 5109 quem
1061 5039 1116 5094 in
1171 5037 1438 5108 principio
1465 5036 1686 5093 Sermo-

129 5139 232 5182 nem
262 5129 342 5197 l9,
367 5133 416 5188 id
441 5141 525 5188 est
543 5133 806 5190 rationem
845 5131 916 5186 20
941 5131 1304 5187 universitatis
1333 5130 1644 5200 accepimus
1664 5171 1679 5196 ,

130 5221 248 5286 aPud
273 5222 429 5282 Deum
481 5226 665 5282 fuisse.
717 5224 808 5280 Sic
837 5227 981 5279 enim
1023 5223 1294 5294 gloriosus
1347 5219 1685 5288 Evangelista

131 5309 338 5373 Joatittes
383 5320 558 5376 initiat
591 5320 655 5375 21
687 5319 874 5374 dicens
915 5317 1026 5389 (lo.
1059 5319 1100 5388 I)
1139 5335 1152 5372 :
1194 5316 1262 5371 In
1289 5317 1546 5387 principio
1575 5328 1686 5372 erat

141 5403 351 5478 Verbum,
379 5425 426 5470 et
460 5413 676 5470 Verbum
725 5423 830 5468 erat
868 5411 1009 5480 apud
1039 5409 1226 5466 Deum.
1277 5409 1465 5465 Omnia
1488 5425 1580 5481 per
1606 5410 1686 5481 ip-

134 5513 227 5555 sum
251 5505 376 5574 facta
389 5517 504 5563 sunt
533 5529 552 5576 ί
587 5518 636 5563 et
665 5507 776 5563 sine
795 5507 909 5577 ipso
939 5506 1130 5576 factum
1157 5512 1228 5558 est
1255 5502 1387 5557 nihil
1408 5500 1500 5556 2‘1.
1529 5502 1691 5558 Dein-

194 5618 258 5689 (α)
299 5639 318 5674 ι
351 5622 576 5681 Hilarius
622 5626 703 5682 vir
743 5627 996 5680 virtutum
1025 5621 1289 5688 uttrhium,
1333 5627 1491 5691 atque
1522 5625 1683 5677 orna-

139 5700 440 5779 mentorum;
469 5705 523 5779 et
547 5698 688 5779 sicut
715 5699 844 5763 vita,
880 5697 951 5751 ita
979 5695 1288 5779 eloquentia
1318 5695 1572 5764 insignis;
1596 5694 1688 5764 qui

141 5769 434 5839 cttuagistcr
476 5769 858 5838 Ecclesiarum,
907 5779 961 5827 et
983 5769 1260 5839 sacerdos,
1301 5785 1406 5823 non
1456 5784 1550 5839 per
1593 5782 1688 5824 sua

145 5831 325 5895 tantum
345 5841 550 5913 u'terita,
592 5841 688 5900 sed
714 5831 874 5900 etiam
906 5859 1000 5915 per
1027 5831 1298 5913 profectus
1339 5831 1510 5904 crevit
1551 5839 1685 5898 alio-

1855 4760 1945 4820 Ill.
1977 4762 2278 4816 Habentem
2307 4757 2380 4814 48
2408 4755 2608 4812 Filium
2642 4768 2654 4808 :
2686 4767 2791 4807 non
2841 4747 3020 4803 statim
3049 4755 3106 4799 ut
3136 4742 3383 4798 homines

1786 4855 2054 4926 procreati
2077 4863 2222 4918 sunt,
2256 4853 2328 4907 ita
2360 4849 2543 4908 dicere
2571 4860 2657 4901 me
2676 4843 2910 4900 aestimes
2939 4844 3253 4908 generatum
3280 4831 3380 4898 t9;

1785 4923 1879 5005 sed
1913 4956 1972 5003 ut
1990 4947 2151 5002 decet
2183 4946 2250 5000 de
2283 4943 2396 4998 Deo
2425 4937 2671 5002 credere,
2703 4944 2754 4989 et
2791 4933 2957 4986 Deum
2987 4927 3154 4984 lilium
3185 4923 3385 4979 habere

1786 5057 1851 5097 ex
1894 5055 1956 5095 se
1997 5039 2216 5110 quidem
2241 5045 2424 5091 natum
2453 5031 2525 5088 50
2553 5045 2656 5084 non
2687 5027 2861 5083 divisa
2899 5023 3016 5094 ejus
3060 5017 3381 5083 substantia,

1787 5147 1885 5188 nec
1907 5131 2206 5200 majestatis
2226 5127 2344 5197 ejus
2368 5124 2538 5179 divisa
2564 5119 2896 5182 substantia;
2930 5129 2994 5168 ac
3023 5128 3117 5184 per
3137 5112 3239 5166 hoc
3262 5125 3384 5180 pas-

1785 5224 1957 5280 sibilis
1983 5221 2225 5278 videatur
2261 5220 2353 5274 5|.
2389 5216 2500 5272 Nec
2541 5215 2609 5268 de
2653 5226 2748 5267 ore
2777 5221 3086 5264 sermonem
3117 5201 3287 5260 nostri
3315 5201 3388 5256 si-

1786 5317 1969 5373 milem
1996 5329 2120 5370 esse
2148 5311 2414 5384 prolatum
2446 5326 2459 5363 :
2486 5319 2543 5363 ut
2573 5304 2770 5361 litteris
2796 5312 2850 5359 et
2877 5299 3111 5373 Syllabis
3137 5304 3385 5352 constet:

1791 5423 1892 5464 nec
1913 5407 2054 5463 filius
2084 5407 2177 5463 Dei
2210 5402 2564 5472 compositus,
2599 5413 2662 5454 ac
2690 5412 2786 5465 per
2817 5395 2918 5449 hoc
2947 5388 3281 5447 dissolubilis
3311 5394 3390 5441 te-

1790 5512 1982 5558 neatur
2004 5499 2093 5555 52.
2125 5498 2231 5553 Nec
2258 5513 2325 5553 ex
2353 5493 2546 5561 nihilo,
2575 5492 2715 5546 sicut
2741 5487 2946 5557 reliqua
2977 5485 3116 5538 facta
3147 5491 3294 5546 sunt,
3325 5492 3393 5534 ne

1797 5627 1915 5676 rum
1947 5633 1962 5685 ;
1995 5615 2051 5673 et
2078 5621 2216 5672 inter
2242 5613 2509 5685 procellas
2533 5603 2967 5685 persecutionum
3007 5601 3077 5655 ita
3103 5595 3395 5685 immobilis

2079 5668 2269 5761 βεῆ
2286 5685 2496 5761 invicta:
2526 5668 2667 5761 fidei
2684 5676 3053 5761 fortitudinem
3075 5671 3237 5761 etia'm
3251 5668 3395 5761 tione

1796 5737 2576 5895 iessvoiaigcepctfi—tdia-nitatem.
2592 5773 2611 5815 ι
2627 5749 2873 5814 Cassiani.
2896 5748 2982 5804 lib.
3010 5759 3078 5811 vu
3096 5741 3157 5808 de
3175 5737 3392 5813 ineant.

1796 5854 1911 5895 can.
2027 5878 2043 5894 .

1792 5854 1911 5912 cap.
1948 5854 2043 5895 ιιι.
