3958 6194
617 244 721 300 755

1831 244 2074 303 SANCTI
2118 243 2374 301 HILARII
2418 245 2722 306 EPISCOI‘I
2837 201 2844 208 ἱ
3831 257 3911 311 71d

612 364 806 421 similis
835 375 892 422 et
921 363 1144 435 aequalis
1179 374 1234 420 et
1275 364 1508 432 caeteris,
1539 365 1632 436 qui
1660 363 1789 421 facti
1815 374 1943 421 sunt
1971 365 2060 433 55,
2086 366 2210 436 jun-
2239 364 2290 422 A
2318 369 2449 418 tura:
2478 379 2590 420 sua:
2619 365 2757 421 idem
2801 368 3093 427 nativitatis
3124 368 3336 428 initium
3381 375 3651 446 sumpsit,
3683 382 3785 430 aut
3809 389 3912 429 cirs-

611 467 830 530 geretur
853 475 864 511 ;
893 456 989 513 scd
1012 457 1170 513 sicuti
1197 457 1314 528 ipse
1338 457 1439 512 scit
1462 456 1554 528 qui
1587 472 1876 528 generans,
1903 467 1959 515 et
1985 459 2210 530 ipsequi

610 557 900 622 generatus
938 557 1022 604 est
1071 565 1085 602 :
1135 549 1253 617 ipso
1299 550 1526 604 Domino
1557 550 1611 605 in
1633 551 1915 622 evangelio
1958 552 2210 607 dicente:

612 641 782 696 Nemo
819 641 960 695 novit
1010 641 1216 696 Patrem
1265 642 1365 696 nisi
1410 641 1582 698 Filius
1611 658 1630 697 :
1657 659 1816 714 neque
1860 641 2056 698 Filium
2100 645 2214 715 quis

605 734 743 788 novit
771 733 870 789 nisi
920 732 1080 788 Pater
1101 734 1314 807 (Matth.
1348 751 1422 802 ιι,
1448 735 1565 805 27).
1619 733 1752 791 Item
1803 736 1855 790 in
1919 735 2216 807 Scripturis

608 825 838 895 legimus
893 843 908 881 :
941 825 1249 898 Mysterium
1277 845 1444 883 nteant
1484 828 1610 882 mihi
1647 844 1666 884 :
1703 830 2004 900 mysterium
2045 845 2214 884 meum

605 917 734 972 mihi
773 915 920 990 (ha.
961 933 1112 985 xstv,
1159 917 1264 991 16)
1301 919 1392 976 51.
1448 919 1516 974 Et
1555 934 1615 975 re
1659 935 1790 976 vera
1837 920 2214 977 absconditum

603 1024 730 1066 esse
759 1010 917 1066 decet
963 1010 1034 1066 de
1081 1011 1432 1082 generatione
1470 1011 1582 1076 illa,
1616 1012 1669 1068 in
1697 1028 1797 1084 qua
1831 1013 2010 1069 nullus
2039 1014 2212 1070 inter-

603 1098 706 1156 fuit
731 1119 745 1154 ε
779 1115 878 1158 nec
906 1111 1236 1158 momentum
1265 1103 1481 1173 quidem
1509 1107 1773 1174 temporis
1801 1106 1894 1162 55.
1929 1104 2070 1162 Ante
2109 1123 2213 1162 sa:-

603 1194 725 1249 cnla
749 1195 918 1259 enim,
948 1206 1306 1267 etantequam
1336 1200 1598 1270 suspicari
1620 1201 1742 1269 quis
1769 1201 2018 1269 auderet,
2050 1210 2207 1258 natus

605 1295 688 1341 est
716 1287 858 1342 ﬁlius
889 1288 981 1344 Dei
1013 1289 1134 1345 sine
1163 1291 1497 1359 temporibus
1520 1291 1628 1346 56:
1654 1294 1795 1364 quo‘d
1825 1308 2000 1365 grteca
2030 1295 2207 1366 lingua

604 1377 870 1432 Acltronos
891 1379 1080 1435 dicunt
1105 1381 1207 1446 57;
1234 1396 1449 1453 semper
1479 1384 1622 1438 enim
1648 1385 1810 1453 filius,
1839 1373 1968 1458 quia
1990 1403 2209 1458 semper

604 1480 756 1541 pater
774 1473 844 1528 58
872 1491 885 1527 :
911 1473 1066 1529 nefas
1087 1484 1173 1531 est
1192 1476 1336 1531 enim
1379 1476 1489 1533 Deo
1510 1479 1712 1550 aliquid
1743 1484 2022 1554 assignare
2051 1495 2204 1555 post-

602 1562 846 1629 modum,
877 1565 1021 1635 quod
1045 1574 1171 1620 ante
1201 1582 1306 1622 non
1333 1569 1581 1626 habuerit
1616 1589 1628 1626 :
1668 1588 1792 1628 cum
1819 1573 1962 1631 Deus
1989 1591 2207 1647 semper

602 1653 877 1724 perfectus
903 1657 974 1712 sit
1002 1657 1092 1714 59.
1127 1658 1195 1715 Ut
1214 1660 1377 1716 etiam
1409 1663 1552 1727 quod
1581 1673 1802 1736 propter
1831 1683 1931 1723 nos
1959 1679 2200 1738 postmo-

2318 471 2468 512 sasse
2494 467 2550 513 et
2567 459 2796 517 desiisse
2814 463 3141 520 credendum
3158 473 3240 522 est
3254 474 3374 536 post
3401 466 3593 522 mundi
3622 466 3874 524 fabricam
3901 486 3913 523 :

2315 563 2440 604 cum
2470 548 2732 607 Dominus
2753 552 3004 624 loquatur
3028 565 3080 612 et
3109 556 3252 612 dicat
3282 575 3294 611 :
3325 576 3344 608 ι
3383 557 3547 614 Pater
3575 574 3737 615 meus
3767 575 3915 630 usque

2316 657 2458 697 nunc
2485 651 2741 712 operatur
2771 643 2950 716 (Joan.
2979 662 3034 713 v,
3079 646 3180 718 17)
3200 648 3285 702 76.
3319 648 3502 704 Otium
3529 651 3606 705 illi
3630 651 3723 707 vel
3747 661 3910 716 antea,

2315 735 2399 787 vel
2437 736 2778 804 postmodum
2811 738 3048 808 requiem
3098 739 3174 793 illi
3219 740 3458 810 assignat
3485 741 3741 811 quiSquis
3781 741 3913 797 illum

2317 824 2701 897 infatigabilem
2727 829 2898 884 nescit
2927 847 2940 882 :
2966 841 3019 885 et
3044 830 3256 902 ignorat
3279 833 3421 903 quod
3451 833 3588 888 ttiltil
3607 834 3687 890 illi
3709 851 3916 903 semper

2315 915 2596 984 acciderit,
2642 918 2734 973 sed
2790 935 3006 991 semper
3045 923 3114 976 sit
3162 922 3268 977 77:
3318 925 3462 994 quod
3512 941 3690 997 graeca
3745 927 3917 1004 lingua

2315 1012 2579 1068 ἀναστιτεν
2604 1021 2756 1068 vocat
2791 1030 2804 1067 :
2838 1023 2893 1069 ct
2929 1016 2980 1070 in
3011 1016 3262 1073 omnibus
3311 1032 3530 1090 semper
3577 1022 3649 1075 sit
3695 1022 3918 1092 spiritus

2316 1102 2585 1170 perfectus
2623 1104 2710 1160 78.
3294 1173 3300 1178 ,

2389 1194 2451 1249 V.
2486 1194 2619 1252 Esse
2659 1198 2815 1269 igitur
2836 1199 3065 1270 plurima
3089 1217 3210 1272 qua:
3245 1217 3338 1274 per
3363 1203 3561 1259 Filium
3593 1204 3788 1262 fecerit
3816 1208 3915 1264 79:

2312 1301 2534 1357 quorum
2575 1301 2666 1346 aut
2693 1293 2807 1347 sola
2840 1295 2995 1349 nobis
3050 1305 3172 1351 nota
3224 1305 3350 1352 sunt
3394 1299 3641 1364 nomina,
3688 1310 3783 1354 aut
3820 1317 3914 1356 nec

2313 1379 2430 1450 ipsa
2456 1392 2583 1436 sunt
2610 1384 2847 1454 cognita.
2875 1385 3070 1453 Quanti
3101 1388 3245 1443 enim
3276 1397 3401 1444 sunt
3441 1391 3666 1445 throni?
3705 1402 3916 1462 quanta:

2310 1473 2644 1542 potestates?
2687 1488 2899 1545 quanta:
2948 1477 3384 1536 dominationes?
3426 1482 3612 1551 quanti
3639 1483 3906 1552 principa-

2311 1565 2432 1619 tus?
2458 1567 2640 1636 quanti
2671 1568 2929 1639 spiritus?
2950 1573 3132 1640 quanti
3164 1573 3350 1642 Angeli
3373 1572 3398 1624 ?
3440 1589 3565 1644 quze
3591 1588 3692 1629 nec
3719 1576 3911 1629 oculus

2307 1656 2459 1722 vidit,
2485 1673 2584 1714 nec
2610 1660 2758 1715 auris
2805 1661 3030 1730 audivit,
3075 1678 3173 1719 nec
3203 1664 3256 1718 in
3281 1680 3376 1720 cor
3413 1663 3652 1721 hominis
3682 1666 3912 1723 adscen-

599 1747 727 1802 dum
758 1748 922 1806 fuerit
946 1750 1266 1809 fabricatum
1298 1753 1390 1821 60,
1419 1757 1561 1828 apud
1585 1758 1736 1814 illum
1760 1759 1872 1830 jam
1896 1759 2058 1818 fuerit
2083 1773 2138 1820 et
2158 1766 2197 1820 si

2307 1748 2385 1804 dit
2404 1749 2805 1820 80?Quantam
2837 1755 3001 1810 etiam
3047 1757 3351 1812 claritatem
3393 1767 3651 1828 putamus
3693 1774 3820 1816 esse
3863 1761 3908 1815 in

601 1853 711 1894 non
734 1840 788 1895 in
820 1843 1144 1912 substantia,
1175 1845 1333 1916 plena
1357 1847 1718 1919 dispositione
1747 1851 1811 1907 61
1846 1871 1859 1906 :
1888 1852 2004 1910 Non
2029 1857 2206 1912 minus

602 1934 764 1990 enim
792 1945 911 1992 erat
955 1939 1226 2007 impotens
1264 1940 1426 1998 simul
1456 1943 1638 1998 omnia
1688 1947 1864 2001 facere
1910 1945 2003 2015 62,
2027 1949 2120 2004 sed
2150 1960 2208 2005 ut

601 2027 850 2084 ordinata
871 2039 926 2084 et
945 2029 1210 2100 gradatim
1233 2031 1497 2103 disposita
1526 2036 1775 2093 universa
1799 2052 1899 2109 pro
1915 2052 2014 2094 suo
2036 2039 2204 2110 gradu

601 2129 658 2176 et
685 2119 895 2177 honore
920 2122 1382 2194 obsequerentur;
1414 2135 1560 2183 etne
1583 2129 1794 2198 passiva
1819 2138 1874 2185 et
1900 2131 2044 2186 nulla
2066 2131 2207 2188 inter

599 2225 662 2266 se
687 2214 1381 2284 antiqttiora'inhonoriflea
1413 2231 1798 2298 permanerent
1846 2222 1936 2280 65.
1977 2223 2108 2280 Nam
2159 2226 2204 2281 si

603 2322 728 2376 qua:
755 2308 924 2363 nostri
948 2323 1112 2365 causa
1162 2325 1192 2366 a
1239 2309 1374 2367 Filio
1405 2313 1495 2368 Dei
1529 2315 1782 2371 nativitas
1818 2330 2068 2389 suscepta
2097 2331 2201 2386 est,

605 2397 1176 2470 incomprehensibilis
1229 2414 1351 2472 est,
1425 2419 1530 2461 non
1587 2408 1784 2464 nudata
1846 2411 2197 2476 mortalibus;

599 2501 803 2563 quanto
833 2496 1005 2565 magis
1035 2495 1106 2552 61
1135 2496 1246 2562 illa,
1277 2513 1398 2569 quae
1428 2500 1557 2555 nulli
1590 2501 1692 2556 nisi
1716 2501 1827 2558 Deo
1851 2502 1996 2559 Patri
2022 2515 2076 2560 et
2099 2505 2201 2561 sihi

597 2587 702 2642 soli
724 2597 809 2643 est
827 2589 1044 2660 cognita
1064 2591 1089 2642 t
1115 2590 1248 2646 Nam
1271 2591 1492 2649 Gabriel
1521 2595 1742 2664 angelus
1770 2596 1838 2651 ad
1863 2596 2081 2652 Mariam
2130 2599 2202 2652 ita

599 2681 840 2750 loquitur
881 2683 1038 2737 sicuti
1095 2681 1445 2756 Evangelista
1485 2697 1758 2745 testatur:
1806 2691 2036 2762 Spiritus
2086 2691 2198 2745 Do~

597 2773 726 2828 mini
755 2776 1074 2844 superveniet
1107 2778 1162 2831 in
1191 2788 1238 2832 te
1289 2795 1308 2832 :
1351 2792 1400 2834 et
1427 2782 1592 2836 uirtus
1635 2782 1887 2838 Altissimi
1927 2785 2203 2840 obumbra-

598 2868 668 2923 bit
689 2867 778 2922 tibi
804 2871 823 2940 (
848 2869 976 2924 Luc.
1003 2885 1042 2934 ι,
1064 2870 1182 2943 55),
1215 2871 1367 2941 Quod
1389 2874 1766 2942 obumbratur,
1801 2877 2152 2933 absconditur
2184 2895 2196 2932 :

597 2975 699 3017 nec
717 2962 972 3018 omnibus
1003 2971 1189 3020 notum
1234 2978 1340 3021 est.
1387 2967 1528 3037 Ergo
1559 2969 1601 3024 si
1633 2970 1748 3024 haec
1777 2969 2049 3035 nativitas,
2080 2987 2200 3040 qua:

596 3054 769 3112 nostri
792 3063 877 3110 est
899 3070 1060 3111 causa
1089 3057 1328 3128 deposita
1371 3060 1390 3134 (
1417 3059 1711 3132 Legendum
1747 3064 1947 3117 videtur
1967 3080 1986 3119 :
2010 3063 2196 3136 dispo-

2308 1841 2704 1911 invisihilibus,
2769 1861 2869 1903 nec
2895 1849 3160 1904 extimare
3190 1864 3497 1920 possumus,
3550 1867 3674 1908 cum
3726 1853 3783 1908 in
3835 1854 3910 1908 his

2308 1950 2430 2004 qum
2457 1936 2734 1992 nobiscum
2762 1949 2909 2006 sunt,
2941 1939 3255 1998 admiranda
3283 1944 3389 1998 sint
3420 1946 3604 1999 omnia
3630 1944 3722 2001 81.
3763 1946 3908 2000 Inter

2307 2029 2486 2082 omnia
2518 2030 2660 2084 enim
2688 2029 2849 2086 etiam
2883 2033 3137 2101 mundus,
3169 2049 3327 2104 quem
3371 2035 3762 2106 conspicimus,
3819 2051 3910 2106 per

2308 2116 2502 2174 Filium
2528 2118 2820 2177 fabricatus
2848 2131 2936 2177 est
2960 2123 3051 2180 82.
3087 2123 3153 2179 Et
3175 2124 3395 2195 quidem
3442 2126 3641 2193 lucem,
3675 2141 3778 2197 qua
3807 2142 3908 2180 0.1--

2312 2219 2424 2265 tera
2474 2211 2668 2268 fierent
2711 2215 3017 2286 perspicua,
3068 2230 3191 2273 esse
3237 2216 3420 2288 jussit,
3473 2225 3530 2272 et
3583 2217 3706 2274 fecit
3755 2238 3771 2275 :
3828 2220 3909 2273 cui

2307 2302 2441 2357 diem
2468 2318 2662 2360 nomen
2704 2306 2958 2376 imposuit
2986 2306 3140 2376 (Gen.
3173 2323 3213 2375 ι,
3246 2309 3301 2375 5,
3339 2307 3419 2380 4).
3454 2309 3718 2366 Tenebris
3748 2316 3906 2366 nocti:

2306 2396 2508 2452 addidit
2529 2413 2722 2453 nomen
2751 2397 2904 2472 (Gen.
2935 2415 2971 2466 I,
3003 2399 3080 2473 5).
3111 2399 3317 2457 Deinde
3337 2387 3748 2471 ﬁmtamentum,
3768 2404 3901 2473 quod

2307 2491 2447 2544 inter
2467 2504 2632 2561 aquas
2661 2492 2994 2563 depulsaret,
3024 2493 3264 2550 ostendit
3296 2513 3310 2549 :
3344 2499 3487 2567 quod
3518 2495 3716 2552 Cretan:
3737 2500 3900 2553 voluit

2307 2587 2600 2654 nuncupari
2629 2585 2782 2657 (Gen.
2813 2602 2852 2652 ι,
2886 2589 2940 2652 6,
2965 2588 3025 2658 7)
3059 2604 3073 2642 :
3105 2602 3241 2644 neve
3290 2598 3506 2645 terrena
3536 2591 3608 2646 85
3635 2591 3756 2646 visu
3799 2607 3904 2647 ete-

2307 2676 2531 2733 lestibus
2563 2680 2923 2734 miscerentur
2955 2699 2968 2735 :
3012 2680 3108 2736 sed
3148 2689 3296 2737 esset
3320 2682 3466 2753 quod
3491 2683 3636 2738 inter
3676 2684 3897 2738 humana

2304 2778 2360 2824 et
2379 2771 2560 2825 divina
2587 2772 2942 2828 discerneret.
2994 2773 3112 2828 iam
3151 2776 3296 2830 enim
3335 2790 3404 2831 ex
3441 2775 3616 2831 nihilo
3655 2779 3900 2832 materias

2305 2862 2472 2931 ipsas,
2496 2878 2564 2919 ex
2591 2865 2786 2935 quibus
2813 2866 2993 2922 omnia
3027 2868 3540 2936 lierentelementa,
3567 2869 3893 2926 condiderat.

2304 2955 2430 3010 Post
2459 2956 2574 3013 haec
2600 2973 2770 3029 aquas
2821 2960 2873 3014 in
2925 2975 3091 3016 unum
3148 2963 3468 3033 congregari
3517 2971 3577 3018 et
3620 2966 3899 3020 convenire

2305 3053 2562 3118 praecepit
2592 3068 2605 3104 :
2635 3062 2695 3106 ut
2739 3053 2898 3107 Arida
2939 3065 3336 3110 monstraretur
3385 3054 3540 3126 (Gen.
3582 3071 3620 3124 t,
3667 3056 3743 3128 9).
3798 3057 3894 3112 Nec

597 3144 765 3216 sita),
817 3147 976 3201 nobis
1008 3150 1275 3219 incognita
1309 3131 1392 3206 est
1424 3169 1438 3206 :
1469 3131 1672 3223 quanto
1716 3157 1884 3225 magis
1914 3156 2002 3210 illa
2027 3131 2148 3226 quin
2168 3172 2197 3212 a

2304 3157 2530 3214 quaeque
2575 3157 2699 3200 sunt
2743 3148 2950 3217 privata
2997 3149 3329 3204 nominihus.
3374 3149 3508 3204 Nam
3551 3163 3894 3221 congregatas

597 3240 753 3295 nobis
781 3242 938 3310 longe
966 3252 1173 3297 remota
1197 3254 1281 3300 est
1310 3245 1424 3300 65?
1453 3245 1519 3300 Et
1539 3248 1665 3317 quid
1697 3247 1819 3302 dico
1857 3265 1886 3302 a
1927 3249 2104 3316 nobis,
2145 3259 2200 3305 ct

596 3347 702 3387 non
751 3333 820 3387 ab
853 3335 998 3388 omni
1027 3335 1233 3390 caelesti
1262 3347 1508 3392 creatura
1537 3339 1645 3394 66?
1674 3339 1886 3396 Sufficit
1913 3355 2044 3412 ergo
2071 3342 2192 3409 huc,

595 3424 740 3498 quod
765 3425 1022 3492 vidimus,
1061 3429 1206 3498 quod
1251 3429 1508 3485 divinitas
1543 3446 1704 3487 nosse
1745 3448 1846 3488 nos
1871 3434 2058 3490 voluit.
2090 3435 2197 3492 Nec

595 3521 736 3576 ultra
767 3520 1005 3590 cognitio
1034 3523 1353 3595 porrigenda
1368 3531 1474 3585 εει,
1495 3540 1564 3579 ne
1589 3524 1884 3598 sacrilegus
1909 3530 2198 3599 unusquis-

593 3629 701 3684 que
730 3622 1008 3681 teneatur,
1063 3616 1308 3687 quisquis
1337 3630 1630 3672 concessos
1677 3615 1884 3688 (Cortex
1919 3637 2012 3676 ms.
2048 3622 2196 3676 Ιιιώεε

593 3707 913 3779 concussus)
943 3711 1200 3764 terminos
1231 3710 1392 3765 fuerit
1410 3711 1735 3781 cognitionis
1755 3727 2006 3783 egressus
2032 3715 2121 3770 67.

668 3797 756 3854 Ν.
789 3797 1064 3856 Christum
1086 3802 1245 3872 igitur
1269 3804 1577 3872 accepimus
1601 3803 1670 3858 68
1702 3805 1791 3861 Dei
1815 3805 2007 3861 Filium
2042 3809 2195 3864 initio

593 3890 662 3947 69
693 3891 1023 3961 Sapientiam
1047 3893 1090 3965 (Ι
1117 3894 1239 3949 Cor.
1284 3911 1322 3960 ι,
1344 3895 1436 3963 24,
1473 3895 1567 3952 Dei
1596 3899 1851 3963 virtutem,
1907 3911 1956 3956 et
1987 3900 2082 3956 Dei
2111 3920 2194 3958 sa-

593 3984 866 4056 pientiam)
894 3999 1074 4041 veram
1105 3987 1206 4049 70;
1239 3987 1582 4057 Sermonem,
1625 3991 1676 4046 id
1699 4002 1781 4047 est
1809 3996 2072 4051 rationem
2100 3998 2190 4060 71,

591 4079 838 4148 spiritum
869 4079 1046 4151 (Joan.
1080 4097 1155 4148 tv,
1183 4079 1275 4146 24,
1305 4081 1538 4152 Spiritus
1563 4096 1638 4141 est
1660 4085 1821 4152 Deus,
1847 4089 1979 4161 etc.)
2000 4133 2015 4156 ,
2052 4091 2192 4148 viam

591 4168 773 4240 (Joan.
821 4186 938 4234 xxv,
971 4173 1050 4244 6),
1081 4172 1253 4228 lucem
1292 4173 1492 4243 (Joan.
1519 4192 1557 4244 ι,
1587 4176 1640 4244 9,
1669 4189 1718 4232 et
1743 4195 1925 4236 rursus
1951 4197 2029 4250 ιιι,
2076 4183 2190 4257 19),

590 4262 868 4318 brachium
901 4261 1004 4336 (Is.
1035 4281 1150 4329 ι.ιιι,
1182 4265 1234 4328 1,
1257 4275 1306 4320 et
1348 4267 1503 4323 Joan.
1537 4283 1634 4337 xu,
1682 4269 1772 4335 58,
1820 4271 1889 4327 Et
1931 4272 2193 4330 brachium

590 4354 884 4428 Domini(a)
899 4358 983 4410 cui
993 4359 1274 4413 revelatum
1292 4369 1366 4415 est
1383 4361 1430 4432 ?)
1449 4361 1923 4437 fortitudinem,(b)
1937 4369 2191 4425 virtutem

588 4448 631 4521 (l
647 4447 766 4502 Cor.
794 4448 963 4519 ι,21),
995 4451 1465 4524 veritatemann.
1488 4471 1595 4522 stv,
1617 4455 1698 4528 6),
1718 4459 2189 4533 panem(loan.vt,

2301 3248 2470 3305 aquas
2492 3239 2708 3292 vocavit
2735 3255 2876 3294 mare
2917 3239 3072 3312 (Gen.
3105 3256 3142 3308 ι,
3176 3241 3290 3313 10),
3341 3251 3651 3311 separatam
3701 3245 3890 3298 aridam

2301 3333 2450 3381 teme
2473 3329 2791 3384 vocabulum
2849 3333 3018 3387 voluit
3063 3333 3342 3402 possidere
3388 3333 3548 3407 (Gen.
3583 3351 3624 3403 ι,
3656 3335 3764 3406 id).
3799 3336 3891 3392 Sed

2300 3417 2418 3476 haec
2455 3422 2632 3477 minus
2673 3423 2936 3480 instructa
2982 3426 3322 3482 videbantur.
3374 3427 3670 3498 Benignam
3717 3431 3880 3499 itaque

2299 3511 2702 3570 fecunditatem
2728 3517 2808 3571 his
2825 3517 3054 3585 addidit,
3074 3519 3392 3575 etdecorem
3417 3519 3571 3594 (Gen.
3601 3538 3636 3577 t.
3663 3525 3721 3578 11
3747 3522 3885 3593 ειη.)

2299 3603 2366 3658 Ει
2398 3606 2536 3659 miro
2566 3607 2727 3662 modo
2754 3607 2899 3663 illam
2931 3609 3104 3680 primo
3126 3627 3390 3682 generare
3417 3617 3761 3684 praecipiens,
3783 3632 3888 3685 qua!

2300 3697 2593 3754 novissime
2621 3700 2794 3756 fuerat
2821 3702 3076 3758 fabricata
3097 3704 3192 3772 84,
3221 3705 3337 3761 Non
3367 3707 3621 3763 ordinem
3664 3710 3882 3774 turbans,

2297 3801 2388 3844 aut
2403 3791 2623 3861 ignarus
2643 3795 2860 3851 factum
2873 3813 2986 3852 sua:
3012 3817 3024 3852 :
3052 3799 3148 3854 sed
3167 3801 3336 3855 voluit
3349 3812 3687 3872 postremum
3706 3805 3885 3858 habere

2300 3885 2528 3954 primum
2550 3886 2773 3957 aliquid,
2829 3905 2897 3947 ne
2952 3892 3004 3946 in
3051 3894 3300 3949 omnibus
3317 3895 3529 3966 jaceret
3548 3907 3787 3953 extrema
3808 3896 3884 3959 a5,

2297 3984 2353 4030 et
2384 3976 2572 4046 primis
2594 3981 2832 4035 secunda
2855 3984 3159 4052 conjunxit,
3191 4002 3258 4040 ne
3290 3988 3459 4056 prima
3492 3988 3748 4045 inferiora
3773 4004 3887 4045 Cun-

2298 4078 2603 4126 temnerent
2630 4073 2722 4128 86.
2754 4075 2844 4130 Sic
2891 4077 2984 4132 Dei
3031 4077 3174 4134 filius
3217 4081 3357 4136 Deus
3386 4083 3588 4138 artifex
3625 4084 3779 4139 Patre
3814 4085 3888 4153 ju-

2296 4165 2458 4222 bente
2475 4162 2798 4226 moderatus
2827 4180 2913 4226 est
2944 4172 3035 4239 87,
3067 4183 3125 4229 ut
3151 4175 3396 4231 ordinem
3438 4179 3703 4234 mutando
3724 4221 3739 4243 ,
3787 4178 3884 4231 dis.

2297 4260 2617 4329 positionem
2651 4264 2843 4319 melius
2870 4265 3171 4323 ordinaret.
3197 4268 3442 4342 Namque
3487 4280 3666 4328 terras
3717 4274 3880 4329 omnia

2297 4351 2512 4422 pabula,
2550 4355 2800 4426 lignaque
2824 4371 2946 4412 cum
2975 4360 3088 4432 suis
3110 4361 3415 4417 seminibus
3440 4361 3696 4420 redivivis
3725 4365 3880 4434 impe-

2295 4445 2433 4500 ravit
2468 4447 2701 4504 educere
2729 4448 2881 4521 (Gen.
2913 4467 2953 4517 ι,
2983 4453 3075 4520 11,
3107 4453 3222 4525 12),
3272 4457 3578 4528 ρωιιιιηιιιιθ
3624 4459 3882 4514 luminari-

587 4540 678 4606 55,
709 4539 838 4607 48),
873 4543 1052 4596 vinum
1085 4544 1105 4612 (
1123 4521 1309 4599 Matth.
1338 4561 1412 4613 ix,
1459 4547 1544 4611 17,
1579 4521 1627 4602 et
1654 4521 1938 4617 .fo-andtv,‘
1961 4555 2017 4619 1,
2065 4521 2188 4620 etc.,
2219 4521 2271 4582 D
2296 4538 2418 4604 bus,
2451 4538 2502 4594 id
2525 4550 2610 4596 est
2632 4541 2777 4607 Sole,
2818 4553 2874 4600 et
2905 4544 3078 4613 Luna,
3109 4557 3164 4602 et
3181 4521 3381 4605 ’Stelh’s
3410 4521 3632 4607 ornavit
3674 4552 3816 4624 (Gen.
3845 4570 3874 4616 ι,

587 4634 701 4706 Ego
731 4652 846 4690 sum
875 4636 993 4690 vitis
1029 4638 1196 4709 vera),
1227 4637 1402 4695 Vitam
1439 4641 1690 4714 (learnt,
1723 4642 1779 4710 4,
1809 4655 1860 4700 et
1883 4661 1994 4712 xrv,
2049 4647 2104 4715 6,
2143 4661 2189 4704 et

585 4727 710 4781 alibi
761 4728 940 4801 ωερε),
993 4729 1202 4786 Ostiutn
1252 4731 1430 4804 (Joan.
1463 4749 1516 4797 ι,
1551 4735 1604 4799 1,
1631 4733 1688 4798 2,
1720 4735 1775 4801 7,
1803 4735 1882 4806 9),
1919 4749 2188 4807 pastorem

585 4821 780 4895 (lbid.,
814 4825 902 4887 11,
933 4825 1060 4896 etc.)
1086 4866 1103 4892 ,
1161 4837 1216 4880 et
1261 4827 1364 4881 alia
1396 4827 1626 4897 plurima
1655 4830 1724 4884 72
1749 4871 1764 4897 ,
1794 4847 1915 4902 qua:
1968 4845 2190 4905 propter

585 4916 834 4972 homines
860 4926 988 4973 sunt
1014 4918 1084 4974 75
1113 4936 1126 4972 :
1156 4928 1211 4973 et
1234 4935 1424 4975 omnes
1467 4921 1519 4976 in
1561 4921 1656 4976 illo
1700 4923 1888 4978 vivunt
1927 4926 1995 4982 74
2025 4945 2038 4982 :
2068 4944 2187 4998 qum

585 5010 956 5081 unusquisque
1005 5026 1264 5081 processu
1295 5016 1554 5082 temporis
1607 5014 1886 5086 Scriptura
1927 5019 2188 5078 edocente

586 5102 858 5172 perdiscat
883 5104 973 5158 75.
1009 5103 1065 5160 Si
1101 5105 1263 5176 igitur
1302 5106 1392 5161 Dei
1425 5107 1617 5163 Filium
1648 5110 1922 5181 cognitum
1953 5114 2187 5172 confite-

585 5209 705 5248 mur
735 5212 750 5250 :
775 5210 870 5266 per
891 5195 1066 5265 ipsum
1098 5197 1264 5252 Deum
1283 5197 1500 5255 Patrem
1539 5201 1740 5257 scimus
1767 5214 1820 5258 et
1838 5207 2032 5261 saecula
2057 5208 2186 5264 visi-

586 5285 737 5354 bilia,
767 5298 824 5342 et
852 5287 1142 5344 invisibilia
1177 5290 1488 5347 condidisse
1522 5310 1536 5346 :
1567 5291 1684 5349 Non
1727 5297 1870 5351 enim
1902 5298 1984 5353 fas
2013 5311 2096 5355 est
2119 5317 2187 5356 ex

615 5393 652 5435 ο
682 5380 850 5435 Deum
889 5392 1170 5453 operatum
1219 5384 1465 5451 credere,
1514 5400 1581 5442 ex
1625 5402 1734 5459 quo
1777 5391 2009 5447 mundus
2036 5396 2187 5465 geni-

657 5571 737 5644 (ο)
775 5570 930 5638 Quod
959 5569 1174 5642 plurimi
1202 5571 1269 5626 ad
1303 5569 1576 5627 Christum
1609 5571 1869 5632 referunt.
1901 5574 2038 5634 Vide
2054 5575 2184 5634 Cal-

593 5672 701 5716 met
731 5663 784 5717 in
811 5663 986 5718 locum
1012 5661 1172 5717 hunc.

674 5729 752 5796 (lt)
789 5730 927 5786 Vide
955 5731 1166 5788 Calmet
1211 5733 1265 5789 in
1311 5732 1646 5802 superiorem
1672 5734 1872 5794 locum.

2295 4625 2411 4700 14),
2439 4631 2635 4702 quibus
2661 4643 2752 4688 aut
2781 4633 2908 4701 diei,
2953 4647 3044 4692 aut
3079 4641 3251 4695 noctis
3284 4642 3417 4697 flues
3446 4645 3776 4708 ostenderet,
3799 4653 3880 4698 aut

2293 4723 2460 4792 signis
2487 4727 2738 4792 rusticos,
2767 4737 2861 4782 aut
2885 4731 3132 4786 nauticos
3155 4732 3395 4790 erudiret
3419 4734 3526 4806 (Ib.
3556 4747 3606 4791 et
3627 4753 3758 4792 vers.
3778 4736 3872 4806 l6).

2293 4815 2458 4872 Maria
2475 4833 2698 4889 quaeque
2726 4819 2931 4876 inclusa
2951 4823 3001 4876 in
3027 4832 3188 4878 terra:
3207 4825 3470 4882 limitibus
3496 4827 3640 4900 (Job.
3666 4843 3873 4890 xxmn,

2293 4911 2346 4978 8,
2377 4912 2502 4984 etc.)
2533 4927 2627 4968 sua
2653 4915 2904 4970 animalia
2938 4930 3225 4986 procreare
3253 4918 3529 4975 mandavit
3552 4919 3710 4994 (Gen.
3735 4936 3770 4985 ι,
3791 4921 3869 4983 20,

2291 5005 2386 5078 21)
2413 5024 2427 5061 :
2453 5008 2630 5063 anima
2675 5008 2925 5065 videlicet
2971 5011 3118 5079 ipsas
3159 5011 3414 5067 materias
3449 5016 3797 5079 animaverat,
3822 5023 3870 5066 nt

2291 5100 2636 5156 nascentibus
2667 5101 3007 5171 postmodum
3029 5103 3392 5159 animantibus
3415 5106 3626 5162 animas
3649 5122 3863 5162 contmn-

2290 5193 2483 5248 darent
2507 5194 2595 5250 88.
2639 5194 2744 5250 Sed
2767 5209 2874 5266 quo
2901 5193 3295 5252 fecundiorem
3327 5197 3528 5254 faceret
3557 5199 3754 5272 (Codex
3782 5216 3867 5252 ms.

2293 5285 2440 5340 habet
2484 5285 2712 5356 fecerat)
2759 5296 2956 5343 terram
2978 5285 3129 5359 (Gen.
3157 5287 3308 5353 ι,24,
3337 5288 3466 5359 25),
3505 5300 3629 5360 post
3673 5292 3863 5361 pabula,

2295 5387 2416 5448 post
2465 5377 2602 5450 ligna
2649 5377 2946 5445 fructifera,
3001 5392 3122 5450 post
3165 5381 3416 5437 universa
3470 5386 3702 5452 semina,
3749 5401 3864 5456 qua-

2293 5467 2593 5538 drupedum
2615 5485 2806 5540 genus,
2836 5469 3098 5536 ferarum,
3122 5483 3175 5527 et
3201 5475 3540 5544 serpentium
3565 5476 3682 5530 viva
3711 5477 3864 5532 omnia

2292 5571 2348 5614 et
2368 5558 2603 5615 animata
2628 5562 2790 5630 jussit
2815 5561 3011 5632 ejicere
3040 5561 3232 5638 (lbid.)
3261 5564 3352 5620 89.
3395 5565 3505 5623 Nec
3533 5584 3689 5624 mora
3719 5572 3765 5624 in
3794 5569 3861 5622 his

2294 5649 2543 5707 omnibus
2572 5669 2587 5706 :
2615 5652 2687 5708 90
2715 5653 2914 5724 quippe
2952 5669 3120 5725 quam
3153 5655 3294 5712 Deus
3324 5657 3486 5713 Pater
3506 5658 3761 5728 iusserat,
3791 5659 3862 5715 Fi-

2295 5742 2401 5798 lius
2425 5743 2597 5799 virtus
2626 5745 2740 5814 ipsa
2768 5745 2888 5802 sine
2909 5746 3357 5806 recrastinatione
3385 5748 3673 5819 imperium
3697 5761 3855 5822 capes-
