3958 6194
31 286 111 340 757
944 250 951 257 ’
1218 278 1554 338 EPISTOLA
1591 279 1720 343 seu
1761 280 2111 342 LIBELLUS.

3192 292 3297 349 758

32 399 154 451 saltat
183 412 195 448 :
226 408 344 449 nam
372 409 499 451 cum
522 393 764 464 jussione
802 401 859 450 et
898 406 1037 465 opus
1065 393 1312 450 adstabat
1354 396 1445 451 9|.
1486 395 1590 451 Sed
1619 397 1669 458 Α
1696 408 2083 467 generaverat,
2128 397 2436 454 universum
2484 397 2763 453 hominum
2806 414 2979 469 genus
3022 417 3205 459 secum
3234 406 3302 462 ad

32 488 250 559 quoniam
278 486 508 540 multum
538 484 1231 557 intereratsttbftecundare
1263 498 1477 541 terrena
1497 487 1591 555 92,

32 592 73 636 et
94 588 204 651 post
223 577 426 642 divina,
458 577 691 633 humana
721 577 983 644 deerant;
1025 578 1298 635 hominem
1329 579 1475 646 fecit,
1504 581 1593 650 qui

35 690 116 727 non
143 682 275 726 totus
298 680 449 727 esset
474 687 505 726 e
536 671 697 736 cado,
730 685 831 727 nec
861 680 1039 726 tamen
1064 670 1132 728 de
1164 680 1305 727 terra
1348 681 1493 727 totus
1524 672 1596 728 93

34 766 195 821 iterum
220 771 539 819 nasceretur
566 762 636 819 94
670 780 683 816 :
728 764 926 835 quippe
967 778 1166 835 corpus
1192 780 1259 821 ex
1290 767 1435 821 omni
1467 767 1596 822 limo

36 868 165 914 terra:
188 856 437 912 formavit
469 856 623 930 (Gen.
654 872 711 921 tt,
743 855 798 927 7)
822 858 925 924 95,
950 860 1199 929 Spiritum
1238 874 1596 916 concessurus

38 968 60 1006 c
89 950 207 1006 ccelo
231 946 480 1023 (Ibidem)
503 948 574 1005 96
607 966 620 1002 :
650 960 699 1005 et
741 964 864 1005 cum
912 952 1094 1006 omnia
1135 953 1382 1021 jussione
1421 953 1595 1009 Patris

35 1046 253 1101 Sermone
274 1042 611 1113 obsequente
640 1042 865 1098 formata
894 1044 1005 1099 sint
1034 1044 1123 1109 97,
1153 1043 1207 1099 itt
1240 1045 1473 1101 hominis
1502 1045 1597 1101 fic-

39 1137 153 1192 tione
174 1135 329 1191 etiam
354 1134 473 1205 ipse
503 1133 662 1190 Pater
695 1134 985 1191 fabricator
1013 1138 1244 1193 accessit
1289 1138 1380 1205 98,
1426 1148 1483 1193 ut
1529 1137 1596 1194 ad

38 1228 455 1285 immortalitatem
488 1243 593 1283 non
618 1230 999 1299 praescriberet
1024 1240 1167 1287 terra
1192 1272 1208 1297 ,
1241 1232 1284 1287 si
1318 1233 1598 1289 immorta-

40 1323 99 1377 les
115 1335 286 1377 manus
302 1321 701 1375 constituerent
722 1321 996 1377 hominem
1015 1322 1104 1378 99.
1130 1322 1412 1380 Concessit
1434 1326 1595 1381 etiam

40 1426 83 1468 ut
104 1414 244 1468 homo
267 1413 358 1468 Dei
382 1412 671 1483 imaginem
692 1421 937 1484 portaret
959 1414 1013 1469 in
1039 1416 1198 1471 terris
1223 1415 1346 1482 100,
1372 1416 1598 1473 daturus

42 1505 335 1576 postmodum
358 1505 792 1573 similitudinem,
823 1507 867 1561 si
896 1507 1073 1578 imago
1095 1518 1404 1564 servaretur
1425 1509 1597 1565 illzesa

43 1599 140 1653 101.
167 1596 242 1652 Ad
261 1597 548 1667 imaginem
575 1613 681 1652 non
714 1607 871 1667 putes
906 1613 1029 1654 esse
1054 1599 1282 1655 formam
1316 1601 1453 1655 hanc
1496 1602 1592 1657 ho-

45 1692 170 1747 minis
210 1693 528 1748 exteriorem
579 1693 796 1748 factam.
845 1694 1023 1749 Absit.
1056 1695 1188 1763 Quis
1229 1695 1375 1752 enim
1410 1697 1597 1753 credat

1698 496 1929 542 mortem
1972 504 2145 559 usque
2189 490 2438 559 perduxit
2468 490 2592 543 112.
2647 489 2764 545 Non
2796 490 3077 547 defuturus
3123 502 3302 551 tamen

1698 580 1893 648 bonus,
1922 582 2008 636 vel
2033 582 2213 652 justus
2241 599 2253 636 :
2287 582 2541 654 quoniam
2569 583 2786 654 quidem
2830 583 3058 641 liberum
3088 598 3207 642 erat
3248 596 3305 644 et

1700 676 2039 741 postmodum
2072 676 2213 730 natis
2237 692 2343 732 non
2370 676 2708 747 delinquere,
2731 686 2785 734 et
2818 676 2962 733 Deus
2990 694 3095 734 non
3124 695 3306 735 cessa-

1699 766 1791 822 bat
1815 768 2059 838 quotidie
2081 783 2432 825 commonere
2453 769 2576 825 115.
2598 768 2747 824 Tunc
2775 769 2958 826 divina
2989 771 3221 839 bonitas,
3250 782 3306 830 et

1697 868 1920 931 paterna
1972 860 2143 931 pietas
2213 861 2361 932 larga
2411 860 2779 931 multipliciter
2823 863 3139 933 providebat
3182 882 3196 918 :
3251 873 3307 922 et

1699 951 1877 1019 primo
1917 953 2135 1023 quidem
2187 968 2284 1022 per
2326 952 2511 1008 Justus
2556 952 2897 1008 Patriarchas
2926 970 2940 1007 :
2971 954 3165 1011 deinde
3209 971 3305 1026 per

1698 1044 1959 1117 Moysen,
1990 1056 2044 1101 et
2086 1046 2388 1117 Pr0phelas
2417 1047 2541 1102 114.
2578 1045 2685 1103 Sed
2715 1051 2906 1102 omnes
2946 1047 2999 1103 hi
3050 1048 3103 1104 itt
3134 1049 3312 1106 Atiam

1700 1140 2071 1196 moriebantur
2097 1141 2221 1197 115.
2250 1139 2305 1195 in
2332 1141 2638 1196 novissimis
2666 1140 3017 1208 temporibus,
3052 1159 3118 1197 ne
3142 1143 3191 1195 in
3225 1153 3306 1197 to-

1703 1242 1811 1289 tum
1842 1233 2099 1291 Diabolus
2129 1234 2485 1304 triumpharet
2526 1234 2814 1303 (namhoc
2853 1234 2931 1290 illi
2968 1249 3161 1291 nomen
3190 1244 3300 1303 est,

1701 1338 1982 1399 postquam
2010 1328 2217 1385 homini
2239 1326 2467 1400 invidit)
2495 1328 2618 1391 116.
2650 1337 2704 1385 et
2731 1344 2800 1386 ne
2824 1329 2986 1385 homo
3019 1338 3139 1400 post
3167 1339 3305 1385 tem-

1701 1435 1830 1489 pora
1863 1419 2227 1475 damnationis
2258 1420 2476 1489 impleta
2517 1430 2704 1476 contra
2751 1420 3181 1477 misericordiam
3210 1422 3305 1477 Dei

1700 1513 1791 1569 diu
1825 1523 2104 1571 teneretur
2130 1514 2183 1570 in
2213 1529 2410 1585 poena;
2443 1514 2673 1570 salutem
2696 1556 2711 1582 ,
2741 1532 2900 1582 quam
2931 1516 3043 1572 sola
3075 1516 3303 1573 misera-

1702 1604 1847 1661 tione
1902 1606 2230 1673 merebatur,
2273 1607 2483 1676 accepit
2524 1606 2647 1661 117.
2694 1606 2836 1662 Deus
2882 1622 3114 1678 namque
3151 1616 3306 1677 pater

1700 1702 2043 1768 omnipotens
2069 1698 2264 1757 Filium
2308 1715 2463 1755 suum
2492 1699 2676 1755 Iesum
2716 1699 2989 1755 Christum
3033 1701 3199 1757 Deum
3240 1716 3306 1757 ac

46 1788 199 1853 Deum,
223 1786 285 1841 ad
306 1786 460 1857 cujus
485 1786 775 1857 imaginem
828 1787 999 1843 factus
1038 1797 1124 1844 est
1171 1792 1354 1858 homo,
1401 1789 1600 1847 habere
1631 1793 1679 1853 B
1708 1791 1991 1848 Dominum
2022 1800 2267 1848 nostrum
2299 1792 2475 1859 misit,
2508 1808 2606 1863 per
2639 1808 2798 1863 quem
2828 1802 3023 1850 cuncta
3052 1793 3311 1851 condide-

44 1881 233 1949 aliquam
255 1888 480 1949 partem,
512 1897 635 1953 quas
666 1895 772 1938 non
802 1881 1007 1950 audiat,
1062 1898 1184 1953 qua:
1234 1900 1340 1941 non
1390 1885 1593 1951 videat,

44 1990 137 2043 quae
161 1988 257 2030 non
298 1976 477 2030 omnia
529 1976 826 2045 operetur?
875 1975 1122 2032 Hominis
1164 1977 1309 2032 enim
1361 1979 1601 2034 exterior

46 2067 179 2122 forma
204 2081 300 2123 non
325 2066 563 2139 undique
607 2067 774 2135 videt,
827 2083 935 2123 non
991 2066 1229 2139 undique
1271 2069 1438 2137 audit,
1493 2086 1599 2125 non

48 2157 238 2229 undique
310 2168 499 2231 patens
574 2168 679 2216 est.
758 2160 900 2215 Deus
986 2169 1167 2217 autem
1248 2168 1391 2217 totus
1454 2161 1545 2217 lux
1583 2203 1598 2228 ,

48 2258 160 2306 totus
180 2250 373 2319 oculus,
404 2260 552 2306 totus
572 2252 747 2317 auris,
807 2260 953 2307 totus
1003 2266 1196 2308 manus
1224 2262 1309 2309 est
1335 2255 1600 2325 potentis-

49 2343 154 2398 sima
178 2343 288 2399 102.
321 2343 463 2415 Ergo
510 2345 847 2400 mentiuntur
875 2344 1213 2416 Scriptum?
1258 2346 1435 2402 Absit.
1487 2346 1593 2403 Sed

49 2452 144 2493 esse
174 2438 222 2492 in
250 2438 459 2495 homine
490 2438 751 2507 quiddam
781 2438 1029 2507 interius,
1072 2440 1217 2509 quod
1262 2439 1437 2494 Homo
1480 2440 1603 2511 qui-

51 2528 145 2584 dem
167 2541 215 2585 et
240 2530 350 2600 ipse
392 2540 637 2595 vocetur,
672 2531 971 2601 Apostolus
998 2531 1199 2587 Paulus
1248 2547 1348 2587 nos
1389 2531 1605 2587 instruit

52 2621 198 2678 dicens
247 2640 261 2677 :
306 2620 371 2677 Et
418 2623 464 2677 si
507 2627 735 2679 exterior
780 2633 949 2678 noster
996 2622 1167 2678 Homo
1217 2626 1601 2695 corrumpitur,

54 2714 120 2768 sed
159 2716 348 2769 interior
389 2717 623 2786 quotidie
667 2726 942 2773 renovatur
982 2716 1052 2789 (11
1091 2715 1213 2773 Cor.
1246 2734 1322 2786 tv,
1352 2717 1444 2789 16)
1474 2719 1600 2776 103.

55 2805 128 2861 llic
149 2809 300 2864 estad
341 2810 631 2882 imaginem
665 2812 756 2867 Dei
789 2812 996 2867 factus:
1029 2827 1191 2882 quem
1238 2821 1355 2869 νοῦν
1399 2813 1493 2884 (id
1524 2823 1608 2871 est

57 2902 270 2971 mentem)
298 2917 552 2960 vocamus
579 2921 592 2957 :
622 2904 717 2974 qui
744 2904 855 2960 Deo
880 2905 1050 2975 possit
1078 2906 1270 2961 similis
1305 2920 1429 2961 esse
1457 2914 1604 2973 tunc,

55 2993 229 3060 quando
271 2996 614 3065 impassibilis
661 2996 766 3052 104
805 3015 817 3050 ;
870 2997 996 3052 dum
1048 2996 1418 3062 inconcussus,
1466 2998 1596 3053 dum

58 3082 205 3140 beatus
228 3095 277 3143 et
302 3097 541 3156 sanctus,
569 3098 624 3145 et
647 3090 765 3146 sine
795 3090 900 3145 fine
935 3089 1078 3162 (sine
1106 3090 1231 3155 ﬁne,
1264 3106 1434 3162 usque
1462 3092 1513 3146 itt
1548 3092 1610 3145 fi-

1706 1894 1789 1940 rat
1817 1903 1828 1938 :
1862 1901 1929 1940 ne
1957 1886 2060 1940 hoc
2086 1884 2302 1954 quidem
2329 1885 2447 1939 sine
2468 1884 2564 1940 illo
2589 1884 2703 1941 fieri
2733 1900 2922 1954 passus
2946 1885 3069 1941 118.
3093 1885 3204 1941 Nec
3229 1894 3310 1940 ta-

1706 1992 1827 2033 men
1856 1977 2140 2047 quisquam
2178 1977 2406 2032 idoneus
2435 1984 2586 2041 erat,
2617 1976 2707 2045 qui
2739 1976 3015 2032 hominem
3046 1977 3311 2047 patienter

1704 2069 1935 2124 tolerare
1959 2067 2228 2139 (Fortasse
2262 2068 2535 2140 legendum
2575 2077 2648 2123 est
2692 2069 2919 2135 tollere,
2952 2068 3017 2123 de
3064 2077 3312 2135 potestate

1701 2163 1895 2218 scilicet
1924 2162 2173 2217 dtentonis
2198 2160 2219 2231 )
2252 2168 2472 2231 posset,
2503 2170 2594 2216 aut
2622 2170 2836 2227 nosset,
2871 2170 2964 2216 attt
3010 2169 3312 2230 potestates

1706 2253 1866 2324 hujus
1897 2252 2081 2307 mundi
2109 2260 2165 2307 et
2195 2251 2383 2307 harum
2417 2252 2758 2307 tenebrarum
2789 2253 3073 2324 quisquam
3103 2262 3315 2323 poterat

1705 2359 1984 2415 superare,
2013 2353 2106 2399 aut
2135 2352 2364 2399 mortem
2393 2345 2633 2410 vincere,
2664 2343 2873 2399 inferna
2902 2359 3169 2413 reserare,
3198 2346 3312 2401 vir-

1706 2444 1908 2503 tutem,
1957 2445 2013 2493 et
2041 2444 2361 2507 potestatem
2395 2436 2597 2505 peccati
2647 2435 2925 2492 eradicare
2962 2438 3213 2506 penitus,
3256 2446 3314 2493 et

1705 2528 1910 2595 delere,
1945 2529 2045 2584 nisi
2075 2527 2245 2584 Filius
2277 2528 2406 2592 Dei,
2438 2528 2528 2598 qui
2558 2527 2613 2582 itt
2643 2526 2846 2583 factura
2880 2529 3115 2584 hominis
3146 2529 3315 2599 parti-

1706 2636 1834 2692 ceps
1861 2636 1983 2677 cum
2025 2621 2184 2676 Patre
2226 2619 2437 2687 funerat,
2470 2620 2565 2691 qui
2595 2629 2649 2676 et
2690 2636 2749 2676 se
2776 2632 2960 2691 posset
2992 2621 3043 2676 itt
3092 2621 3312 2677 homine

1710 2716 1921 2783 celare,
1950 2721 2007 2770 et
2030 2713 2303 2771 hominem
2333 2729 2455 2769 cum
2490 2713 2602 2769 Deo
2643 2715 2873 2769 mixtum
2898 2714 3126 2770 virtutes
3153 2714 3313 2783 perfi-

1707 2822 1859 2873 cere,
1902 2817 1957 2863 et
1985 2806 2241 2863 exhibere
2270 2807 2376 2863 119
2406 2823 2419 2860 :
2454 2821 2551 2878 per
2576 2805 2719 2862 hunc
2743 2806 2939 2862 deletis
2970 2807 3167 2862 nostris
3191 2805 3312 2863 cbi-

1710 2898 1997 2971 rographis
2035 2908 2377 2970 peccatorum
2408 2898 2631 2970 (Cotoss.
2671 2914 2742 2963 ιι,
2787 2896 2877 2971 14)
2906 2898 2973 2955 ad
3012 2899 3178 2956 Deum
3207 2898 3311 2954 Pa-

1711 3001 1848 3045 trem
1879 2990 2086 3059 pacati,
2118 2999 2173 3045 et
2204 2990 2298 3046 Dei
2338 2990 2430 3045 lilii
2477 2989 2602 3045 facti
2645 2991 2690 3060 (l
2716 2990 2875 3045 Joan.
2908 3005 3003 3057 ιιι,
3034 2988 3088 3062 1)
3129 3004 3316 3062 posse-

1712 3098 1833 3139 mus
1858 3082 2117 3139 accedere
2146 3083 2270 3138 120.
2297 3084 2525 3139 Mittitur
2555 3083 2713 3154 igitur
2740 3082 2833 3139 Dei
2856 3083 3018 3151 ﬁlius,
3051 3091 3110 3140 et
3140 3082 3315 3141 homi-

57 3191 168 3245 nem,
204 3189 302 3247 aut,
345 3182 388 3235 si
429 3182 542 3247 vis,
585 3180 704 3237 sine
730 3180 1064 3245 infidelitate,
1096 3182 1174 3237 vel
1202 3182 1253 3237 in
1298 3180 1423 3252 fide)
1460 3182 1618 3240 fuerit
1644 3183 1687 3246 C
1722 3192 1843 3232 item
1888 3176 2118 3232 latenter
2163 3176 2383 3231 intravit
2429 3175 2579 3248 (Luc.
2612 3174 2666 3247 ι)
2698 3192 2711 3229 ε
2746 3175 2862 3230 Νοη
2901 3191 3011 3247 quo
3050 3185 3317 3233 metueret

56 3271 378 3340 comprobatus
410 3273 530 3330 I05.
564 3272 924 3344 Liberumque
941 3273 1246 3339 arbitrium,
1269 3282 1322 3329 et
1344 3288 1600 3343 capacem

55 3361 250 3418 animum
273 3362 415 3419 dedit
440 3380 553 3421 non
582 3365 701 3421 sine
728 3365 845 3435 lege
868 3365 1084 3420 vivendi
1120 3364 1247 3431 100,
1275 3382 1343 3420 ne
1374 3380 1600 3437 magnus

55 3454 293 3512 etsolutus
318 3473 348 3513 a
375 3458 514 3530 lege,
560 3459 927 3514 animantibus
964 3458 1214 3514 omnibus
1250 3467 1557 3529 atquaretur
1587 3476 1602 3515 :

58 3546 200 3603 addita
225 3551 636 3608 comminatione
679 3562 801 3623 post
839 3552 1040 3623 legem,
1074 3559 1154 3618 ut,
1187 3553 1234 3607 si
1260 3561 1504 3608 servnret
1532 3552 1608 3607 le-

58 3654 168 3706 gem,
201 3642 248 3697 in
284 3644 640 3700 aeternitatem
667 3643 903 3711 veniret;
930 3644 977 3701 si
1002 3658 1110 3699 non
1138 3653 1436 3710 servasset,
1464 3657 1609 3699 mor-

62 3739 142 3784 tem
165 3733 251 3789 sibi
279 3746 504 3806 pareret,
538 3736 816 3792 amitteret
854 3747 909 3791 et
948 3737 1176 3793 salutem
1222 3736 1378 3808 (Gen.
1410 3751 1481 3803 ιι,
1512 3735 1603 3807 16)

68 3822 249 3881 107.Est
263 3836 432 3884 autem
449 3826 832 3887 bominisfacti
855 3844 1049 3885 nomen
1072 3828 1239 3883 Adam
1265 3827 1606 3901 (Gen.tt,i9).

118 3917 187 3973 Vi.
216 3920 311 3977 Sed
347 3923 470 3993 quia
508 3925 564 3978 in
593 3922 845 3979 omnibus
886 3922 1209 3979 animalibus
1251 3922 1317 3978 ad
1350 3937 1603 3993 procrea-

64 4007 222 4065 tionem
256 4027 408 4069 sexus
427 4023 655 4086 uterque
678 4023 1019 4085 processerat
1038 4013 1194 4086 (Gen.
1214 4030 1252 4080 t,
1275 4013 1347 4068 22
1368 4024 1413 4068 et
1438 4013 1570 4085 seq.)
1592 4032 1604 4069 :

64 4097 223 4159 homini
274 4122 479 4179 quoque
530 4109 807 4180 provisum
855 4116 981 4175 cst,
1035 4116 1091 4163 ut
1138 4117 1194 4164 et
1248 4108 1347 4177 ipsi
1393 4118 1613 4178 propter

62 4197 415 4258 generationem
454 4200 651 4256 mulier
699 4211 981 4270 pararetur
1024 4198 1200 4273 (Gen.
1264 4216 1315 4265 ι,
1373 4200 1474 4267 27;
1530 4217 1607 4269 ιι,

63 4282 131 4349 90,
154 4288 207 4344 21
239 4332 253 4356 ,
277 4302 322 4347 et
354 4294 483 4365 seq.)
517 4310 533 4347 :
565 4303 621 4351 et
649 4294 787 4350 facta
830 4303 945 4361 est,
988 4294 1127 4349 sicut
1183 4292 1459 4363 Scriptura
1500 4301 1613 4350 tes-

65 4382 173 4434 tatur
223 4400 483 4458 :quatque
520 4385 663 4442 Hera
687 4384 857 4457 (Gen.
885 4401 973 4452 ιιι,
1004 4386 1117 4458 20)
1169 4400 1365 4442 nomen
1406 4384 1616 4456 accepit

66 4470 146 4527 108
172 4490 183 4528 :
210 4492 356 4548 quam
392 4496 561 4549 atque
590 4479 727 4552 legis
769 4479 1109 4551 prtescriptio
1152 4493 1253 4536 nec
1279 4494 1310 4534 a
1332 4478 1609 4544 mercede,

1705 3283 2030 3339 quemquam
2058 3267 2150 3339 qui
2170 3277 2287 3325 erat
2309 3269 2548 3323 omnium
2572 3268 2861 3334 dominus;
2890 3268 2988 3324 sed
3018 3284 3087 3323 ne
3117 3269 3319 3325 Diabo-

1708 3365 1789 3420 lus
1814 3362 1879 3418 ad
1912 3364 2183 3419 hominem
2206 3404 2221 3430 ,
2254 3362 2343 3432 qui
2373 3362 2484 3417 Deo
2514 3364 2713 3419 mixtus
2737 3374 2876 3429 erat,
2906 3365 3121 3420 timeret
3148 3379 3309 3422 occe-

1707 3455 1838 3511 dere
1869 3473 1882 3508 :
1917 3464 1973 3511 et
1997 3456 2175 3510 minus
2203 3464 2500 3523 prostratus
2531 3455 2785 3511 Diabolus
2812 3456 2881 3511 ab
2907 3455 3130 3513 homine
3157 3456 3310 3513 vide-

1708 3556 1879 3611 retur,
1912 3546 1958 3601 si
2003 3547 2122 3602 sine
2149 3558 2407 3613 accessu,
2434 3556 2489 3602 et
2521 3547 2821 3602 certamine
2845 3546 3155 3605 vinceretur
3184 3549 3312 3605 121.

1711 3639 1787 3694 Es
1820 3638 2037 3709 Virgine
2078 3637 2242 3708 igitur
2290 3638 2492 3706 Spiritu
2542 3637 2753 3693 Domini
2795 3642 3213 3711 superveniente,
3266 3650 3318 3697 et

1710 3732 1894 3785 virtute
1928 3730 2179 3785 Attissimi
2231 3732 2561 3785 obumbrante
2588 3731 2739 3803 (Luc.
2774 3748 2826 3800 ι,
2859 3732 2978 3804 56),
3021 3734 3318 3791 secundum

1713 3822 1985 3878 hominem
2013 3820 2217 3877 Christi
2257 3822 2521 3878 Nativitas
2558 3823 2830 3879 celebrata
2861 3836 2979 3894 est,
3026 3836 3077 3882 et
3126 3840 3319 3884 omnes

1713 3914 1973 3984 transegit
1992 3922 2199 3980 aetates,
2227 3924 2282 3969 ut
2307 3928 2498 3971 omnes
2526 3914 2642 3971 fere
2666 3915 2939 3973 discerent
2968 3918 3141 3975 Deum
3166 3918 3271 3975 122
3299 3936 3314 3974 :

1713 4004 1831 4061 haec
1858 4004 2038 4061 omnia
2065 4020 2187 4061 esse
2227 4007 2285 4061 in
2316 4006 2435 4077 lege
2463 4016 2518 4063 et
2559 4006 2845 4077 Prophetis
2874 4020 3003 4065 ante
3027 4010 3283 4080 pratdicta
3301 4052 3318 4079 ,

1716 4107 1774 4154 ut
1803 4113 1891 4154 res
1929 4101 2063 4155 mira
2107 4100 2392 4164 omnibus,
2442 4100 2718 4157 incredula
2764 4117 2869 4156 non
2915 4104 3070 4158 ﬁeret
3107 4104 3317 4160 subita-

1717 4192 1864 4248 tione
1894 4207 1909 4247 :
1938 4200 1995 4248 et
2024 4193 2306 4264 praeteriti,
2336 4190 2530 4261 quibus
2556 4192 2661 4246 hoc
2708 4191 2978 4261 inspicere
3006 4194 3181 4250 oculis
3209 4210 3317 4252 non

1714 4292 1960 4363 contigit,
1989 4292 2037 4347 si
2061 4301 2344 4363 sperarent
2372 4291 2491 4346 sine
2514 4290 2680 4346 dubio
2717 4294 2769 4346 in
2797 4292 3031 4349 adventu
3057 4294 3194 4366 ejus,
3226 4295 3318 4368 qui

1720 4386 2131 4457 prmdicabatur,
2160 4400 2190 4440 a
2215 4384 2465 4455 contagio
2491 4394 2713 4454 possent
2735 4394 2956 4443 attenta:
2976 4389 3168 4445 mortis
3194 4404 3323 4446 eva-

1716 4478 1847 4535 dere
1876 4477 2001 4536 125.
2025 4477 2117 4533 Sic
2146 4476 2309 4549 igitur
2338 4477 2392 4533 in
2420 4478 2578 4534 terris
2607 4478 2754 4535 visus
2782 4488 2866 4536 est
2893 4480 3034 4537 Deus
3055 4490 3238 4538 tantus
3258 4498 3323 4541 ac

66 4584 141 4626 nec
176 4590 203 4629 a
241 4579 490 4649 supplicio
531 4580 819 4651 separabst
850 4577 972 4634 109.
1007 4576 1116 4635 Sed
1162 4587 1445 4648 postquam
1489 4576 1611 4631 uni-
1638 4578 1691 4640 D
1719 4571 1840 4627 talis
1868 4569 2013 4625 filius
2043 4569 2160 4637 Dei,
2184 4578 2444 4641 quantum
2471 4570 2559 4626 vel
2586 4573 2804 4642 qualem
2832 4572 2979 4629 illum
3014 4574 3321 4633 humanitas

66 4674 183 4718 tersa
211 4667 337 4727 Deus
364 4686 456 4741 per
483 4670 801 4729 Sermonem
833 4684 990 4725 suum
1019 4668 1097 4737 (id
1127 4676 1213 4724 est
1240 4666 1461 4740 Filium)
1489 4681 1614 4738 per-

68 4750 172 4811 fecta
201 4770 346 4831 atque
372 4774 631 4821 exornata
660 4763 910 4830 vidisset;
956 4762 1138 4819 omnia
1183 4777 1306 4832 quae
1347 4776 1469 4817 cum
1511 4762 1615 4815 hoe

68 4847 179 4905 mine
202 4864 361 4923 erant,
393 4858 559 4926 ipsius
590 4856 806 4914 tradidit
826 4856 1076 4927 potestati
1108 4854 1263 4928 (Gen.
1298 4855 1339 4921 Ι,
1367 4855 1484 4924 28).
1516 4853 1614 4909 Cui

66 4952 159 4994 cum
183 4948 343 5002 omnia
394 4949 588 5007 tradita
614 4950 822 5006 videret
845 4947 1080 5015 Lucifer,
1117 4945 1321 5003 homini
1351 4946 1615 5000 miseran-

67 5026 144 5085 dus
169 5034 338 5094 invidit
374 5039 526 5114 (Gen.
561 5058 655 5107 ιιι,
685 5042 743 5108 1,
769 5041 915 5113 etc.).
945 5039 1104 5114 (Nam
1142 5049 1226 5096 est
1264 5048 1319 5096 et
1348 5039 1479 5109 ipsis
1505 5054 1611 5095 non

68 5134 251 5185 peccare
274 5128 514 5200 liberum,
546 5143 600 5191 et
625 5133 866 5201 licitum,
904 5136 947 5203 si
974 5133 1124 5203 jussa
1150 5131 1523 5198 servaverint,
1559 5133 1611 5187 in

70 5209 348 5280 beatitudine
378 5229 736 5298 permanere).
770 5227 864 5285 Dei
895 5228 1067 5298 legem
1100 5236 1154 5283 et
1190 5228 1336 5297 jussa
1368 5242 1464 5297 per
1495 5242 1613 5282 mu-

72 5302 222 5366 lierem
270 5320 556 5389 transgredi
589 5321 857 5391 persuasit
884 5318 1038 5393 (Gen.
1097 5335 1192 5385 ιιι,
1224 5320 1277 5383 1,
1334 5327 1383 5372 et
1429 5318 1609 5387 seq.):

74 5406 115 5450 ιιι
143 5415 250 5459 reus
276 5407 426 5465 homo
450 5413 826 5469 tnandatorum
861 5413 1012 5469 fieret
1046 5413 1174 5477 Dei,
1206 5422 1262 5468 et
1305 5412 1358 5467 in
1396 5420 1616 5468 senten-

75 5487 173 5545 tiam
205 5498 400 5558 caderet
438 5504 585 5573 (Gen.
615 5522 687 5574 tt,
717 5505 811 5578 17)
840 5506 961 5563 110.
996 5505 1217 5576 Ejecms
1262 5513 1346 5560 est
1372 5505 1534 5577 igitur
1561 5505 1614 5562 in

78 5577 190 5671 hunc
245 5597 483 5653 mundum
525 5598 756 5671 (Genes.
790 5577 881 5664 ιιι,
934 5600 1001 5655 17
1047 5609 1094 5654 et
1132 5615 1237 5669 seq.
1268 5599 1337 5671 ):
1382 5614 1505 5655 nam
1563 5600 1615 5654 in

79 5669 307 5750 Paradiso,
333 5686 454 5745 dum
482 5669 595 5748 sine
631 5701 850 5762 peccato
879 5691 1103 5754 fuisset,
1137 5669 1413 5748 habitabat
1458 5690 1614 5764 (Gen.

83 5771 245 5845 1:1,23)
273 5779 383 5841 111.
412 5778 516 5844 Sed
545 5788 667 5859 quia
696 5796 817 5859 post
848 5786 1333 5860 transgressionem
1369 5786 1618 5847 homines

1723 4671 1907 4733 posset
1929 4662 2195 4735 aspicere.
2224 4662 2357 4718 Nam
2384 4663 2475 4735 qui
2502 4663 2557 4719 in
2585 4672 2770 4721 monte
2796 4666 3114 4735 majestatis,
3144 4677 3197 4723 et
3223 4667 3327 4724 bo-

1720 4757 1907 4814 nitatis
1935 4771 2049 4814 sua:
2073 4761 2309 4829 speciem
2340 4758 2581 4814 tribuens
2608 4757 2854 4814 exhibuit
2873 4759 3172 4831 Apostolis,
3196 4777 3321 4819 cum

1720 4850 1884 4907 iacies
1904 4852 2022 4920 ejus
2051 4851 2455 4922 splendillcaret
2476 4848 2693 4924 (Matth.
2723 4866 2854 4918 xvn,
2882 4852 2934 4917 l;
2965 4850 3096 4909 Luc.
3117 4869 3194 4923 ts,
3224 4854 3318 4923 29;

1718 4943 1762 4999 11
1794 4943 1940 4999 Petri
1969 4959 2005 5004 ι.
2039 4946 2156 5017 17),
2201 4954 2259 5000 ιιι
2294 4946 2466 5000 virtus
2494 4944 2627 5001 solis
2655 4945 2985 5015 processisse
3021 4947 3319 5019 videretur,

1718 5046 1924 5095 vestem
1955 5049 2135 5094 autem
2159 5037 2229 5093 ita
2256 5045 2524 5110 gestaret,
2553 5045 2614 5093 ut
2642 5038 2765 5093 nive
2793 5038 3076 5095 candidior
3104 5040 3321 5097 videre-

1721 5146 1839 5203 tur;
1866 5147 1922 5193 et
1948 5146 2127 5194 tamen
2148 5136 2262 5208 jam
2290 5136 2509 5203 eruditi,
2536 5139 2649 5209 jam
2678 5139 2845 5207 docti,
2872 5140 2985 5211 jam
3015 5143 3189 5198 sancti
3211 5144 3323 5199 cla-

1719 5230 1933 5287 ritatem
1962 5245 2069 5285 non
2114 5237 2403 5300 potuerunt
2429 5230 2557 5286 Jesu
2588 5232 2860 5289 sustinere
2886 5233 3170 5305 discipuli,
3204 5236 3323 5307 ejus

1720 5323 1930 5379 scilicet
1975 5322 2066 5393 qui
2095 5322 2469 5379 universorum
2514 5324 2790 5381 hominum
2826 5327 2953 5383 vitia
2996 5308 3069 5384 ac
3101 5339 3321 5399 peccata

1722 5415 1898 5472 adhuc
1920 5414 2155 5472 curanda
2179 5426 2490 5485 susceperat
2516 5417 2698 5480 (Joan.
2725 5434 2765 5486 ι,
2787 5418 2903 5492 29).
2931 5420 3069 5489 Quid
3110 5423 3154 5476 si
3179 5422 3323 5479 Deus

1724 5516 1905 5564 tantus
1934 5507 2193 5575 venisset,
2225 5518 2284 5563 ut
2308 5507 2631 5575 claritatem,
2660 5519 2715 5564 et
2743 5520 3060 5580 potestatem
3092 5514 3325 5570 homini-

1726 5599 1826 5654 bus
1854 5597 2205 5655 ostenderet?
2236 5598 2489 5654 Forsitan
2517 5600 2693 5656 omnis
2720 5611 2969 5661 creatura
2997 5604 3231 5661 invalida
3270 5617 3326 5663 et

1724 5707 1916 5749 casura
1960 5691 2361 5748 succumberet.
2397 5690 2505 5749 Sed
2533 5693 2746 5751 salvare
2774 5707 2996 5754 venerat
3038 5699 3180 5757 illius
3228 5700 3325 5758 Dei

1730 5785 1853 5845 124.
1876 5784 1953 5843 Ita
1976 5784 2136 5842 homo
2158 5792 2319 5855 parto
2332 5798 2580 5857 corpore,
2603 5785 2745 5848 Deus
2766 5789 2823 5847 in
2846 5778 3113 5863 potestate
3140 5791 3321 5868 (Joan.
