3958 6194
589 267 697 324 745

1793 260 2037 320 SANCTI
2079 259 2335 318 HILARII
2375 257 2682 319 EPISCOPI

3793 264 3885 318 7M

590 385 718 442 nitis
773 392 829 441 et
878 383 1034 440 Dives
1087 387 1458 454 temperetur,
1511 387 1567 436 et
1618 377 1834 447 Pauper
1885 377 2271 439 subleveturA
2301 383 2356 430 et
2401 373 2811 436 sacerdotibus.
2863 387 3053 430 verum
3106 373 3271 430 etiam
3323 373 3583 430 omnibus
3645 374 3885 434 fratribus

597 479 728 535 162..

661 569 752 626 XI.
783 567 936 624 Nunc
976 566 1085 637 jam
1131 553 1200 622 de
1239 580 1371 622 sexu
1410 565 1717 636 loquamur.
1766 561 1942 620 Sexus
1990 561 2081 616 ille
2111 569 2195 616 est

590 660 892 726 masculus,
939 666 998 716 et
1036 658 1270 725 femina;
1303 657 1358 713 id
1400 666 1486 715 est
1522 657 1626 723 vir,
1668 665 1725 713 et
1752 655 1966 710 mulier.
2012 654 2078 709 Et
2114 654 2196 708 vir

587 755 802 828 quidem
842 764 964 823 post
989 769 1074 818 ea,
1104 769 1226 825 qum
1247 767 1409 826 supra
1431 749 1981 823 comprehendimus.
2019 748 2084 803 ad
2115 747 2195 803 in-

588 847 932 904 stitutionem
988 846 1112 902 vita:
1157 845 1402 901 melioris
1464 844 1627 900 etiam
1680 841 1810 898 illud
1864 841 2025 898 debet
2069 855 2194 897 cum

587 940 842 998 omnibus
856 938 1159 1004 custodire,
1179 947 1235 994 ut
1262 937 1488 994 Uxorem
1511 953 1656 992 suam
1669 936 1871 1010 diligat,
1895 936 2026 991 sicut
2047 933 2198 989 Chri-

588 1048 697 1093 stus
724 1036 908 1092 dilexit
935 1035 1223 1092 Ecclesiam
1271 1036 1292 1105 (
1310 1032 1501 1105 Ephcs.
1549 1048 1604 1098 ν,
1633 1030 1740 1103 25)
1770 1048 1785 1085 :
1817 1031 1880 1086 ut'
1898 1030 2076 1086 omnia
2105 1043 2199 1101 ge-

591 1145 715 1186 rere
753 1145 861 1184 uno
887 1129 1070 1184 animo
1113 1125 1327 1199 (Codex
1373 1142 1470 1180 ms.
1526 1123 1802 1179 habet:ut
1825 1122 1972 1178 omni
2009 1119 2200 1192 generi

594 1221 907 1290 unianimo)
936 1219 1239 1276 concordes
1281 1219 1385 1274 rite
1415 1217 1626 1288 possint
1661 1213 1824 1270 Deum
1867 1214 1930 1268 de
1965 1213 2200 1268 omnibus

591 1315 876 1388 deprecari,
903 1315 1125 1369 levantes
1137 1328 1322 1367 manus
1348 1326 1506 1383 puros
1523 1310 1632 1364 sine
1650 1309 1732 1363 ira
1759 1317 1808 1364 et
1834 1307 2200 1379 disceptatione

589 1406 648 1479 (l
676 1407 902 1463 Timoth.
936 1423 1012 1473 ιι,
1038 1403 1112 1479 8)
1163 1424 1179 1461 :
1207 1403 1301 1461 sed
1329 1405 1508 1461 omnia
1538 1402 1667 1458 ﬁant
1697 1401 1762 1457 ad
1785 1399 2199 1456 aediﬁcationem

591 1499 869 1556 Deiﬁcam.
900 1497 1107 1554 Deinde
1133 1495 1534 1566 conjunctionis
1569 1493 1843 1550 vinculum
1872 1490 2065 1562 pudica
2087 1532 2102 1556 ,
2145 1498 2202 1546 et

590 1591 861 1648 communi
883 1589 1133 1647 castitate
1153 1603 1379 1660 gerere;
1411 1595 1466 1643 et
1488 1597 1615 1642 tunc
1636 1583 1955 1649 convenire,
1983 1580 2200 1653 quando

589 1686 676 1743 vel
700 1683 1067 1757 generationis
1096 1692 1183 1739 est
1222 1680 1638 1750 contemplatio,
1666 1685 1759 1734 aut
1783 1675 2047 1732 orationis
2090 1689 2198 1731 non

2301 465 2347 538 (l
2396 463 2544 521 Petri
2572 480 2643 531 ιι,
2694 465 2789 536 t3)
2825 464 2947 520 167.
2979 464 3167 538 Neque
3195 480 3257 522 se
3290 466 3385 522 ulli
3421 479 3744 536 praeponere
3783 467 3886 522 viro

2295 556 2757 626 contemplatione
2786 570 2948 612 sexus
2974 556 3016 630 (Ι
3033 556 3356 630 Petrint,7)
3381 557 3520 615 168:
3564 557 3815 629 quoniam
3839 571 3885 614 et

2295 665 2420 705 cum
2444 649 2623 705 omnia
2652 649 2888 721 legitime
2915 647 3204 719 perfecerit
3225 692 3240 716 ,
3271 647 3324 704 in
3360 649 3535 704 virum
3557 663 3884 705 consumma.

2297 743 2445 800 bitur
2465 742 2762 814 perfectum
2779 741 3000 816 (Ephes.
3020 758 3098 811 tv,
3128 742 3244 816 l3).
3267 743 3379 799 lmo
3402 753 3623 814 appetat
3648 744 3882 800 virtutem

2295 846 2707 891 consecuturam
2735 836 2959 906 gloriam
2979 877 2994 896 .
3039 851 3205 892 sexus
3235 836 3549 893 inﬁrmitate
3577 852 3686 892 non
3727 847 3886 893 retar-

2298 929 2450 996 data,
2506 931 2794 986 sanctitate
2845 937 2902 986 et
2950 931 3149 986 virtute
3203 930 3390 995 animi,
3453 942 3508 987 et
3557 931 3709 987 omni
3769 947 3889 987 con-

2297 1021 2524 1078 tlnentia
2567 1031 2623 1079 et
2657 1021 2909 1094 passione
2967 1021 3160 1078 devota
3213 1021 3342 1078 viris
3386 1020 3712 1093 justissimis
3759 1039 3888 1080 cca:-

2296 1123 2511 1187 qnetur.
3365 1121 3408 1180 ἶ-

2371 1207 2486 1262 XII.
2509 1207 2628 1264 Jam
2657 1216 2876 1264 aetatum
2910 1222 3090 1264 sermo
3117 1208 3381 1266 habeatur
3409 1209 3463 1264 in
3493 1209 3745 1266 manibus
3773 1210 3887 1267 169.

2301 1301 2369 1356 Et
2400 1304 2576 1373 primo
2605 1303 2823 1374 quidem
2869 1303 3106 1358 arbitror
3138 1301 3418 1358 infantiam
3461 1301 3812 1359 differendam
3845 1306 3889 1358 iu

2301 1393 2567 1460 doctrina,
2595 1394 2720 1465 quia
2739 1395 2827 1450 vel
2846 1391 3106 1465 qualitate
3135 1396 3414 1466 temporis,
3438 1394 3524 1449 vel
3559 1395 3758 1459 aetatis,
3785 1411 3895 1451 ver-

2300 1485 2428 1541 bum
2461 1485 2699 1542 doctoris
2733 1501 2838 1544 non
2881 1494 3059 1556 potest
3096 1485 3404 1544 substituere
3437 1488 3562 1546 170.
3594 1487 3667 1544 Ει
3707 1486 3892 1559 quibus

2300 1578 2553 1634 omnibus
2596 1578 2772 1634 aetatis
2800 1577 3009 1635 defectu
3038 1578 3090 1633 in
3121 1579 3400 1645 malitiam,
3442 1587 3499 1635 et
3542 1579 3892 1635 innocentiam

2304 1670 2602 1726 naturalem
2627 1671 2747 1726 dari
2773 1679 3041 1741 praecepta
3072 1686 3176 1725 nott
3205 1680 3466 1742 possunt,
3495 1673 3552 1727 in
3579 1670 3773 1726 horum
3809 1671 3895 1724 ad-

589 1785 810 1836 revocat
849 1785 1064 1847 tempus
1093 1773 1153 1846 (l
1183 1772 1303 1830 Cor.
1331 1789 1437 1840 vn,
1465 1770 1544 1842 5).
1575 1769 1890 1827 Orationem
1918 1775 2100 1824 autem
2135 1766 2202 1824 il-
2231 1768 2279 1830 B
2306 1760 2658 1817 munitionem
2687 1769 2940 1830 parentes
2961 1770 3086 1817 sunt
3104 1761 3514 1834 constringendi
3543 1779 3558 1817 :
3584 1777 3891 1834 quamquam

590 1871 697 1928 lam
728 1877 1008 1940 computo,
1039 1880 1162 1938 quas
1196 1865 1344 1921 omni
1372 1871 1839 1920 sacramentorum
1872 1858 2198 1928 ministerio,

590 1972 648 2020 et
670 1962 1166 2021 communicatione
1192 1957 1499 2014 celebratur
1530 1955 1654 2013 165.
1688 1955 1958 2012 Caeterum
1997 1962 2081 2009 est
2108 1951 2204 2008 de-

590 2055 850 2128 precatio,
883 2062 938 2109 et
980 2051 1251 2118 adoratio,
1277 2049 1708 2120 exomologesis,
1735 2055 1790 2101 et
1835 2043 2202 2116 interpellatio

591 2145 636 2220 (l
661 2143 891 2201 Timoth.
927 2159 1003 2209 ιι,
1035 2141 1115 2214 1),
1145 2151 1200 2198 et
1227 2151 1444 2208 votum,
1475 2155 1597 2210 qua:
1633 2137 1814 2194 omnia
1859 2151 1956 2192 sua
2003 2135 2206 2192 habent

590 2245 839 2308 tempora
865 2235 989 2291 164.
1031 2232 1212 2288 Virum
1251 2233 1412 2304 igitur
1440 2231 1584 2286 decet
1621 2230 1812 2284 intecto
1850 2228 2020 2298 capite
2057 2242 2206 2281 orare

593 2329 651 2403 (1
676 2328 914 2388 Corinth.
942 2343 1021 2393 ιι,
1050 2327 1085 2381 4
1113 2335 1160 2382 et
1189 2324 1246 2397 7)
1281 2342 1296 2381 :
1328 2339 1436 2381 non
1460 2333 1732 2380 comatum
1773 2319 1964 2393 (Ibid.,
1991 2337 2040 2375 υ.
2073 2319 2199 2392 M):

588 2423 866 2479 Incassum
889 2434 1014 2476 esse
1035 2418 1364 2489 simplicem,
1385 2433 1495 2472 non
1515 2418 1801 2488 jactatum,
1819 2424 1913 2469 aut
1932 2413 2201 2480 fucatum;

589 2523 649 2572 ut
689 2529 798 2572 non
837 2513 1014 2570 solum
1042 2510 1215 2569 verbo
1241 2509 1545 2567 credidisse
1565 2552 1580 2577 ,
1624 2507 1723 2565 sed
1751 2515 1806 2562 et
1837 2506 2056 2562 caeteris
2081 2519 2205 2575 spe-

588 2609 727 2666 ciem
759 2607 884 2663 vita:
912 2621 1028 2663 sua:
1053 2612 1296 2676 praestet.
1324 2602 1458 2660 Viro
1484 2602 1629 2657 enim
1655 2598 1804 2656 omni
1835 2596 2097 2667 competit
2117 2611 2206 2652 sa-

588 2701 879 2759 cerdotare
907 2700 1017 2756 Deo
1044 2698 1102 2773 (l
1135 2697 1362 2753 Timoth.
1390 2712 1458 2763 ιι,
1492 2694 1574 2769 8).
1604 2695 1676 2750 Et
1711 2695 1785 2750 ita
1825 2693 1988 2749 debet
2015 2703 2123 2747 tam
2150 2691 2204 2748 in

589 2793 929 2851 catechismo
971 2792 1078 2865 (Id
1117 2803 1192 2847 est
1219 2791 1275 2846 in
1320 2791 1703 2859 instructions),
1742 2802 1904 2859 quam
1935 2788 2096 2843 etiam
2149 2785 2204 2841 in

589 2888 727 2946 laica
753 2889 864 2944 vita
897 2885 1371 2944 conversationem
1414 2897 1568 2939 suam
1598 2879 2009 2937 mundissimam
2050 2877 2205 2935 exhi-

588 2981 741 3048 bere,
771 2989 830 3036 ut
854 2990 909 3037 et
933 2980 978 3036 si
1007 2988 1220 3050 tempor
1249 2995 1262 3032 :
1287 2975 1401 3049 (Ita
1430 2976 1622 3051 tegitur
1647 2976 1701 3030 in
1725 2991 1824 3029 nts.
1855 2973 2054 3043 codice)
2086 2987 2206 3028 mu-

591 3091 723 3134 nere
761 3085 925 3148 atque
953 3072 1138 3130 ofﬁcio
1165 3070 1500 3129 Sacerdotali
1540 3085 1650 3126 non
1681 3068 1942 3140 fungitur,
1970 3066 2096 3122 vitae
2118 3073 2202 3121 ta-

2304 1854 2594 1911 accedente
2619 1863 2778 1910 aetate
2813 1853 3053 1911 Ecclesia
3072 1870 3178 1910 non
3199 1855 3392 1923 deerit,
3423 1870 3528 1912 nec
3554 1856 3790 1912 cessabit
3809 1856 3890 1911 ad-

2305 1948 2597 2005 monendo.
2627 1949 2819 2005 Pucris
2839 1956 3018 2004 autem
3045 1949 3174 2005 illud
3195 1949 3580 2006 insinuandum
3621 1951 3824 2022 primo,
3845 1963 3893 2007 ut

2305 2041 2456 2098 nullo
2485 2041 2734 2098 audiendi
2765 2042 2944 2098 desint
2969 2051 3243 2114 tempore,
3271 2043 3396 2114 quia
3423 2059 3526 2100 nec
3579 2045 3746 2101 semel
3786 2059 3894 2113 pos-

2305 2143 2436 2192 sunt
2453 2135 2634 2191 omnia
2659 2135 2961 2206 perdoceri.
2987 2136 3194 2192 Deinde
3224 2144 3282 2192 ut
3308 2135 3679 2194 innocentiam
3707 2139 3892 2207 simpli-

2305 2229 2458 2284 citati
2487 2228 2838 2300 coniungant,
2859 2244 2928 2285 ne
2955 2229 3238 2299 pueritiam
3270 2230 3326 2285 in
3353 2230 3579 2286 malitia:
3601 2245 3892 2301 persevera-

2307 2321 2454 2377 tione
2479 2322 2817 2376 continuent.
2841 2319 3288 2388 Custodiendum,
3311 2332 3369 2378 et
3391 2321 3807 2388 observandum,
3831 2338 3892 2377 ne

2307 2414 2361 2469 in
2383 2413 2595 2470 caeteris
2621 2414 2870 2470 mtatibus
2889 2424 3304 2486 corrumpantur
3331 2415 3458 2472 171.
3484 2415 3727 2473 Naturali
3754 2417 3888 2472 boni.

2306 2509 2403 2564 tati
2435 2508 2560 2563 ﬁdei
2587 2523 2800 2580 quoque
2828 2508 3027 2564 bonum
3053 2552 3070 2578 ,
3099 2518 3154 2565 et
3189 2507 3440 2566 deiﬁcum
3473 2525 3674 2564 munus
3715 2509 3884 2580 adjun-

2306 2607 2455 2670 gant,
2480 2605 2540 2654 ut
2566 2613 2783 2670 semper
2806 2599 2969 2671 boni,
2999 2615 3217 2671 semper
3254 2601 3463 2668 sancti,
3511 2616 3728 2673 semper
3753 2603 3888 2657 inno-

2305 2702 2512 2758 centes,
2537 2708 2755 2764 semper
2786 2694 2879 2750 Dei
2918 2709 3075 2765 opus,
3107 2708 3164 2750 et
3205 2711 3312 2752 non
3361 2705 3594 2763 natum,
3625 2695 3885 2752 traditione

2305 2785 2641 2842 credulitatis
2663 2795 3030 2856 perseverent.
3059 2787 3524 2844 Considerandum
3555 2790 3665 2844 illis
3695 2789 3810 2854 172,
3837 2796 3886 2843 ιιι

2306 2879 2439 2935 casti
2462 2880 2546 2936 vel
2569 2879 2749 2950 pudici
2774 2890 3143 2952 permaneant,
3171 2881 3502 2953 frequentius
3521 2882 3591 2938 ad
3613 2883 3882 2939 Ecclesiam

2306 2973 2495 3028 venire
2543 2973 2765 3038 debere,
2811 2974 2937 3045 quia
2984 2973 3322 3046 frequentius
3371 2983 3501 3030 sunt
3545 2975 3882 3030 confirmandi

2309 3065 2446 3132 175,
2481 3065 2813 3136 frequentius
2857 3065 3276 3134 commonendi,
3307 3067 3507 3138 quibus
3535 3052 3715 3123 adhuc
3735 3081 3880 3138 prop-

590 3188 716 3228 men
745 3168 1102 3227 similitudine
1127 3165 1438 3224 sacerdotio
1463 3172 1799 3237 coaequatur.
1839 3164 1909 3217 At
1929 3174 2058 3216 vero
2085 3175 2203 3214 mu-
2230 3162 2277 3226 C
2309 3165 2389 3212 ter
2413 3151 2625 3214 mtatem
2673 3159 2852 3213 minus
2893 3159 3144 3214 stabilem
3193 3173 3371 3230 pugna
3401 3159 3608 3215 diaboli
3635 3158 3806 3214 futura
3828 3159 3882 3213 sit

591 3263 693 3320 lier
717 3262 882 3317 discat
903 3261 1113 3332 obsequi
1141 3260 1251 3314 uiro
1274 3275 1369 3314 suo
1400 3257 1616 3328 (Ephes.
1645 3272 1699 3324 v,
1727 3253 1844 3327 22),
1875 3253 2027 3308 etiam
2052 3251 2203 3306 illum

593 3357 859 3414 dominum
881 3371 1070 3411 vocans
1101 3354 1146 3426 (I
1175 3353 1322 3409 Petr.
1348 3369 1430 3418 ιιι,
1459 3349 1557 3424 6):
1588 3349 1884 3420 etquidem
1909 3359 2100 3402 omnes
2124 3344 2203 3399 vi-

593 3466 684 3509 ros
727 3458 1072 3515 revereatur;
1104 3462 1206 3504 suo
1249 3458 1427 3502 tamen
1459 3443 1667 3501 serviat
1699 3460 1711 3496 :
1747 3441 2004 3510 Quoniam
2039 3439 2204 3495 omnis

593 3544 824 3601 mulieris
852 3551 1009 3614 caput
1038 3541 1114 3597 vir
1145 3539 1362 3614 (Ephes.
1389 3554 1442 3606 v,
1469 3537 1589 3609 24).
1625 3535 1774 3593 Sciat
1814 3543 1872 3591 et
1908 3533 2027 3590 haec
2054 3541 2204 3590 caste

593 3637 778 3695 vivere
807 3652 930 3694 cum
959 3636 1078 3692 viro
1118 3649 1218 3691 suo
1262 3632 1394 3706 (Tit.
1419 3647 1489 3697 ιι,
1513 3628 1570 3702 5)
1596 3648 1608 3684 :
1639 3628 1782 3701 quod
1818 3636 1874 3684 et
1908 3628 1997 3684 ille
2025 3627 2204 3685 modis

594 3729 848 3786 omnibus
874 3727 1037 3785 faciat
1063 3743 1078 3782 :
1109 3727 1186 3783 ita
1215 3732 1276 3781 ut
1297 3724 1497 3781 nullam
1518 3723 1700 3789 aliam,
1731 3731 1935 3795 praeter
1956 3737 2200 3789 uxorem,

597 3822 811 3878 noverit
840 3821 893 3894 (l
923 3819 1123 3876 Corint.
1151 3834 1259 3885 vn,
1293 3819 1347 3884 1,
1375 3819 1431 3884 5,
1462 3820 1610 3888 etc.).
1644 3815 1817 3873 Nosse
1858 3814 2005 3872 enim
2044 3814 2207 3871 debet

595 3921 840 3985 tempora
879 3910 1296 3978 conventionis,
1328 3917 1385 3966 et
1411 3909 1690 3965 abstinere
1717 3925 1747 3963 a
1788 3907 2203 3978 conjunctione,

595 4023 719 4066 cum
755 4017 970 4079 tempus
1006 4013 1092 4063 est
1120 4005 1379 4061 orationis
1414 4003 1541 4068 165,
1575 4003 1660 4058 vel
1691 4017 1813 4057 cum
1851 4001 2044 4058 mulier
2073 4001 2208 4072 pati-

600 4109 711 4168 tur,
735 4101 822 4158 vel
849 4115 975 4157 cum
1003 4107 1126 4171 post
1154 4106 1366 4169 partum
1407 4097 1546 4152 intra
1587 4103 1832 4166 tempora
1872 4093 2206 4166 purgationis

595 4209 659 4251 se
689 4209 812 4250 esse
838 4191 1175 4264 cognoverit.
1198 4189 1316 4246 Non
1339 4189 1485 4246 enim
1507 4189 1574 4243 ad
1607 4187 1994 4259 impudicitiam
2019 4188 2206 4243 matri-

597 4285 841 4343 monium
872 4281 1147 4356 cupulavit
1175 4282 1341 4348 Deus,
1370 4279 1467 4338 sed
1497 4292 1554 4337 ut
1575 4279 1912 4352 generationi
1939 4280 2207 4348 praeberet

597 4374 939 4448 obsequium.
989 4373 1175 4430 Discat
1219 4374 1362 4430 ﬁlios
1405 4372 1640 4430 educare
1682 4373 1770 4443 pie
1819 4372 1880 4445 (Ι
1917 4369 2105 4427 Timet.
2148 4386 2202 4440 v,

600 4469 669 4526 10
702 4482 715 4519 :
743 4470 805 4526 Si
849 4469 988 4541 ﬁlios
1009 4467 1266 4539 educavit)
1294 4509 1310 4536 ,
1350 4467 1712 4525 verecundam
1741 4482 1900 4534 esse,
1941 4483 2049 4523 non
2090 4467 2203 4522 liti-

2303 3251 2520 3322 gravior
2551 3252 2674 3308 174.
2701 3251 3050 3307 Observanda
3082 3253 3190 3308 illis
3220 3254 3402 3309 omnia
3430 3269 3554 3310 cum
3584 3255 3806 3319 timore,
3835 3263 3883 3310 et

2303 3351 2433 3399 ante
2479 3345 2658 3398 omnia
2705 3345 3004 3411 cavendum
3049 3360 3079 3400 a
3131 3345 3510 3413 fornicatione,
3539 3351 3664 3416 qua:
3694 3347 3877 3402 initium

2304 3434 2573 3492 idolatriae
2615 3435 2775 3493 habet
2817 3456 2829 3490 :
2858 3445 2916 3493 et
2963 3452 3192 3494 necesse
3216 3448 3299 3494 est
3329 3447 3626 3509 utrumque
3654 3440 3875 3507 noverit,

2304 3527 2398 3597 qui
2424 3538 2641 3585 secutus
2670 3528 2832 3585 fuerit
2876 3530 3108 3587 alterum
3157 3532 3280 3587 175.
3308 3531 3452 3603 Ergo
3489 3531 3763 3602 quomodo
3782 3547 3877 3588 cm.

2305 3619 2436 3677 dere
2455 3621 2774 3692 intelligitur
2793 3633 2847 3678 et
2867 3622 3097 3680 desiisse
3121 3639 3152 3679 a
3177 3625 3448 3697 gentibus,
3472 3627 3519 3680 si
3545 3641 3613 3682 ea
3639 3641 3756 3699 qua:
3771 3642 3876 3699 gen-

2307 3712 2430 3770 tiles
2477 3713 2786 3784 designant,
2817 3715 3040 3772 recolit?
3072 3715 3217 3772 Sane
3257 3716 3625 3789 obsequentes
3659 3719 3764 3773 sint
3791 3733 3875 3773 non

2308 3809 2511 3865 solum"
2540 3810 2854 3881 parentibus
2898 3809 3123 3882 (Coloss.
3155 3827 3235 3878 ιιι,
3257 3811 3386 3886 20),
3414 3813 3514 3870 sed
3558 3823 3618 3870 et
3661 3814 3875 3870 omnibus

2305 3909 2467 3958 actate
2496 3901 2794 3972 majoribus
2813 3903 2860 3976 (Ι
2887 3902 3030 3960 Petri
3079 3905 3247 3976 v,5),
3278 3907 3323 3961 si
3364 3915 3547 3964 tamen
3573 3924 3756 3965 eorum
3783 3922 3878 3963 mo-

2307 3995 2441 4062 nita,
2482 4003 2540 4051 et
2580 3999 2757 4052 oratio
2813 3996 2960 4054 nihil
2977 3998 3222 4069 1θείιὶιηί
3263 3998 3454 4056 afferet
3507 4001 3873 4072 impedimenti.

2309 4089 2477 4144 Deum
2502 4104 2562 4145 se
2586 4099 2900 4161 computent
2929 4090 3129 4147 habere
3153 4091 3368 4148 Patrem
3401 4093 3630 4165 (Matth.
3663 4111 3738 4163 vt,
3773 4094 3828 4165 9)
3864 4111 3875 4148 :

2307 4181 2455 4238 illius
2488 4198 2708 4254 sperare
2737 4183 2935 4240 debent
2965 4184 3338 4242 haereditatem
3372 4184 3538 4259 (Ibid.
3560 4196 3610 4243 et
3639 4204 3764 4242 vers.
3799 4188 3875 4251 10;

2307 4282 2516 4350 Actor.,
2539 4298 2627 4349 xx,
2663 4281 2759 4350 32;
2794 4283 2947 4338 Rom.
2975 4298 3101 4350 vnt,
3133 4285 3200 4338 17
3222 4299 3236 4350 ;
3261 4281 3463 4340 Cotoss.
3493 4299 3582 4351 ιιι,
3615 4284 3719 4356 24)
3739 4326 3752 4348 ,
3778 4297 3877 4354 qum

2309 4387 2414 4428 non
2467 4373 2519 4428 in
2562 4374 2948 4445 temporalibus
2975 4385 3212 4444 constat,
3256 4375 3349 4432 sed
3397 4375 3450 4432 in
3503 4377 3876 4444 aeternisQuin

2306 4465 2467 4520 etiam
2495 4465 2542 4521 si
2573 4466 2715 4522 Deus
2741 4467 2848 4522 illis
2875 4467 3006 4523 utile
3034 4483 3156 4524 esse
3189 4467 3529 4538 prazviderit,
3569 4473 3730 4526 etiam
3765 4479 3879 4524 tem-

595 4562 834 4634 giosam,
874 4576 981 4617 non
1012 4560 1340 4616 vinolentum
1371 4558 1519 4632 (Tit.
1554 4575 1609 4626 ι,
1639 4560 1701 4626 7;
1733 4557 1936 4614 Coloss.
1977 4573 2071 4626 ιιι,
2103 4557 2199 4624 18;
2230 4567 2280 4627 ι)
2309 4557 2508 4626 poralia
2533 4559 2841 4629 praestabit;
2873 4559 3107 4614 maxime
3140 4575 3264 4615 cum
3308 4559 3505 4616 viderit
3549 4575 3877 4632 unumquem-

595 4653 795 4725 Ephes.
821 4669 877 4722 v,
907 4653 1012 4720 22;
1057 4653 1079 4710 Ι
1128 4651 1274 4708 Petr.
1326 4668 1416 4717 ιιι,
1491 4650 1566 4723 1),
1602 4667 1707 4706 non
1764 4650 2054 4721 superbam
2085 4649 2204 4704 viro

597 4750 752 4825 (Gen.
787 4765 878 4820 ιιι,
905 4749 1008 4817 16;
1040 4758 1087 4804 et
1119 4747 1220 4804 Tit.
1251 4763 1322 4813 ιι,
1347 4746 1404 4813 3,
1433 4745 1490 4812 4,
1533 4746 1606 4801 5:
1664 4743 1916 4800 Subditas
1958 4743 2125 4807 viris;
2155 4753 2202 4798 et

595 4824 836 4900 lTimot.
879 4843 1076 4911 11,12,
1128 4857 1288 4912 neque
1335 4839 1594 4895 dominari
1631 4839 1685 4893 in
1727 4837 1939 4908 virum),
1987 4836 2202 4893 tametsi
2243 4824 2256 4831 ’

597 4936 926 5008 patrimonio
967 4934 1140 5006 major
1179 4933 1426 4989 videatur
1457 4932 1601 4989 166:
1633 4932 1729 4988 sed
1773 4939 1832 4988 et
1859 4933 2077 4988 incessu
2103 4946 2204 5003 pu-

595 5027 798 5096 dicam,
847 5043 958 5084 non
1005 5026 1183 5082 fucata
1233 5024 1406 5081 forma
1435 5023 1730 5096 procedere
1773 5023 1815 5094 (ι
1843 5023 2032 5079 Timor.
2065 5038 2138 5092 ιι,
2167 5025 2201 5080 9

595 5133 645 5179 et
696 5124 793 5190 10;
840 5122 864 5178 ι
915 5119 1063 5178 Petr.
1117 5135 1209 5188 ιιι,
1258 5119 1367 5191 3):
1420 5127 1514 5173 aut
1573 5117 1966 5175 circumdatam
2021 5131 2196 5185 auro,

596 5225 687 5272 aut
714 5225 866 5271 veste
897 5215 1180 5286 preciosa:
1235 5228 1343 5269 non
1397 5211 1621 5268 studere
1669 5211 1987 5284 capillorum
2041 5211 2202 5268 incri-

594 5306 952 5378 spationibus.
978 5305 1088 5362 Sed
1135 5315 1192 5361 ut
1222 5303 1378 5361 decet
1424 5303 1674 5361 heminas
1693 5304 2031 5360 Christianas
2076 5317 2202 5374 pro-

596 5400 877 5457 mittentes
905 5399 1209 5456 castitatem
1240 5413 1350 5456 non
1381 5406 1585 5453 tantum
1610 5397 1790 5454 verbis
1811 5440 1826 5466 ,
1856 5398 1950 5454 sed
1983 5413 2078 5468 per
2109 5397 2206 5453 bo-

607 5507 733 5547 nam
758 5491 1229 5548 conversationem
1293 5488 1362 5562 (l
1427 5487 1540 5544 Pet.
1593 5505 1666 5553 ιι,
1725 5490 1830 5555 t2;
1879 5503 1959 5558 ιιι,
2003 5490 2056 5554 1,
2111 5487 2200 5561 2)

597 5581 745 5638 Sciat
784 5598 847 5640 se
886 5591 1067 5640 tacere
1100 5583 1304 5640 debere
1333 5582 1386 5638 in
1419 5581 1695 5646 Ecclesia;
1738 5582 1884 5654 loqui
1923 5584 2068 5639 enim
2098 5582 2208 5638 illis

601 5685 708 5726 non
729 5683 811 5729 est
827 5687 1127 5746 congruum
1166 5673 1212 5746 (Ι
1232 5672 1421 5730 Timet.
1453 5689 1522 5739 ιι,
1553 5675 1614 5729 11
1642 5684 1689 5728 et
1718 5674 1819 5740 t2;
1847 5682 1894 5728 et
1918 5673 1939 5729 ι
1968 5671 2204 5730 Corinth.

605 5779 717 5832 xiv,
745 5764 861 5836 3t).
884 5767 1094 5824 Debere
1118 5767 1341 5838 obsequi
1362 5783 1471 5826 non
1497 5777 1704 5826 tantum
1728 5767 2023 5839 majoribus
2050 5775 2203 5840 natu,

2306 4662 2412 4718 que
2462 4658 2665 4705 azterua
2707 4652 2901 4706 sectari
2932 4669 2944 4704 :
2977 4651 3114 4707 Filio
3141 4651 3292 4723 ejus,
3327 4653 3558 4711 Domino
3583 4667 3792 4714 nostro.
3814 4653 3878 4708 tti-

2306 4749 2465 4797 cente
2491 4739 2731 4812 (Matth.,
2761 4759 2839 4808 vt,
2870 4743 2963 4816 33)
2999 4761 3012 4798 :
3045 4742 3283 4799 Primum
3301 4747 3516 4816 atterite
3537 4763 3748 4820 regnum
3779 4747 3874 4810 Dei,

2305 4841 2352 4887 et
2385 4833 2493 4889 hac
2528 4835 2702 4890 omnia
2737 4847 3062 4907 opponentur
3103 4837 3265 4893 vobis.
3300 4838 3454 4896 Unde
3507 4841 3643 4897 nulli
3683 4841 3875 4897 dubium

2303 4925 2440 4995 fore,
2473 4927 2557 4983 his
2585 4930 2796 5000 copiam
2846 4932 3275 4988 necessariarum
3303 4949 3484 4989 rerum
3515 4936 3569 4992 in
3613 4936 3766 4992 terris
3790 4951 3874 4989 non

2305 5019 2628 5082 defuturam.
2677 5023 2874 5094 quibus
2925 5024 3170 5081 caelestia
3221 5037 3599 5098 praeparantur
3651 5028 3807 5099 (Ibid.
3838 5038 3875 5080 et

2303 5129 2436 5169 vers.
2460 5112 2578 5184 34).
2601 5113 2746 5188 Ergo
2766 5115 2890 5188 quia
2917 5131 2948 5172 a
2975 5116 3090 5174 Deo
3115 5115 3233 5173 haec
3274 5119 3544 5190 speranda
3583 5130 3739 5188 sunt,
3765 5116 3874 5174 nulli

2305 5205 2712 5278 obsequendum
2772 5226 2788 5263 :
2837 5211 2948 5266 imo
2995 5211 3247 5267 omnibus
3293 5212 3736 5284 obsequendum,
3771 5211 3873 5281 quia

2305 5300 2449 5356 Deus
2469 5301 2621 5357 vult:
2655 5318 2762 5360 non
2792 5306 2917 5375 quia
2943 5305 3013 5359 ab
3056 5306 3173 5375 ipso
3202 5309 3529 5378 temporarie
3555 5307 3758 5378 sperari
3790 5305 3872 5359 de-

2304 5393 2430 5450 beat
2454 5395 2658 5466 aliquid
2686 5398 2892 5470 prasmii
2921 5417 2935 5453 :
2968 5399 3064 5454 sed
3099 5399 3224 5471 quia
3270 5400 3362 5456 Dei
3389 5401 3554 5458 etiam
3585 5401 3639 5457 in
3669 5401 3747 5456 his
3767 5398 3872 5468 legi-

2304 5494 2434 5548 tima
2459 5494 2734 5564 complere
2750 5496 3128 5552 contendimus
3152 5497 3196 5566 (l
3219 5495 3366 5554 Petri
3384 5513 3444 5565 ιι,
3493 5497 3606 5569 l3).
3624 5497 3872 5554 Postremo

2301 5583 2680 5654 gratulandum
2710 5586 2828 5653 his,
2853 5587 2909 5644 in
2939 5586 3118 5658 primo
3155 5588 3382 5645 exordio
3428 5588 3586 5645 liberi
3624 5587 3813 5645 arbitrii
3837 5585 3870 5638 si

2302 5675 2369 5732 ad
2411 5677 2579 5733 Deum
2632 5681 2984 5746 accesserint,
3016 5696 3232 5738 omnem
3283 5689 3499 5738 aetatem
3557 5697 3708 5739 suam
3757 5681 3871 5737 bono

2305 5766 2429 5826 ﬁdei
2459 5779 2839 5842 comparantes
2872 5787 2886 5829 :
2915 5770 3059 5844 quod
3109 5787 3216 5830 non
3259 5782 3635 5832 consummata
3660 5780 3804 5832 atate
3827 5770 3869 5827 iu
