3958 6194
82 236 194 293 745

1279 243 1614 302 EI’ISTOLA
1655 245 1788 303 Sl'IU
1834 247 2185 307 LIBELLL'S.

3293 266 3399 325 746

83 367 305 417 errore,
327 361 585 409 utcssent
607 354 947 426 postmodum
976 354 1115 425 quod
1140 356 1414 422 dolerent;
1438 359 1531 414 sed
1551 359 1692 430 quod
1722 368 1768 427 Α
1799 372 1940 434 agat.
1973 364 2030 419 Si
2061 366 2216 420 miles
2242 374 2343 434 est,
2399 368 2481 423 vel
2532 369 2799 438 officialis,
2833 382 2927 429 aut
2953 374 3153 449 (Codex
3180 396 3276 436 ms.
3308 383 3401 436 ha-

83 444 270 498 adhue
326 445 561 514 pueriet
608 447 948 511 innocentes,
980 447 1045 500 ad
1096 448 1189 501 Dei
1233 464 1336 500 non
1369 458 1697 523 tantmn.v_c-

83 536 259 603 niam,
289 550 548 607 quantum
573 539 801 610 gratiam
827 540 1191 595 accessissent
1235 546 1694 614 consequendam.

156 628 303 684 XIII.
326 628 562 687 Iuvenes
593 646 725 687 vero
752 631 854 688 hoc
891 628 1020 688 sunt
1053 633 1376 691 admonendi
1410 637 1568 693 modo
1590 678 1604 702 ,
1639 644 1700 693 ut

83 723 130 778 si
164 739 369 779 υκαι-εδ
400 723 623 792 habent,
655 725 952 781 doceantur
976 734 1125 783 caste
1148 728 1331 785 vivere
1358 746 1479 785 cmn
1511 732 1699 786 uxori-

84 816 184 871 bus
217 818 357 872 suis.
387 818 635 874 Alienam
672 821 845 875 sciant
872 822 1194 876 sceleratum
1231 837 1354 877 esse
1385 824 1698 894 contingere

87 908 131 979 (l
157 908 398 966 Corinth.
436 925 531 974 vn,
559 911 633 980 1).
676 909 733 965 In
767 912 868 967 hoc
888 911 1037 966 dabit
1068 913 1498 984 experimentum
1521 925 1575 969 et
1601 913 1699 969 do-

85 1015 437 1071 eumentum,
472 1008 816 1064 renuntiasse
872 1024 933 1065 se
972 1025 1098 1065 vere
1128 1011 1253 1065 vita:
1295 1013 1617 1081 praeteritae,
1650 1014 1694 1068 si

85 1106 375 1168 postquam
402 1098 716 1164 crediderit,
753 1100 805 1153 in
836 1101 1033 1156 melius
1064 1101 1186 1159 vita:
1237 1104 1306 1158 sit
1360 1104 1693 1161 reformatio.

85 1188 241 1245 Tunc
268 1191 415 1245 enim
461 1192 657 1245 desinit
690 1208 811 1248 esse
837 1196 1073 1265 gentilis,
1107 1207 1159 1251 et
1182 1211 1302 1252 esse
1336 1198 1509 1252 initiat
1546 1198 1697 1253 (Ihri-

85 1283 330 1349 stianus,
383 1285 427 1338 si
471 1284 719 1341 universa
752 1287 888 1357 legis
917 1300 1072 1345 Caute
1121 1291 1456 1359 cusmdiens,
1486 1303 1694 1347 castum

86 1390 145 1430 se
186 1376 440 1432 exhibeat
482 1388 540 1434 et
584 1378 833 1450 pudicum
867 1380 908 1453 (I
951 1381 1070 1438 Cor.
1119 1384 1260 1456 vn,).
1294 1386 1348 1440 Si
1392 1400 1521 1441 vero
1566 1402 1697 1440 rixo-

87 1483 174 1522 rcs
205 1486 311 1522 non
347 1470 566 1537 habent,
600 1473 1009 1544 constringendi
1039 1485 1184 1540 sunt,
1217 1486 1274 1530 ut
1298 1488 1393 1532 aut
1439 1477 1692 1547 habeant,

87 1569 181 1616 aut
209 1562 432 1618 omnino
463 1579 523 1618 se
550 1564 862 1620 c0ntiueaut
887 1609 900 1631 ,
934 1581 1002 1623 ne
1034 1578 1221 1639 putent
1264 1571 1364 1626 sibi
1400 1571 1587 1627 eadem
1632 1573 1683 1628 li.

88 1672 236 1722 cere,
268 1673 391 1729 qua:
436 1658 663 1729 agebant
707 1672 862 1714 antea
895 1660 1113 1732 (Coloss.
1147 1679 1224 1723 ιιι.
1254 1664 1317 1728 5;
1355 1665 1488 1734 Ic‘ph.
1523 1682 1577 1731 ν,
1609 1667 1691 1737 5),

1801 457 1903 523 bet,
1931 458 2024 530 an)
2052 458 2249 525 Judex,
2284 470 2340 515 ut
2363 464 2691 518 moderetur.
2725 465 2999 532 Rusticus,
3023 484 3081 524 ut
3112 488 3216 527 nan
3250 491 3399 528 mur-

1802 562 1999 607 muret.
2035 553 2305 621 Urbanus,
2333 566 2386 609 ut
2417 572 2522 609 non
2556 557 2815 614 subdolus
2837 601 2852 626 ,
2888 569 2944 615 et
2979 561 3401 636 rircumspector

1800 645 1902 710 sit,
1927 658 1981 700 et
2010 663 2077 703 ne
2120 649 2171 702 in
2218 650 2380 705 rebus
2412 651 2569 705 malis
2607 666 2763 707 suum
2809 664 3061 711 exerceat
3098 659 3393 729 ingenium.

1798 737 2146 808 Negotiator,
2177 749 2237 795 ut
2285 759 2389 796 non
2438 743 2665 813 pejeret.
2705 744 2988 816 Agricola,
3042 758 3100 804 ut
3127 766 3397 808 annonam

1803 845 1911 885 non
1939 839 2139 902 captet.
2173 831 2397 903 Opifex,
2431 841 2491 888 ut
2518 850 2622 890 non
2654 837 2870 903 illndat,
2903 851 2995 895 aut
3022 841 3177 898 fallat
3206 846 3326 902 185.

1871 922 1989 978 XV.
2034 925 2129 980 Est
2154 937 2331 981 autem
2364 927 2532 994 fides,
2561 938 2619 983 ut
2658 930 2847 986 deﬁnit
2877 938 3153 1004 apostolus
3200 938 3399 994 Paulus

1800 1013 1986 1087 (Hebr.
2019 1033 2103 1082 x1,
2155 1016 2231 1088 1),
2268 1018 2571 1074 Substantia
2615 1039 2825 1091 rerum,
2853 1043 2979 1096 quas
3019 1046 3282 1094 speramus
3305 1072 3318 1097 ,
3352 1040 3403 1087 et

1800 1107 1958 1162 index
1986 1125 2178 1175 rerum,
2219 1129 2346 1182 quas
2386 1130 2487 1168 non
2515 1115 2763 1171 videmus.
2789 1118 3025 1177 Credere
3054 1134 3108 1178 et
3149 1126 3250 1179 fide
3280 1130 3401 1195 quis

1798 1200 1995 1267 debet,
2017 1206 2158 1273 quod
2186 1206 2327 1261 Deus
2351 1223 2411 1261 ea
2446 1224 2564 1279 quae
2597 1212 2860 1279 promisit,
2896 1226 3083 1283 potens
3112 1230 3267 1273 estet
3300 1220 3403 1274 im-

1802 1294 1970 1362 plere,
2013 1306 2067 1350 et
2094 1312 2244 1367 Spem
2275 1314 2427 1355 suam
2461 1303 2512 1355 in
2548 1301 2782 1359 futurum
2824 1310 3138 1367 transferre.
3177 1313 3242 1366 Et
3273 1322 3399 1370 tunc

1800 1381 1904 1439 ﬁde
1936 1385 2089 1455 plena
2123 1392 2318 1458 poterit
2345 1392 2410 1445 ad
2436 1408 2655 1463 ea,qu:e
2681 1399 2941 1464 promissa
2971 1412 3118 1468 sunt,
3145 1403 3396 1461 facillime

1799 1478 2081 1545 pervenire
2105 1479 2262 1551 (Heb.
2308 1482 2463 1555 xt,t).
2486 1484 2611 1541 Haec
2633 1488 2784 1543 nobis
2809 1491 3094 1548 invisibilia
3118 1507 3244 1553 ante
3266 1514 3394 1554 ocu-

1799 1570 1879 1625 los
1903 1574 2067 1640 ponit.
2098 1572 2177 1628 Ad
2211 1574 2348 1631 hanc
2379 1578 2629 1648 ingressi,
2648 1591 2702 1636 et
2731 1582 2961 1650 Diaboli,
2988 1597 3043 1642 et
3073 1599 3396 1658 potestatum

1798 1662 1957 1732 hujus
1989 1666 2196 1731 mundi,
2227 1676 2283 1722 et
2312 1667 2502 1725 barum
2547 1672 2887 1729 tenebrarum
2918 1679 3160 1734 universa
3193 1681 3399 1740 deseri-

87 1750 450 1807 Renuntiasse
476 1767 537 1808 se
564 1751 764 1807 debent
787 1753 928 1808 seire
958 1755 1213 1821 Diabolo,
1241 1772 1348 1810 non
1378 1758 1579 1825 verbis,
1599 1759 1694 1815 sed
1724 1767 1772 1827 Β
1800 1769 1920 1808 mus
1946 1753 2109 1825 (Eph.
2151 1759 2331 1825 V1,“,
2350 1761 2505 1832 eia):
2534 1762 2644 1819 Deo
2665 1781 2785 1820 cum
2812 1766 2998 1824 fiducia
3033 1775 3401 1841 proximamus

90 1839 267 1897 factis.
299 1842 741 1909 Admoneantur,
771 1854 825 1898 et
854 1848 1026 1900 sciant
1058 1847 1342 1902 interdicta
1376 1864 1496 1904 esse
1530 1849 1698 1904 forni-

90 1932 361 1988 cationem
405 1945 461 1989 et
482 1934 833 1989 adulterium.
854 1936 1065 1991 Nullam
1093 1938 1344 1994 feminam
1379 1940 1543 1997 licere
1566 1957 1697 1997 con-

91 2023 317 2095 tingere,
355 2036 579 2097 excepta
614 2043 803 2095 uxore,
838 2036 892 2081 et
923 2029 1089 2098 ipsam
1115 2030 1308 2086 deitice
1327 2043 1693 2102 comparatam

91 2115 212 2171 176.
238 2115 426 2185 Itaque
441 2126 533 2172 aut
560 2118 667 2173 illis
689 2119 931 2175 ducenda
960 2131 1045 2177 est
1077 2137 1211 2177 uxor
1244 2123 1285 2194 (l
1307 2122 1568 2190 Corinth.,
1595 2142 1691 2191 vn,

89 2210 144 2273 9,
177 2209 281 2275 Qui
310 2227 364 2265 se
407 2226 511 2265 non
566 2213 848 2278 continent,
907 2213 1125 2287 nubant)
1149 2257 1163 2283 ,
1194 2228 1286 2270 aut
1326 2218 1695 2289 amplectenda

89 2305 442 2359 continentia.
483 2306 627 2361 Sane
667 2322 734 2361 ne
784 2307 954 2363 territi
998 2308 1157 2364 fidem
1202 2308 1486 2376 differant,
1524 2313 1698 2367 sciant

90 2393 291 2449 malum
323 2409 445 2452 esse
468 2405 691 2468 propter
733 2398 1126 2455 immunditiam
1154 2417 1259 2455 non
1288 2402 1513 2459 credere
1547 2405 1650 2459 177
1680 2423 1692 2459 :

91 2490 330 2546 deterius
352 2506 474 2547 esse
500 2492 821 2562 impudicos,
847 2502 1130 2566 postquam
1160 2495 1511 2563 crediderint,
1543 2496 1695 2552 inve-

91 2582 211 2637 niri.
239 2581 713 2638 Considerandum
739 2584 1047 2655 juvenibus,
1075 2597 1132 2641 ut
1175 2587 1228 2641 in
1272 2588 1522 2643 omnibus
1546 2589 1698 2645 faetis

93 2684 307 2729 aetatem
340 2690 495 2731 suam
537 2686 830 2745 superent,
862 2678 1044 2732 animo
1079 2687 1133 2733 et
1169 2678 1564 2744 virtuteforles
1600 2697 1613 2735 :
1646 2691 1701 2736 et

92 2768 228 2840 apud
253 2768 572 2824 interiorem
599 2769 870 2825 hominem
925 2769 991 2845 (ll
1020 2769 1141 2827 Cor.
1190 2789 1261 2838 tv,
1316 2773 1405 2843 16)
1445 2772 1697 2844 juvenes;

94 2860 135 2929 (l
156 2858 396 2916 Corinth.
433 2877 541 2925 nv,
597 2861 690 2934 20)
757 2863 898 2918 inter
945 2879 1104 2925 senes
1152 2864 1259 2919 Deo
1297 2865 1481 2936 judice
1526 2867 1695 2922 collo-

94 2963 282 3008 centur
311 2953 437 3008 178.
466 2952 860 3010 Gratulandum
882 2955 1046 3010 etiam
1076 2955 1221 3027 quod
1244 2971 1349 3011 non
1373 2957 1519 3013 omni
1543 2967 1700 3014 aetate

94 3056 469 3102 consummata
492 3090 508 3112 ,
537 3047 632 3103 sed
676 3049 730 3103 in
762 3049 879 3118 ipso
920 3059 1136 3104 aetatum
1168 3051 1371 3110 calore.
1407 3058 1463 3106 et
1498 3051 1554 3107 in
1584 3052 1699 3123 ipsa

1801 1846 1927 1903 186.
1960 1846 2199 1906 Credere
2229 1853 2395 1919 enim,
2429 1864 2480 1909 et
2503 1872 2722 1926 sperare
2748 1877 2967 1919 necesse
2998 1876 3080 1921 est
3111 1874 3229 1938 quae
3260 1871 3401 1927 Deus

1793 1940 1975 2030 jussit,
2005 1955 2127 1996 cum
2147 1958 2266 2012 qua:
2295 1943 2885 2021 Diabolusinseruerat,
2904 1956 3252 2030 abuegamus.
3276 1964 3397 2019 187.

1872 2029 2010 2086 XVI.
2048 2031 2233 2088 Fidem
2263 2050 2388 2105 spes
2413 2039 2679 2108 sequitur.
2728 2044 2914 2115 Itaque
2943 2048 3010 2103 de
3055 2050 3168 2119 ipsa
3215 2053 3406 2125 loqua-

1799 2135 1939 2177 mur.
1974 2121 2068 2177 Est
2095 2126 2255 2193 igitur
2286 2143 2412 2198 spes
2437 2134 2725 2203 expectatio
2748 2154 2917 2192 rerum
2944 2143 3171 2197 omnium
3202 2121 3403 2217 futura-

1798 2227 1935 2273 rum,
1986 2230 2112 2284 quas
2159 2217 2212 2269 in
2259 2218 2366 2287 [ide
2411 2221 2658 2277 habemus
2689 2242 2709 2278 :
2759 2242 2853 2295 per
2897 2246 3057 2297 quam
3106 2236 3402 2306 salvamur,

1800 2301 1965 2357 Paulo
1993 2308 2266 2364 scribente
2304 2314 2550 2380 apostolo
2582 2314 2785 2385 (Ilom.,
2806 2335 2920 2386 vnt,
2955 2321 3047 2394 24)
3073 2342 3092 2378 .·
3121 2326 3230 2396 Spe
3271 2301 3404 2385 enim

1799 2394 1984 2449 saluati
2009 2413 2205 2452 cunnis.
2230 2396 2367 2468 Spes
2394 2412 2598 2471 autem,
2622 2423 2741 2476 qum
2763 2410 2994 2480 videtur,
3025 2431 3130 2470 non
3150 2394 3234 2473 est
3255 2436 3403 2491 spes.

1799 2486 1954 2556 Quod
1984 2501 2162 2547 autem
2190 2493 2358 2561 videt,
2391 2496 2510 2566 quis
2555 2503 2780 2568 sperat?
2813 2503 2868 2559 Si
2907 2518 3089 2563 autem
3120 2513 3262 2581 quod
3285 2486 3403 2572 non

1800 2579 2064 2648 videmus,
2095 2598 2511 2658 speramus,per
2534 2591 2846 2660 patinttliam
2876 2579 3245 2670 expectamus.
3276 2606 3403 2664 Hzec

1802 2671 1855 2726 in
1884 2687 1944 2728 se
1976 2673 2136 2730 habet
2159 2676 2405 2732 timorem
2437 2696 2450 2732 :
2477 2696 2581 2734 non
2606 2683 2752 2737 illum
2781 2685 2925 2753 diro,
2946 2691 3099 2759 cujus
3129 2693 3403 2767 oblivisci,

1801 2774 1856 2817 et
1887 2780 2044 2835 quem
2094 2765 2239 2823 foras
2283 2768 2446 2825 debet
2477 2773 2691 2828 mittere
2719 2778 2959 2848 quisquis
2993 2782 3042 2836 in
3086 2784 3194 2841 fide
3234 2765 3399 2855 viviti

1801 2854 1895 2910 sed
1912 2855 2005 2925 qui
2027 2874 2163 2912 unus
2190 2860 2257 2915 (le
2286 2863 2587 2931 spiritibus,
2618 2869 2812 2935 quibus
2833 2873 3074 2941 repletur
3099 2876 3276 2943 Jesus,
3297 2854 3401 2937 sic-

1802 2955 1861 3001 ut
1891 2947 2054 3004 Isaias
2083 2960 2243 3007 testat
2267 2970 2310 3008 ll‘
2364 2953 2497 3026 (Isa.
2531 2974 2604 3023 x1,
2634 2958 2685 3031 I)
2714 2977 2726 3014 :
2762 2960 2911 3018 Exiet
2934 2967 3075 3040 virga
3113 2969 3177 3024 de
3224 2974 3401 3029 radice

1801 3040 1976 3109 Jesse,
2027 3055 2073 3098 et
2115 3048 2214 3116 ﬂos
2265 3048 2328 3102 de
2368 3051 2541 3106 radice
2580 3056 2694 3121 ejus
2735 3060 2993 3128 ascendet,
3034 3073 3083 3115 et
3126 3065 3404 3134 requiescet

96 3139 463 3195 adolescentia
493 3138 820 3209 ﬂagitiorum
841 3143 1039 3196 auctori
1064 3142 1310 3205 Diabolo.
1338 3151 1392 3198 et
1411 3143 1700 3198 immundis
1729 3153 1774 3216 ρ
1804 3151 1965 3211 super
2000 3153 2115 3191 eum
2158 3141 2373 3211 spiritus
2416 3145 2700 3215 sapientia,
2734 3159 2780 3202 et
2801 3152 3087 3207 intellectus
3111 3196 3126 3222 ,
3172 3159 3405 3234 spiritus,

94 3231 252 3288 factis
299 3232 771 3289 renuntiaverint:
812 3245 867 3288 et
893 3234 1135 3289 renovati
1166 3234 1459 3291 exhibeant
1496 3252 1554 3291 se
1589 3236 1702 3292 Deo

95 3339 264 3396 puros
293 3323 346 3378 in
374 3324 577 3378 malitia
599 3322 790 3397 (Ibid)
827 3343 840 3378 :
864 3325 921 3380 In
944 3327 1330 3382 tentationihus
1359 3328 1617 3397 juvenes;
1648 3328 1702 3383 in

97 3416 373 3484 consiliis,
409 3424 459 3473 et
491 3417 907 3485 cogitationibus
939 3433 1098 3473 senes
1119 3432 1308 3487 graves
1342 3419 1463 3474 179.
1498 3419 1563 3472 Et
1605 3417 1703 3474 bos

96 3526 289 3566 omnes
321 3509 621 3567 monendos
652 3525 775 3565 ese
813 3510 1088 3575 existimo,
1117 3520 1172 3565 ut
1202 3511 1452 3565 omnibus
1487 3521 1706 3581 propter

104 3605 279 3659 Deum
332 3604 699 3675 obsequantur
729 3602 769 3677 (Ι
817 3601 958 3656 Petr.
1002 3618 1061 3666 ιι,
1110 3602 1196 3674 15)
1236 3620 1249 3656 :
1295 3602 1513 3658 doumm
1553 3618 1703 3657 suam

94 3697 238 3752 bene
262 3713 455 3769 regere
485 3696 695 3753 discant
722 3696 767 3766 (Ι
802 3695 933 3751 Tim.
979 3712 1013 3750 v
1035 3738 1048 3761 ,
1106 3696 1162 3755 ὁ)
1190 3714 1202 3749 :
1238 3698 1280 3751 si
1314 3696 1454 3753 filios
1486 3697 1704 3762 habent,

94 3790 186 3862 pie
216 3799 450 3846 tractent
475 3788 664 3864 (lbid.,
696 3807 825 3845 t'ers.
853 3790 956 3856 10;
1002 3788 1104 3845 Tit.
1146 3805 1203 3853 ιι,
1255 3786 1414 3859 4),.θῐ
1442 3789 1710 3843 instruant

97 3885 264 3940 rebus
293 3883 537 3941 deificis:
573 3887 686 3940 haec
718 3885 863 3939 enim
892 3885 1043 3956 signa
1079 3894 1206 3939 sunt
1239 3884 1360 3940 fidei
1393 3894 1623 3952 nostrm,
1659 3887 1706 3938 si

97 3992 209 4031 non
251 3978 424 4031 solum
478 3976 906 4043 crediderimus,
949 3991 1135 4032 verum
1176 3979 1339 4032 etiam
1384 3977 1530 4041 aliis,
1589 3993 1709 4048 qua:

96 4068 519 4133 crediderimus,
556 4069 935 4125 tradiderimus
964 4068 1086 4124 180.

168 4161 315 4218 XIV.
344 4161 539 4219 Milites
573 4162 774 4217 Chris1i
807 4163 979 4218 sciant
1020 4177 1078 4218 se
1111 4163 1163 4217 in
1192 4177 1324 4233 pace
1353 4162 1552 4219 debere
1589 4178 1711 4219 esse

98 4256 402 4322 Sollicitos,
430 4264 484 4310 et
525 4256 577 4310 in
620 4257 995 4327 persecutione
1037 4256 1381 4311 fortissimos.
1408 4255 1482 4312 lta
1512 4272 1708 4312 nomen

99 4349 311 4402 militiae
337 4346 575 4412 dedisse,
605 4358 657 4403 et
684 4347 937 4402 donativa
966 4348 1048 4403 vel
1082 4347 1345 4415 stipendia
1382 4349 1462 4405 sic
1490 4364 1711 4420 Sperare

99 4444 228 4496 vita:
258 4451 477 4497 mternre
506 4442 602 4497 181
630 4482 646 4507 ,
675 4449 734 4497 ut
772 4451 970 4512 praeter
1005 4442 1312 4512 quOtidiana
1364 4444 1512 4513 pacis
1539 4453 1712 4499 certa-

102 4535 273 4598 mina,
303 4548 425 4605 qum
453 4534 593 4589 circa
624 4532 905 4589 Diabolum
929 4574 943 4598 ,
974 4535 1058 4588 cui
1090 4534 1535 4601 renuntiavimus,
1569 4536 1714 4606 geri-

103 4641 260 4689 mus,
294 4624 779 4692 pc-rseeutionionis
820 4640 1049 4696 pugnam
1091 4636 1144 4681 et
1181 4627 1365 4696 prmlia
1414 4629 1714 4697 cogitemus

108 4717 233 4772 182.
256 4715 375 4771 Non
407 4716 652 4785 corporis
681 4716 943 4787 supplicia
976 4719 1294 4787 metuenda;
1331 4720 1425 4774 sed
1469 4720 1717 4776 conside-

102 4807 274 4864 r'anda
300 4806 492 4863 merita
512 4849 529 4877 ,
560 4808 640 4863 vel
673 4809 957 4878 promissa.
981 4798 1277 4879 Citptivitas
1308 4811 1483 4880 potius
1520 4818 1577 4867 et
1614 4811 1714 4867 sub

105 4900 265 4957 hoste
285 4902 541 4967 servitus,
565 4911 620 4956 et
653 4902 872 4956 exilium
904 4903 1142 4958 caelestis
1172 4904 1385 4970 Patrue,
1424 4914 1477 4958 et
1508 4905 1602 4959 Dei
1624 4905 1717 4960 Ju-

105 4991 338 5051 dicium.
375 4991 536 5047 etiam
570 4992 846 5048 insultatio
878 4992 1102 5061 inimici,
1131 5003 1185 5050 et
1216 5010 1365 5051 mors
1400 5004 1600 5051 aeterna
1625 5039 1641 5064 ,
1665 5004 1719 5052 et

106 5093 310 5139 aeterna
342 5093 609 5139 tormenta
644 5084 1075 5155 pertimescenda
1107 5095 1234 5141 sunt
1284 5087 1407 5143 183.
1452 5086 1717 5143 Conside-

109 5191 317 5238 remus,
352 5190 453 5230 nos
479 5190 669 5231 (tumes
691 5192 811 5231 esse
839 5178 1113 5242 mortales,
1140 5190 1193 5233 et
1225 5194 1448 5235 necesse
1475 5193 1597 5235 esse
1621 5194 1720 5236 nos

108 5270 271 5325 mori.
299 5270 473 5335 Quam
503 5269 798 5340 gloriosum
847 5280 900 5324 et
928 5269 1355 5340 prmdicandum,
1380 5273 1425 5327 si
1453 5272 1594 5342 quod
1625 5288 1721 5328 ne-

111 5375 265 5417 cesse
288 5369 375 5416 est
406 5358 535 5429 pati,
561 5371 904 5431 expugnatur
925 5362 978 5417 in
1007 5363 1198 5433 gloria.
1231 5363 1513 5434 Aptandus
1542 5365 1720 5420 omnis

111 5452 375 5509 semioad
393 5452 815 5509 destructionem
862 5454 1146 5522 idolatriae,
1204 5465 1257 5511 et
1288 5457 1528 5528 martyrii
1558 5471 1716 5511 coro-

113 5558 240 5600 nam
272 5544 613 5612 laudandam,
650 5555 708 5601 ut
736 5546 1025 5604 omnifarie
1051 5548 1117 5604 ad
1148 5548 1563 5620 expugnandum
1594 5549 1722 5605 hos-

115 5649 247 5710 tem,
277 5649 334 5695 et
364 5638 481 5708 ejus
520 5639 699 5708 jacula
725 5640 1035 5711 repellenda
1067 5642 1221 5698 miles
1246 5640 1444 5697 Christi
1486 5642 1724 5697 munitus

118 5731 337 5790 incedat
378 5731 505 5788 181.
546 5731 597 5788 Is
634 5736 722 5804 qui
775 5736 1136 5808 evangelizat,
1186 5736 1549 5811 interrogetur
1596 5737 1725 5810 quid

565 5829 838 5892 Ρηιιοι..
886 5831 972 5893 Χ.

1807 3231 2032 3285 scientiw
2073 3242 2121 3287 et
2163 3234 2383 3302 pietatis,
2424 3245 2469 3290 et
2496 3239 2706 3308 replebit
2760 3242 2907 3297 illum
2959 3247 3172 3314 spiritus
3211 3231 3407 3305 timoris

1806 3322 2058 3379 Domini:
2101 3324 2253 3380 Illum
2286 3323 2565 3397 spiritum,
2611 3348 2770 3402 quem
2817 3336 2983 3392 David
3033 3342 3175 3394 canit
3220 3344 3409 3400 dicens

1807 3412 1981 3507 (Paul.
2037 3432 2244 3484 χχχιιι,
2299 3418 2388 3491 10)
2431 3436 2443 3472 :
2506 3420 2697 3479 Timete
2738 3424 3036 3495 Dominum,
3095 3430 3233 3487 Iusti
3275 3438 3401 3507 ejus.

1795 3505 1964 3564 .Unde
1994 3518 2048 3562 et
2090 3509 2229 3564 beati
2257 3510 2589 3579 efficiuntur,
2624 3516 2814 3574 eodem
2847 3530 3201 3591 protestante,
3230 3505 3306 3580 etv
3328 3530 3409 3582 di-

1808 3611 1966 3658 cente
1996 3602 2116 3673 (Ps.
2150 3620 2256 3669 CXI,
2293 3605 2345 3677 1)
2391 3625 2404 3663 :
2440 3606 2626 3664 Beatus
2653 3613 2729 3665 vir
2747 3615 2989 3680 quitimet
3015 3615 3314 3676 Dominam.
3345 3623 3413 3677 ll-

1809 3696 1917 3751 lum
1947 3698 2193 3752 timorem
2227 3700 2484 3772 dicit,qui
2503 3713 2681 3760 castus
2711 3714 2795 3760 est
2815 3718 2864 3762 et
2883 3711 3129 3777 pudicus.
3150 3711 3409 3779 Quoniam

1811 3792 1963 3845 timor
1998 3791 2205 3847 Domini
2230 3804 2421 3863 castus,
2469 3797 2641 3868 inquit
2669 3799 2839 3857 David
2866 3801 3038 3875 (Psal.
3095 3823 3247 3871 xvut,
3283 3809 3408 3882 10),

1810 3894 2071 3956 permanet
2106 3886 2160 3939 in
2187 3887 2431 3941 siccatum
2459 3892 2654 3946 sceculi.
2688 3892 2830 3964 Ergo
2874 3895 3070 3965 duplex
3120 3910 3201 3953 est
3252 3901 3411 3956 etiam

1813 3978 1995 4046 timor,
2034 3988 2090 4036 et
2139 3996 2275 4035 unus
2320 3984 2655 4052 appetendus
2700 3998 2754 4040 et
2806 3986 2944 4044 alius
2980 3991 3283 4060 fugiendus.
3316 3996 3413 4049 Est

1812 4075 1974 4143 igitur
2026 4077 2186 4131 timor
2210 4078 2567 4148 appetendus,
2605 4079 2925 4146 admonitio,
2951 4092 3005 4138 et
3049 4088 3291 4141 custodia
3323 4105 3409 4144 re-

1813 4183 1931 4222 rum
1960 4168 2227 4234 omnitun,
2250 4184 2382 4236 quas
2410 4169 2682 4224 credimus
2719 4180 2807 4225 aut
2866 4187 3146 4242 Speramus
3176 4195 3189 4229 :
3221 4178 3410 4234 timea-

1816 4276 1936 4315 mus
1961 4262 2104 4316 enim
2151 4259 2441 4329 Jndicium,
2475 4262 2596 4329 quia
2649 4277 2965 4333 speramus;
3013 4280 3066 4322 ct
3113 4281 3415 4328 metuamus

1816 4353 2125 4417 Dominmn,
2156 4352 2279 4422 quia
2311 4352 2502 4409 fortem
2536 4354 2686 4410 illum
2719 4356 2964 4414 Judicem
2996 4362 3287 4418 credimus.

1889 4443 2052 4499 XVII.
2094 4442 2204 4499 Sed
2228 4445 2483 4523 quoniam
2529 4455 2709 4504 castus
2733 4457 2818 4505 est
2860 4450 3020 4507 timor
3068 4454 3199 4522 Dei,
3236 4467 3289 4513 et
3328 4466 3413 4513 est

1744 4540 1788 4600 D
1815 4536 2035 4591 castitas
2061 4536 2269 4604 Species
2292 4540 2677 4606 continentia};
2715 4541 2781 4597 de
2819 4544 3149 4601 continentia
3191 4558 3246 4603 et
3295 4552 3413 4618 ejus

1818 4627 2106 4683 virtutibus
2132 4644 2274 4683 nunc
2303 4632 2639 4687 traCtandum
2672 4643 2775 4689 est.
2804 4635 2897 4690 Est
2922 4648 3099 4693 autem
3132 4641 3414 4696 continen-

1821 4719 1888 4774 tia
1915 4722 2324 4789 appetendaram
2355 4724 2583 4777 omnium
2630 4741 2802 4780 rerum
2830 4728 3083 4781 malarum
3110 4734 3411 4802 refrenatio.

1821 4811 2084 4868 Maiarum
2118 4813 2241 4869 ideo
2279 4815 2495 4883 addidi,
2542 4832 2610 4873 ne
2639 4817 2857 4874 Iudices
2888 4830 3073 4890 putent
3094 4863 3108 4889 ,
3137 4823 3418 4882 diffiuitio-

1821 4920 1944 4960 nem
1970 4905 2128 4960 istam
2158 4920 2505 4962 communem
2536 4923 2657 4964 esse
2682 4910 2735 4964 in
2763 4908 2925 4965 rebus
2950 4912 3124 4980 bonis,
3158 4926 3212 4970 et
3237 4917 3414 4973 malis.

1822 4995 1956 5051 Nam
1985 4996 2075 5066 qui
2103 5012 2162 5052 se
2190 5013 2218 5051 a
2243 4998 2396 5053 bonis
2421 5001 2620 5055 retinet
2641 5041 2655 5066 ,
2691 5016 2796 5056 non
2828 5004 2966 5059 bene
2995 5016 3077 5060 est
3099 5009 3415 5076 continens;

1823 5088 1919 5143 sed
1941 5103 1972 5144 a
1997 5088 2187 5153 malis,
2221 5099 2389 5143 recte.
2419 5088 2523 5146 Sed
2572 5093 2623 5145 in
2679 5092 2928 5149 omnibus
2961 5111 3091 5153 sane
3138 5103 3421 5172 praeceptis

1824 5181 2024 5252 duplex
2055 5181 2455 5250 consideratio,
2498 5190 2556 5239 et
2584 5182 2829 5240 doctrina
2856 5201 2979 5244 esse
3010 5188 3192 5246 debet.
3227 5192 3293 5247 Et
3321 5193 3423 5250 hoc

1824 5272 2162 5330 retinendum
2214 5284 2269 5329 et
2298 5274 2698 5331 observandum
2730 5277 2783 5331 in
2812 5280 3025 5336 caeteris
3054 5283 3309 5353 arbitror,
3330 5298 3417 5357 ut,

1826 5378 1948 5419 cum
1971 5378 2132 5418 unam
2166 5372 2371 5433 partem
2407 5367 2724 5422 tractaveris
2749 5408 2764 5431 ,
2795 5372 3123 5429 contrariam
3155 5380 3370 5434 noveris
3404 5396 3421 5435 :

1828 5466 1881 5513 et
1911 5458 1980 5510 ita
2012 5471 2193 5511 rerum
2226 5456 2462 5526 ipsarum
2495 5458 2763 5513 institutio
2786 5463 2954 5531 exigit
2975 5507 2988 5527 ,
3020 5476 3098 5531 ut,
3130 5483 3249 5525 cum
3288 5472 3425 5529 alte-

1828 5562 1942 5602 ram
1978 5558 2183 5615 partem
2220 5551 2459 5627 tenueris
2483 5591 2497 5615 ,
2545 5550 2769 5605 alteram
2820 5569 3044 5612 necesse
3073 5570 3154 5615 est
3201 5561 3425 5620 deseras

1832 5637 1956 5694 188.
1989 5638 2247 5693 Malorum
2272 5655 2403 5695 sane
2432 5640 2789 5699 substantiam
2810 5646 2877 5701 ab
2898 5648 3049 5705 initio
3082 5654 3279 5734 nullam
3306 5674 3428 5715 esse

1831 5734 2227 5806 comperimus;
2258 5736 2458 5809 quippe
2512 5737 2998 5799 inobedientia.....
3041 5750 3199 5820 juxta
3245 5751 3433 5814 bonum

2756 5835 2836 5900 21v
