3958 6194
564 288 670 346 717

1760 277 2006 338 SANCTI
2045 276 2306 336 HILARII
2344 276 2652 336 EPISCOPI
2694 286 2697 289 '
3756 278 3847 336 718

564 401 762 455 malum
785 407 858 455 est
886 395 1265 469 (Ecclesiastic.
1308 409 1514 462 XXXIII,
1549 392 1670 466 15).
1703 392 1774 450 Ει
1810 408 1932 466 quae
1962 394 2008 450 si
2035 407 2163 450 nus-
2187 394 2241 457 Α
2266 394 2651 464 comprobari;
2680 407 2802 449 cum
2851 393 2919 449 ab
2962 393 3095 466 ipsis
3138 394 3289 466 prius
3329 393 3533 451 mentis
3560 395 3848 467 requiratur

569 509 729 564 quam
759 498 1137 560 comparentur
1161 488 1262 544 sibi
1301 506 1313 543 :
1348 487 1476 543 boni
1501 486 1668 543 tutela
1688 496 1939 543 servatur
1963 487 2087 543 189.

646 580 832 641 XVIII.
864 581 1210 639 Continentia
1236 579 1399 653 igitur
1426 579 1674 637 docenda
1703 589 1787 636 est
1825 588 1882 636 et
1933 577 2163 636 tenenda

576 680 628 733 in
650 674 806 732 malis
834 675 1020 731 rebus.
1052 672 1111 729 In
1138 670 1297 729 bonis
1318 670 1548 729 aviditas
1573 672 1835 745 exigenda
1863 680 1966 728 est.
1997 668 2164 727 David

567 766 877 840 pronuntiat
913 775 968 823 et
1030 765 1189 822 docet
1228 763 1414 822 dicens
1454 763 1628 840 (Psal.
1659 781 1776 835 cxi,
1812 763 1884 839 1)
1914 781 1930 822 :
1974 763 2165 820 Beatus

566 861 662 925 vir,
692 860 780 929 qui
808 860 953 913 timet
992 856 1273 914 Dominum
1306 875 1323 915 :
1352 859 1407 913 in
1442 859 1699 914 mandatis
1725 858 1835 930 ejus
1871 858 2039 931 cupiet
2082 858 2163 914 ni-

566 954 682 1009 mis.
714 952 847 1009 Item
876 953 1245 1010 continentem
1284 951 1488 1008 debere
1515 965 1637 1007 esse
1671 952 1723 1005 in
1751 950 1909 1008 malis
1928 992 1943 1019 ,
1982 958 2037 1007 et
2064 966 2163 1021 ap-

566 1056 838 1119 petentem
884 1046 1152 1103 bonorum
1182 1088 1195 1111 ,
1228 1048 1279 1100 in
1309 1044 1418 1102 alio
1443 1055 1746 1117 praemonet
1788 1044 2033 1115 psalmo,
2085 1043 2164 1100 sic

560 1138 746 1198 dicens
805 1140 981 1213 (Psal.
1024 1154 1225 1207 χχχιιι,
1270 1137 1337 1193 14
1365 1154 1424 1209 );
1475 1135 1689 1193 Contine
1736 1134 1969 1208 linguam
2024 1145 2164 1190 tuam

563 1253 597 1290 a
618 1235 778 1302 malo,
802 1244 849 1315 et
865 1235 1002 1289 labia
1017 1244 1105 1288 tua
1119 1249 1180 1287 ne
1196 1231 1470 1302 loquantur
1482 1230 1751 1285 insidiosa.
1769 1226 1921 1284 Evita
1941 1246 1972 1283 a
1999 1229 2159 1295 malo,

562 1338 611 1384 et
633 1333 719 1400 fac
746 1328 965 1393 bonum;
986 1341 1156 1397 qurere
1177 1341 1350 1395 pacem
1372 1366 1388 1391 ,
1449 1332 1498 1379 et
1536 1323 1860 1393 consequeris
1891 1338 2001 1376 eant
2032 1320 2158 1377 190.

633 1420 780 1478 XIX.
814 1420 996 1475 Placet
1023 1418 1185 1475 etiam
1213 1417 1280 1472 de
1308 1414 1708 1472 continentibus
1729 1412 1982 1471 conferre
2013 1412 2111 1469 191
2144 1428 2159 1467 :

560 1515 764 1573 multos
789 1514 934 1571 enim
965 1512 1125 1570 video
1151 1512 1302 1585 juxta
1337 1511 1776 1581 coniunctionem
1819 1510 2159 1582 coniugalem

559 1609 904 1665 continentes
950 1604 1326 1662 tantummodo
1357 1604 1461 1659 192
1490 1646 1505 1672 ,
1534 1612 1593 1659 et
1621 1604 1674 1658 in
1713 1602 1937 1673 reliquis
1982 1602 2158 1657 conti-

559 1702 758 1758 nentia:
791 1700 1031 1773 partibus
1082 1699 1336 1755 omnibus
1361 1740 1377 1765 ,
1429 1695 1725 1769 gentilibus
1774 1712 1900 1753 esse
1931 1695 2161 1752 deterri-

2270 489 2551 560 integritas
2576 530 2591 556 ,
2621 501 2949 559 quamquam
2996 502 3097 544 nec
3127 487 3189 551 in
3234 502 3466 558 corpore
3494 488 3711 543 omnino
3735 504 3848 545 exa-

2270 580 2465 635 minari
2515 579 2746 651 possint.
2780 579 2893 634 Non
2924 579 3067 635 enim
3117 580 3465 636 conscientiae
3500 579 3735 637 latebras
3759 580 3847 636 bo-

2270 674 2508 730 minibus
2536 673 2677 729 scire
2702 714 2716 738 ,
2759 683 2849 728 aut
2878 662 3086 729 nudare
3119 656 3440 744 permissum
3481 680 3598 737 est,
3650 658 3850 729 dicetne

2272 766 2546 837 Scriptura
2577 765 2628 837 (1
2655 763 2783 839 Reg.
2814 770 2940 834 ιη’,
2966 766 3023 838 7)
3050 782 3066 821 :
3099 762 3268 819 Homo
3291 764 3427 820 videt
3454 766 3511 819 in
3534 766 3686 837 (acie,
3723 754 3850 820 Deus

2270 872 2438 916 autem
2464 863 2520 915 in
2554 860 2726 915 corde.
2763 858 2908 915 Deus
2932 858 3074 915 solus
3095 860 3275 914 intima
3301 869 3353 914 et
3375 867 3571 914 secreta
3594 859 3851 929 conspicit.

2270 954 2378 1011 Sed
2406 953 2692 1010 manifesta
2721 963 2808 1010 est
2834 968 2938 1010 vox
2970 952 3183 1009 Domini
3207 952 3482 1009 monentis
3504 952 3526 1026 (
3545 951 3729 1007 Matth.
3752 969 3849 1022 vn,

2270 1051 2365 1123 20)
2399 1070 2414 1108 :
2443 1051 2488 1106 A
2516 1051 2769 1123 fructibus
2797 1067 2974 1107 eorum
3015 1053 3335 1123 cognoscetis
3379 1067 3488 1108 eos.
3527 1049 3586 1107 Si
3613 1050 3856 1107 conside-

2269 1145 2401 1200 retis
2421 1186 2436 1211 ,
2476 1144 2652 1216 qualis
2681 1158 2874 1201 eorum
2905 1155 3186 1215 aspectus;
3215 1160 3377 1217 quam
3410 1144 3622 1201 turbata
3651 1144 3854 1212 fronte,

2264 1252 2430 1307 quam
2470 1237 2833 1294 inverecunda
2871 1239 3205 1310 respiciunt;
3245 1246 3509 1306 quantum
3545 1236 3779 1294 audacia:
3801 1238 3854 1293 in

2272 1330 2462 1394 vultu,
2518 1340 2777 1402 quantum
2822 1332 3144 1387 constantia:
3193 1339 3410 1402 gerunt,
3456 1329 3755 1401 impudicus
3803 1331 3855 1386 in

2268 1424 2587 1496 quibusdam
2616 1424 2816 1493 cultus,
2847 1434 2902 1480 et
2933 1424 3214 1481 atiectatus
3250 1423 3497 1482 incessus
3533 1423 3856 1496 professione

2263 1516 2535 1587 iactantia:
2555 1516 2678 1573 199.
2711 1516 2779 1572 Ει
2806 1515 2873 1571 ad
2901 1517 3001 1573 hoc
3032 1516 3339 1587 bujusmodi
3370 1516 3720 1588 professionis
3750 1516 3857 1572 vel-

2267 1608 2345 1664 uti
2372 1606 2591 1665 devotio
2647 1608 2916 1680 procedit,
2947 1618 3005 1665 ut
3028 1619 3249 1679 propter
3276 1625 3499 1676 nomen,
3526 1608 3665 1679 quod
3684 1608 3855 1665 solum

2267 1710 2508 1773 portant,
2533 1701 2878 1773 virginitatis,
2903 1701 3219 1773 appetibiles
3248 1700 3395 1756 ﬁant.
3424 1699 3557 1756 Inde
3582 1711 3685 1768 est,
3713 1699 3852 1770 quod

558 1810 699 1851 mos.
739 1794 797 1851 Si
839 1794 983 1850 enim
1027 1792 1375 1859 consideres,
1409 1806 1568 1863 quam
1598 1789 1814 1860 plurimi
1860 1789 2074 1845 illorum
2106 1793 2239 1856 etB
2271 1809 2331 1850 se
2360 1795 2636 1862 indicant,
2682 1810 2804 1851 cum
2853 1810 2913 1851 se
2958 1796 3135 1851 celare
3161 1793 3503 1861 debuerant,
3546 1793 3657 1850 Deo
3707 1793 3855 1849 exhi-

556 1887 800 1946 iracundi
825 1896 983 1952 sunt,
1020 1894 1074 1942 et
1100 1884 1336 1951 ebriosi,
1366 1893 1419 1941 et
1463 1897 1753 1955 procaces,
1803 1890 1859 1938 et
1893 1881 2155 1954 superbi,

557 1992 607 2038 et
651 1994 720 2038 ex
772 1980 945 2036 forma
986 1977 1153 2035 veluti
1184 1975 1534 2034 continentia:
1580 1974 1757 2047 magis
1796 1970 2002 2040 inﬂati,
2036 1988 2157 2043 per-

556 2088 845 2142 cussores,
878 2072 1171 2137 maledici,
1223 2068 1438 2140 cupidi,
1490 2067 1717 2134 tumidi,
1789 2067 2015 2122 multum
2053 2064 2157 2121 sibi

556 2165 866 2237 placentes,
909 2174 969 2220 ut
1010 2163 1181 2232 magis
1201 2160 1441 2231 judices,
1474 2158 1620 2215 illam
1668 2158 1841 2229 ipsam
1862 2198 1878 2224 ,
1905 2172 2067 2229 quam
2098 2170 2157 2212 se

554 2258 835 2331 proferunt
854 2254 1061 2314 habere
1086 2254 1188 2311 195
1213 2251 1632 2319 continentiam,
1665 2250 1911 2306 fomitem
1934 2256 1989 2305 et
2010 2249 2158 2304 llam-

555 2370 699 2411 mam
722 2397 737 2422 ,
768 2362 823 2409 et
853 2352 1137 2408 materiam
1184 2349 1358 2420 magis
1384 2346 1661 2401 criminum
1711 2344 2157 2401 subministrasse

557 2448 680 2505 194.
711 2446 846 2504 Cum
890 2447 1073 2515 utique
1114 2442 1231 2498 haec
1284 2440 1635 2513 praesecanda
1680 2441 1830 2509 sint,
1879 2439 2156 2511 inquibus

551 2543 794 2615 quotidie
822 2536 1274 2612 reprehendimur
1298 2579 1313 2605 ,
1356 2547 1412 2595 et
1433 2548 1562 2593 tunc
1592 2539 1763 2608 magis
1792 2536 1848 2592 in
1879 2536 2004 2593 aliis
2032 2551 2154 2592 om-

549 2638 709 2694 nibus
730 2635 876 2691 vitiis
907 2634 1079 2690 virtus
1101 2631 1451 2689 continentia:
1481 2629 1767 2686 retinenda
1798 2647 1811 2682 :
1842 2637 1897 2685 et
1921 2628 1992 2684 ad
2021 2643 2153 2684 con-

549 2730 969 2789 summationem
1007 2743 1114 2783 non
1152 2708 1465 2796 coniunctio
1499 2723 1805 2796 respuenda
1830 2764 1845 2789 ,
1872 2723 1967 2780 sed
1999 2722 2154 2795 pudi-

553 2825 683 2879 citia
730 2820 1095 2894 praeponenda
1125 2826 1229 2876 est.
1276 2817 1413 2874 Nam
1456 2831 1579 2872 cum
1630 2814 1911 2887 apostolus
1949 2814 2153 2871 Paulus

547 2917 824 2975 Ecclesias
866 2922 1279 2978 comtnoneret,
1335 2927 1445 2967 non
1496 2911 1818 2967 uniformem
1875 2909 2153 2966 mandavit

548 3012 960 3078 continentiam,
987 3007 1083 3064 sed
1122 3006 1174 3062 in
1200 3004 1394 3078 quibus
1421 3004 1725 3076 appetenda
1747 3014 1803 3061 et
1828 3002 2152 3059 invenienda

552 3106 658 3172 sit,
691 3106 771 3160 sic
810 3102 1017 3158 monuit
1051 3100 1238 3157 dicens
1274 3117 1287 3152 :
1321 3097 1390 3154 Ut
1420 3100 1526 3165 sit,
1580 3098 1756 3168 inquit
1795 3096 1849 3171 (Ι
1878 3095 2002 3153 Cor.
2041 3112 2146 3165 vit,

2262 1888 2453 1942 bentes
2483 1886 2855 1942 tantummodo
2885 1885 3203 1957 obsequium
3234 1901 3390 1941 suum
3411 1927 3427 1952 ,
3480 1900 3512 1941 a
3550 1900 3656 1951 quo
3679 1900 3852 1942 remu-

2263 1980 2601 2036 nerationem
2634 1975 2888 2049 pudicitia
2937 1987 3119 2048 sperat
3162 1977 3291 2035 200.
3341 1976 3472 2034 Ideo
3498 1976 3753 2049 ingressa:
3790 1977 3853 2034 1i-

2260 2072 2402 2127 mina
2426 2072 2621 2127 domus
2644 2071 2735 2127 Dei
2752 2071 2816 2125 ad
2847 2071 3121 2126 orationes
3143 2071 3347 2126 intecto
3358 2071 3538 2140 rapite
3561 2070 3848 2138 initiantur,

2260 2165 2682 2234 interpretantes
2735 2163 3057 2235 Apostolum
3106 2163 3522 2236 (eobibentibus
3579 2174 3851 2235 corrupto—

2258 2257 2407 2313 ribus
2428 2254 2573 2329 suis)
2604 2256 2673 2312 de
2691 2256 3007 2313 mulieribus
3025 2256 3314 2325 maritalis,
3338 2272 3449 2313 non
3469 2255 3541 2313 de
3562 2255 3844 2328 virginibus

2258 2351 2512 2407 statuisse
2542 2369 2556 2407 :
2592 2353 2899 2408 nescientes
2939 2350 3083 2423 quod
3113 2351 3312 2422 ubique
3349 2351 3623 2408 masculos
3666 2352 3843 2420 cujus.

2258 2445 2390 2503 libet
2409 2446 2588 2501 aetatis
2623 2445 2778 2501 Viros
2825 2446 3108 2511 nominat;
3133 2460 3326 2501 omnes
3355 2445 3587 2502 feminas
3618 2444 3840 2501 Mulieris

2256 2530 2626 2611 appellatione
2664 2539 2934 2611 designat.
2978 2538 3107 2597 Seio
3150 2554 3241 2596 me
3276 2553 3564 2596 excessum
3604 2538 3837 2594 fecisses

2257 2634 2533 2705 proposito
2560 2641 2794 2689 tractatu
2824 2633 3177 2690 continentiae
3217 2649 3233 2697 ;
3275 2632 3371 2688 sed
3413 2632 3716 2688 necessarie
3744 2648 3758 2687 :
3786 2641 3836 2685 ut

2255 2724 2511 2796 deinceps
2533 2741 2723 2782 omnes
2753 2726 3002 2782 homines
3032 2725 3321 2796 cujuslibet
3345 2740 3510 2782 sexus
3533 2726 3689 2797 plena
3715 2740 3834 2781 con-

2255 2819 2481 2874 tinentia
2503 2816 2648 2874 docti
2677 2820 2881 2886 sciant,
2909 2827 2967 2875 et
2983 2820 3177 2891 quibus
3202 2834 3262 2876 se
3292 2820 3618 2887 abstineant,
3654 2829 3705 2876 et
3725 2834 3833 2891 qua

2262 2909 2494 2966 debeant
2548 2911 2824 2966 custodire
2852 2926 2865 2964 :
2892 2920 2984 2966 aut
3021 2911 3067 2967 si
3098 2911 3152 2967 in
3182 2927 3288 2967 una
3343 2912 3525 2982 specie
3550 2952 3566 2977 ,
3610 2911 3833 2982 quolibet

2253 3018 2457 3072 genere
2508 3004 2858 3059 continentiae
2889 3004 3052 3060 fuerit
3092 3004 3445 3072 observator,
3478 3020 3580 3061 nec
3614 3004 3679 3061 ad
3715 3005 3830 3060 alias

2256 3097 2387 3152 velit
2418 3096 2655 3152 monitus
2675 3096 2959 3164 accedere,
2989 3111 3096 3152 non
3123 3112 3184 3153 se
3200 3096 3371 3168 iactet
3392 3096 3450 3153 in
3476 3112 3701 3153 numero
3724 3110 3828 3154 esse

548 3198 642 3270 54)
661 3240 675 3263 ,
702 3205 879 3253 sancta
921 3210 1137 3265 corpore
1182 3203 1229 3249 et
1284 3193 1474 3263 spiritu
1508 3192 1817 3248 :deliniens
1873 3208 1981 3247 non
2027 3205 2151 3247 esse
2178 3180 2224 3245 C
2255 3190 2646 3246 continentium
2681 3208 2695 3243 :
2722 3204 2790 3246 ue
2815 3199 2870 3245 et
2896 3191 3067 3261 ipsam
3096 3200 3326 3261 partem.
3357 3192 3411 3246 in
3433 3206 3540 3263 qua
3564 3192 3666 3248 sibi
3692 3192 3828 3262 plau-

548 3292 919 3349 continentem
945 3329 960 3354 ,
993 3289 1081 3358 qui
1114 3303 1223 3342 non
1253 3295 1484 3357 utraque
1532 3298 1687 3356 parte
1735 3284 2152 3342 continentissi-

551 3399 673 3441 mus
699 3381 1086 3452 comprobatus
1132 3379 1205 3434 sit
1256 3376 1382 3433 195.
1416 3377 1613 3432 Multos
1654 3377 1739 3432 vel
1773 3376 2037 3447 plurimos
2071 3376 2152 3431 sic

551 3477 782 3548 ﬂagrare
818 3471 1234 3544 cupiditate.....
1285 3470 1446 3526 sicuti
1488 3471 1668 3525 exitus
1696 3470 1891 3539 docet,
1922 3481 1979 3526 ut
2025 3470 2184 3552 uni-.

547 3584 707 3626 versa
732 3581 932 3640 genera
960 3579 1238 3636 poenarum
1280 3563 1493 3634 perpeti
1539 3562 1752 3630 velint,
1804 3562 1893 3619 vel
1944 3578 2143 3634 quam-

548 3664 679 3719 libet
713 3660 976 3718 Eeelesia:
1024 3659 1346 3716 sententiam
1378 3654 1650 3712 sustinere
1674 3697 1689 3721 ,
1722 3671 1883 3726 quam
1918 3672 1947 3711 a
1991 3656 2148 3713 fami-

549 3748 670 3803 liari
720 3744 1137 3802 conversatione
1211 3740 1496 3797 discedere
1543 3758 1556 3795 :
1616 3742 1926 3798 nescientes
1977 3741 2147 3797 Deum

550 3840 833 3911 praescium
852 3836 1056 3893 dixisse
1086 3835 1153 3890 de
1176 3834 1376 3889 talibus
1402 3822 1619 3905 (Matth.
1646 3851 1698 3901 v,
1728 3834 1824 3905 28)
1852 3854 1865 3888 :
1901 3834 2151 3901 Quicum-

549 3950 646 4005 que
672 3930 953 4004 respexerit
977 3928 1240 3984 mulierem
1271 3926 1340 3980 ad
1370 3927 1832 3999 concupiscendum
1858 3945 1971 3983 eam
1990 3975 2005 3999 ,
2038 3931 2149 3999 iam

547 4028 825 4083 tnmclratus
854 4036 927 4080 est
965 4040 1075 4079 eam
1102 4024 1156 4076 in
1197 4021 1351 4077 corde
1371 4038 1487 4075 suo.
1521 4021 1635 4076 Non
1683 4031 1907 4091 possunt
1957 4021 2149 4091 hujus-

549 4119 693 4176 modi
723 4133 981 4175 excusare
1008 4114 1222 4186 culpam
1260 4130 1443 4179 suam,
1488 4113 1631 4185 quod
1675 4129 1783 4170 non
1830 4114 1896 4169 ad
1942 4129 2146 4171 concu-

550 4213 866 4287 piscentiam
910 4210 1099 4265 oculos
1146 4224 1275 4264 suos
1307 4207 1696 4279 porrexerint,
1730 4208 1949 4277 quando
1976 4219 2029 4265 et
2072 4210 2148 4265 si-

549 4309 660 4365 mul
682 4349 700 4376 ,
726 4316 782 4363 et
807 4306 907 4361 sub
934 4322 1042 4361 uno
1072 4305 1271 4359 cubant
1297 4312 1474 4369 tecto,
1508 4310 1601 4356 aut
1630 4304 1684 4357 in
1718 4318 1825 4357 uno
1868 4302 2149 4360 dormiunt

544 4406 726 4460 lecto:
757 4394 913 4456 Unde
937 4410 992 4453 et
1028 4397 1378 4467 reprehensi,
1426 4396 1779 4466 spiritualiter
1829 4397 1933 4453 hoc
1972 4412 2139 4469 agere

548 4492 890 4568 proﬁtentur,
918 4489 1231 4559 adjicicntes
1257 4489 1531 4543 extraneis
1584 4489 1801 4543 nomina
1857 4488 2147 4545 alfectuum

2254 3283 2453 3349 debat,
2485 3283 2850 3339 obstinatione
2885 3284 3134 3340 videatur
3174 3284 3446 3341 amittere.
3474 3285 3623 3357 Ergo
3649 3286 3734 3355 qui
3772 3284 3830 3341 ad

2252 3375 2641 3430 continentiam
2672 3374 2924 3443 docetur,
2960 3386 3013 3431 et
3042 3376 3157 3431 vult
3180 3377 3479 3446 accedere,
3509 3393 3616 3434 non
3645 3378 3700 3434 ia
3722 3394 3831 3434 cor-

2252 3482 2389 3539 pore
2413 3510 2427 3534 ,
2456 3477 2550 3523 aut
2584 3469 2635 3523 in
2667 3483 2772 3524 una
2803 3480 2955 3539 parte
2996 3471 3242 3541 corporis
3282 3471 3657 3528 tantummodo
3692 3471 3833 3527 debet

2252 3560 2642 3615 continentiam
2669 3546 2936 3631 quaerere,
2971 3560 3068 3616 sed
3098 3561 3153 3615 itt
3181 3569 3297 3618 toto
3321 3564 3490 3618 animi
3512 3575 3659 3620 metu
3676 3604 3692 3629 ,
3715 3577 3830 3620 eon-

2254 3652 2497 3708 tinentite
2538 3652 2702 3709 debet
2756 3652 3171 3710 observationes
3219 3670 3541 3726 agnoscere.
3581 3655 3709 3712 Nam
3753 3652 3831 3725 qui

2253 3743 2585 3800 iracundiam
2606 3745 2835 3810 retinet,
2884 3747 2931 3800 is
2958 3746 3132 3816 magis
3186 3753 3271 3801 est
3320 3747 3646 3814 continens,
3690 3759 3830 3817 quam

2253 3839 2344 3908 qui
2379 3838 2615 3908 linguam
2645 3853 2676 3893 a
2703 3838 2968 3905 convicio,
3003 3854 3033 3894 a
3063 3840 3353 3896 maledicto
3378 3882 3394 3909 ,
3419 3855 3452 3897 a
3477 3830 3827 3907 detractione,

2253 3929 2614 3995 amendacio,
2662 3943 2693 3982 a
2744 3929 2982 4000 perjurio
3030 3939 3085 3985 et
3131 3945 3163 3984 a
3201 3931 3415 3988 czeteris
3460 3932 3658 4005 lingua:
3695 3932 3832 3988 malis

2254 4021 2539 4078 affectibus
2567 4022 2858 4077 subtrahit.
2889 4022 2992 4091 Qui
3030 4024 3204 4093 ipsum
3229 4024 3466 4097 denique
3501 4027 3782 4097 cogitatum
3804 4039 3835 4079 a

2254 4121 2365 4169 tota
2393 4115 2626 4184 nequitia
2660 4115 2951 4183 compescit
2976 4155 2992 4181 ,
3022 4122 3077 4169 et
3096 4115 3243 4170 omni
3271 4116 3509 4185 denegat
3536 4117 3792 4189 iniquitati
3812 4156 3830 4184 ,

2254 4207 2304 4264 is
2331 4207 2522 4279 plenus
2552 4218 2635 4264 est
2674 4209 2994 4274 continens,
3040 4219 3095 4263 et
3142 4208 3292 4264 illum
3324 4226 3431 4266 non
3462 4227 3585 4267 eum
3618 4209 3831 4268 homini-

2256 4301 2356 4356 bus
2385 4314 2677 4371 comparo,
2728 4299 2825 4356 sed
2868 4315 2989 4356 cum
3023 4299 3248 4373 Angelis
3290 4304 3496 4361 sanctis
3520 4304 3834 4361 simillimum

2255 4406 2611 4463 reCognosoo.

2328 4483 2449 4539 XX.
2492 4486 2646 4566 Nupc
2673 4485 2785 4556 jam
2813 4486 2969 4542 nobis
2998 4486 3068 4542 de
3114 4488 3372 4557 patientia
3400 4498 3458 4546 et
3484 4490 3554 4547 de
3594 4491 3709 4563 ejus
3728 4504 3836 4546 om-

550 4589 633 4645 vel
664 4585 898 4657 pietatis.
940 4584 1082 4637 Sane
1127 4582 1382 4649 quoniam
1415 4590 1468 4635 et
1518 4580 1729 4634 Diaboli
1784 4580 2144 4638 substantiam
2175 4572 2229 4632 D
2257 4577 2414 4633 nibus
2446 4577 2602 4633 bonis
2629 4578 2957 4649 loqltettdum
2994 4590 3082 4635 est
3110 4580 3240 4636 201.
3272 4580 3371 4637 Est
3397 4582 3561 4653 igitur
3604 4584 3835 4656 patientia

553 4680 847 4751 accipimus
897 4671 1231 4745 spiritttaletn
1256 4714 1270 4735 .
1298 4671 1458 4727 debet
1486 4670 1611 4726 addi
1644 4689 1659 4726 τ
1684 4672 1779 4727 sed
1831 4675 2072 4744 nequitia:
2100 4683 2150 4730 et

554 4774 765 4827 malitiae
802 4765 1088 4839 spiritualis
1136 4762 1365 4840 (Ephes.
1402 4760 1620 4836 v1.12)
1678 4779 1709 4817 a
1766 4764 1877 4820 Deo
1926 4776 2148 4837 propter

553 4863 867 4922 scandalum
899 4859 1182 4922 Ecclesiae,
1212 4866 1268 4912 et
1298 4856 1506 4911 ruinam
1541 4856 1643 4911 196
1676 4871 1833 4910 :cunt
1865 4871 1896 4911 a
1943 4872 2003 4913 se
2045 4874 2148 4916 nec

553 4955 923 5027 persuasione.
950 4965 1050 5006 nec
1079 4947 1368 5004 interdictu
1395 4947 1661 5017 majorum
1688 4957 1839 5014 natu,
1867 4964 1968 5004 nec
1994 4960 2144 5008 metu

552 5047 835 5122 praesentis
857 5042 1160 5105 sententiae.
1190 5041 1274 5097 vel
1303 5040 1468 5096 futuri
1489 5039 1683 5096 Judicii
1713 5039 1839 5096 inde
1868 5041 1995 5098 velli
2021 5057 2146 5112 pos-

548 5147 657 5201 sint
696 5161 708 5195 :
744 5154 865 5197 cum
908 5136 1239 5207 frequentius
1267 5134 1429 5191 etiam
1457 5148 1593 5205 quos
1639 5132 1891 5205 legitima:
1920 5135 2149 5205 copula-

549 5250 674 5291 vere
702 5232 935 5302 nuptiae,
968 5230 1087 5285 leve
1127 5227 1364 5297 jurgium
1412 5234 1630 5296 separet
1670 5226 1793 5282 197.
1849 5226 1989 5294 Quid
2039 5228 2144 5285 hoc

548 5326 672 5382 mali
698 5324 823 5382 est?
849 5321 975 5393 quid
1005 5319 1132 5377 mali
1174 5316 1451 5373 individua
1478 5317 1735 5385 charitas,
1765 5326 1824 5374 ut
1850 5320 1919 5374 ab
1947 5320 2145 5377 alienas

548 5413 1034 5487 consanguinitatis
1064 5411 1259 5467 aliectu
1279 5411 1521 5481 separari
1548 5426 1655 5465 non
1676 5410 1926 5481 possint?
1958 5411 2145 5481 Turpe

546 5524 628 5570 est
657 5510 873 5577 dicere,
922 5502 1066 5580 quod
1098 5506 1219 5562 illos
1258 5520 1365 5559 non
1400 5503 1565 5575 pudet
1603 5502 1806 5561 facere.
1839 5504 1999 5560 Certe
2050 5507 2141 5563 vel

546 5607 613 5661 ab
650 5604 835 5660 osculo
879 5601 1148 5655 immunes
1198 5613 1304 5653 non
1335 5608 1490 5665 sunt,
1530 5598 1671 5667 quod
1718 5607 1801 5654 est
1846 5598 2035 5669 pignus
2083 5607 2146 5655 et

543 5711 662 5749 arra
690 5694 957 5763 serpentis
982 5691 1105 5745 198.
1131 5687 1273 5744 Sane
1292 5704 1415 5745 cum
1439 5687 1802 5759 increpaveris
1823 5729 1837 5753 ,
1871 5705 1995 5744 mox
2022 5689 2143 5747 haec

544 5780 826 5854 proferunt
874 5778 1035 5839 verba
1066 5796 1079 5833 :
1107 5792 1267 5850 posse
1322 5779 1685 5850 integritatem
1741 5780 1829 5837 sui
1885 5785 2137 5852 corporis

2260 4674 2490 4726 omnium
2518 4673 2834 4744 injttriarum
2880 4682 2927 4727 et
2953 4674 3250 4744 passionum
3280 4675 3575 4745 tolerantia,
3601 4689 3649 4733 et
3667 4693 3837 4749 expec-

2257 4766 2512 4820 tationum
2568 4766 2797 4820 onmium
2878 4766 2992 4820 sine
3061 4770 3470 4839 pra-cipitatione
3532 4771 3833 4839 sedereistic.

2256 4858 2428 4927 Quam
2478 4860 2521 4914 si
2553 4860 2675 4930 quis
2722 4858 3082 4928 intellexerit,
3137 4871 3193 4917 et
3238 4863 3529 4935 habuerit,
3578 4866 3836 4924 contraria

2256 4950 2385 5007 vitae
2411 4952 2599 5021 gravia
2632 4951 2868 5023 bajulat;
2903 4952 3042 5008 bona
3072 4958 3252 5010 omnia
3293 4957 3544 5016 continet
3576 4958 3700 5016 202.
3739 4960 3834 5016 So-

2258 5059 2441 5100 rorem
2473 5045 2635 5100 habet
2662 5061 2812 5117 spem
2850 5046 2980 5103 205.
3009 5046 3345 5121 Quamquam
3395 5054 3649 5124 superius
3696 5067 3835 5110 eom-

2260 5137 2548 5209 prehendi,
2578 5138 2773 5195 afﬁnes
2798 5154 2921 5196 esse
2950 5140 3055 5196 sibi
3079 5156 3167 5199 res
3196 5142 3371 5199 bonas
3398 5159 3612 5204 omnes.
3645 5147 3833 5203 Patitur

2258 5229 2404 5285 enim
2438 5228 2689 5296 libenter,
2717 5231 2843 5301 quia
2870 5240 3073 5302 sperat,
3102 5240 3160 5289 et
3180 5234 3448 5305 speranda
3478 5237 3671 5295 tolerat
3696 5255 3709 5291 :
3739 5238 3836 5293 ius

2259 5321 2528 5392 patienter
2550 5322 2697 5377 enim
2731 5323 2941 5391 fertur,
2971 5325 3118 5396 quod
3147 5342 3253 5381 non
3297 5338 3554 5399 speratur
3582 5348 3598 5384 :
3632 5339 3692 5389 et
3732 5328 3836 5387 291

2256 5413 2477 5484 quando
2509 5414 2647 5468 nihil
2687 5425 2944 5485 speratur
2964 5416 3094 5476 205.
3125 5419 3285 5476 Omni
3313 5428 3501 5479 autem
3528 5423 3725 5481 virtute
3744 5436 3836 5495 pl-

2259 5504 2446 5562 tientia
2492 5504 2729 5576 perfert,
2773 5508 2919 5579 quod
2966 5523 3063 5582 spe
3090 5524 3359 5582 pereunte
3393 5515 3741 5586 dignoscitur.
3766 5515 3834 5571 At

2256 5599 2303 5655 si
2348 5613 2501 5667 spem
2530 5598 2738 5656 fructus
2786 5602 3060 5671 patientiae
3090 5606 3479 5678 subsequatur,
3510 5609 3625 5667 haec
3668 5619 3832 5665 matre

2251 5688 2452 5761 gaudet
2484 5688 2588 5746 ﬁde
2611 5732 2627 5757 ,
2668 5692 3094 5761 gubernaculum
3138 5695 3306 5754 habet
3350 5700 3483 5767 Dei,
3508 5701 3828 5760 continentia

2250 5798 2423 5856 genus
2448 5784 2924 5857 propinquitatem.
2967 5786 3097 5846 Inde
3140 5789 3310 5861 justi.
3365 5791 3498 5851 dum
3537 5795 3713 5854 omnia
3740 5806 3826 5865 pa-
