3958 6194
105 311 212 369 ἰω

1298 310 1627 378 EPISTOLA
1663 313 1798 374 SEU
1838 315 2194 378 LIBELLUS.

3305 329 3411 386 750

113 431 310 486 ticnter
339 443 632 504 operantur
657 433 834 506 (Rom.
862 448 893 488 v
916 477 929 501 ,
957 435 992 491 5
1022 445 1068 489 et
1096 433 1150 506 ι)
1181 478 1194 501 ,
1225 436 1446 508 gloriosi
1478 437 1574 493 Dei
1608 446 1713 494 tes-
1741 437 1788 496 Α
1819 435 1962 500 dum,
1996 436 2135 491 misit
2163 435 2367 490 unicum
2413 433 2578 504 ﬁlium
2609 449 2758 488 suum
2789 435 2842 490 in
2871 435 3206 494 similitudine
3247 444 3416 495 carnis

114 531 194 578 tes
218 523 560 593 efﬁciuntur,
593 527 716 582 dunt
749 527 859 583 ﬁde
885 527 1068 597 pleni,
1099 528 1226 584 dum
1258 529 1350 584 Dei
1384 531 1577 587 timore
1603 531 1713 586 sol-

114 615 278 680 liciti,
310 617 440 673 dum
467 620 815 675 continentia
841 617 1116 691 discipuli,
1142 619 1267 678 dum
1302 623 1392 678 lilii
1425 622 1541 693 spei
1572 622 1710 679 duce

110 707 376 776 sapientia
433 712 800 778 reperiuntur.
855 711 1060 768 Deinde
1105 712 1420 769 cohmredes
1468 714 1706 783 Christi,

113 799 234 854 dum
277 801 431 856 illum
480 818 648 872 usque
699 805 764 858 ad
816 814 1045 860 mortem
1079 805 1190 876 (Si
1243 815 1409 861 tamen
1462 807 1710 880 compati-

113 907 243 957 ntur,
275 903 386 946 etc.
414 936 426 957 ,
473 911 745 965 sequamur
785 897 995 968 vestigia
1045 899 1159 970 ejus
1192 899 1209 968 )
1241 897 1514 968 patientia:
1543 900 1710 953 virtu-

115 986 252 1040 tibus
283 989 540 1057 (fortasse
565 989 976 1062 certaminibus)
1005 991 1286 1046 imitantur
1309 992 1438 1047 206.

180 1076 324 1132 XXI.
372 1078 477 1135 Sed
520 1081 629 1150 jam
663 1081 728 1136 de
755 1081 964 1153 justitia
997 1082 1346 1138 disseramus.
1403 1083 1502 1138 Est
1545 1083 1708 1153 igitur

113 1169 326 1225 Iustitia
369 1173 689 1245 singularum
715 1191 886 1229 rerum
916 1217 930 1240 ,
965 1186 1013 1232 et
1038 1191 1378 1248 personarum
1415 1176 1708 1246 wquissima

113 1261 457 1318 distributio:
485 1279 643 1334 quam
693 1265 741 1320 si
786 1267 906 1336 quis
937 1268 1191 1324 obtinens
1215 1307 1230 1335 .
1261 1277 1319 1324 et
1349 1269 1433 1324 cui
1463 1269 1583 1338 quis
1611 1269 1707 1323 ad-

115 1355 351 1419 lnereus,
384 1357 549 1412 vitam
577 1371 732 1414 suam
761 1368 909 1416 recte
937 1361 1255 1431 diapositam
1279 1402 1294 1428 ,
1327 1373 1382 1418 et
1419 1364 1538 1418 sine
1575 1377 1706 1418 con-

115 1449 419 1504 turbatione
446 1460 770 1519 conservat;
822 1451 1060 1507 custodit
1097 1454 1149 1508 in
1189 1451 1441 1509 omnibus
1481 1454 1708 1524 :eqnita-

116 1551 254 1607 tem;
286 1543 422 1606 scit.
455 1545 586 1614 quid
619 1545 730 1601 Deo
767 1546 1000 1613 debeat;
1033 1547 1164 1618 quid
1206 1550 1406 1603 sanctis
1453 1558 1507 1603 et
1560 1563 1702 1602 coae-

113 1639 353 1709 qualibus
390 1639 620 1709 reddat;
647 1641 775 1710 quid
805 1655 912 1697 non
939 1641 1170 1714 deneget
1207 1643 1564 1711 potestatibus
1605 1642 1706 1698 ltu-

111 1729 190 1799 jus
218 1731 436 1795 stcculi;
467 1731 596 1805 quid
643 1734 746 1789 sibi
791 1735 1063 1803 retineat;
1096 1737 1224 1808 quid
1275 1737 1523 1807 proximo
1549 1751 1698 1790 com-

1816 531 2011 598 peccati
2040 545 2058 583 :
2083 540 2136 582 ut
2159 528 2223 584 de
2241 538 2451 600 peccato
2473 529 2839 584 condemnaret
2867 542 3133 599 peccatum
3160 533 3211 585 in
3236 549 3412 587 carne.

1817 617 1946 677 Inde
1966 630 2021 676 et
2052 621 2249 678 Paulus
2283 623 2551 692 praeponit
2582 621 2726 676 illam
2756 621 3008 679 omnibus
3035 623 3193 680 bonis
3216 626 3412 693 rebus,

1814 710 2002 766 dicens
2034 713 2088 782 (I
2117 712 2238 768 Cor.
2297 729 2423 778 xm,
2459 715 2512 782 1)
2546 732 2557 766 ;
2591 713 2659 766 Et
2695 715 2739 767 si
2790 715 2990 770 locutus
3037 720 3182 786 fuero
3223 716 3416 789 linguis

1812 803 2075 858 hominum
2103 817 2150 859 et
2179 805 2496 876 angelorum,
2523 805 2825 859 charitatem
2858 818 3026 862 autent
3051 825 3150 861 non
3177 808 3408 876 habeant,

1811 897 1946 951 nihil
1972 914 2085 952 sum
2130 913 2147 952 :
2179 915 2239 951 ac
2268 901 2400 952 sicut
2431 906 2768 952 a-‘rautentum
2797 901 3019 954 tinniens
3042 941 3057 967 ,
3097 912 3184 956 aut
3206 903 3416 974 cymba-

1750 1021 1754 1026 ι
1813 987 1919 1042 lunt
1948 1005 2280 1058 concrepans.
2319 989 2383 1043 Et
2414 995 2458 1044 si
2492 989 2716 1044 habuero
2747 990 3088 1062 Pr0phetiam
3107 1037 3119 1058 ,
3147 1005 3195 1048 et
3224 1013 3414 1066 cogno-

1813 1096 1927 1134 vero
1950 1082 2121 1135 omnia
2143 1084 2406 1152 mysteria,
2434 1093 2479 1136 ct
2505 1100 2704 1137 onmem
2728 1085 3027 1152 scientiam;
3059 1097 3104 1141 et
3123 1088 3167 1142 si
3187 1090 3412 1146 habuero

1811 1172 1967 1240 ﬁdem
1990 1215 2004 1238 ,
2030 1173 2101 1226 ita
2133 1185 2187 1227 ttt
2211 1185 2404 1228 montes
2433 1179 2740 1246 transferam
2765 1192 2783 1240 ;
2812 1186 2860 1229 et
2901 1179 2943 1231 si
2973 1177 3278 1234 distribuero
3301 1198 3412 1236 ont-

1811 1263 1898 1316 nia
1947 1280 2060 1318 mea
2105 1265 2159 1318 in
2200 1265 2336 1320 cibos
2381 1281 2706 1338 pauperum;
2747 1275 2793 1320 et
2841 1268 2885 1321 si
2936 1270 3196 1324 tradidero
3225 1288 3413 1344 corpus

1810 1372 1978 1410 meum
2007 1366 2060 1409 ut
2081 1357 2310 1423 ardeant,
2339 1357 2642 1412 charitatem
2666 1369 2958 1414 autemnon
2986 1361 3210 1417 habuero
3234 1404 3249 1430 ,
3279 1363 3414 1418 nihil

1808 1466 1942 1503 sum.
1970 1449 2206 1505 Charitas
2227 1452 2555 1522 ntagnanima
2569 1462 2660 1505 est.
2678 1451 2914 1506 Charitas
2933 1453 3148 1526 benigna
3163 1465 3257 1511 est.
3275 1455 3412 1511 Cha-

1807 1541 1934 1595 ritas
1959 1559 2064 1596 non
2093 1543 2388 1609 aemulatur,
2420 1558 2519 1596 non
2550 1543 2762 1612 inﬂatur
2783 1585 2798 1612 ,
2832 1559 2931 1597 non
2957 1546 3062 1616 agit
3101 1562 3368 1617 perperam
3393 1589 3406 1614 ,

1807 1650 1910 1688 non
1935 1635 2204 1702 irritatur,
2252 1652 2355 1690 non
2383 1635 2753 1708 confunditur,
2797 1654 2901 1690 non
2940 1639 3123 1709 quierit
3161 1656 3275 1709 qua:
3313 1657 3410 1695 sua

1806 1735 1955 1793 sunt,
1991 1742 2093 1781 non
2133 1727 2322 1798 cogitat
2362 1731 2588 1793 malum,
2622 1745 2725 1782 non
2774 1731 2961 1798 gaudet
3002 1746 3157 1800 super
3201 1731 3412 1801 injusti-

117 1837 288 1897 pem;
321 1829 453 1899 quid
495 1829 689 1886 alienis
734 1831 1000 1888 concedat
1037 1843 1130 1888 θυι
1173 1842 1452 1904 conm-“3L
1487 1832 1699 1888 ,ιυειυηι
1733 1832 1780 1891 Β
1809 1819 1931 1873 tiam
1959 1835 1978 1873 :
2005 1821 2189 1892 gaudet
2220 1829 2388 1873 autem
2428 1821 2658 1874 veritate.
2709 1818 2896 1874 Omnia
2948 1824 3197 1888 sustinet,
3237 1826 3409 1877 omnia

113 1921 244 1975 enim
278 1931 364 1976 est
399 1923 566 1976 Deum
598 1923 782 1979 colere
821 1933 875 1980 et
924 1925 1151 1995 diligere
1181 1941 1246 1980 ex
1281 1935 1392 1980 toto
1414 1926 1612 1990 corde,
1649 1934 1704 1981 ct

113 2027 170 2068 et
200 2020 306 2068 tota
339 2015 548 2078 anima,
581 2025 636 2072 et
666 2031 732 2072 ex
766 2025 873 2072 tota
913 2018 1111 2074 virtute
1155 2036 1168 2072 :
1198 2028 1449 2085 sanctos;
1481 2029 1533 2074 et
1561 2034 1702 2074 coze-

113 2107 290 2174 quales
357 2107 636 2164 honorare
685 2128 700 2164 :
763 2111 963 2167 tributa
1029 2112 1272 2184 pendere
1347 2113 1702 2183 potestatibus

109 2198 287 2268 (Rom.
323 2216 420 2255 xm
443 2243 457 2265 ,
481 2202 538 2271 7)
575 2219 588 2255 :
619 2206 909 2273 superbum
940 2221 1047 2260 non
1083 2222 1207 2263 esse
1229 2247 1242 2268 ,
1266 2206 1364 2262 sed
1392 2206 1561 2278 magis
1595 2205 1700 2260 mi-

111 2299 249 2356 tem,
301 2301 355 2348 et
415 2293 674 2350 humilem
731 2295 784 2366 (I
833 2296 980 2352 Petri
1021 2313 1093 2360 ιι,
1155 2299 1221 2354 15
1254 2305 1302 2354 et
1343 2297 1432 2370 14)
1475 2319 1486 2352 :
1522 2300 1700 2369 proxi-

111 2399 216 2437 mos
273 2393 529 2456 tanquam
581 2403 640 2442 se
699 2387 926 2459 diligere
959 2388 1038 2458 (lI
1067 2388 1110 2444 Τ
1110 2391 1289 2445 intoth.
1325 2408 1414 2458 ιιι,
1439 2392 1497 2462 2)
1525 2409 1537 2445 :
1568 2391 1701 2447 alic-

111 2493 199 2533 nos
223 2489 272 2533 et
322 2481 577 2536 inimicos
606 2497 708 2536 non
741 2484 992 2554 persequi
1020 2485 1167 2551 odio,
1195 2485 1287 2540 sed
1311 2501 1496 2541 amare
1529 2504 1540 2540 :
1572 2488 1698 2542 sub-

105 2572 291 2641 jectum
347 2588 476 2629 esse
507 2575 775 2646 prioribus
815 2577 902 2633 vel
941 2587 1102 2632 celate
1143 2579 1440 2648 majoribus
1470 2579 1519 2651 (l
1552 2578 1697 2633 Prlt‘i

110 2681 159 2732 ν,
189 2665 264 2735 5).
293 2665 434 2733 Quia
461 2676 517 2722 et
549 2667 808 2724 Dominus
833 2685 951 2725 cum
975 2683 1120 2726 esset
1145 2671 1386 2732 omnium
1416 2671 1691 2738 dominus,

107 2772 134 2811 a
160 2758 380 2824 Joanne,
417 2759 543 2828 quia
575 2760 721 2829 prior
755 2761 824 2816 ab
866 2761 960 2816 illo
1004 2761 1056 2816 in
1091 2763 1369 2817 nativitalc
1413 2762 1692 2818 hominum

107 2859 214 2904 erat
238 2891 251 2915 ,
283 2851 590 2920 baptizatur
615 2850 770 2924 (Luc.
798 2865 867 2905 vn
888 2893 901 2915 ,
928 2851 1043 2925 ‘28),
1079 2861 1133 2908 et
1157 2854 1236 2909 sic
1262 2854 1466 2925 impleri
1495 2871 1694 2908 omnem

103 2944 349 3014 justitiam
391 2951 726 3014 protestatur
755 2942 968 3014 (Matth.
999 2961 1093 3007 ιιι,
1127 2945 1240 3015 15).
1285 2946 1360 3000 Ex
1404 2946 1503 3001 hac
1532 2947 1694 3002 misc-

109 3038 327 3092 ricordia
358 3038 625 3102 nascitur,
659 3037 978 3107 obsequium
1004 3037 1252 3094 deiﬁcum
1288 3048 1600 3109 generatur.
1635 3039 1692 3094 ln

107 3129 181 3184 his
208 3129 457 3184 otnnibus
507 3130 752 3199 quisquis
791 3131 1102 3197 invenitur,
1159 3145 1264 3184 non
1317 3130 1586 3185 immerito
1637 3132 1689 3184 in

1807 1915 2002 1982 credit,
2034 1915 2206 1969 omnia
2233 1925 2423 1983 sperat.
2449 1914 2686 1969 Charitas
2732 1932 2995 1985 nunquam
3046 1916 3234 1970 excidit
3275 1917 3402 1972 216.

1806 2005 1952 2078 Ergo
1976 2009 2064 2077 qui
2099 2005 2238 2060 hanc
2269 2007 2432 2061 veluti
2461 2008 2698 2076 speciem
2721 2008 2953 2063 voluerit
2975 2008 3236 2073 ivenire,
3275 2018 3399 2063 tota:

1804 2097 1879 2150 illi
1910 2099 2205 2168 Scriptura:
2237 2111 2361 2153 sunt
2385 2101 2692 2156 reserandce
2716 2113 2730 2152 :
2752 2101 2930 2154 omnis
2962 2098 3251 2169 aperienda
3281 2099 3365 2155 lex
3392 2115 3406 2153 :

1803 2206 1994 2246 omnes
2021 2191 2308 2259 Ρι¹οιι1ιθιιιξ
2339 2192 2648 2248 insinuandi
2672 2211 2685 2247 :
2712 2208 2902 2248 omnes
2931 2194 3162 2249 virtutes
3181 2193 3406 2262 Christi,

1801 2293 1954 2339 actus
1975 2325 1989 2350 ,
2022 2285 2274 2339 mandata
2330 2285 2654 2340 insinuanda
2677 2325 2693 2349 ,
2744 2287 3239 2357 Apostolortnnque
3268 2285 3400 2341 doc-

1804 2380 1943 2434 trina
1971 2379 2264 2451 aperienda
2317 2383 2567 2451 penitus.
2619 2390 2674 2436 et
2717 2381 2983 2436 docenda.
3038 2381 3105 2435 Et
3155 2383 3402 2450 quamvis

1800 2489 1990 2530 omn-es
2012 2517 2025 2539 ,
2055 2490 2190 2546 quas
2216 2489 2376 2545 supra
2409 2477 2761 2530 tractavimus
2789 2472 3003 2542 species
3029 2514 3043 2538 ,
3076 2473 3143 2528 ad
3178 2475 3400 2542 plenum

1801 2576 2085 2622 tractatum
2115 2567 2426 2623 hominibus
2452 2567 3037 2636 incomprcltensibiles
3058 2567 3204 2631 sint;
3230 2568 3400 2622 multo

1798 2663 1970 2732 magis
1991 2677 2078 2729 ea,
2109 2663 2162 2718 in
2184 2677 2288 2732 qua
2319 2675 2510 2718 omnes
2532 2668 3003 2725 consummantur,
3031 2671 3084 2714 et
3115 2660 3352 2728 pendent
3383 2675 3396 2711 :

1798 2755 2034 2809 maxime
2059 2770 2178 2810 cum
2209 2754 2448 2810 Joannes
2478 2753 2818 2822 Evangelista
2849 2751 3189 2807 intcrdixerit
3238 2751 3395 2806 nobis

1796 2843 1849 2898 in
1881 2845 2122 2914 Epistula
2149 2861 2245 2900 sua
2272 2845 2582 2914 disputare.
2615 2859 2736 2898 cum
2772 2842 2917 2896 illam
2945 2851 3001 2899 et
3041 2842 3134 2898 Dei
3184 2841 3351 2896 ﬁlium
3377 2884 3391 2908 ,

1796 2948 1850 2996 et
1894 2941 1987 2997 Dei
2021 2942 2233 2996 Patrem
2277 2942 2438 2997 docet
2490 2956 2612 2996 esse
2634 2980 2647 3005 ,
2710 2940 2788 2994 sic
2825 2939 3014 2994 dicens
3044 2938 3098 3009 (1
3124 2937 3282 2994 Joan.
3317 2955 3390 3006 tv,

1795 3031 1890 3104 8):
1940 3032 2081 3089 Deus
2132 3034 2336 3088 dilectio
2393 3044 2486 3090 est.
2543 3033 2599 3088 Si
2661 3040 2837 3102 potest
2883 3030 3004 3103 quis
3052 3030 3119 3086 de
3162 3039 3276 3087 toto
3315 3031 3398 3086 di-

1794 3141 1918 3182 cere
1939 3127 2070 3191 Deo,
2095 3135 2276 3196 potest
2298 3134 2353 3180 et
2379 3125 2446 3179 de
2470 3123 2786 3188 dilectione,
2812 3139 2932 3191 qua:
2954 3122 3098 3177 Deus
3121 3133 3226 3177 e5t.
3254 3121 3394 3191 Ergo

105 3220 294 3276 Christo
345 3222 542 3276 dicitur
592 3236 888 3292 permanere
949 3221 1006 3290 (I
1055 3220 1214 3276 Joan.
1257 3237 1328 3289 ιι,
1382 3221 1446 3294 6)
1483 3241 1494 3276 :
1555 3238 1683 3292 quo-
1720 3223 1765 3286 C
1798 3219 1840 3273 si
1863 3219 2206 3288 sacrilegium
2230 3216 2402 3273 estde
2424 3217 2534 3271 Deo
2561 3225 2791 3281 tantum,
2816 3224 3078 3286 quantum
3110 3230 3214 3269 non
3236 3212 3389 3280 licet,

105 3311 234 3367 niam
299 3311 417 3368 haec
491 3313 672 3367 omnia
726 3315 839 3383 ipse
887 3312 1136 3367 Christus
1191 3322 1295 3368 est.
1345 3313 1544 3367 Paulus
1592 3329 1690 3370 nos

107 3406 368 3476 gloriosus
395 3407 507 3462 207
539 3407 793 3461 informat
819 3447 832 3470 ,
873 3417 929 3462 et
983 3406 1201 3461 instruit
1251 3408 1320 3462 de
1362 3407 1580 3461 Christo
1607 3408 1690 3463 di-

104 3511 220 3552 cens
250 3497 288 3570 (I
315 3497 553 3552 Corinth.
586 3513 634 3564 ι,
665 3498 758 3569 50)
803 3515 814 3551 :
852 3498 952 3566 Qui
983 3509 1053 3552 est
1083 3500 1232 3552 nobis
1257 3516 1287 3551 a
1317 3498 1422 3552 Deo
1441 3501 1650 3572 justitia
1672 3543 1686 3567 ,

103 3600 142 3642 et
168 3589 504 3660 sanctiﬁcatio
528 3631 542 3654 ,
591 3600 638 3642 et
666 3591 967 3661 redemptio.
1021 3589 1142 3645 Alio
1181 3589 1305 3645 item
1342 3591 1461 3645 loco
1496 3589 1688 3663 (Juda:

103 3681 166 3747 tt)
197 3697 210 3732 :
236 3679 335 3746 Qui
360 3690 438 3736 est
467 3681 824 3736 misericordia
845 3721 860 3746 ,
883 3698 986 3752 pas:
1010 3724 1022 3746 ,
1061 3691 1110 3736 et
1137 3683 1342 3736 dilectio
1368 3683 1495 3750 '208,
1527 3699 1686 3754 quam

103 3772 256 3829 Graeci
511 3785 710 3830 vocant
755 3774 892 3840 209;
927 3775 993 3830 ad
1032 3789 1194 3845 quam
1227 3791 1370 3832 nunc
1399 3779 1683 3833 transitum

105 3863 366 3936 iaciamus,
401 3867 532 3939 quia
563 3866 614 3922 in
651 3867 905 3924 omnibus
934 3868 1110 3939 major
1137 3879 1219 3924 est
1251 3873 1390 3926 inter
1415 3880 1637 3926 metet-as
1670 3887 1684 3927 :

102 3957 172 4011 sic
211 3955 406 4014 fatetur
481 3960 670 4016 beatus
731 3961 1026 4029 Apostolus
1080 3960 1131 4032 (l
1183 3961 1302 4016 Cor.
1358 3980 1480 4028 xm,
1537 3962 1684 4034 13):

103 4045 494 4104 leucatae-tem
555 4052 654 4104 tria
685 4051 814 4116 hiec,
861 4051 1058 4119 Fides,
1102 4053 1266 4122 Spes,
1319 4054 1532 4108 Dilectio
1555 4054 1683 4110 210.

165 4135 320 4196 XXII.
366 4143 465 4198 Est
485 4157 616 4212 ergo
647 4141 867 4198 Dilectio
898 4145 1156 4200 vinculum
1184 4147 1494 4215 animorum,
1521 4158 1682 4215 casta,

105 4241 144 4286 et
169 4235 361 4292 sincera
381 4280 396 4304 ,
449 4247 494 4292 et
548 4238 655 4293 sine
681 4240 1007 4294 aamulatioue
1037 4257 1055 4294 .'
1087 4241 1323 4296 Charitas
1355 4252 1428 4297 est
1455 4259 1687 4298 consum-

1795 3308 2091 3379 disputare,
2132 3317 2336 3376 tacere,
2367 3309 2678 3379 religiosum
2706 3306 2812 3362 2H
2838 3326 2852 3374 ;
2883 3313 2938 3363 et
2964 3308 3296 3362 alienum....
3323 3307 3392 3362 de

1792 3403 2086 3458 dilectione
2113 3402 2480 3477 sentiendum.
2533 3401 2702 3456 Tanta
2731 3401 2874 3456 enim
2907 3399 2973 3456 de
3001 3401 3149 3470 ipsa,
3193 3408 3392 3470 quanta

1769 3497 1860 3567 .de
1893 3497 2036 3564 Deo;
2063 3497 2320 3567 quoniam
2351 3496 2484 3550 Deus
2506 3496 2712 3550 dilectio
2733 3505 2898 3550 est....
2931 3495 3058 3550 218.
3091 3491 3393 3564 υιιιιείιιιίεο

1793 3606 1897 3661 que
1925 3591 2086 3661 igitur
2125 3606 2183 3646 se
2224 3600 2546 3662 cognoscat;
2580 3591 2703 3660 quia
2731 3589 2775 3644 si
2798 3591 2914 3660 quis
2945 3588 3108 3644 habet
3137 3589 3189 3643 in
3221 3604 3280 3644 se
3307 3588 3394 3644 di-

1792 3681 2080 3736 lectionem
2106 3723 2120 3748 ,
2150 3682 2515 3736 habitaculum
2543 3691 2624 3736 est
2647 3681 2739 3736 Dei
2763 3723 2777 3747 ,
2811 3683 2936 3752 quia
2976 3681 3118 3736 Deus
3141 3722 3154 3748 ,
3186 3681 3274 3751 qui
3307 3681 3388 3734 di-

1793 3775 1941 3828 lectio
1967 3786 2073 3842 est,
2108 3786 2272 3830 manet
2296 3776 2346 3829 in
2367 3776 2458 3829 illo
2485 3775 2610 3829 219.
2650 3776 2812 3830 Decet
2833 3774 2944 3845 jam
2977 3775 3135 3830 liuent
3163 3775 3376 3845 specie-

1791 3879 1908 3920 rum
1939 3908 1951 3930 ,
1987 3866 2037 3919 in
2063 3864 2368 3921 dilectionis
2417 3865 2788 3936 plenitudine,
2831 3877 2884 3921 ct
2937 3867 3176 3921 ontnium
3207 3883 3388 3921 rerum

1794 3961 2054 4014 bonarum
2083 3976 2466 4016 consummare
2490 4001 2506 4028 ,
2541 3960 2778 4018 maxime
2802 3977 2923 4016 cum
2961 3963 3141 4016 omnia
3168 3962 3275 4016 sint
3303 3977 3391 4018 re-
3467 4025 3469 4027 1

1790 4061 2018 4108 tractata
2046 4052 2297 4110 220mm
2319 4055 2360 4108 si
2386 4053 2513 4122 quid
2534 4054 2956 4122 pt-a-termissnm
2988 4064 3090 4120 est,
3123 4054 3174 4108 in
3205 4054 3391 4109 tnnndi

1791 4143 2125 4214 plenitudine
2156 4145 2405 4199 videatur
2447 4159 2569 4197 esse
2599 4144 2935 4198 conclusum.
2996 4144 3214 4199 Veniam
3258 4157 3383 4202 ante

1789 4253 1980 4295 oumcs
2012 4237 2264 4311 (fortasse
2303 4247 2427 4291 ante
2455 4236 2670 4305 omnia)
2697 4251 2728 4290 a
2760 4243 2852 4290 tuo
2885 4238 3084 4307 populo
3123 4237 3382 4293 sinceris-

103 4329 245 4382 nta‘u'o
265 4331 494 4384 omnium
525 4330 906 4384 mandatorum.
946 4332 1072 4387 ΙΙπο
1104 4334 1183 4386 vis
1205 4335 1448 4388 omnium
1481 4351 1688 4404 praece-
1786 4331 1925 4386 sima
1955 4331 2240 4385 sanctitate
2265 4342 2461 4393 orans,
2494 4337 2551 4382 ut.
2577 4338 2662 4381 tua
2689 4328 2960 4384 Sanctitas
2981 4371 2996 4394 ,
3028 4329 3116 4385 cui
3161 4331 3385 4400 peritiOr

107 4427 328 4490 ptorum,
359 4437 522 4495 quam
549 4425 668 4494 quis
696 4439 817 4480 cum
845 4424 1100 4481 habuerit
1127 4468 1139 4491 ,
1170 4427 1344 4481 omnia
1374 4427 1521 4482 habet
1543 4428 1644 4483 2H
1669 4445 1682 4494 ;

101 4513 208 4569 sine
251 4516 389 4583 liae,
443 4516 618 4572 malus
669 4527 913 4573 remanet
972 4526 1026 4573 et
1085 4515 1454 4590 imperfectus.
1511 4519 1580 4574 Et
1631 4529 1688 4575 ut

1789 4422 1876 4477 via
1896 4437 1924 4477 a
1955 4423 2064 4477 Deo
2085 4463 2100 4488 ,
2125 4432 2178 4476 et
2199 4422 2438 4476 sanctior
2476 4423 2827 4493 comprobata
2869 4432 2979 4489 est,
3007 4425 3059 4478 in
3099 4426 3383 4489 omnibus.

1791 4517 1844 4572 in
1873 4517 2066 4588 quibus
2095 4515 2440 4570 mediocritas
2473 4529 2590 4569 mea
2633 4516 2713 4570 vel
2740 4517 3122 4585 praetermisit,
3170 4519 3255 4573 vel
3302 4520 3386 4574 in-

103 4619 381 4676 cognoth
406 4620 588 4666 vestra
619 4611 924 4681 prudentia,
947 4621 1206 4681 quantum
1225 4614 1462 4668 cbaritas
1483 4615 1683 4679 valeat,
1715 4614 1763 4674 D
1790 4619 1946 4664 vcnta
1981 4608 2190 4677 plenius
2219 4609 2514 4678 explanare
2544 4624 2651 4662 non
2688 4608 2898 4679 potuit,
2935 4617 3179 4664 correcta
3209 4609 3384 4666 refor-

107 4695 331 4768 lcgatnus
357 4713 685 4773 responsum
719 4703 931 4757 Domini
977 4703 1032 4758 in
1077 4705 1366 4775 Evangelia
1407 4706 1635 4762 dicentis
1669 4724 1684 4761 :

107 4806 212 4846 cum
229 4797 666 4868 interrogaretur,
688 4795 1021 4870 sicait(Mat.
1054 4813 1186 4862 uti,
1205 4795 1297 4854 37)
1326 4817 1338 4853 :
1366 4797 1561 4870 Diliges
1583 4799 1686 4854 Do-

1791 4717 1971 4767 mare,
2001 4711 2056 4756 et
2085 4702 2339 4772 supplere
2372 4701 2626 4771 dignetur
2671 4719 2683 4753 :
2711 4710 2803 4755 aut
2847 4703 2893 4756 si
2937 4703 3250 4771 probaveris
3277 4745 3291 4771 ,
3325 4716 3384 4760 ut

1789 4805 1872 4851 est
1899 4811 1927 4850 a
1952 4795 2107 4849 nobis
2129 4795 2445 4864 opusculum
2471 4806 2705 4864 coeptum
2733 4802 2785 4848 te
2814 4796 3124 4864 petenleq’et
3153 4795 3267 4850 Deo
3294 4797 3388 4852 ad-

107 4885 282 4939 minam
300 4887 464 4942 Deum
486 4901 628 4944 tuum
643 4906 706 4944 ea:
725 4899 828 4944 toto
844 4891 997 4944 corde
1021 4899 1171 4946 tuoet
1193 4901 1372 4946 extota
1397 4893 1569 4946 aninta
1599 4903 1689 4947 tua
1782 4887 2008 4958 juvantc
2051 4887 2348 4957 perfectum
2369 4927 2384 4955 ,
2415 4903 2524 4941 non
2557 4887 2757 4941 habere
2788 4885 2930 4956 quod
2962 4885 3132 4953 desit,
3169 4889 3220 4942 in
3257 4904 3384 4945 ors-

109 4982 147 5025 et
174 4991 233 5029 es:
253 4988 354 5032 tota
382 4982 564 5036 virtute
589 4990 710 5046 tua;
743 4991 791 5035 et
811 4981 993 5054 diliges
1009 4983 1299 5052 proximum
1321 4984 1410 5037 tibi
1432 4993 1685 5054 tamquam

109 5075 166 5120 te.
194 5068 349 5128 lnhis
363 5073 841 5148 duobu'sprteceplis
871 5079 1078 5131 letales:
1096 5079 1298 5146 pendet,
1324 5089 1369 5132 et
1385 5077 1681 5145 Prophetw.

107 5149 258 5216 Vides
281 5165 334 5220 in
366 5165 466 5221 hac
505 5169 617 5222 sola
645 5170 894 5224 universa
919 5169 1052 5239 legis
1074 5170 1248 5242 capita
1293 5172 1532 5239 pendere
1554 5171 1682 5226 9.12.

112 5251 236 5312 Vere
259 5261 497 5331 quisquis
527 5262 663 5319 hanc
690 5263 870 5330 habet,
895 5263 1004 5334 iam
1037 5263 1201 5330 Deus,
1230 5275 1284 5320 ct
1311 5265 1406 5319 Dei
1429 5265 1684 5319 liliusdici

111 5355 272 5411 potest
297 5348 420 5406 215.
440 5352 520 5406 Ex
548 5354 648 5410 hac
665 5354 780 5408 sola
809 5353 921 5410 Deo
939 5363 988 5409 te
1011 5355 1240 5411 similem
1255 5369 1380 5411 esse
1400 5355 1685 5410 considera

107 5433 325 5509 211.Ὡυὶ
340 5441 506 5500 Deum
525 5439 718 5515 diligit,
735 5449 995 5518 numquid
1011 5449 1219 5520 sperat?
1233 5450 1492 5521 numquid
1511 5450 1686 5506 timet?

109 5537 350 5604 numquid
377 5539 534 5594 ﬁdit?
564 5539 681 5595 Non
714 5559 727 5595 :
755 5541 852 5597 sed
894 5551 1104 5598 tantum
1142 5543 1320 5616 diligit
1348 5544 1476 5602 345.
1511 5543 1684 5609 Deus,

113 5620 270 5697 inquit
298 5627 493 5687 Paulus
539 5631 730 5706 (Rern.
759 5649 882 5714 vtn,
924 5635 1017 5705 5),
1067 5651 1184 5692 cum
1230 5635 1494 5696 dilexisset
1534 5653 1685 5692 mutt-

1792 4981 2028 5035 tionibus
2083 4989 2190 5034 tam
2237 4979 2342 5035 tuis
2384 4981 2624 5045 sanctis,
2655 4995 2815 5049 quam
2864 4980 3107 5035 omnium
3155 4981 3382 5038 fratrum

1790 5075 2107 5129 memoriam
2143 5074 2247 5127 mei
2281 5074 2480 5128 habeas
2514 5090 2528 5127 :
2566 5074 2631 5126 Et
2658 5073 2831 5126 sciant
2852 5075 3030 5128 remuli
3057 5076 3178 5130 ﬁdei
3213 5093 3343 5131 mea:
3366 5121 3381 5144 ,

1790 5165 2085 5235 prtcstitam
2129 5166 2424 5230 rationem,
2456 5173 2509 5217 et
2546 5163 2838 5218 convenire
2874 5180 2996 5219 cum
3030 5166 3272 5223 Ecclesia
3299 5185 3385 5224 rc-

1792 5267 2121 5329 cognoscant
2143 5257 2270 5322 221,
2304 5266 2358 5312 et
2380 5258 2550 5327 magis
2578 5259 2896 5329 mysterium
2923 5273 3160 5326 sumant.
3196 5272 3384 5319 utnon

1792 5351 1964 5406 solum
1993 5351 2328 5420 gratulemur
2357 5366 2454 5406 nos
2495 5350 2795 5406 credidisse
2818 5391 2833 5416 ,
2861 5368 3050 5408 verum
3089 5355 3253 5412 etiam
3287 5357 3387 5412 ali-

1793 5441 2110 5512 quantulum
2147 5441 2380 5498 inimicis
2404 5485 2418 5508 ,
2463 5450 2516 5498 et
2547 5442 2894 5500 credentibus
2933 5446 3204 5516 profuisse
3251 5447 3380 5506 222.

2376 5587 2799 5650 *ωψ-
