3958 6194
568 287 672 342 739

1216 287 1281 342 IN
1322 284 1579 342 HILARII
1620 283 2009 340 EPISTOIAM
2049 282 2177 356 εει)
2222 284 2567 344 LIBELLUM
2609 284 3160 342 ANNOTATIONES.

3762 288 3866 340 ἶϐιι

569 406 701 480 ieris
717 404 1025 480 celebratur
1045 405 1208 480 Deus,
1230 422 1334 460 non
1363 405 1539 460 solum
1552 405 1945 480 quiarationis,
1965 414 2148 459 etme-
2181 410 2233 467 Α
2263 406 2410 480 λόγος
2446 406 2683 480 dicitur;
2725 406 2834 480 qui
2849 404 3231 480 enimuit‘ilium
3261 404 3554 480 cognovit,
3585 405 3659 458 ait
3687 403 3869 480 Chris-

566 477 721 532 lioris
745 477 1023 547 sapientim
1040 476 1356 531 distributor
1371 485 1473 544 est,
1497 476 1592 530 sed
1620 476 1779 532 etiam
1811 476 1933 545 quia
1966 490 2155 531 causas

567 550 807 619 omnium
857 549 908 602 in
937 561 1003 619 se
1047 563 1107 603 se
1138 548 1454 616 simpliciter
1472 557 1598 619 ante
1624 547 1936 616 complexus
1962 557 2071 619 est:
2103 555 2158 602 et

568 620 691 688 quia
717 617 992 673 contendit
1016 660 1030 684 ,
1072 630 1127 673 et
1157 628 1401 686 penetrat
1427 618 1603 671 omnia
1632 661 1647 684 ,
1679 628 1735 671 ut
1763 632 1932 672 Sacra:
1963 618 2155 673 littcr:e

570 697 839 743 testantur
866 690 961 759 (a).
986 708 1005 741 ι
1049 690 1219 758 Quem
1250 696 1423 743 tecum
1453 690 1857 744 commentariis
1881 690 2157 744 illus-trans

566 758 848 842 Maximus,
876 762 995 844 ideo
1012 760 1188 844 aittb)
1227 762 1493 844 «divinum
1522 760 1961 844 \lerbuutuvocari
1989 760 2153 834 λόγον,

566 830 820 897 quoniam
854 842 1060 886 naturas
1091 830 1254 887 totius
1282 832 1519 886 rationes
1541 831 1724 885 insunt
1751 830 1850 893 illi.
1885 830 2155 901 tamquam

565 916 744 956 causae
771 918 833 956 ac
866 904 1131 973 principio
1158 910 1421 958 creatura:
1446 902 1651 967 omnis;
1687 918 1780 972 per
1810 901 1984 968 ipsum
2013 903 2154 956 enim

565 973 809 1027 existunt
840 975 1042 1030 omnia.
1077 974 1213 1042 Quin
1241 982 1295 1029 et
1319 973 1478 1035 idem,
1501 983 1661 1040 atque
1687 974 2025 1040 exemplares
2044 973 2156 1026 for-

565 1057 670 1098 ma:
702 1044 754 1097 iu
784 1045 876 1098 illo
904 1056 1053 1109 sunt,
1079 1062 1200 1115 qua:
1229 1055 1356 1101 sunt
1378 1055 1595 1099 aeterna:
1624 1044 1874 1098 nationes
1902 1085 1914 1105 .
1972 1060 2035 1097 ac
2073 1058 2159 1098 ra-

567 1116 745 1168 tiones
769 1124 1010 1170 ontntuut
1035 1116 1337 1171 emrctrices
1364 1134 1376 1169 :
1409 1116 1652 1182 adeotpte
1676 1124 1865 1169 natura
1891 1116 2004 1182 ipsa
2033 1133 2045 1170 :
2078 1116 2156 1170 si-

566 1185 783 1255 quidem
818 1196 1001 1241 natura
1042 1187 1159 1253 ipsa
1198 1187 1334 1241 ratio
1374 1198 1457 1239 est
1483 1200 1739 1252 causam,
1805 1195 2159 1255 naturamque

566 1257 853 1312 conuinens
882 1302 895 1324 ,
929 1261 1179 1327 quoniam
1214 1274 1319 1311 non
1349 1269 1551 1312 temere
1609 1270 1671 1310 ac
1729 1256 1924 1310 frustra
1954 1266 2158 1311 naturae

567 1337 695 1382 sunt
719 1329 1063 1383 existentiunt
1090 1345 1289 1383 rerum.
1314 1348 1333 1380 ι

640 1398 874 1471 Tertiam
896 1401 1341 1471 explicationem,
1369 1398 1613 1471 quam‘iu
1636 1412 1703 1453 eo
1721 1399 1876 1471 sitam
1900 1398 2153 1471 diximus,

573 1470 746 1538 «quod
768 1472 907 1541 sicut
940 1469 1077 1525 ratio
1105 1474 1155 1525 itt
1186 1473 1404 1541 egregio
1432 1469 1652 1541 opiﬁcio
1680 1469 1901 1541 primas,
1935 1469 2153 1541 potissi-

566 1554 795 1611 tuasque
822 1540 981 1598 habet
1005 1552 1206 1612 partes,
1226 1539 1581 1597 isic‘divittntu
1609 1539 1849 1595 Verbum
1881 1544 1931 1594 in
1960 1540 2159 1596 mundo

566 1613 849 1667 condendo
878 1617 1076 1683 peras
1102 1614 1514 1682 potissintasque
1537 1612 1725 1665 habuit
1748 1622 1929 1681 partes
1948 1631 1959 1665 :
1977 1641 1995 1664 ο
2053 1622 2157 1666 ter-

567 1684 716 1748 tiam,
754 1684 995 1754 inquam,
1019 1686 1438 1753 explicationem
1468 1684 1502 1736 ii
1534 1694 1839 1753 preponunt
1860 1724 1876 1748 ,
1926 1699 2157 1752 quorum

2260 474 2345 535 tus
2374 481 2499 547 (hoc
2524 479 2667 533 enim
2698 474 2965 546 signiﬁcat
2993 475 3124 531 illttd
3142 518 3167 549 ,_
3189 476 3275 543 qui
3290 475 3431 549 ⁸ιιὶιίὶι
3473 474 3649 549 [Joan.
3681 475 3801 549 xiv]
3824 478 3863 547 ),

2259 545 2473 605 Patrem
2504 564 2718 619 quoque
2746 545 3030 618 cognovit;
3060 562 3124 619 ac
3155 545 3332 601 brevis
3361 557 3411 600 et
3442 545 3830 619 compendiosa
3848 590 3863 610 .

2260 617 2539 689 facilisque
2573 617 3040 687 paternatnaturat
3069 618 3360 671 declaratio
3387 629 3474 671 est
3504 617 3677 671 filius:
3711 633 3865 674 omne

2260 691 2403 746 ettim
2435 692 2576 760 quod
2607 692 2846 760 genitum
2878 701 2989 751 est.
3023 690 3324 760 genitorem
3357 704 3515 743 suum
3549 689 3708 743 tacita
3741 707 3868 759 qua-

2258 763 2382 818 dam
2414 777 2545 816 voce
2577 760 2783 816 definit.
2833 779 2854 812 ι

2331 832 2667 889 Postremum
2691 847 2821 886 vero
2845 830 3263 899 explicationem
3291 830 3433 900 (qua:
3455 830 3658 886 scilicet
3681 830 3866 897 docet,

2266 905 2420 959 «ideo
2448 903 2687 959 divinum
2718 903 2956 958 Verbum
2996 904 3261 957 rationem
3296 904 3463 957 fuisse
3494 903 3827 970 appellatum
3848 945 3864 963 .

2261 977 2381 1039 quia
2428 975 2691 1031 rationem
2733 989 2828 1029 seu
2859 983 3194 1041 reSpcctutn,
3239 987 3305 1027 ac
3349 972 3674 1028 relationem
3708 975 3876 1029 habet

2259 1048 2325 1100 ad
2358 1046 2571 1099 Patrem
2604 1066 2622 1098 ι
2652 1044 2671 1117 )
2700 1056 3005 1114 proponunt
3050 1043 3482 1117 Nazianzenusp
3506 1059 3660 1112 quem
3705 1045 3871 1098 modo

2260 1118 2518 1179 excitavi.
2554 1115 2886 1181 Augu~tinus
2907 1129 3143 1184 quique,
3173 1115 3326 1185 cujus
3363 1115 3523 1183 paulo
3552 1123 3675 1170 ante
3706 1117 3867 1170 verba

2260 1188 2417 1243 retuli
2460 1186 2582 1260 (tib.
2613 1202 2827 1260 Lxxxut
2860 1186 3106 1260 anstio.
3152 1185 3450 1260 eap._65_),
3477 1202 3564 1260 Aac
3609 1187 3868 1260 denique,

2265 1276 2333 1313 nc
2359 1255 2625 1329 plurimos
2647 1258 2865 1313 afferam
2889 1300 2904 1322 ,
2921 1259 3248 1329 _Ainbrosius
3276 1256 3341 1327 (si
3368 1255 3715 1329 Ambrosium
3743 1255 3870 1329 suc.

2270 1324 2443 1385 torem
2468 1340 2619 1398 putas
2643 1330 2763 1387 libri
2801 1329 2864 1381 de
2914 1324 3041 1381 Filii
3087 1324 3362 1382 Divinitate
3406 1327 3551 1382 inter
3596 1328 3867 1398 Ambr9~ii

2260 1400 2449 1472 opera)
2468 1396 2480 1453 ἐ
2503 1420 2521 1451 ι
2538 1401 2691 1454 Ratio
2709 1399 2950 1472 autetiam
2982 1411 3085 1461 est.
3100 1418 3121 1451 ι
3138 1401 3405 1472 inquiens
3424 1399 3498 1472 (in
3514 1399 3643 1472 libro
3657 1401 3724 1472 de
3740 1396 3870 1452 Filii

2257 1468 2530 1542 divinitate
2552 1513 2567 1536 ,
2601 1489 2717 1539 cap.
2754 1471 2824 1535 6;
2858 1473 2909 1542 in
2940 1470 3223 1542 appendice
3266 1468 3426 1537 Oper.
3459 1470 3714 1524 Ambrosii
3740 1488 3864 1542 pag.

2261 1540 2386 1615 546,
2416 1544 2575 1615 etc.),
2609 1558 2729 1612 qua:
2758 1540 2899 1615 apud
2929 1540 3149 1597 Graecos
3173 1542 3317 1615 λόγος
3349 1553 3712 1615 nuncupatur,
3742 1540 3868 1615 quae

2262 1614 2404 1668 inter
2435 1614 2679 1678 Patrem,
2712 1622 2767 1668 et
2798 1612 2988 1667 Filium
3021 1612 3283 1680 perSonas
3316 1614 3397 1664 vel
3441 1613 3701 1667 vocabula
3749 1613 3867 1667 dis-

2263 1684 2489 1753 tinguit:
2522 1686 2644 1755 quia
2675 1693 2727 1739 et
2758 1684 2872 1752 ipse
2903 1682 3069 1755 Filius
3096 1684 3237 1739 ratio
3266 1683 3482 1755 dicitur.
3517 1702 3537 1735 ι

565 1755 887 1848 sententiam
919 1755 1538 1848 describitﬁugustiuus
1565 1794 1578 1819 ,
1626 1769 1746 1806 cum
1791 1762 2018 1836 testatur
2059 1754 2155 1826 (ε),
2190 1788 2238 1848 Β
2339 1757 2416 1810 Ειι
2442 1756 2800 1848 lcelebriora:
2850 1754 3238 1848 explicationes
3286 1754 3446 1848 huius
3497 1754 3645 1836 vocis
3689 1757 3861 1848 προ,

570 1826 948 1893 ιυιιιιζειιὶιιιιιι
983 1827 1075 1881 Dei
1104 1826 1369 1882 rationein
1393 1826 1569 1878 minus
1599 1832 1746 1878 recte
1761 1826 1963 1891 vocari,
1998 1841 2156 1894 quant

566 1894 807 1951 Verbum
835 1938 850 1960 .
899 1907 958 1954 ut
995 1899 1345 1968 significetur.
1378 1910 1483 1950 non
1514 1895 1691 1951 solum
1731 1898 1797 1968 ad
1828 1895 2042 1968 Patrem
2075 1913 2161 1950 re-

563 1977 814 2036 spectus,
859 1969 952 2023 sed
981 1965 1397 2032 ad'illaetiam,
1448 1981 1568 2036 qua:
1616 1981 1713 2036 per
1734 1965 1970 2020 Verbum
2018 1965 2157 2022 facta

566 2049 715 2102 sunt,
748 2043 1025 2108 operativa
1057 2039 1351 2109 p0tentia.t
1382 2038 1421 2093 li
1446 2051 1660 2106 quoque
1687 2049 2032 2108 proponunt,
2068 2040 2156 2107 qui

570 2123 763 2164 vocem
794 2112 927 2164 ratio
954 2125 1311 2183 synouytuam
1345 2109 1464 2183 voci
1494 2124 1683 2173 sermo,
1715 2118 1769 2162 et
1795 2110 1943 2183 λόγος
1974 2112 2161 2165 volen-

566 2191 649 2233 tes
673 2194 816 2247 csse,
848 2179 1066 2236 monent
1093 2179 1336 2235 Divinum
1360 2179 1684 2246 Sermonem,
1704 2179 1968 2249 quatenus
1995 2183 2158 2235 etiam

565 2264 668 2320 pro
712 2266 939 2320 persona
986 2253 1250 2315 sumitur,
1309 2250 1618 2320 potissimas
1671 2260 1851 2318 partes
1874 2251 1926 2304 in
1959 2252 2161 2308 mundo

565 2321 851 2377 condendo
881 2323 1155 2378 habuisse.
1208 2323 1326 2391 Qua
1372 2323 1439 2377 de
1485 2336 1544 2376 re
1572 2322 1926 2376 annotatione
1951 2323 2160 2379 decima

565 2400 755 2465 octava
770 2395 1025 2449 nonnulla
1051 2395 1308 2458 diximus,
1324 2403 1379 2449 et
1406 2407 1597 2465 rursus
1618 2391 1861 2453 dicemus
1882 2393 2159 2465 deinceps.

565 2462 667 2539 llic
693 2472 898 2520 tantum
929 2466 1095 2522 aﬂ‘ero
1126 2466 1518 2539 Nazianzeuum
1538 2463 1659 2539 inec
1682 2465 1960 2539 elocutum
1988 2462 2158 2539 (Orat.

565 2535 658 2608 56)
689 2556 702 2590 :
750 2540 935 2605 «Quod
987 2539 1030 2592 si
1066 2538 1189 2608 quis
1220 2539 1383 2592 etiam
1413 2577 1427 2599 .
1462 2536 1583 2608 quia
1620 2535 1780 2589 rebus
1801 2535 2052 2591 omnibus
2075 2539 2160 2592 itt-

566 2606 843 2684 est,_)téyo~a
865 2606 1127 2679 appellari
1152 2608 1313 2684 velit,
1340 2622 1401 2684 __a
1426 2606 1636 2684 ratione
1670 2622 1778 2684 non
1806 2608 2122 2684 abhorrebit
2146 2629 2160 2665 ε

564 2681 694 2764 quid
724 2678 809 2764 est
834 2678 1002 2744 enim,
1033 2680 1177 2764 quod
1206 2696 1313 2735 non
1340 2679 1521 2762 Verbo
1546 2679 1824 2764 conditum
1851 2681 1921 2734 sit
1952 2678 2104 2764 (a)?»

638 2751 894 2819 Quartam
925 2750 1338 2822 explicationem
1371 2752 1422 2804 itt
1452 2765 1520 2806 eo
1551 2750 1707 2804 sitam
1739 2750 2161 2816 at‘tirtnavimus,

571 2824 746 2890 «quod
785 2834 925 2879 sicut
962 2825 1016 2878 in
1056 2823 1273 2894 egregio
1311 2822 1528 2891 opitlt-io
1555 2829 1705 2894 recta
1734 2823 1871 2894 ratio
1901 2834 2161 2892 apparet,

565 2896 979 2966 etninetque.iet
1001 2894 1228 2966 singulis
1257 2894 1401 2948 illius
1429 2893 1669 2966 partibus
1692 2893 1855 2966 veluti
1886 2895 2058 2966 inest;
2092 2895 2163 2948 ita

564 2964 729 3021 divini
756 2963 916 3021 Verbi
942 2963 1135 3028 virtus,
1163 2980 1226 3020 ac
1253 2963 1513 3033 sapientia
1543 2964 1593 3017 in
1623 2964 1822 3018 tuundo
1848 2965 2083 3019 creando
2107 2980 2166 3021 se

568 3037 838 3106 prodidit,
871 3046 925 3090 et
948 3037 1111 3092 veluti
1139 3038 1394 3101 eminuit,
1419 3045 1474 3089 et
1499 3035 1724 3106 singulis
1753 3035 1896 3089 illius
1925 3038 2165 3102 partibus

565 3105 802 3175 quodam
828 3109 985 3161 modo
1008 3107 1245 3171 inhaesit,
1268 3118 1322 3161 et
1345 3105 1679 3161 inest.tHuic
1701 3121 1860 3177 porro
1881 3107 2061 3163 favere
2080 3108 2165 3163 di-

565 3162 708 3234 citur
729 3178 1096 3235 Nazianzenus
1114 3162 1394 3247 prioribus
1416 3178 1522 3232 illis
1550 3162 1732 3232 verbis
1764 3178 1923 3233 modo
1963 3162 2165 3248 allega-
2193 3162 2239 3224 C

568 3250 669 3305 tis:
696 3268 714 3301 ι
741 3251 891 3317 Quod
930 3254 973 3304 si
997 3251 1117 3320 quis
1142 3251 1338 3315 etiam,
1363 3248 1487 3318 quia
1519 3248 1677 3304 rebus
1712 3251 1964 3305 omnibus
1994 3251 2166 3310 inest.

565 3321 714 3394 λόγον
741 3323 998 3394 appellari
1033 3320 1193 3394 velit,
1222 3336 1250 3374 a
1281 3320 1491 3394 ratione
1523 3336 1627 3374 non
1653 3320 1986 3376 abhorrebit.
2020 3341 2038 3373 ι
2062 3322 2167 3378 Sed

566 3391 716 3448 certe
742 3393 776 3446 ii
809 3391 1017 3458 favent,
1042 3393 1132 3460 qui
1158 3406 1341 3446 vocem
1366 3391 1618 3458 sapientia
1643 3406 1999 3461 synonymant
2024 3396 2171 3448 vocis

566 3464 704 3517 ratio
728 3478 851 3519 esse
880 3462 1027 3518 aiunt
1046 3460 1141 3533 (ε),
1164 3473 1276 3516 tum
1304 3461 1630 3515 versiculum
1665 3460 1978 3533 vicesimum
2010 3480 2162 3530 quar-

568 3543 682 3589 tunt
708 3534 898 3605 capitis
918 3549 993 3589 vn
1013 3576 1025 3599 ,
1047 3531 1107 3588 et
1125 3534 1354 3605 primum
1379 3533 1568 3605 capitis
1589 3547 1681 3605 vttt
1724 3531 1842 3605 libri
1886 3533 2171 3601 Sapientia:

568 3605 635 3660 ad
667 3601 914 3662 Divinum
952 3601 1183 3661 Verbum
1214 3602 1475 3659 referunt.
1506 3601 1770 3657 Nimirum
1799 3602 1914 3657 hare
1943 3606 1993 3658 in
2036 3606 2167 3661 alle-

567 3676 707 3747 gatis
729 3678 860 3732 locis
882 3679 1161 3747 leguntur:
1186 3694 1205 3727 ι
1230 3674 1493 3747 Omnibus
1514 3674 1655 3747 enim
1680 3674 1965 3742 mobilibus
1994 3678 2165 3731 tnobi-

569 3745 673 3802 lior
690 3759 771 3801 est
794 3745 1059 3815 sapientia
1082 3766 1093 3801 :
1119 3746 1333 3815 attingit
1352 3757 1530 3800 autem
1557 3745 1750 3815 ubique
1776 3756 1995 3815 propter
2018 3764 2168 3803 suam

567 3818 887 3873 munditiam
911 3857 926 3871 .
951 3859 966 3874 .
997 3860 1011 3873 .
1040 3817 1269 3886 Attingit
1314 3831 1492 3886 ergoa
1536 3817 1643 3872 fine
1682 3832 1851 3886 usque
1894 3818 1959 3872 ad
2008 3819 2166 3874 ﬁuent

570 3888 802 3953 fortiter,
831 3901 886 3943 et
922 3889 1160 3958 disponit
1191 3889 1369 3941 omnia
1409 3889 1666 3942 suaviter.
1713 3906 1734 3941 ι

640 3960 891 4027 Quintam
917 3960 1344 4030 explicationem
1359 3972 1477 4013 eam
1501 3974 1621 4013 esse
1647 3958 1902 4030 diximus,
1927 3975 2047 4030 qua:
2072 3961 2171 4015 do-

570 4040 659 4086 cet
679 4073 693 4097 ,
718 4050 737 4085 ι
767 4032 910 4101 quod
940 4028 1076 4086 sicut
1106 4030 1246 4085 ratio
1282 4029 1349 4084 ad
1393 4031 1596 4101 praxim
1636 4028 1869 4084 deducta
1905 4028 2167 4087 artificem

567 4099 821 4173 exprimit
883 4118 947 4158 ac
985 4102 1262 4167 declarat;
1324 4102 1394 4155 ita
1441 4099 1713 4173 Verbum,
1762 4102 2008 4171 illiusmte
2058 4113 2166 4158 tum

567 4172 874 4245 generatio,
918 4181 1030 4228 tutu
1072 4173 1315 4241 operatio
1358 4173 1603 4245 Patrem.
1636 4172 1868 4245 ejusque
1910 4183 2171 4243 praestan-

568 4243 732 4313 iiam,
774 4261 839 4301 ac
876 4245 1208 4317 divinitatem
1246 4243 1448 4317 mundo
1481 4243 1837 4317 signiﬁcavit,
1880 4253 2171 4317 notamque

568 4318 768 4374 eﬁ'ecit.
792 4336 811 4369 ι
843 4320 996 4383 llaec,
1025 4316 1123 4369 nisi
1155 4329 1252 4368 nos
1284 4316 1519 4369 virorum
1551 4315 2008 4384 amplissimorum
2039 4315 2165 4372 auc-

570 4389 760 4444 toritas
790 4386 957 4448 fallit,
993 4387 1307 4455 proponitur
1332 4401 1362 4438 a
1394 4385 1730 4442 Nazianzeno
1756 4386 1846 4456 qui
1874 4386 2044 4441 filium
2075 4389 2167 4444 Dei

568 4458 688 4536 ὅρον
716 4462 802 4515 καὶ
828 4459 976 4536 λέγον
1000 4464 1091 4536 rei
1122 4460 1318 4536 Harpe;
1345 4458 1659 4536 appeilans,
1691 4457 1743 4511 id
1775 4466 1970 4536 est,_ut
1998 4460 2167 4536 inter-

2263 1841 2384 1881 cutn
2426 1827 2492 1882 de
2531 1828 2712 1881 divino
2751 1824 2929 1881 Verbo
2984 1827 3321 1880 enuntiatur.
3381 1825 3640 1894 Suspicor
3688 1826 3865 1880 adhuc

2265 1906 2473 1961 tamen,
2504 1899 2760 1952 llilariutu
2784 1938 2799 1960 ,
2833 1912 2954 1950 cum
2990 1895 3222 1951 Verbum
3251 1897 3501 1952 rationem
3534 1898 3865 1951 universitatis

2262 1969 2531 2038 appellat,
2567 1969 2631 2022 ad
2665 1969 2823 2022 aliain
2856 1969 3018 2021 etiam
3062 1968 3359 2022 intendisse
3402 1970 3453 2020 iit
3495 1982 3563 2021 eo
3604 1969 3860 2033 positam.

2262 2040 2404 2109 quod
2447 2038 2761 2109 Unigenitus
2807 2039 2897 2093 Dei
2929 2038 3081 2092 unica
3107 2040 3245 2093 ratio
3270 2048 3384 2100 est.
3419 2053 3519 2093 cur
3544 2054 3719 2092 rerum
3751 2042 3865 2094 uni-

2264 2110 2492 2164 versitas
2520 2120 2668 2166 extet
2698 2128 2711 2164 :
2745 2111 2923 2174 unica,
2946 2111 3322 2179 inquatn,quia
3348 2110 3463 2178 ipse
3483 2110 3717 2164 condidit
3747 2126 3864 2164 0m-

2265 2182 2348 2235 nia
2373 2202 2386 2236 :
2420 2182 2571 2236 unica
2603 2183 2761 2236 etiam
2783 2222 2797 2247 ,
2821 2182 2942 2251 quia
2977 2180 3121 2234 illius
3148 2182 3447 2236 incarnatio
3476 2182 3614 2233 ratio
3642 2179 3759 2247 fuit,
3792 2183 3862 2237 ob

2302 2266 2420 2306 nam
2455 2254 2700 2308 universa
2732 2252 2951 2307 condita
2981 2260 3141 2305 aunt:
3176 2268 3276 2320 qua
3317 2253 3384 2306 de
3420 2267 3482 2306 re
3496 2252 3861 2321 copiosissime

2312 2322 2547 2396 lteologi.
2581 2323 2715 2378 lliuc
2735 2324 2940 2396 initium
2988 2323 3185 2376 viarum
3227 2321 3442 2396 Domini
3478 2322 3533 2377 in
3575 2323 3856 2396 Scriptnris

2264 2393 2497 2449 dicitur?
2526 2395 2894 2467 primogenitus
2927 2409 3140 2465 quoque
3169 2393 3334 2467 omnis
3365 2403 3614 2467 creatura:
3643 2394 3852 2463 (Coloss.

2264 2480 2304 2528 ι.
2338 2467 2427 2537 15)
2457 2483 2485 2520 a
2519 2465 2708 2521 Paulo'
2729 2466 2950 2531 dicitur,
2978 2467 3067 2536 qui
3099 2468 3261 2517 etiam
3302 2465 3419 2537 haec
3449 2465 3658 2537 subjicu
3687 2483 3699 2518 :
3729 2483 3855 2537 quo-

2264 2535 2414 2590 niam
2433 2540 2485 2592 in
2513 2539 2628 2606 ipso
2654 2537 2857 2591 condita
2884 2535 3008 2591 sunt
3029 2537 3262 2591 universa
3291 2536 3344 2589 in
3368 2535 3531 2597 caelis.
3558 2545 3604 2590 et
3629 2537 3677 2590 in
3701 2535 3850 2600 terra,

2264 2608 2517 2672 visibilia,
2546 2620 2592 2663 et
2622 2608 2928 2671 invisibilia,
2964 2609 3066 2661 sive
3095 2608 3263 2661 throni
3281 2649 3296 2671 ,
3329 2608 3433 2660 sive
3463 2606 3848 2671 dominationes,

2266 2680 2371 2751 sive
2400 2681 2737 2747 principatus.
2768 2680 2871 2734 sire
2910 2686 3215 2747 potestates:
3257 2686 3429 2732 omnia
3471 2694 3562 2746 per
3589 2679 3782 2751 ipsum,
3809 2690 3853 2732 et

2266 2750 2320 2803 in
2346 2754 2460 2817 ipso
2490 2764 2661 2806 creata
2690 2761 2807 2805 sunt
2828 2769 2846 2806 :
2873 2761 2920 2805 et
2947 2752 3056 2820 ipse
3085 2761 3159 2805 est
3197 2759 3315 2804 ante
3354 2765 3559 2814 omnes,
3608 2762 3653 2804 et
3689 2751 3851 2805 omnia

2266 2822 2322 2875 in
2351 2823 2465 2892 ipso
2492 2833 2747 2877 constant.

2342 2896 2515 2964 Atque
2540 2894 2681 2950 hanc
2707 2892 2920 2959 quidem
2947 2894 3308 2961 conjecturam
3335 2906 3512 2964 meam
3544 2893 3849 2964 prtevenisse

2270 2962 2481 3036 videtur
2509 2965 2891 3036 Hieronymus,
2921 2966 3047 3020 dum
3076 2964 3189 3036 bzec
3217 2963 3442 3017 Paulino
3481 2963 3671 3036 s_cribit
3710 2962 3729 3036 (
3746 2967 3843 3036 epi-

2269 3035 2402 3089 stola
2423 3036 2549 3090 olim
2572 3033 2760 3104 l03,in
2796 3034 2979 3089 Veron.
3011 3036 3131 3090 edit.
3157 3034 3247 3097 53.
3272 3051 3326 3087 ιι.
3353 3036 3440 3102 4):
3466 3033 3669 3103 «Leges
3691 3033 3846 3104 graece

2273 3108 2439 3160 tnttlta
2481 3107 2782 3179 signiﬁcat:
2825 3122 2951 3162 nam
2990 3116 3045 3162 et
3082 3106 3305 3179 verbum
3344 3116 3557 3179 est,‘et
3601 3108 3763 3172 ratio,
3796 3117 3843 3160 et

2274 3176 2612 3248 supptttatio,
2655 3189 2709 3233 et
2746 3194 2905 3233 causa
2944 3178 3365 3246 uniuscujusque
3408 3176 3526 3241 rei,
3572 3192 3665 3246 per
3701 3193 3839 3247 quam

2272 3259 2401 3302 Sunt
2420 3250 2625 3319 singula
2657 3263 2778 3320 qua:
2804 3250 3137 3313 subsistunt;
3172 3263 3289 3319 qua:
3319 3249 3570 3320 univerSa
3602 3259 3738 3303 recte
3772 3250 3840 3301 in-

2274 3318 2565 3391 telligintus
2604 3318 2973 3375 iu'Cbristou
3020 3321 3313 3376 Annotatio
3353 3318 3504 3383 lure,
3546 3333 3836 3390 quamquun

2271 3390 2550 3460 aliquanto
2598 3393 2878 3461 prolixior,
2927 3392 3117 3446 lectori
3170 3402 3379 3455 tamen,
3429 3396 3491 3445 ut
3531 3397 3677 3458 puto,
3724 3391 3839 3461 inju-

2272 3463 2446 3517 cunda
2488 3479 2592 3517 non
2623 3465 2745 3518 erit.

2341 3534 2432 3587 21.
2465 3534 2578 3589 Vox
2608 3534 2723 3589 haec
2747 3536 2915 3590 initiat
2941 3541 3207 3606 quatenus
3235 3534 3404 3604 posita
3427 3540 3513 3606 est
3540 3546 3638 3606 pro
3659 3532 3834 3606 incipit,

2272 3618 2366 3657 seu
2393 3606 2681 3670 exorditur,
2710 3622 2774 3659 ex
2809 3606 2872 3659 iis
2900 3602 3122 3661 vocibus
3147 3602 3265 3670 est,
3294 3618 3428 3675 quas
3457 3604 3508 3675 in
3542 3602 3735 3659 Hilario
3764 3618 3839 3675 nn-

2274 3684 2453 3730 tarunt
2492 3677 2676 3741 multi,
2717 3677 2883 3732 veluti
2924 3679 2990 3732 ab
3030 3677 3149 3732 aliis
3189 3673 3411 3746 perraro
3439 3674 3722 3746 adbibitas.
3752 3673 3837 3729 Alii

2277 3756 2451 3799 tamen
2493 3747 2652 3801 etiam
2694 3756 2819 3803 ante
2862 3748 3121 3802 Hilarium
3164 3745 3545 3803 adhibuerunt.
3594 3745 3837 3801 Vitruvius

2275 3816 2294 3886 (
2310 3821 2515 3888 prwfot.
2548 3817 2665 3873 libri
2691 3835 2799 3886 vn,
2828 3819 2920 3873 sub
2949 3820 3123 3887 ﬁnem)
3151 3819 3409 3872 initiantes
3438 3816 3702 3888 appellat,
3726 3830 3836 3888 quos

2271 3887 2467 3961 reliqui
2496 3891 2723 3945 initiatos
2753 3892 3025 3961 appellare
3053 3897 3471 3961 consueverunt.
3500 3887 3838 3961 Tertullianus

2272 3960 2522 4014 similiter
2557 3958 2801 4031 (advers;
2832 3961 3057 4027 Valent,
3094 3978 3212 4032 cap.
3247 3958 3386 4030 15):
3423 3958 3507 4032 Ea:
3548 3960 3629 4013 Itis
3665 3960 3839 4032 initiata

2271 4042 2390 4084 sunt
2428 4030 2649 4086 cwtera:
2678 4034 2727 4086 id
2768 4042 2882 4095 est,
2924 4030 3170 4094 initium,
3200 4048 3293 4087 seu
3325 4031 3606 4086 exordium
3632 4030 3841 4085 deduxe-

2274 4110 2418 4157 runt.
2448 4102 2619 4157 Julius
2650 4103 2911 4158 Firmicus
2945 4105 3106 4159 etiam
3137 4104 3190 4158 in
3225 4101 3470 4158 eamdem
3512 4102 3840 4158 sententiain:

2281 4171 2383 4247 Ver
2427 4174 2706 4247 initiatum,
2738 4177 2940 4245 inquit,
2969 4192 3088 4230 cum
3117 4177 3333 4247 primaut
3364 4173 3537 4229 arietis
3565 4184 3753 4243 partem
3778 4175 3842 4225 sol

2273 4245 2428 4316 fuerit
2455 4246 2733 4316 ingressus.

2345 4315 2437 4371 22.
2484 4313 2562 4372 Ad
2603 4316 2954 4372 refellendam
2986 4316 3358 4373 stultissimam
3388 4313 3708 4370 Arianorum
3741 4329 3845 4385 per-

2274 4389 2582 4458 suasionem
2622 4388 2957 4458 aptissimum
2989 4403 3110 4443 esse
3139 4397 3300 4457 caput
3327 4388 3559 4457 primum
3596 4386 3843 4458 Evangelii

2273 4456 2495 4512 Joannis
2515 4500 2529 4524 ,
2561 4456 2759 4513 docent
2785 4474 3004 4520 omnes.
3037 4460 3127 4530 qui
3157 4456 3223 4514 eo
3252 4460 3319 4513 de
3336 4456 3661 4530 argumento
3684 4456 3846 4530 dispu-

568 4526 812 4603 p'retatur
854 4526 1103 4584 Petavius
1155 4526 1280 4600 (tib.
1313 4542 1367 4582 v1
1392 4528 1455 4603 de
1484 4526 1701 4603 Triuia.
1732 4544 1849 4603 cap.
1881 4532 1903 4582 1
1930 4570 1945 4594 ,
1984 4529 2164 4603 ηχδ),
2195 4542 2248 4603 ι)
2276 4539 2541 4603 laverunt.
2573 4531 2944 4603 Augustinum
2974 4526 3068 4585 ltiti
3087 4526 3461 4603 tantummodo
3509 4526 3846 4603 ἱιιι1ἰειι(Ττιιο

567 4596 1040 4673 deﬁnitionem,“
1082 4596 1595 4673 ιίιιιοιιεηι-ΡιιρῆᾳΔῖ
1639 4598 1850 4673 e_nr_ita
1897 4596 2163 4668 appellet,

565 4669 820 4742 deinceps
846 4672 1083 4741 explicat
1108 4669 1193 4742 bis
1216 4669 1396 4742 verbis
1418 4684 1444 4720 a
1474 4669 1633 4724 Billio
1659 4670 1713 4724 itt
1745 4669 1967 4742 latinnnt
2001 4678 2168 4727 versis

564 4747 730 4817 (tom.
758 4739 807 4806 i,
839 4739 957 4817 pag.
992 4739 1146 4817 590A)
1174 4760 1188 4796 :
1222 4759 1241 4793 ι
1278 4739 1707 4817 Verbttttt_p_orro
1736 4741 2056 4812 (substitue,
2089 4745 2167 4817 sic

562 4811 1079 4884 appellatur),'quotl
1102 4811 1174 4867 ita
1203 4828 1262 4868 se
1286 4812 1448 4865 habet
1471 4813 1537 4865 ad
1562 4811 1797 4869 Patrem.
1826 4823 1878 4866 Ill
1896 4827 2075 4865 sermo
2094 4814 2159 4869 ad

565 4898 838 4950 tuentem,
875 4901 980 4939 non
1014 4886 1175 4938 modo
1213 4893 1430 4952 propter
1456 4885 1854 4952 generatioaent
1899 4885 2163 4951 passionis

563 4959 742 5012 omnis
789 4968 1095 5024 expertem,
1137 4971 1321 5010 verum
1362 4955 1522 5008 etiam
1569 4961 1786 5022 propter
1828 4954 2166 5023 eonjuuetio-

563 5044 686 5083 netu
719 5027 891 5097 ipsius
920 5043 1043 5081 cunt
1075 5026 1263 5088 Patre,
1310 5026 1526 5092 vimque
1565 5027 2009 5097 enuntiatricetn.
2056 5025 2158 5080 for-

560 5108 707 5156 tasse
746 5099 908 5154 etiam
937 5098 1066 5168 quia
1091 5098 1281 5152 eodem
1310 5097 1568 5168 modo__se
1606 5096 1671 5150 ad
1716 5096 1925 5152 Patrem
1968 5096 2161 5162 habet,

560 5185 669 5241 quo
717 5166 971 5227 definitio
1007 5167 1073 5223 ad
1120 5168 1419 5224 deﬁnitum.
1472 5166 1607 5223 Nam
1659 5167 1904 5223 deﬁnitio
1950 5184 2165 5239 quoque

635 5286 712 5358 (a)
747 5285 883 5341 Usus
905 5300 1047 5347 sum,
1064 5284 1145 5358 ttt_i
1159 5282 1293 5349 dixi,
1318 5281 1764 5358 interpretatione
1788 5281 2007 5346 Petavii,
2033 5298 2153 5358 nam

558 5351 821 5412 aliialiter
843 5364 1076 5410 vertunt.
1104 5354 1171 5410 Et
1196 5368 1329 5407 sane
1354 5352 1595 5408 nonnihil
1615 5353 1684 5407 ab
1705 5351 2158 5423 interpretatione

556 5428 759 5482 Petavii
791 5426 970 5482 diﬁ'ert
1000 5426 1373 5494 interpretatio
1399 5423 1671 5478 Ambrosii
1702 5423 2154 5479 Camaldulensis.

555 5500 818 5621 lliumdcm
869 5506 1047 5553 tamen
1080 5494 1556 5567 interpretationes
1583 5508 1774 5549 omnes
1804 5508 2022 5549 sensum
2055 5495 2152 5549 ba-

595 5581 706 5621 ent.

595 5581 706 5624 ent.

651 5641 700 5707 b)
733 5639 952 5693 Petario
980 5638 1273 5704 interprete
1303 5638 1398 5692 lib.
1425 5653 1476 5693 vt
1504 5637 1570 5692 de
1600 5635 1815 5701 Trinit.,
1846 5652 1897 5691 c.
1925 5636 1974 5705 1,
2004 5653 2060 5693 ιι.
2091 5638 2144 5694 5.

650 5716 694 5769 ε)
731 5710 849 5762 Lib.
882 5723 1083 5762 Lxxxut
1108 5707 1338 5774 Quarst.,
1362 5724 1480 5777 cap.
1514 5724 1608 5764 seu
1632 5707 1859 5777 quaestio
1885 5708 1976 5763 65.

625 5778 704 5848 (ιι)
736 5778 878 5833 Usus
918 5787 1035 5832 sum
1076 5780 1524 5847 interpretatione
1578 5779 1815 5845 Petavii,
1847 5795 1875 5834 a
1907 5794 2012 5850 qua
2053 5781 2142 5837 vix

2249 5638 2343 5711 ille
2369 5645 2416 5711 et
2442 5649 2657 5711 poscent,
2683 5649 2729 5692 et
2760 5641 3015 5711 sapientia

2274 4609 2366 4674 l_nt.
2398 4601 2446 4674 1,
2474 4600 2527 4654 in
2554 4599 2733 4674 Joan.,
2768 4612 2815 4655 et
2842 4601 2964 4654 alibi
2992 4599 3181 4674 sirpe).
3213 4611 3265 4657 et
3300 4601 3557 4674 Hilarium
3580 4602 3606 4674 _(
3626 4600 3711 4655 lib.
3740 4615 3771 4653 ιι
3795 4600 3847 4650 de

2273 4668 2541 4753 Trinitat“
2571 4689 2627 4726 η.
2660 4673 2763 4753 15..
2784 4690 2899 4742 pag.
2930 4674 2997 4753 ξι
3023 4668 3075 4727 εἰ
3095 4668 3194 4753 35_,_
3218 4684 3262 4726 et
3287 4671 3413 4725 alibi
3434 4668 3620 4753 stirpe).
3652 4674 3722 4753 Et.
3739 4684 3846 4752 pro-

2274 4741 2415 4796 fecto
2436 4743 2557 4797 ideo
2580 4740 2914 4812 potissintmit
2938 4743 3288 4813 Evangelinm
3313 4740 3673 4868 conscrigt'um
3698 4740 3843 4797 fuisse

2274 4828 2299 4865 a
2344 4813 2573 4868 Joanne.
2608 4824 2664 4868 ttt
2692 4814 2757 4868 iis
2787 4815 3101 4868 obsisteret.
3134 4814 3225 4868 ani
3253 4814 3490 4867 divinam
3566 4812 3712 4868 Itristi
3749 4812 3843 4867 ori-

2270 4828 2317 4885 ai
2344 4813 2573 4878 Joanne,
2608 4824 2664 4868 ttt
2692 4814 2757 4869 iis
2787 4812 3108 4878 obsisteret,
3134 4814 3225 4885 qui
3253 4814 3490 4885 divinam
3519 4812 3717 4885 Christi
3749 4812 3843 4867 ori-

2269 4884 2447 4953 ginem
2480 4886 2862 4957 denegabant,
2892 4902 2955 4940 ει
2998 4883 3321 4957 Hieronymo
3365 4884 3625 4942 discimus
3664 4883 3744 4956 (ﬁ.

2338 4957 2427 5011 25.
2468 4952 2723 5024 Spiritum
2762 4967 3004 5010 sanctum
3039 4952 3249 5011 tertiam
3284 4956 3563 5011 Trinitatis
3592 4952 3838 5013 sanctissi-

2268 5042 2371 5081 ntte
2404 5042 2686 5093 personam
2716 5027 2870 5082 fateri
2898 5027 3166 5083 debebant
3193 5043 3403 5087 omnes.
3434 5025 3529 5097 qui
3555 5027 3837 5082 cbrisnana:

2268 5097 2531 5169 Religioni
2576 5114 2772 5154 nomen
2791 5099 3006 5153 dabant.
3032 5100 3345 5163 ldprofecto
3391 5098 3835 5169 SymbolutnApg-

2263 5165 2533 5235 stolicum,
2556 5170 2790 5226 lrentens
2814 5170 2928 5239 (lib.
2984 5186 3001 5224 ι
3030 5180 3207 5224 contra
3234 5165 3471 5234 htereses,
3495 5188 3611 5242 cap.
3637 5169 3733 5239 10),
3761 5165 3836 5221 Ni-

2214 5256 2239 5273 .
2259 5281 2435 5338 diﬁ‘ert
2465 5293 2673 5338 vetusta
2707 5282 2851 5338 Billii
2882 5284 3279 5353 interpretatio.
3306 5283 3508 5339 Locum
3532 5286 3670 5339 hunc
3691 5282 3835 5338 babes

2261 5353 2513 5424 pag.50tl
2567 5355 2698 5409 torui
2745 5372 2758 5409 t
2813 5354 3067 5408 editionis
3091 5353 3376 5410 Colonien.
3407 5372 3495 5409 an.
3532 5355 3684 5412 1690.

2334 5423 2406 5497 (e)
2441 5425 2631 5497 Audivi
2651 5468 2664 5488 ,
2691 5425 2784 5497 qui
2810 5441 2929 5481 eam
2960 5426 3015 5480 in
3044 5440 3156 5480 rem
3185 5426 3569 5496 subsequentia
3598 5424 3835 5482 Lactantii

2258 5495 2422 5550 verba
2461 5495 2752 5565 allegaret:
2795 5504 2944 5552 recte
2987 5511 3085 5555 ne.
3130 5512 3196 5549 an
3238 5495 3429 5565 secus,
3476 5498 3567 5553 alii
3594 5497 3830 5567 judicent.

2255 5568 2418 5639 Λόγος
2456 5568 2591 5620 enim
2631 5576 2676 5620 et
2697 5585 2980 5623 sermonem
3021 5568 3276 5639 signiﬁcat
3297 5611 3310 5628 ,
3343 5578 3393 5623 et
3420 5571 3695 5635 rationem,
3731 5569 3834 5639 quia

3101 5639 3163 5692 ei.
3199 5638 3350 5694 Lact.
3386 5642 3424 5695 l.
3457 5656 3511 5695 tv
3570 5641 3698 5696 Inst.
3721 5638 3765 5696 ο.
3784 5638 3828 5693 9.

2326 5705 2391 5778 (Ῑ)
2430 5706 2754 5782 Nouissimas
2806 5705 3034 5765 omnium
3069 5712 3295 5782 scripsit
3338 5711 3668 5780 Evangelittm
3701 5728 3835 5782 roga.

2249 5791 2332 5838 tus
2365 5781 2427 5836 ab
2476 5778 2614 5857 Asitp
2664 5782 2971 5854 EpiscOpis,
3008 5778 3251 5839 adversus
3288 5778 3586 5841 (krintlinm
3630 5778 3831 5855 aliast)":
