3958 6194
59 263 148 320 769

756 262 825 320 IN
863 261 1123 320 HlLARll
1164 262 1554 323 EPISTOLAM
1594 264 1725 323 SEU
1769 266 2113 325 LIBELLUM
2153 265 2701 328 ANNOTATIONES.

3236 272 3340 329 770

60 387 362 460 ert-atinas,
412 390 551 459 quas
592 374 942 460 iptelligcntia
981 377 1388 460 etiamprnatas
1432 379 1602 460 voluit
1628 398 1641 433 :
1671 385 1724 444 Α
1752 380 1895 460 Deus
1921 423 1934 447 ,
1963 380 2589 460 qttantlibet_portionem
2637 380 2815 460 Mundi
2846 396 3034 460 carere
3073 382 3343 460 aliquibus

61 449 394 517 intelligentia
422 449 570 503 enim
601 448 711 502 Deo
737 448 943 502 similes
970 489 983 511 ,
1022 448 1192 517 gratia
1224 449 1410 503 divina:
1448 459 1646 506 natura:

59 520 275 591 quodam
311 519 481 591 modo
515 528 771 573 consortes
798 519 923 572 facit
969 518 1034 589 (ll
1059 518 1202 574 Petri
1223 535 1262 584 ι,
1295 522 1350 588 4)
1378 561 1393 584 ,
1420 531 1472 573 et
1506 523 1646 574 lilio-

60 588 166 646 rum
182 590 268 643 Dei
300 588 463 644 titulo
517 605 579 644 ac
608 591 870 659 dignitate
902 588 1172 645 honestat.
1197 592 1338 647 Sane
1361 593 1521 645 verba
1553 593 1646 646 illa

60 662 291 733 Job(cap.
314 676 551 733 xxxviii,
570 662 773 733 vers.7)
808 678 819 713 :
846 677 1027 714 cum...
1052 662 1340 733 jubilarent
1359 680 1531 717 omnes
1550 663 1648 731 ﬁlii

64 730 182 795 Dei,
218 730 286 787 de
314 730 549 803 Angelis
578 732 825 802 plerique
854 730 1162 803 intelligunt
1187 774 1200 797 ,
1247 745 1467 803 propter
1495 730 1649 804 egre-

63 807 187 875 giam
212 817 402 875 eorum
438 804 875 875 intelligentiam,
905 812 960 858 et
985 805 1234 875 gratiam.
1281 804 1465 871 Quid?
1502 804 1645 875 quod

65 873 277 931 Hilarius
324 874 449 946 ipse
495 873 816 929 hzec'tradit
843 876 963 945 (a):
995 873 1035 926 ’t
1065 873 1171 931 Sed
1216 889 1337 929 cum
1371 873 1647 946 regionem

67 945 338 1018 cngnitinni
366 961 486 1001 suae
511 988 526 1010 ,
578 946 668 1016 qui
697 945 942 1018 infinitus
963 955 1049 1001 est
1073 987 1089 1012 ,
1131 946 1423 1001 collocaret
1442 945 1461 1018 7:
1507 947 1647 1003 coelo

67 1016 323 1087 superiore
349 1026 521 1087 atque
549 1020 723 1083 primo
749 1058 764 1079 ,
807 1016 1109 1087 eodemque
1145 1019 1197 1070 in
1224 1018 1357 1072 orbe
1381 1017 1647 1073 collocato

70 1092 334 1144 terminum
367 1090 662 1158 quemdam
694 1089 986 1143 virtutibus
1010 1130 1025 1153 ,
1063 1104 1185 1157 qum
1218 1089 1401 1158 prima:
1448 1089 1515 1143 ad
1556 1105 1646 1144 co-

68 1157 413 1232 gnoscendum
462 1174 526 1232 se
579 1161 969 1229 gignerentur,
1018 1160 1254 1232 inclusit.
1285 1157 1470 1232 Neque
1500 1162 1645 1232 enim

69 1229 313 1304 gignenda:
327 1230 641 1304 creationes
655 1231 909 1285 virtutem
928 1229 1364 1304 inconspicabilis
1385 1229 1476 1285 Dei
1505 1230 1646 1304 ferre

73 1301 369 1371 potuissent,
401 1302 507 1356 nisi
539 1311 743 1355 naturae
772 1303 1171 1370 tetnperattoris
1216 1301 1431 1371 objectu
1460 1303 1644 1358 sedetn

74 1374 192 1428 hanc
217 1375 513 1427 moderata:
552 1372 617 1427 ad
650 1373 1015 1427 infirmitatem
1048 1372 1395 1427 habitationis
1442 1374 1645 1428 incolc-

73 1456 192 1500 rent.
218 1463 237 1496 ι
271 1445 413 1500 Alibi
446 1453 629 1499 tamen
664 1457 870 1508 tnouet,
898 1458 994 1498 eos
1025 1445 1169 1513 ipsos
1192 1486 1204 1504 .
1235 1458 1370 1511 quas
1400 1453 1454 1497 et
1482 1443 1640 1512 ﬁlios,

77 1528 120 1570 et
143 1516 325 1587 genitos
352 1515 460 1570 dici
495 1529 655 1584 posse
687 1516 885 1587 fatetur
910 1556 924 1581 ,
958 1531 1076 1568 cum
1106 1515 1435 1587 proprietatis
1463 1524 1642 1570 tamen

76 1585 425 1659 signiﬁcatione
455 1589 683 1659 minime
706 1585 857 1659 dici;
886 1601 1011 1659 nam
1040 1588 1083 1659 si
1115 1585 1327 1656 proprie
1359 1586 1517 1659 loqui
1544 1601 1643 1640 vo-

78 1656 252 1725 ltunus,
283 1676 379 1713 nos
413 1673 513 1726 per
542 1658 769 1726 gratiam
803 1658 894 1712 lilii
923 1656 1211 1722 efficimur,
1245 1673 1348 1711 non
1373 1656 1646 1711 nascimur

82 1730 193 1794 lilii;
220 1731 441 1799 ideoque
458 1728 757 1801 adeptione,
782 1728 1116 1801 etelectione,
1143 1743 1246 1801 non
1268 1729 1639 1797 generatione,

81 1805 292 1870 rigorose
321 1798 642 1865 scilicet,'t-t
673 1799 886 1870 proprie
917 1811 1137 1867 accepta
1170 1798 1269 1870 (b).

139 1871 189 1927 ln
228 1886 291 1926 eo
321 1872 503 1941 itaque
530 1886 693 1925 sensu
726 1885 823 1941 nos
859 1887 888 1924 a
919 1870 1028 1923 Deo
1058 1872 1255 1941 genitos
1283 1871 1462 1927 dicere
1495 1871 1643 1926 llila-

84 1943 177 1998 rius
207 1944 368 2009 potuit
388 1940 423 2007 ,’
449 1956 563 2013 quo
584 1956 749 1997 sensu
778 1940 868 2013 Dei
893 1940 1172 2011 germanos
1200 1943 1457 2011 appellari
1483 1944 1647 1999 docet

83 2013 290 2079 Paulus;
317 2011 519 2083 quippe
549 2012 665 2067 haec
688 2015 740 2083 in
762 2011 1047 2083 Areopago
1068 2013 1385 2068 concinnem
1415 2014 1640 2079 habens,

84 2084 263 2141 dixerat
289 2081 424 2154 (Act:
453 2100 591 2149 xm,
616 2084 688 2157 28
707 2082 763 2157 )z
800 2102 819 2135 ι
837 2081 898 2157 In
916 2081 1029 2157 ipso
1059 2085 1193 2137 enim
1215 2087 1448 2157 vicimus,
1474 2101 1646 2139 move—

87 2172 211 2221 ntur,
244 2167 289 2211 et
315 2171 531 2211 sumus:
585 2155 715 2210 sicut
735 2164 781 2209 et
808 2155 1016 2218 quidam
1042 2164 1327 2209 vestrorum
1367 2155 1645 2210 Poetarum

86 2227 322 2298 dixerunt:
374 2227 550 2298 ipsius
589 2228 732 2282 enim
774 2235 831 2282 et
874 2242 1043 2297 genus
1092 2240 1299 2282 sumus.
1350 2246 1369 2279 ι
1408 2227 1479 2280 Ea
1525 2243 1645 2296 quae

88 2297 430 2354 dissertatione
477 2314 539 2353 ut
594 2301 813 2367 copiose
868 2299 1132 2365 dicemus,
1183 2300 1248 2352 ad
1280 2298 1422 2353 hunc
1469 2298 1645 2353 locum

89 2368 433 2425 illustrandum
463 2370 648 2425 aﬂ'erri
680 2370 965 2423 commode
996 2378 1265 2439 poterunt.

147 2442 225 2498 39.
273 2442 441 2498 Locus
472 2441 565 2495 hic
590 2441 753 2510 paulo
784 2441 1064 2495 obscurior
1091 2455 1215 2496 esse
1235 2440 1464 2496 videtur.
1515 2441 1648 2496 Sus-

93 2516 408 2587 picatussum
437 2512 767 2587 aliquando,
818 2513 1160 2587 atnanueusis
1187 2512 1401 2587 licentia
1436 2512 1537 2587 legi
1564 2528 1650 2567 ora

92 2582 341 2646 dinaverit,
392 2583 755 2645 cxornaverit,
807 2596 929 2636 cum
997 2582 1225 2638 fortasse
1280 2584 1331 2637 iu
1392 2582 1649 2648 primaevo

93 2656 348 2727 exemplari
375 2654 651 2727 legeretur
680 2695 693 2718 ,
718 2656 1036 2709 exornaverit
1062 2694 1077 2719 ,
1113 2653 1422 2727 ordinauerit
1447 2653 1652 2727 {Ordi-

95 2724 291 2789 naverit,
322 2724 567 2799 inquam,
602 2727 868 2795 Optimum,
886 2728 1088 2799 justum
1108 2726 1356 2799 mmdare
1375 2724 1603 2796 judicent
1632 2741 1650 2778 :

97 2799 230 2853 idest
253 2798 594 2853 constituerit
619 2795 906 2867 optimum,
935 2808 984 2850 et
1013 2798 1213 2865 justum
1237 2795 1474 2864 judicem
1504 2811 1652 2850 inan-

97 2870 238 2936 dare,
280 2885 369 2925 seu
418 2871 693 2938 imperare
719 2909 736 2935 ,
776 2868 1112 2937 etjudicium
1137 2867 1339 2932 justum
1372 2882 1649 2923 exvrcere.

100 2943 325 3009 Deinceps
365 2949 552 2996 tamen
600 2939 848 3002 adverti,
894 2939 994 3009 legi
1028 2938 1203 2992 adhuc
1233 2954 1424 3008 posse,
1474 2941 1545 2992 uti
1598 2939 1651 2992 in

99 3023 254 3066 nostro
278 3012 459 3067 codice
484 3010 686 3082 legitur
706 3051 723 3082 ,
753 3011 804 3064 id
833 3018 918 3065 est
945 3009 1276 3075 ordinauerit,
1308 3010 1649 3082 exornaverit.

101 3082 269 3138 Recole
297 3082 398 3149 hic,
430 3081 578 3153 quod
608 3081 766 3151 paulo
790 3088 916 3135 aute
947 3082 1176 3153 aositutn
1209 3081 1409 3136 fuerat:
1451 3081 1649 3135 «Deum

1674 1768 1721 1828 B

1749 452 1939 513 voluit.
1972 452 2187 523 qumab
2209 451 2329 507 aliis
2360 462 2630 522 repeteret
2653 454 2986 523 regionibus,
3014 465 3069 510 ut
3094 455 3343 513 homines

1750 523 1951 575 mutuis
1974 538 2032 577 se
2059 521 2251 577 officiis
2279 521 2617 594 adjuvarent.

1818 594 2099 647 Urdinnvit
2139 603 2319 649 autem
2365 595 2707 665 (Augustino
2744 594 2962 665 judice)
3015 596 3344 664 privationcs

1747 665 1910 718 etiam
1935 705 1951 727 ,
1983 675 2038 718 et
2066 673 2309 732 peccata.
2363 665 2562 721 Recole
2588 682 2710 736 quae
2740 667 3089 723 adnotatione
3118 670 3342 724 10όίχί-

1750 750 1869 789 mus
1893 752 1908 801 ;
1938 736 2135 805 quibus
2165 751 2227 806 ea
2256 736 2418 806 adde,
2446 753 2565 805 qua:
2589 737 2731 791 idem
2757 737 3092 806 Augustinus
3115 742 3165 794 in
3192 739 3346 796 Psal-

1749 820 1895 860 mum
1925 822 1977 861 ιι
2005 805 2199 880 (ιι.ιὸ
2229 824 2243 860 :
2269 805 2353 880 Ne
2379 809 2569 880 putetis
2589 809 2748 880 gratis
2795 805 2906 864 esse
2954 808 3119 864 malos
3166 811 3219 864 in
3247 812 3344 866 Itoc

1747 881 1967 942 mundo,
1999 878 2132 947 etc.)
2160 878 2363 933 docuit.
2381 878 2527 945 Qua:
2550 878 2767 946 quidem
2803 881 2983 936 omnia
3009 882 3342 942 exiterientia

1752 950 2022 1024 nituntur,
2052 957 2107 1001 et
2135 958 2348 1003 votusto
2378 949 2473 1004 illo
2500 950 2807 1024 Salomonis
2829 950 2990 1007 elfato
3021 949 3206 1024 (Prov;
3224 968 3337 1020 xvt,

1748 1018 1806 1091 4)
1834 1017 2138 1091 :Uniuersa
2165 1029 2378 1091 prapter
2406 1023 2732 1091 semetipsum
2776 1034 3014 1091 operatus
3031 1017 3041 1024 ’
3058 1032 3132 1076 est
3174 1017 3346 1079 Deus}

1748 1090 1963 1159 impium
1975 1090 2173 1160 quoque
2193 1091 2261 1144 ad
2281 1092 2416 1145 diem
2436 1090 2655 1146 malum.
2682 1090 2817 1148 Duttt
2834 1109 2995 1158 porro
3015 1104 3343 1163 peccatores,

1748 1175 2048 1234 eorumque
2073 1176 2292 1216 errores
2317 1178 2348 1217 a
2377 1163 2488 1219 Deo
2513 1163 2753 1219 ordinari
2784 1164 2997 1219 aflirtno
3022 1206 3036 1228 ,
3070 1167 3347 1234 trgritudi-

1749 1246 1871 1298 nes,
1906 1233 2159 1305 morbos,
2212 1234 2426 1303 aliaque
2455 1236 2613 1302 hujus
2640 1236 2857 1304 generis
2890 1236 3094 1305 peccati
3126 1233 3342 1305 quidem

1748 1316 1939 1378 partes
1963 1344 1976 1365 .
2011 1303 2106 1359 sed
2153 1312 2333 1378 tamen
2364 1307 2540 1378 meriti
2580 1303 2746 1361 uoStri
2779 1303 3094 1362 occasiones
3119 1303 3153 1371 ,7
3183 1319 3345 1378 atque

1750 1374 2098 1428 incitamenta
2126 1373 2192 1429 ad
2227 1376 2564 1443 patientiam,
2598 1378 2834 1431 ordinari
2862 1378 3027 1434 etiam
3055 1378 3165 1433 aio.

1817 1443 1910 1501 40.
1946 1446 2234 1500 Exornavit
2258 1461 2421 1515 porro
2451 1448 2589 1501 Deus
2619 1465 2724 1502 uoti
2759 1463 2922 1515 pauca
2972 1449 3024 1503 in
3059 1451 3161 1504 hoc
3186 1466 3345 1504 mttu-

1746 1515 1857 1591 do,
1891 1523 2197 1591 attestante
2251 1518 2302 1591 id
2350 1518 2682 1591 experientia
2742 1529 2796 1574 et
2843 1520 3119 1591 Scriptura
3164 1521 3347 1576 verbis

1749 1586 1853 1639 illis
1881 1585 2032 1659 (Gen.
2064 1602 2124 1651 tt,
2154 1586 2208 1659 l)
2231 1606 2245 1642 :
2279 1587 2384 1660 lgit
2424 1585 2449 1641 ἦ·
2476 1592 2688 1660 perfecti
2714 1600 2833 1644 sunt
2859 1585 3004 1654 corti',
3029 1600 3077 1646 et
3103 1600 3236 1645 terra
3255 1633 3272 1658 ,
3296 1601 3348 1648 et

1748 1660 1913 1711 omnis
1954 1666 2169 1713 ornatus
2215 1674 2409 1713 eorum.
2458 1667 2637 1733 Atque
2664 1676 2694 1715 a
2722 1663 2982 1733 cmlorum
3013 1662 3230 1733 quidem
3259 1678 3347 1717 or-

1750 1740 1901 1802 natu,
1930 1743 2119 1783 eorum
2149 1742 2424 1785 auelorent
2456 1732 2801 1802 innotescere
2823 1731 2978 1788 facile
3005 1731 3195 1802 posse.
3230 1750 3344 1789 ma-

1748 1798 1945 1853 nifesto
1996 1808 2205 1877 constat
2253 1802 2471 1877 eg‘illis
2519 1801 2864 1875 verbis(Ps.
2913 1798 3063 1866 xvrit.
3095 1803 3186 1877 l):
3218 1805 3347 1877 (λα-[ε

1744 1880 1992 1947 εμιπταηι
2011 1870 2239 1947 gloriam
2259 1868 2377 1929 Dei.
2405 1882 2451 1926 et
2485 1888 2639 1941 opera
2659 1868 2903 1947 manuum
2930 1877 3041 1947 ejus
3079 1868 3350 1931 annuntiat

1747 1940 2146 2064 frtttantentutn.
2182 1940 2333 1998 Sicut
2372 1940 2552 1997 autem
2581 1945 2841 2000 caelorum
2879 1940 3196 2002 ornamenta
3220 1949 3347 2002 sicl-

1772 2028 1816 2064 ae
1857 2022 2019 2064 sunt.
2056 2013 2128 2064 ita
2161 2024 2317 2064 terrm
2348 2026 2665 2064 ornamenta
2695 2014 2918 2064 frutices
2941 2055 2958 2064 -
2999 2016 3254 2064 arbores-
3297 2028 3347 2064 ρι

1772 2028 1816 2066 te
1857 2022 1984 2067 sunt
2005 2054 2019 2078 ,
2056 2013 2128 2067 ita
2161 2024 2317 2068 terra:
2348 2026 2665 2069 ornamenta
2695 2014 2918 2071 frutices
2941 2055 2959 2082 ,
2999 2016 3255 2081 arbores,
3297 2028 3353 2074 et

1750 2083 1934 2137 herbae
1962 2092 2122 2150 sunt,
2185 2100 2415 2154 quorum
2461 2088 2702 2141 omnium
2752 2086 3033 2142 innumera
3059 2129 3074 2153 ,
3112 2104 3175 2143 ac
3205 2090 3350 2144 varia

1747 2168 1942 2223 gent-ra
1980 2154 2144 2209 Deum
2176 2156 2604 2221 omnipotentem
2629 2157 2840 2212 illortun
2864 2167 3138 2215 auctorem
3163 2172 3350 2216 osten-

1747 2223 1878 2301 dunt
1910 2224 1929 2296 (
1959 2224 2090 2295 Sap.
2127 2241 2227 2280 xm
2256 2265 2270 2288 ,
2300 2225 2376 2298 5)
2403 2268 2417 2291 ,
2451 2228 2589 2301 adeo
2619 2235 2678 2283 ut
2705 2228 3083 2301 inexcusabiles
3110 2231 3233 2297 sint,
3265 2231 3353 2301 qui

1751 2293 1927 2370 D_eunt
1961 2293 2292 2370 agnoscentes
2325 2293 2489 2370 [non
2526 2300 2675 2370 sicut
2707 2298 2872 2353 Deum
2917 2293 3350 2370 glorificauerunt.

1748 2364 1926 2492 fl'Rom.
1965 2364 2011 2449 1,;
2038 2366 2127 2450 lii,
2154 2366 2245 2434 20,
2271 2367 2576 2437 etc.)..Vide
2606 2386 2750 2452 quas.
2772 2371 2839 2425 de
2872 2364 2973 2423 hoc
3026 2364 3351 2454 argumento

1799 2438 2014 2492 lteolutn
2058 2439 2353 2492 dtsnttlanl.
2405 2455 2467 2492 ac
2509 2452 2809 2492 orteserttm
2857 2441 3130 2492 Petavius.
3164 2453 3309 2492 tamn
3334 2460 3351 2492 ι

1799 2437 2014 2509 lteolngi
2058 2439 2353 2505 disptttant,
2405 2455 2467 2494 ac
2509 2437 2809 2509 praesertim
2857 2437 3130 2503 Petavius,
3164 2453 3352 2498 tumor

1751 2508 2061 2579 Theologtc.
2092 2509 2328 2580 dogtnat.
2360 2526 2479 2579 cap.
2512 2508 2559 2564 l.
2591 2510 2750 2567 Nefas
2781 2526 2944 2580 porro
2969 2516 3074 2572 sit.
3103 2514 3232 2568 dttm
3263 2515 3354 2569 lli-

1752 2580 1943 2634 larium
1982 2581 2195 2652 illustre
2222 2622 2236 2645 ,
2286 2582 2447 2636 alium
2496 2582 2737 2651 ejusdem
2786 2580 2973 2637 llilarii
3005 2585 3351 2652 prolixiorem

1750 2652 1928 2707 locum
1959 2667 2064 2728 no_n
2097 2651 2367 2728 adducere
2392 2671 2404 2705 :
2429 2652 2778 2728 Hmc‘scilicet
2804 2652 2933 2708 alibi
2963 2651 3124 2728 tradit
3150 2654 3228 2728 (in
3253 2653 3349 2710 Ps.

1751 2738 1903 2787 Lsttt,
1927 2739 1981 2796 ιι.
2011 2723 2064 2788 6,
2098 2739 2216 2796 pag.
2252 2723 2359 2796 4197
2376 2724 2511 2796 Atomi
2538 2722 2578 2794 ι)
2605 2742 2651 2779 :c
2676 2726 2947 2796 Docemur
2969 2727 3132 2780 etiam
3159 2722 3354 2783 conse-

1752 2794 2047 2867 quentibus
2076 2794 2296 2867 monitis
2323 2794 2390 2848 ad
2418 2797 2666 2867 ordinem
2693 2795 3028 2865 obsequelm,
3056 2796 3349 2867 Propheta,

1754 2863 1839 2937 vel
1868 2863 2068 2937 Spiritu
2121 2881 2216 2934 per
2264 2865 2590 2937 Prupltetam
2645 2866 2717 2921 ita
2763 2863 3131 2923 admonente:
3164 2863 3356 2923 'Dicite

1756 2934 1863 2989 Deo
1891 2934 1923 2989 Ξ
1938 2935 2107 3000 Quam
2135 2934 2385 2991 terribilia
2405 2948 2524 2992 sunt
2546 2953 2700 3005 Opera
2738 2947 2824 2991 ttta
2844 2937 2865 2990 !
2905 2938 3039 3005 Quis
3070 2939 3216 2993 enim
3246 2953 3352 2992 non

1756 3007 1987 3079 trepidet
2015 3007 2081 3061 ad
2112 3007 2442 3077 Maiestatem
2475 3010 2591 3076 ejus
2612 3050 2627 3075 ,
2660 3014 2749 3079 qui
2779 3012 2973 3063 saecula
3016 3008 3311 3079 instituerit
3335 3050 3351 3077 ,

1755 3078 2014 3132 mundum
2038 3078 2359 3145 cnudidct'it,
2393 3088 2635 3147 tempora
2663 3078 2944 3135 revolubili
2976 3078 3357 3137 vicissitudine

99 3168 203 3208 vera
230 3153 352 3209 ildes
378 3147 464 3209 ita'
494 3147 719 3223 semper
753 3155 1024 3223 exposuit.
1076 3151 1191 3207 Non
1225 3160 1405 3205 natum
1431 3193 1445 3217 ,
1487 3165 1595 3207 etc.
1628 3170 1646 3203 ι
1681 3147 1727 3212 C
1758 3164 2024 3223 cursuque
2049 3151 2330 3223 dimensus
2361 3151 2453 3223 sit.
2485 3151 2682 3206 caelum
2715 3151 2875 3223 astris
2898 3153 3171 3205 ornaverit
3198 3193 3212 3217 ,
3242 3162 3356 3207 ter-

101 3224 213 3296 Tttm
262 3238 417 3296 porro
463 3222 688 3280 s’eusttm
740 3225 883 3277 hunc
932 3222 1131 3277 ltabeut
1174 3225 1401 3293 allegata
1450 3224 1651 3278 verba:

108 3295 405 3351 «Vera’lides
435 3297 507 3350 ita
539 3310 753 3364 semper
778 3297 1045 3363 exposuit,
1078 3305 1134 3348 ut
1165 3309 1519 3364 agnoscamus
1549 3310 1655 3349 non

102 3375 257 3420 natum
289 3406 300 3417 .
328 3406 341 3421 .
369 3408 381 3420 .
408 3409 421 3421 .
451 3382 689 3436 eumque
716 3366 973 3434 optimum
1003 3365 1206 3434 justum
1237 3366 1490 3421 mandare
1514 3365 1658 3435 judi-

104 3452 219 3492 οεπι.
243 3456 261 3491 3

161 3509 294 3576 Quod
324 3509 366 3564 si
405 3524 642 3581 qumras,
675 3522 925 3581 quamam
968 3508 1155 3581 fecerit
1189 3508 1331 3561 Deus
1356 3548 1368 3570 ,
1412 3522 1658 3576 quaenam

106 3579 411 3648 disposuerit,
426 3579 677 3651 quaenam
694 3580 1021 3635 ordiuavcrit
1042 3620 1057 3645 ,
1083 3594 1329 3649 quamam
1355 3593 1483 3633 vero
1504 3594 1661 3633 exor-

112 3651 288 3705 naverit
314 3667 328 3716 ;
359 3652 475 3718 aio,
507 3661 731 3705 naturas
762 3667 950 3706 omnes
970 3690 985 3713 ,
1013 3666 1315 3721 earumque
1339 3663 1534 3721 genera
1562 3690 1578 3712 ,
1606 3657 1659 3721 et

111 3722 290 3788 Species
327 3724 393 3778 ab
417 3722 573 3778 initio
604 3739 631 3775 a
667 3723 776 3777 Deo
821 3722 986 3776 fuisse
1031 3722 1237 3777 fat-tas:
1292 3719 1360 3774 In
1408 3720 1663 3789 principio

110 3794 271 3846 creavit
300 3792 431 3848 Deus
456 3795 645 3848 caelum
662 3833 677 3858 ,
708 3803 759 3847 et
785 3805 993 3856 terram,
1019 3801 1127 3847 etc.
1178 3791 1360 3862 Neque
1387 3806 1516 3846 vero
1543 3806 1662 3845 cor-

114 3866 286 3930 poralia
335 3863 705 3920 tantummodo
750 3864 994 3919 condidit
1047 3863 1224 3925 Deus,
1273 3878 1456 3918 verum
1501 3862 1662 3917 etiam

110 3935 391 4005 spiritualia.
444 3935 580 3990 Vide
606 3950 725 4005 quae
757 3935 1074 3991 tradidimus
1126 3935 1472 3989 adnotatione
1504 3935 1578 4005 l0,
1610 3943 1665 3987 et

114 4003 186 4075 l8.
227 4005 485 4075 Disposuit
539 4003 735 4072 solent,
788 4015 844 4062 et
898 4007 1101 4069 lunam,
1148 4015 1202 4059 et
1229 4005 1433 4070 Stellas,
1462 4016 1516 4059 ut
1544 4003 1667 4057 divi-

111 4073 217 4148 dant
241 4073 362 4131 diem
382 4120 397 4145 ,
430 4094 490 4132 ac
513 4087 739 4142 noctem,
772 4086 818 4132 et
842 4079 943 4131 sint
964 4078 1016 4130 in
1039 4078 1184 4148 signa
1203 4117 1217 4139 ,
1256 4084 1304 4129 et
1333 4083 1667 4148 tempora,_et

111 4144 237 4218 dies,
262 4159 304 4202 et
329 4164 522 4205 annos:
546 4162 601 4203 ut
626 4149 824 4202 iaceant
846 4150 900 4202 in
932 4144 1255 4218 ﬁrmamento
1284 4146 1398 4200 caeli
1416 4144 1509 4210 {et
1547 4146 1667 4199 illu-

114 4216 277 4293 minent
311 4232 491 4275 terram
520 4219 675 4293 (Gen.
711 4236 749 4287 ι,
778 4220 880 4285 lt;
909 4216 955 4274 et
982 4217 1074 4274 Ps.
1098 4234 1323 4293 cxsxv,
1345 4219 1399 4283 7,
1440 4219 1474 4272 8
1504 4226 1551 4270 et
1583 4218 1663 4289 9).

118 4285 357 4356 Disposuit
401 4285 628 4358 proinde
669 4285 972 4359 temporum
1027 4289 1429 4355 vicissitudines
1479 4285 1668 4343 omnes

116 4366 160 4433 et
179 4360 460 4433 intervalla.
490 4363 595 4418 Res
616 4378 833 4433 quoque
860 4363 1007 4432 ipsas
1032 4362 1329 4433 disposuit:
1350 4374 1499 4433 raras
1522 4374 1665 4433 enim

119 4427 287 4495 ubique
309 4433 489 4487 obvias
530 4427 811 4488 invenies:
858 4427 952 4486 sed
993 4427 1185 4487 cuncta
1232 4431 1345 4487 fere
1377 4432 1510 4486 locis
1556 4432 1670 4485 suis

118 4497 446 4575 disposuit,iet
471 4505 693 4575 aptavit.
742 4502 1008 4575 Nonnulla
1033 4520 1100 4558 eo
1126 4504 1194 4558 de
1224 4512 1545 4575 argumento
1574 4502 1669 4555 ha-

120 4566 338 4646 hctliber
360 4566 466 4630 .Iob
508 4566 673 4646 imp.
698 4589 912 4630 xxmtt
935 4615 949 4638 ,
981 4572 1038 4639 4,
1070 4575 1124 4646 _5,
1156 4566 1319 4646 etc.)',
1350 4588 1509 4646 quem
1537 4587 1668 4629 eon-

121 4642 244 4715 gttlas
267 4653 423 4715 opto,
455 4642 877 4715 et‘apertissime
903 4646 1037 4700 liber
1066 4642 1413 4715 Sapientiae]
1439 4661 1555 4712 cap.
1588 4660 1660 4707 χι,

121 4707 197 4784 91)
221 4730 232 4767 :
254 4707 430 4770 Diania
456 4718 511 4772 in
533 4707 787 4779 mensura,
811 4727 858 4771 et
882 4732 1092 4772 numero
1108 4758 1123 4781 ,
1142 4707 1212 4770 ἐι
1237 4707 1462 4784 pondere
1491 4707 1667 4784 dispo-

122 4782 261 4858 suistt'.
292 4784 373 4858 _Et
416 4788 553 4843 inter
600 4788 853 4858 profanos
907 4798 1156 4844 auctores
1202 4782 1489 4858 Virgilius:
1548 4782 1669 4841 Non

124 4855 264 4909 omnis
278 4856 369 4925 fert
390 4861 558 4915 omnia
585 4855 757 4916 tellus.
789 4860 899 4915 Cur
929 4859 1099 4915 vero?
1128 4858 1275 4929 quia,
1302 4855 1385 4913 uti
1414 4857 1666 4929 diximus,

125 4935 290 4981 cuncta
315 4929 366 4983 in
393 4948 626 4987 mensura
648 4972 664 4999 ,
704 4941 752 4987 et
788 4947 1001 4987 numero
1019 4973 1035 5000 ,
1064 4938 1112 4984 et
1145 4929 1371 5000 pondere
1397 4928 1673 5001 disponens

188 5106 256 5189 (tt)
279 5110 330 5189 l_n
358 5121 563 5189 tractat.
592 5116 645 5172 in
679 5115 826 5189 Psal,
860 5130 1055 5182 cxxxv,
1086 5130 1141 5169 ιι.
1168 5112 1234 5181 8,
1264 5111 1329 5169 ad
1362 5110 1522 5169 verba
1551 5110 1641 5168 illa
1666 5129 1681 5169 :

132 5182 201 5244 qui
218 5182 324 5244 fecit
349 5186 495 5241 ctelos
519 5188 572 5242 in
601 5188 903 5243 intellectu..
960 5196 963 5201 ‘

164 5247 265 5331 .(b)
302 5270 320 5306 ι
348 5254 456 5331 Nisi
491 5257 625 5331 forte
654 5258 707 5313 iu
739 5274 804 5331 eo
828 5256 971 5329 quod
992 5255 1077 5331 ait
1100 5255 1685 5331 :Filius‘ptintogeuitus

136 5321 228 5399 ejus
244 5321 413 5399 lsracl,
440 5330 720 5397 quisquam
743 5321 1006 5399 hoc-quod
1038 5321 1399 5399 primogenitus
1434 5321 1572 5399 incus
1602 5327 1687 5399 di-

139 5393 304 5469 }Mgd
329 5393 705 5455 detrahendam
735 5400 869 5455 Filio
885 5393 1278 5469 "proprietatem
1320 5397 1686 5468 generationis

140 5462 367 5538 iﬂlelliget
388 5484 403 5532 ;
427 5479 481 5523 ut
505 5474 626 5538 quia
656 5481 711 5527 et
741 5472 807 5526 de
831 5462 1228 5528 lsiael’dixerit
1254 5462 1415 5532 me'us,
1442 5482 1687 5538 assump-

141 5533 211 5613 ψ)Δ
230 5533 468 5613 laetorum
494 5533 719 5613 liliorum
745 5556 842 5613 pro
862 5541 1160 5597 nativitatis
1182 5541 1511 5613 proprietate
1530 5533 1686 5613 usur-

143 5605 331 5682 Palasit
357 5626 370 5670 ;
414 5612 692 5682 etidcirco
719 5605 824 5668 n'on
849 5613 921 5667 sit
948 5605 1211 5682 nativi‘tat'i
1249 5605 1342 5666 Dei
1365 5611 1639 5682 proprium
1666 5652 1681 5675 ,

143 5672 261 5737 ‘lllod
280 5676 342 5731 de
368 5694 432 5734 eo
459 5681 655 5739 dictum
686 5692 800 5740 est:
847 5682 947 5737 Hic
975 5691 1050 5738 est
1074 5680 1241 5737 Filius
1265 5672 1405 5736 metis
1426 5672 1641 5737 dilectus
1663 5672 1677 5747 ζ

146 5755 246 5798 cum
271 5763 398 5807 meus
420 5755 575 5810 etiam
590 5755 695 5813 illis
724 5754 996 5827 proprium
1024 5766 1145 5812 esse
1166 5754 1396 5821 dicatur,
1414 5767 1553 5824 quos
1573 5767 1681 5810 non

1763 3235 1877 3297 ram
1895 3220 2501 3297 _l‘ructibusrepleverit.
2533 3236 2684 3276 mare
2710 3222 3315 3297 obicibusconcluserit
3338 3262 3354 3289 ,

1764 3292 2060 3356 hominem,
2090 3302 2147 3346 ut
2175 3291 2380 3346 ltis'aut
2410 3301 2675 3359 uteretur,
2704 3301 2799 3347 aut
2826 3291 3218 3355 dominaretur.
3249 3296 3358 3349 cleo

1761 3364 1938 3433 gerit?
1989 3363 2091 3417 Per
2123 3362 2239 3418 haec
2289 3363 2434 3418 enim
2473 3363 2652 3417 omnia
2714 3363 2930 3418 \irtutis
2965 3378 3029 3429 ac
3077 3365 3361 3431 poteSIatis

1762 3434 1878 3502 ejus
1905 3434 2182 3489 :nternitas
2207 3435 2467 3499 noscitur,
2492 3434 2754 3502 Apostolo
2780 3433 3023 3490 dicente:
3060 3436 3189 3504 va
3227 3437 3362 3490 enim

1762 3505 2050 3578 invisibilia
2084 3508 2217 3578 ejus,
2263 3522 2293 3560 a
2346 3514 2582 3560 creatura
2628 3507 2807 3560 mundi
2830 3506 2992 3578 ipsius
3029 3508 3176 3577 factis
3207 3507 3362 3578 intei-

1764 3577 1891 3649 lecta
1938 3575 2279 3649 aspiciuntur,
2315 3587 2523 3649 interna
2568 3593 2767 3648 quoque
2809 3575 2972 3631 uirtus
3020 3575 3136 3649 ejus
3150 3648 3159 3649 ί
3184 3587 3232 3632 et
3282 3576 3365 3630 di-

1764 3647 1969 3701 vinitas.
2026 3647 2151 3701 llaec
2200 3647 2443 3702 terribile
2489 3647 2688 3701 nomen
2740 3647 3050 3703 conditoris
3081 3647 3361 3703 efficiunt:

1765 3726 1819 3773 et
1839 3733 2063 3788 cperunt
2094 3719 2326 3787 dignitas
2359 3719 2695 3787 maiestatem
2723 3719 2843 3789 cjus
2867 3762 2882 3786 ,
2913 3718 3004 3789 qtti
3039 3734 3100 3772 ea
3130 3721 3204 3773 sit
3232 3734 3366 3787 ope-

1765 3799 1938 3860 ratus,
1968 3789 2225 3845 ostendit.
2261 3789 2462 3844 llorutn
2507 3790 2669 3860 igitur
2705 3805 2933 3860 Operutn
2965 3789 3218 3846 conditor
3242 3805 3368 3846 esse

1768 3859 1911 3915 Deus
1938 3871 1989 3914 et
2016 3876 2043 3913 a
2074 3862 2227 3915 nobis
2246 3859 2621 3930 prtedicandus
2646 3870 2728 3918 est
2749 3859 2770 3926 7,
2802 3871 2859 3916 et
2885 3876 2913 3914 a
2945 3862 3163 3917 caeteris
3191 3861 3365 3916 conli-

1771 3932 1983 3986 tendus.
2000 3931 2222 3987 iAfliuia
2239 3932 2402 3988 habet
2417 3935 2468 3987 in
2485 3933 2891 3987 commentariis
2914 3933 2963 3986 in
2981 3947 3063 4003 ps.
3082 3947 3245 3988 CXVIII
3268 3933 3367 4058 (t3.

1840 4003 1930 4057 41.
1961 4001 2161 4057 Recole
2185 4019 2303 4058 ante
2332 4013 2487 4058 antea
2510 4004 2643 4058 dixi.
2663 4006 3013 4057 annotatianc
3039 4003 3251 4058 scilicet
3274 4005 3308 4058 5
3350 4044 3364 4057 .

1840 4003 1936 4074 41.
1961 4001 2161 4057 Recole
2185 4019 2303 4074 qua:
2332 4013 2487 4058 antea
2510 4004 2643 4064 dixi.
2663 4001 3013 4057 annotatiane
3039 4003 3251 4058 scilicet
3274 4001 3308 4074 5

1771 4074 1825 4130 Si
1853 4073 2181 4145 quistatueu
2206 4073 2387 4145 aliqua
2409 4075 2624 4140 deesse,
2649 4084 2741 4145 aut
2763 4076 2901 4145 atate
2928 4074 3255 4145 conscripta,
3282 4073 3371 4128 hic

1771 4145 1902 4199 velit
1929 4187 1943 4210 ,
1978 4144 2052 4199 illi
2083 4142 2315 4200 minime
2329 4144 2611 4199 obsistam.
2663 4143 2941 4198 Christum
2968 4142 3209 4212 judicem
3241 4156 3369 4197 nos-

1773 4225 1913 4269 trum
1946 4218 2294 4271 constitutum
2320 4230 2440 4270 esse
2463 4224 2685 4269 vetusta:
2711 4216 2839 4282 ipsa:
2868 4213 2990 4269 ftdei
3016 4223 3217 4269 nostra:
3245 4226 3372 4282 pro-

1773 4286 2041 4342 fessiones
2069 4297 2405 4358 agnoscunt,
2437 4286 2757 4358 Symbolum
2790 4283 3162 4358 ApOsIolicuut
3191 4325 3206 4350 ,
3258 4285 3372 4340 lre-

1774 4372 1956 4422 meus,
2004 4369 2058 4413 et
2103 4355 2291 4428 reliqui
2320 4355 2511 4428 omnes
2541 4357 2609 4411 de
2655 4357 2951 4428 potioribus
2995 4355 3119 4412 ﬁdei
3172 4364 3374 4413 nostra

1773 4427 2017 4483 articulis
2038 4426 2347 4484 sermonem
2372 4426 2653 4483 habentes.

1698 4539 1747 4600 Β
1844 4497 1940 4552 42.
1993 4499 2118 4554 Hatc
2160 4499 2445 4554 referenda
2487 4508 2613 4554 sunt
2654 4497 2720 4554 ad
2761 4514 2823 4554 ca
2865 4515 2988 4566 qua:
3034 4499 3202 4571 paulo
3248 4507 3377 4555 ante

1775 4570 1987 4626 dixerat
2016 4587 2030 4625 :
2073 4570 2309 4626 autetiam
2337 4570 2534 4626 fecerit.
2561 4582 2666 4626 etc.
2701 4570 2901 4626 Recole
2924 4586 3047 4626 auat
3075 4571 3187 4626 dixi
3220 4584 3371 4625 num.

1834 4578 2030 4643 serat:
2073 4570 2309 4641 quadam
2335 4570 2534 4643 fecerit,
2561 4582 2666 4627 etc.
2701 4570 2901 4628 Recole
2924 4570 3051 4642 quat
3075 4571 3187 4626 dixi
3214 4584 3371 4637 num.

1776 4640 1934 4769 394?.
1956 4641 2192 4785 4Ἰςεέιιψιιι
2218 4713 2497 4784 agnitionis
2526 4712 2740 4769 videtur
2768 4713 2853 4767 hic
2881 4711 3116 4767 Hilarius
3160 4725 3379 4785 sumere

1775 4794 1868 4840 aut
1896 4800 1992 4854 pro
2021 4782 2268 4855 tempore
2279 4826 2295 4851 ,
2325 4802 2432 4857 quo
2460 4786 2594 4857 vivit
2625 4785 3037 4857 hotno_,__atque
3062 4797 3130 4837 eo
3157 4782 3377 4851 quidem

1779 4853 2089 4925 perspicere
2119 4853 2316 4927 potest,
2343 4853 2466 4927 quae
2495 4856 2637 4912 Deus
2662 4853 2937 4927 condidit:
2984 4865 3076 4908 aut
3108 4868 3207 4927 pro
3240 4862 3381 4908 tem-

1781 4923 1934 4998 pore,
1966 4943 2074 4998 quo
2098 4923 2241 4985 Deus
2266 4923 2435 4998 gratia
2456 4942 2553 4982 sua
2586 4926 2810 4983 uberius
2833 4923 3068 4995 adjuvat,
3088 4923 3380 4997 studetque

1791 5118 1950 5167 natos
1977 5124 2101 5167 esse
2128 5110 2468 5167 manifestum
2498 5117 2603 5166 est.
2651 5108 2766 5165 Non
2802 5116 2956 5164 natos
3003 5117 3183 5166 autem
3218 5125 3339 5167 esse
3361 5151 3379 5179 ,

1793 5180 1919 5237 licet
1945 5182 2052 5236 uati
2080 5197 2202 5237 esse
2227 5181 2497 5242 dicantur.
2524 5180 2611 5236 vel
2638 5196 2704 5235 ex
2733 5195 2800 5237 eo
2825 5179 3071 5247 docetur,
3103 5196 3225 5236 cutu
3250 5183 3385 5237 dici-

1793 5260 1881 5309 tur
1907 5294 1922 5317 ,
1944 5251 2154 5326 Populo
2173 5253 2260 5326 qui
2282 5261 2546 5326 nascetur,
2576 5268 2725 5326 quem
2763 5251 2884 5322 fecit
2914 5250 3196 5326 Dominus._
3243 5253 3386 5326 Ergo

1797 5322 2214 5395 popultts'lsrae'l
2247 5323 2736 5395 nasciturutliat:
2784 5337 2957 5395 neque
2991 5339 3100 5395 per
3148 5322 3198 5395 id
3241 5322 3386 5394 quod

1794 5392 1939 5449 nasci
1965 5394 2197 5459 dicitur,
2231 5409 2337 5449 non
2367 5392 2685 5463 intelligitur
2712 5401 2766 5447 et
2794 5393 2932 5447 ﬁeri.
2991 5392 3067 5448 Ex
3095 5392 3388 5463 adoptione

1791 5464 1937 5521 enim
1968 5475 2053 5521 est
2074 5465 2218 5536 illius
2242 5505 2258 5529 ,
2290 5479 2395 5519 non
2427 5478 2494 5519 es
2519 5466 2908 5536 generatione;
2940 5479 3131 5536 neque
3158 5468 3208 5521 ei
3253 5479 3385 5536 pro-

1793 5537 2013 5605 prietas,
2045 5535 2140 5592 sed
2169 5536 2493 5606 nuncupatio
2519 5542 2624 5591 est.
2659 5552 2680 5587 ι
2733 5534 2903 5591 Hilar.
2938 5534 3032 5591 lib.
3064 5551 3141 5592 ut
3186 5534 3390 5592 de‘Tri-

1793 5608 1886 5661 nit.
1921 5622 2069 5662 num.
2102 5606 2191 5663 M:

1792 5617 1886 5661 nit.
1921 5622 2069 5662 num.
2102 5617 2191 5664 14:

1865 5678 1935 5757 (_c)
1965 5677 2090 5733 Litt.
2144 5693 2201 5744 ι,
2232 5692 2287 5733 ιι.
2312 5675 2382 5742 2,
2408 5690 2529 5748 pag.
2554 5675 2661 5733 554
2706 5686 2837 5735 tom.
2891 5693 2949 5746 ι,
3004 5694 3271 5736 commune
3294 5683 3390 5757 ju~

1789 5748 1981 5805 dicium
2013 5758 2108 5823 est,
2140 5759 2248 5807 etc.
