3958 6194
38 280 160 335 7S!)

855 284 921 343 IN
960 280 1219 344 HlLAltli
1259 282 1647 346 EPISTULAM
1686 286 1819 347 SEU
1860 286 2204 347 LIBELLUM
2235 280 2780 347 ANNOTATIONES.

3336 286 3442 349 790

38 400 277 482 saecula
304 401 661 482 §apientia.
687 403 870 477 Neque
897 407 1072 461 solum
1097 404 1276 482 adest,
1298 407 1393 464 sed
1415 410 1577 482 etiam
1593 424 1740 482 com-
1771 411 1814 471 Α
1844 410 2103 482 scriptum
2153 419 2259 474 est,
2308 408 2556 465 animalis
2595 408 2858 481 cujusque
2892 409 3071 482 anima
3101 410 3320 482 sanguis
3350 410 3431 481 ip-

36 473 240 547 ponit.
304 473 435 552 Est
487 494 634 552 ergo
671 473 1217 552 componensapud
1245 473 1463 552 ipsum.
1491 480 1735 552 lntellige

39 545 687 621 compositionis,'vel
714 545 1089 621 dispositionis
1113 545 1372 605 officium.
1406 551 1566 607 Pater
1588 545 1732 607 enim

40 620 97 672 in
133 632 213 676 eo
236 617 421 686 quod
494 619 766 693 loquitur.
804 617 1018 693 efﬁcit;
1054 619 1223 676 Filius
1263 623 1313 676 in
1338 637 1403 676 eo
1430 622 1574 693 quod
1604 639 1735 693 ope-

41 697 237 755 ratur,
296 704 489 773 qum_
532 691 992 773 fierisuntdicta.
1028 693 1325 773 componit.
1370 691 1733 773 Personarum

42 773 250 816 autem
316 760 413 817 ita
454 760 618 819 facta
650 761 927 819 distinctio
957 772 1062 825 est,
1114 760 1170 817 ut
1213 778 1349 829 υνυς
1371 763 1640 820 referatur
1664 766 1732 822 ad

42 844 411 900 utrumque.
448 833 604 889 Nam
635 835 785 906 ineo
814 833 1209 906 quudrdicitur.
1240 836 1515 905 faciamus,
1546 847 1596 890 et
1616 835 1727 906 jus-

47 908 138 977 sio
167 916 581 977 exmquatur.
605 916 658 960 et
688 904 919 961 factmu:
963 905 1014 959 in
1048 921 1113 961 eo
1140 904 1426 977 veruquud
1450 904 1727 965 scribitur:

52 975 230 1031 Eram
274 975 454 1039 apud
482 977 641 1030 illuni
685 992 1016 1046 romponens,
1053 992 1158 1031 non
1190 975 1490 1033 snlitarium
1538 994 1597 1033 se
1628 981 1733 1036 sibi

49 1062 186 1104 esse
212 1047 275 1101 iu
311 1049 681 1109 operatione
697 1050 986 1117 significat.
1014 1068 1031 1099 ι
1055 1049 1109 1102 In
1133 1050 1381 1103 eumdem
1412 1064 1628 1103 sensum
1646 1050 1730 1104 Io-

51 1132 227 1174 cutus
260 1117 421 1174 mihi
482 1118 709 1174 videtur
737 1120 877 1175 idem
923 1118 1159 1174 Hilarius
1189 1135 1241 1175 n.
1301 1120 1371 1176 45
1413 1121 1530 1175 libri
1564 1137 1638 1175 xu
1664 1122 1729 1177 de

52 1190 382 1251 Triuitate,
444 1205 624 1260 quem
658 1206 788 1259 rogo
810 1193 1084 1246 consulas.
1109 1190 1244 1245 Tum
1279 1208 1407 1245 vero
1438 1191 1601 1251 scies.
1634 1209 1731 1247 cur

54 1262 353 1316 artiﬁcem
391 1261 589 1317 etiam
622 1261 856 1317 Verbum
906 1264 1181 1329 nominet;
1210 1263 1332 1331 quia
1371 1265 1579 1317 scilicet
1606 1280 1727 1320 t'llln

58 1334 344 1405 sapientia
377 1333 466 1386 sit
501 1333 648 1389 (ilius
692 1333 809 1397 Dei,
849 1335 1128 1405 sapientiae
1161 1334 1260 1404 ipsi
1290 1335 1451 1388 veluti
1476 1334 1729 1405 tlirigenti

59 1403 344 1459 tribuitur
365 1418 555 1475 opus.
584 1406 811 1472 ideoque
832 1404 995 1459 etiam
1030 1403 1281 1471 mundus,
1312 1405 1572 1461 eximium
1588 1403 1729 1475 'pro-

64 1478 215 1532 lecto
274 1476 607 1546 opiﬁcium.
660 1476 843 1546 Neque
882 1478 934 1529 in
989 1487 1171 1531 nostra
1204 1478 1303 1531 hac
1339 1476 1574 1546 Epistula
1609 1491 1726 1533 tan-
1762 1481 1765 1484 ’

67 1546 378 1603 tummodo
414 1547 691 1616 artiﬁcem
728 1562 790 1602 ea
822 1546 889 1601 de
916 1562 1078 1618 causa
1110 1547 1345 1603 Verbum
1367 1546 1606 1602 divinum
1635 1565 1729 1618 ap-

67 1620 246 1689 pellat
283 1635 301 1673 :
342 1632 567 1689 verum
601 1619 765 1674 etiam
812 1634 963 1673 num.
995 1620 1027 1673 εί
1070 1617 1197 1674 libri
1233 1635 1307 1673 xit
1350 1621 1417 1675 de
1439 1617 1723 1686 Trinitate,

73 1687 125 1763 in
157 1704 277 1763 quo
311 1687 580 1763 quidem
601 1689 717 1763 loco
745 1692 965 1760 copiose
1000 1692 1111 1760 agit
1137 1690 1205 1745 de
1240 1690 1413 1745 Verbo
1449 1692 1539 1745 Dei
1569 1708 1727 1746 inuu-

72 1758 204 1817 dum
234 1758 609 1832 creanteta).
627 1760 783 1817 Hunc
800 1758 1013 1831 queque
1032 1758 1354 1827 locum.oro,
1380 1772 1435 1814 ut
1449 1764 1723 1817 consulas.

144 1833 259 1888 Sed
290 1848 408 1887 cur
439 1832 645 1887 Patres
672 1840 877 1887 tantum
903 1832 1201 1899 all'erimus,
1229 1844 1282 1888 et
1307 1834 1587 1904 hymnum.
1621 1849 1729 1904 quo

80 1905 338 1960 Ecclesia
391 1904 611 1975 utitur,
636 1904 1021 1975 praeterimus?
1064 1904 1191 1960 Haec
1240 1905 1449 1960 scilicet
1489 1904 1733 1961 Ecclesia

75 1976 336 2032 concinit
368 1972 462 2049 (ὁ)
491 1992 509 2031 :

340 2066 628 2131 Nascente
649 2068 733 2131 qui
757 2065 938 2131 Mtindo
962 2066 1105 2118 faber

424 2128 717 2181 Imaginem
743 2128 904 2179 vultus
928 2130 997 2179 ttii

419 2191 664 2243 'l‘radens
684 2192 868 2241 Adamo
885 2231 898 2253 ,
924 2192 1140 2241 nobilem

425 2253 583 2317 Limo
603 2254 787 2317 iugasti
807 2254 1049 2316 spiritum.

306 2352 309 2355 -
349 2317 493 2369 Cum
519 2315 679 2377 livor,
694 2321 746 2365 et
766 2315 902 2365 fraus
922 2317 999 2366 die
1009 2317 1167 2366 monis

434 2378 710 2430 Fmdttsset
733 2382 992 2427 humanum
1015 2391 1207 2440 genus:

428 2442 516 2491 Tu
541 2444 918 2503 carneamictus
940 2441 1180 2503 perditam

427 2504 672 2555 Formam
693 2502 931 2553 reformas
944 2502 1151 2554 artifex.
1361 2517 1391 2543 ο

98 2588 253 2655 Quod
285 2590 464 2658 plane
493 2588 748 2659 congruit
775 2603 896 2642 cum
926 2603 993 2643 eo
1040 2588 1262 2660 hymno,
1294 2600 1401 2658 quo
1444 2596 1733 2655 antequam

104 2661 552 2732 eccelesiasticis
579 2659 793 2732 hymnis
812 2659 1173 2729 elegantior-es
1196 2672 1454 2714 numeros
1480 2660 1730 2717 Urbanus

105 2730 219 2787 Vill
248 2733 559 2800 tribueret,
589 2730 864 2786 Reinanus
891 2732 1078 2786 Clerus
1106 2731 1373 2786 utebatur.

469 2827 570 2940 gul
597 2825 762 2876 mundi
786 2828 838 2877 in
864 2822 1125 2897 primordio

526 2890 640 2940 dam
665 2888 907 2940 nlasmastl
936 2888 1125 2937 homine

526 2890 640 2940 dam
665 2888 907 2953 plasmastl
936 2888 1202 2948 hominem,

475 2986 547 3064 iit
844 2984 1157 3071 remitteres,-
1226 2984 1242 3000 .

471 3077 639 3138 Quem
662 3083 779 3126 ante
798 3076 895 3139 jam
915 3075 1261 3139 plasmaveras,
1289 3081 1385 3125 etc.

1760 1804 1807 1865 B

1842 481 1956 536 sius
2005 481 2096 547 sit,
2140 481 2360 552 sanguis
2399 488 2581 536 autem
2629 480 2913 537 concretus
2935 480 3107 539 soleat
3135 482 3191 538 in
3209 480 3431 538 carnem

1840 554 2207 618 transmutari,
2255 565 2384 607 caro
2437 566 2566 607 vero
2607 562 2860 623 corrupta
2883 552 2938 608 in
2968 562 3167 609 terram
3195 553 3435 610 resolva-

1840 633 1960 679 tur:
1987 623 2110 694 jure
2136 639 2198 678 ac
2231 624 2427 679 merito
2456 631 2540 679 est
2575 622 2705 694 quid
2734 622 3005 679 terrenum
3035 624 3213 679 anima
3243 624 3434 680 bruto-

1836 692 2281 766 rum.’Producat
2319 694 2482 766 igitur
2501 692 2639 749 terra
2667 697 2892 750 animant
2921 697 3188 751 viventem.
3218 694 3431 753 Anima:

1836 764 2298 838 videaminitatem
2343 764 2465 820 cum
2492 766 2752 835 sanguine
2800 768 3078 838 sanguinis
3096 781 3427 834 cumcarne,

1835 835 2012 908 carnis
2034 853 2156 893 cum
2183 837 2404 908 tellure:
2434 846 2486 891 et
2519 853 2707 892 rursus
2747 835 2938 893 ordine
2966 840 3183 893 inVerso
3212 852 3309 908 per
3331 854 3425 893 ea-

1835 907 1959 962 dem
2008 907 2295 979 regredere
2335 922 2364 962 a
2393 916 2535 963 terra
2587 908 2653 961 ad
2694 922 2936 975 carnem,
2968 928 2996 961 a
3025 924 3187 964 carne
3214 907 3277 964 ad
3306 926 3431 964 san-

1835 980 2075 1047 guinem,
2107 995 2135 1033 a
2167 981 2429 1049 sanguine
2452 979 2516 1032 ad
2541 979 2776 1033 animum
2798 1022 2813 1043 ,
2833 989 2888 1035 et
2916 994 3168 1048 pecorum
3196 983 3429 1035 animam

1838 1062 2108 1105 terrenam
2139 1066 2261 1106 esse
2301 1051 2621 1119 comperies.
2676 1051 2819 1106 Cave
2867 1055 3165 1110 existimes.
3197 1053 3429 1108 animam

1834 1136 1957 1177 esse
1987 1122 2230 1191 corporis
2261 1124 2500 1191 lpSUl'llm
2528 1125 2915 1177 constitutione
2946 1123 3351 1179 vetustiort-m.t

1826 1226 1827 1229 η
1905 1192 2089 1248 Altera
2119 1209 2278 1259 porro
2321 1194 2611 1259 expliCatio
2651 1194 2842 1249 eodem
2880 1210 3095 1265 quoque
3122 1193 3324 1265 Basilio
3348 1194 3432 1249 in-

1832 1265 2235 1338 nitiluquuent
2265 1266 2455 1338 aulire
2480 1266 2845 1338 prmstatltitzc
2873 1267 3164 1338 timentem
3195 1264 3431 1338 (Hexae-

1833 1352 1982 1399 mer.,
2024 1333 2221 1389 Hontil.
2249 1351 2321 1398 Ix.
2348 1353 2399 1389 η.
2432 1336 2488 1401 2,
2519 1353 2637 1408 pag.
2815 1355 2833 1387 t
2864 1333 3133 1390 Prodncat
3159 1333 3293 1391 terra
3319 1337 3434 1390 ani-

1832 1423 1970 1459 mam
2002 1408 2246 1479 uirentem
2296 1423 2562 1478 pecorum,
2595 1407 2652 1461 et
2702 1407 3001 1471 bestiarum,
3050 1417 3095 1479 et
3146 1408 3429 1476 reptiltum.

1831 1478 2126 1532 Censidera
2156 1477 2248 1532 Dei
2279 1494 2468 1532 Vocem
2499 1493 2593 1547 per
2633 1493 2725 1534 l‘t'S
2754 1490 2965 1534 creatas
3017 1477 3427 1549 pervadentem,

1831 1565 1953 1618 qttz'e
1993 1559 2049 1603 et
2107 1561 2229 1603 tunc
2258 1551 2479 1618 incepit,
2512 1558 2567 1603 et
2613 1564 2781 1618 usque
2801 1550 2979 1604 adhuc
3005 1548 3199 1606 efficax
3232 1559 3333 1615 est,
3366 1564 3430 1604 ac

1834 1620 1886 1674 in
1943 1620 2101 1674 finem
2138 1619 2429 1675 transitura
2466 1629 2568 1687 est,
2621 1621 2765 1691 quod
2808 1630 3219 1677 consummatus
3269 1620 3433 1676 fuerit

1832 1691 2087 1746 mundus.
2128 1691 2593 1757 Quemadmodum
2630 1692 2786 1763 enim
2839 1693 3034 1763 globus
3071 1707 3192 1746 cum
3239 1702 3270 1745 a
3302 1707 3433 1761 quo-

1874 1763 1976 1815 iam
2030 1764 2193 1817 fuerit
2230 1770 2408 1816 motus
2438 1804 2454 1821 .
2499 1777 2563 1818 ac
2609 1761 2869 1830 deinceps
2894 1761 3159 1819 declivem
3190 1763 3426 1833 aliquem

1855 1849 2012 1887 ocum
2068 1844 2257 1888 nactus
2303 1833 2481 1897 fuerit,
2514 1841 2649 1888 etex
2683 1835 2894 1902 prepria
2941 1842 3233 1898 structura,
3264 1844 3318 1888 et
3365 1850 3433 1890 ex

1836 1904 1940 1959 loci
1967 1904 2640 1975 opportunitatedeorsum
2666 1905 2855 1970 fertur,
2888 1920 2989 1960 nec
3011 1920 3158 1975 prius
3178 1906 3431 1975 quiescit,

1835 1972 2293 2046 quamplunities
2338 1972 2518 2046 aliqua
2548 1977 2722 2045 ipsum
2773 1972 3074 2045 exceperit:
3128 1972 3214 2030 ita'
3248 1990 3431 2031 rerum

1836 2044 2167 2122 natura’uno
2198 2044 2469 2122 praecepto
2494 2044 2734 2122 incitata,
2765 2062 2852 2101 res
2881 2047 3129 2102 conditas
3155 2048 3437 2114 aequaliter

1836 2117 1890 2170 in
1922 2117 2294 2188 generatione,
2325 2119 2444 2172 etin
2476 2118 2825 2185 corruptione
2855 2125 3123 2188 penetrat.
3149 2128 3436 2188 servatque

1836 2202 1936 2271 per
1970 2186 2379 2271 similitudinem
2398 2190 2801 2271 "successiones
2847 2186 3130 2271 generum,
3170 2186 3435 2269 donec'ad

1838 2256 2012 2326 ipsum
2043 2260 2351 2330 pervenerit
2395 2256 2579 2330 finem.
2620 2256 2752 2314 Nam
2775 2256 2973 2329 equum
3004 2261 3126 2330 equi
3152 2264 3434 2315 sucCeSSo-

1836 2344 1952 2384 rem
2010 2328 2152 2395 facit,
2207 2328 2420 2385 leonem
2460 2329 2664 2395 leonis,
2719 2332 2951 2400 aquilam
2999 2328 3191 2399 aquilae
3224 2348 3238 2384 :
3270 2332 3435 2385 immo

1839 2400 2048 2471 singula
2079 2400 2332 2457 animalia
2354 2401 2808 2471 consequentibus
2832 2400 3269 2457 successionibns
3300 2416 3424 2456 con-

1840 2482 2051 2527 servata
2083 2488 2256 2543 usque
2287 2472 2353 2527 ad
2380 2472 2626 2543 Universi
2674 2475 3202 2527 consummationem
3252 2481 3432 2527 trans-

1838 2544 2019 2626 mittit.
2053 2542 2289 2626 Teuipus
2335 2544 2537 2599 nullum
2571 2542 2804 2626 destruit
2848 2543 3158 2626 animalium
3189 2544 3434 2626 preprie-

1840 2620 2007 2672 tates:
2039 2615 2135 2670 sed
2170 2626 2421 2685 tanquam
2446 2629 2614 2683 nuper
2635 2616 2922 2669 constituta
2950 2615 3249 2685 naturasit,
3291 2628 3435 2669 sema

1839 2701 1934 2756 per
1954 2702 2145 2742 recens
2165 2703 2268 2742 una
2284 2684 2414 2741 cum
2444 2697 2685 2752 tempore
2715 2686 2972 2742 excurrit.
3004 2684 3270 2740 Producat
3300 2696 3437 2740 terra

1838 2755 2064 2811 animum
2086 2761 2348 2813 viventem.
2381 2755 2490 2828 Iloc
2512 2767 2837 2828 praeceptum
2866 2760 3025 2813 terra:
3057 2757 3299 2824 inhaesit,
3330 2758 3432 2813 nec

1837 2844 1898 2883 ea
1931 2830 2172 2884 Creatori
2198 2829 2393 2884 desinit
2423 2827 2691 2883 famulari.
2716 2845 2736 2880 ι

1909 2900 2244 2971 Quamquam
2320 2901 2365 2954 si
2424 2901 2545 2970 quis
2592 2890 2722 2971 illud
2799 2899 3166 2971 generationis
3212 2910 3381 2971 genus
3412 2940 3427 2965 ,

1836 2973 1979 3041 quod
2013 2968 2353 3039 spontaneum
2402 2968 2597 3025 vetusti
2642 2968 2955 3039 Philosophi
2991 2970 3285 3041 appellant.
3311 2968 3427 3024 sive

1837 3039 1901 3096 ea:
1941 3044 2099 3111 putri.
2160 3044 2245 3097 hic
2290 3048 2770 3098 ciimtneuiorattitn
2823 3042 2989 3105 dicet,
3022 3056 3139 3096 rem
3209 3039 3355 3094 dicet
3397 3050 3426 3111 tt
3472 3100 3479 3101 ί

1835 3109 2112 3169 verisimili
2139 3116 2359 3168 minime
2406 3114 2667 3167 alienam:
2694 3123 2907 3168 veteres
2951 3112 3093 3167 enim
3122 3109 3430 3180 hujusmodi

182 3179 274 3256 8_8.
304 3178 361 3256 All
397 3179 625 3256 quibus
651 3179 848 3256 placet,
881 3178 1078 3256 Patres
1099 3177 1161 3256 in.
1181 3178 1515 3256 explicandis
1544 3178 1722 3256 Scrip-
1755 3187 1801 3252 C
1833 3188 2210 3254 generationes
2234 3201 2408 3255 aquae.
2440 3184 2800 3256 imbriumque
2846 3183 3089 3256 subsidio
3122 3177 3300 3256 peragi
3331 3194 3429 3256 pos

119 3251 250 3306 turis
302 3246 453 3322 ipsis;
498 3246 776 3324 Platonem
820 3250 1163 3324 (qttoad,licr_i
1215 3246 1265 3324 i_d
1313 3246 1517 3324 posset)
1561 3246 1726 3307 fitisse

118 3320 353 3389 secutos,
402 3322 641 3379 minime
690 3320 1021 3376 verebuntur
1076 3321 1334 3375 llilarium
1384 3320 1499 3375 haec
1529 3337 1725 3391 propo-

122 3402 374 3450 nenteiu:
430 3396 613 3449 anima
658 3392 894 3448 videlicet
925 3396 1063 3462 ipsas
1108 3393 1347 3447 materias
1386 3394 1725 3456 animaverat,

124 3476 176 3518 ut
208 3467 544 3521 nascentibus
572 3464 897 3535 postmodum
916 3463 1262 3519 animantibus
1274 3465 1474 3520 animus
1500 3480 1723 3519 commo-

123 3536 321 3605 darent,
377 3534 681 3593 Platunicis
729 3536 1062 3590 adscribere.
1096 3534 1165 3589 At
1211 3535 1278 3591 iis
1327 3537 1547 3590 minime
1577 3535 1725 3591 illum

126 3608 544 3679 adscripseriui:
598 3608 721 3663 novi
771 3609 913 3679 enim
961 3607 1236 3679 Platonica
1290 3606 1561 3677 dogmata,
1609 3620 1728 3675 quze

128 3677 314 3734 mundi
337 3682 607 3746 animam,
633 3691 688 3734 et
710 3679 811 3733 alia
838 3678 1110 3732 hisatllnia
1135 3677 1415 3736 exhibent.
1450 3692 1556 3732 non
1590 3679 1731 3734 mul-

128 3758 233 3821 tum
281 3751 466 3806 laudis
506 3751 647 3821 apud
687 3750 1037 3805 Orthudoxos
1069 3748 1270 3805 habere
1304 3765 1481 3821 posse.
1515 3750 1728 3821 Duobus

132 3818 303 3891 itaque
335 3821 519 3878 modis
544 3818 882 3878 sententiam
935 3820 1337 3890 explicaverim.
1389 3820 1482 3878 Vel
1524 3820 1730 3877 scilicet

133 3890 323 3956 dic.ex
369 3894 567 3950 Hilarii
623 3894 891 3948 sententia
942 3893 1107 3948 Deum
1157 3890 1420 3948 indidisse
1469 3896 1621 3963 aquis
1650 3893 1726 3958 id,

134 3965 513 4035 quodcuuique
554 3965 774 4020 tandem
807 3964 935 4018 illitd
964 3966 1053 4030 sit,
1077 3980 1183 4033 quo
1207 3966 1463 4035 piscium,
1485 3975 1538 4018 et
1563 3965 1730 4035 repti-

136 4032 281 4106 ljltm,
309 4044 365 4092 et
394 4032 697 4093 volatilium
730 4039 927 4090 anima:
949 4032 1240 4089 constant:
1272 4045 1434 4106 atque
1455 4034 1582 4090 illud
1613 4032 1730 4104 qui.

135 4102 273 4186 dem,
324 4108 459 4165 licet
493 4124 523 4162 a
558 4107 713 4162 nobis
757 4110 1033 4178 ignoretur
1060 4106 1274 4172 modus,
1311 4102 1497 4186 qnojd
1532 4102 1727 4186 factum

140 4178 224 4242 sit,
247 4186 424 4251 tamen
457 4190 736 4251 peractum
763 4188 911 4234 certe
932 4186 1048 4251 est:
1073 4192 1339 4247 excepere
1358 4178 1501 4232 enim
1532 4178 1728 4248 pisces,

142 4249 436 4320 etreptilia.
460 4249 526 4305 et
573 4264 721 4316 aves,
754 4266 917 4320 qttum
956 4249 1139 4304 vivere
1187 4260 1491 4316 cmperunt,
1522 4252 1729 4306 animas

141 4317 203 4370 ab
224 4324 379 4392 aquis
392 4323 505 4392 jam
533 4317 978 4390 divinajussione
996 4320 1447 4392 fecuntlatis.‘Vt-l
1478 4321 1567 4376 dic
1593 4321 1733 4376 indi-

146 4396 218 4442 tas
240 4390 346 4464 jam
382 4390 549 4448 fuisse
571 4393 777 4449 animas
808 4390 1730 4464 piscibus,etreptilibus.etavibus

146 4472 202 4513 ex
230 4462 418 4531 quibus
447 4467 622 4535 pisces
654 4472 709 4519 et
729 4462 876 4535 aves.
897 4474 947 4517 et
977 4463 1208 4533 reptilia,
1236 4464 1505 4517 nascitura
1521 4464 1729 4519 animas

147 4542 342 4607 quoque
378 4534 506 4590 suas
520 4548 800 4605 receptura
818 4534 1210 4607 forent(ucque
1230 4535 1372 4588 enim
1394 4536 1641 4604 piscium,
1671 4542 1727 4590 et

149 4605 401 4675 reptilium
416 4610 873 4663 auinitccreantur
889 4616 943 4660 ct
956 4605 1369 4660 infundunturin
1383 4619 1605 4675 corpora
1618 4607 1732 4675 jam

146 4672 387 4734 formata:
405 4695 526 4733 nam
547 4679 649 4734 hoc
664 4690 868 4731 tantum
885 4680 935 4731 in
962 4678 1177 4731 homine
1193 4679 1391 4743 evenit;
1417 4672 1511 4732 sed
1530 4672 1731 4748 perge-

154 4748 475 4819 Iierationem
493 4750 963 4807 eouununicantur
974 4749 1437 4819 excipiunturque)
1449 4749 1577 4803 .Cur
1590 4751 1733 4803 enim

151 4813 211 4890 ςιθ
240 4820 457 4885 piscium
484 4822 770 4877 animabus
817 4822 867 4875 id
898 4822 1079 4875 dicere
1098 4813 1225 4873 'non
1261 4813 1461 4882 licebit,
1490 4820 1632 4890 quod
1661 4821 1729 4875 de

153 4882 415 4961 brutorum
457 4895 739 4949 animabus
780 4890 1001 4948 tradidit
1027 4892 1293 4946 Basilius?
1321 4890 1486 4960 Cujus
1508 4882 1725 4961 quidem

158 4960 304 5014 verba
350 4964 668 5020 laudabilem
737 4964 1022 5034 paritatem
1072 4963 1228 5017 nobis
1277 4960 1535 5034 pra-bent.
1591 4964 1727 5034 Ecce

157 5041 305 5106 porro
345 5037 467 5105 quid
520 5032 753 5091 Basilius
803 5038 902 5090 hoc
946 5034 1034 5106 de,
1060 5043 1379 5099 argumento
1419 5032 1613 5088 doceat
1653 5032 1725 5106 (c)

157 5100 377 5177 priorem
406 5108 548 5162 illam
575 5106 994 5177 explicationem
1025 5105 1165 5160 haud
1186 5106 1424 5177 obscure
1453 5100 1729 5160 indicatis.

167 5168 445 5252 tlfroducat
466 5191 604 5234 terra
624 5168 1134 5252 duimamviventem.
1168 5176 1292 5252 Cur
1312 5178 1558 5247 producit
1591 5188 1737 5252 terra

163 5247 375 5318 annnam
423 5252 724 5307 viventem?
755 5264 833 5314 ut,
865 5250 992 5318 quid
1042 5252 1181 5302 inter
1209 5250 1443 5302 animam
1486 5247 1730 5316 pecudis,

165 5320 213 5386 et
234 5316 364 5373 inter
405 5324 635 5377 animum
680 5316 916 5376 hominis
948 5319 1180 5383 intersit,
1205 5319 1401 5375 discas.
1455 5320 1736 5386 Quomodo

169 5382 381 5462 hominis
425 5394 602 5447 anima
642 5393 867 5447 formata
898 5393 990 5457 sit,
1024 5382 1183 5462 paulo
1229 5403 1344 5462 post
1377 5382 1550 5462 scies:
1597 5403 1739 5462 nunc

168 5467 284 5513 vero
306 5460 369 5516 tle
410 5462 585 5520 bruto:
602 5479 689 5518 um
712 5466 896 5519 anima
925 5460 1071 5517 audi.
1113 5460 1249 5517 Cum
1283 5461 1436 5532 juxta
1492 5461 1547 5516 id
1594 5461 1738 5531 quod

237 5566 304 5653 (ρ)
344 5572 499 5631 Testis
524 5586 594 5653 est
620 5576 800 5635 Petrus
832 5576 905 5634 ita
932 5579 1156 5634 scribens
1180 5595 1199 5633 :
1220 5578 1382 5653 Quasi
1402 5579 1559 5653 iideli
1582 5593 1733 5653 rrea-

177 5649 264 5696 lori
295 5649 728 5723 commendantes
774 5654 980 5723 animas
1011 5661 1238 5706 vestras.
1271 5650 1410 5719 Quid
1443 5651 1619 5723 operis
1665 5666 1757 5705 no-

180 5726 277 5791 men
293 5717 466 5791 cpi/iri
493 5721 839 5791 imponimus?
866 5733 971 5778 etc.

244 5783 395 5859 (1))Ἰὴ
428 5783 630 5863 hymno
660 5795 724 5848 ad
755 5801 945 5852 matut.
979 5802 1143 5864 temp.
1178 5792 1359 5864 pasch.

1835 3257 2097 3310 tissimum
2153 3254 2576 3311 arbitrabantur.
2628 3254 2762 3310 llitic
2819 3254 3424 3326 Basilius_(libetenjm,

1830 3327 2085 3397 quoniam
2130 3330 2408 3395 superiora
2463 3326 2604 3381 illius
2651 3327 2973 3381 auctoritate
3035 3318 3266 3397 ilijiiiavl,
3322 3318 3425 3397 hoc

1829 3393 2048 3469 quoque
2078 3393 2319 3470 ejusdem
2365 3398 2686 3470 auctoritate
2725 3393 3107 3467 comprobare)
3153 3394 3426 3470 hinc,_in-

1830 3467 2013 3539 quam,
2074 3467 2299 3525 Basilius
2350 3469 2590 3539 proxime
2639 3481 2760 3540 post
2790 3470 3067 3537 superiora
3110 3467 3271 3522 verba
3312 3467 3427 3540 haec

1830 3538 2075 3609 Sulqicit:
2106 3561 2126 3595 ι
2152 3542 2263 3596 Alia
2279 3538 2420 3596 enim
2448 3556 2512 3595 ex
2531 3538 2876 3596 successione
2898 3554 3107 3602 eorum,
3137 3550 3255 3607 quia
3282 3538 3429 3603 prius

1830 3614 2080 3669 extitere.
2124 3615 2527 3683 producuntur:
2566 3612 2668 3665 alia
2703 3627 2829 3667 vero
2856 3622 2921 3666 ex
2947 3613 3057 3679 ipsa
3088 3619 3228 3664 terra
3259 3610 3422 3683 etiam

1831 3697 1975 3737 nunc
2018 3678 2193 3738 adhuc
2252 3687 2413 3738 vitam
2466 3683 2710 3753 accipere
2755 3678 3097 3752 compertum
3149 3678 3422 3753 esthon

1830 3755 1972 3808 enim
2003 3755 2175 3808 solum
2207 3754 2401 3825 pluvio
2433 3751 2675 3825 tempore
2712 3752 2825 3810 edit
2843 3751 3076 3819 cicadas,
3101 3759 3193 3806 aut
3214 3752 3317 3807 alia
3344 3751 3431 3805 int-

1832 3840 2059 3880 numera
2082 3827 2383 3882 Volatilium
2440 3827 2493 3880 in
2544 3841 2671 3881 aere
2714 3826 3020 3897 vagantium
3044 3838 3264 3895 genera,
3296 3836 3431 3897 quo:

1832 3912 1949 3950 rum
1981 3896 2210 3967 plurima
2243 3908 2463 3968 propter
2505 3892 2819 3953 tenuitatem
2848 3904 2973 3951 sunt
2993 3892 3261 3968 annulum
3284 3908 3297 3957 ;
3319 3892 3426 3968 sed

1832 3982 2015 4039 mures
2043 3966 2306 4031 etiam.‘et
2334 3966 2494 4023 ranas
2547 3983 2612 4023 ex
2641 3985 2698 4022 se
2729 3970 2841 4038 ipsa
2870 3968 3096 4039 profert.
3122 3966 3257 4039 Nam
3284 3966 3427 4021 circa

1832 4036 2046 4094 Thebas
2087 4038 2391 4111 Egyptias,
2416 4040 2513 4111 ubi
2568 4040 2619 4092 in
2667 4036 3078 4111 aestibusdarge
3106 4037 3267 4111 pluit,
3314 4042 3426 4111 sta-

1833 4114 1927 4163 tim
1957 4106 2349 4179 campestribus
2362 4108 2602 4165 muribus
2625 4110 2770 4179 regio
2796 4106 3067 4179 expletur.
3093 4106 3231 4174 Quin
3264 4108 3426 4179 etiam

1835 4176 2100 4252 anguillas
2133 4183 2363 4236 vidimus
2414 4194 2521 4234 non
2554 4176 2710 4233 aliter
2740 4195 2901 4252 quam
2947 4193 3013 4232 ex
3057 4177 3187 4231 limo
3212 4176 3417 4231 consti-

1835 4250 1931 4314 tui,
1962 4268 2025 4306 ac
2045 4253 2316 4323 generari,
2347 4265 2572 4321 quarum
2606 4250 3011 4323 successionem
3039 4261 3212 4317 neque
3235 4252 3420 4316 Ovum,

1834 4338 2011 4394 neque
2042 4319 2181 4378 ullus
2210 4319 2570 4394 alius—utodus
2610 4319 2853 4394 coniicit,
2888 4320 2982 4376 sed
3016 4323 3146 4391 ipsae
3175 4334 3244 4374 cx
3275 4326 3420 4374 terra

1833 4390 2011 4448 ortum
2044 4395 2260 4449 habent.
2297 4392 2564 4447 Producat
2595 4401 2735 4447 terra
2765 4390 3165 4459 animam,etc.
3206 4409 3225 4443 ι

1907 4464 2082 4534 Atque
2114 4465 2195 4534 his
2232 4464 2707 4534 explicationibus,
2732 4480 2850 4519 mea
2879 4464 3097 4533 quidem
3113 4461 3405 4527 sententia,

1837 4530 2091 4591 illustrari
2116 4530 2274 4591 facile
2298 4530 2520 4607 possnnt
2540 4550 2623 4602 ea,
2653 4550 2773 4606 qure
2802 4530 3175 4607 allegavimus,
3200 4535 3427 4607 hujusce

1838 4607 2089 4676 Epistolie
2121 4605 2307 4674 verba,
2330 4622 2501 4677 neque
2519 4605 2782 4676 cogimur,
2809 4614 2867 4661 nt
2895 4605 3137 4661 dicamus
3165 4605 3425 4669 animam,

1834 4680 1987 4748 enjus
2019 4681 2103 4734 hic
2135 4684 2335 4736 mentio
2382 4676 2463 4746 lit,
2497 4692 2617 4733 esse
2652 4679 2823 4747 ipsum
2856 4678 3116 4748 Spiritum
3163 4676 3418 4748 Sanctum

1837 4746 2218 4805 fecundantem
2247 4765 2446 4821 aquas:
2489 4766 2610 4818 qua:
2657 4746 2835 4803 tamen
2874 4746 3059 4815 opinio
3095 4756 3161 4821 et_
3188 4746 3425 4821 Steuclio

1836 4830 2023 4876 nostro
2053 4817 2323 4893 placuisse
2357 4822 2465 4875 visa
2508 4817 2608 4882 est,
2642 4831 2698 4893 et
2730 4821 3006 4893 veteribus
3055 4817 3239 4893 multis
3267 4830 3426 4893 aper-

1837 4886 2069 4965 tissime-
2118 4894 2341 4965 placuit,
2388 4906 2614 4965 eamque
2664 4890 2892 4965 fortasse
2950 4888 3137 4965 innuit
3169 4886 3425 4965 Basilius,

1835 4979 1956 5036 cum
1990 4964 2102 5036 lure
2117 4956 2426 5036 scripsittd)
2454 4982 2464 5015 :
2494 4981 2512 5014 ί
2531 4956 2648 5016 Non
2670 4961 2845 5015 Solum
2864 4975 3061 5036 corpus
3091 4956 3426 5036 ejustho‘mi-

1836 5034 1937 5106 nis)
1964 5030 2376 5105 cirt-uinjacens‘.
2408 5030 2462 5106 et
2493 5044 2657 5106 alsius
2686 5034 2931 5106 corporis
2966 5030 3266 5106 tranquilla
3296 5030 3426 5086 sint.

1838 5102 1931 5160 sed
1980 5107 2138 5159 etiam
2170 5102 2439 5175 quidquid
2472 5103 2663 5167 ambit,
2691 5114 2742 5158 et
2794 5103 3278 5175 circumplecritur,
3310 5110 3429 5175 cie-

1837 5176 1947 5231 lum
1983 5171 2254 5239 videlicet.
2288 5171 2458 5241 terra,
2484 5191 2655 5240 mare,
2688 5184 2742 5230 et
2770 5190 2889 5244 quae
2913 5174 2965 5228 in
2991 5173 3070 5228 cis
3097 5182 3226 5227 sunt
3253 5171 3424 5225 ratio-

1840 5248 2001 5302 nalia.
2032 5248 2098 5301 Et
2151 5248 2410 5317 intelligat
2466 5247 2749 5314 aditnpleri
2807 5251 3013 5317 omnia,
3065 5245 3428 5317 spiritumque

1840 5317 2117 5373 undelibet
2169 5312 2477 5387 super-'ipsa
2509 5312 2674 5383 stare,
2721 5331 2823 5371 ceu
2876 5312 3157 5387 illapsutii,
3184 5322 3243 5370 et
3291 5312 3430 5367 inlu-

1838 5405 1982 5455 sum,
2014 5401 2069 5445 et
2116 5386 2393 5444 undelibet
2436 5389 2855 5459 ingredientem,
2915 5386 3432 5459 atqueillucescen-

1845 5470 1986 5516 tem:
2016 5478 2140 5516 nam
2172 5461 2358 5515 urbem
2383 5457 2648 5516 terrarum
2679 5458 2915 5531 Spiritus
2938 5458 3151 5515 Domini
3181 5457 3437 5527 replevit,

1917 5575 1989 5649 (ε)
2033 5577 2426 5649 l-lrxamneron,
2476 5576 2673 5649 llomil.
2704 5590 2815 5644 vin,
2842 5594 2895 5633 n.
2920 5576 2977 5647 2,
3006 5588 3125 5649 pag.
3160 5576 3224 5631 71
3253 5586 3384 5631 tom.
3421 5590 3440 5631 ι

1860 5644 2113 5704 cditionis
2144 5648 2355 5704 Patrum
2388 5646 2445 5704 S.
2473 5646 2661 5704 Mauri.

1862 5720 2331 5847 ψὲάέοἷῗὶύξθνευδ
2348 5720 2670 5777 Eunomium
2698 5716 2793 5778 lil).
2819 5732 2873 5790 ν,
2923 5734 3043 5795 cap.
3080 5718 3294 5790 ttltimo,
3326 5732 3448 5792 pag.
