3958 6194
60 301 158 357 εἱΞί

659 299 726 356 ΙΝ
768 300 1025 358 HILARII
1065 298 1452 357 EPISTULA.“
1496 296 1627 355 SEU
1667 296 2009 355 LIHELLUM
2055 294 2518 355 DISSEHTA'HO
2560 282 2792 354 PRIM.

3269 293 3372 351 896

124 413 251 471 220.
286 414 348 471 ltl
377 424 466 471 est
499 432 511 468 :
544 416 799 471 convenit
829 418 946 484 (seu
978 433 1189 485 :rqnmn
1214 415 1360 485 reor)
1398 425 1652 471 Virtutum
1684 428 1730 485 Α
1761 418 1922 487 eligat
1973 416 2160 474 lector.
2186 417 2339 484 Quod
2371 418 2573 473 attinet
2594 418 2658 471 ad
2688 418 2950 472 rationem
2982 414 3274 487 prmstitam
3307 416 3370 468 li-

61 488 439 542 tractationem
489 489 539 540 in
584 487 917 552 plenitudine
959 487 1295 551 dilecdonis,
1329 499 1383 542 et
1412 490 1653 542 omnium

64 574 235 614 rerum
273 558 542 630 bonarum
575 557 847 614 desinere.
884 558 1030 615 Hauc
1075 558 1462 630 plenitudinem
1496 559 1662 613 dilec-

65 630 237 688 tionis.
269 639 443 700 atque
471 628 607 683 adeo
633 645 814 685 rerum
847 628 1093 684 ouiiiium
1109 631 1162 684 in
1197 630 1307 686 Deo
1328 644 1468 695 esse,
1502 641 1660 685 antea

59 701 290 755 dixerat.

125 772 250 827 22L
284 770 469 825 Verba
499 773 597 824 ista
628 788 642 824 :
671 781 761 825 aut
788 772 832 826 si
857 772 980 840 quid
1011 774 1412 841 pretermissum
1435 782 1513 826 est
1538 814 1552 831 .
1603 772 1658 826 in

65 843 228 896 mundi
253 842 606 916 plenitudine,
640 843 868 916 videatur
904 860 1011 897 esse
1046 844 1363 916 conclusum,
1390 844 1663 899 obscuris-

67 916 213 976 sima,
246 914 374 966 meo
404 914 624 983 quidem
648 915 873 980 judicio,
904 927 1050 968 sunt.
1094 914 1175 970 An
1203 929 1358 969 error
1388 915 1579 983 aliquis
1606 917 1657 968 io

65 1002 239 1039 vocem
274 986 426 1038 illam
470 985 648 1038 mundi
680 985 931 1052 irrepsit,
966 987 1034 1039 ita
1081 996 1138 1041 ut
1182 987 1326 1040 aliud
1362 988 1659 1053 quodpiam

64 1056 309 1110 substitni
335 1057 577 1127 debeat?
608 1056 714 1113 Sed
747 1057 873 1123 quid
908 1057 1155 1112 substilni
1180 1057 1399 1122 debeat,
1421 1058 1661 1127 egoqui-

64 1127 174 1183 dem
203 1127 422 1197 ignoro.
450 1126 532 1182 An
566 1139 772 1182 retenta
798 1143 928 1183 voce
960 1128 1049 1184 illa
1091 1129 1289 1189 mundi.
1322 1128 1387 1182 ad
1418 1126 1657 1183 Verbum

68 1200 304 1254 Divinum
354 1199 602 1252 onmium
644 1197 979 1253 conditorem
1035 1201 1150 1255 haec
1204 1199 1362 1255 Verba
1419 1200 1661 1255 referes?

65 1272 190 1324 adeo
231 1282 289 1325 ιιι
337 1270 630 1324 verborum
661 1269 889 1324 istorum
939 1270 1026 1324 hic
1056 1284 1249 1325 sensus
1290 1273 1358 1324 sit
1394 1289 1405 1324 :
1435 1270 1490 1325 Si
1533 1270 1658 1335 quid

67 1340 191 1396 forte
210 1342 261 1395 in
283 1356 469 1394 rerum
488 1342 898 1396 enumeratione
918 1342 1226 1407 Omisimus,
1252 1341 1381 1396 illud
1405 1356 1662 1411 expresse

69 1428 160 1467 non
189 1424 687 1467 commemorantes
708 1454 725 1478 ,
755 1414 973 1467 omnino
1005 1425 1182 1467 tamen
1218 1430 1324 1467 non
1366 1424 1449 1467 e~t
1490 1414 1658 1466 omis-

66 1498 172 1537 sum
202 1501 215 1536 :
246 1482 532 1552 Siquidem
560 1498 680 1537 cum
710 1485 1003 1537 dixerimus
1032 1526 1045 1548 ,
1078 1484 1256 1537 onmia
1285 1500 1313 1536 a
1346 1485 1453 1537 lico
1495 1482 1659 1538 fuisse

69 1555 293 1620 condita,
321 1554 440 1605 iure
461 1554 601 1621 ipsa,
628 1569 791 1624 quzea
823 1555 977 1609 nobis
1005 1556 1363 1623 prmiernﬁssu
1394 1556 1660 1624 putabun-

71 1636 165 1690 tur,
196 1627 421 1679 minime
450 1625 651 1679 omissa
683 1636 829 1679 sunt.
874 1626 980 1682 Sed
1005 1637 1209 1697 quanto
1238 1626 1524 1681 intervallo
1577 1626 1658 1680 di-

72 1706 201 1768 stant
228 1699 366 1768 haec,
391 1710 519 1762 qua!
547 1711 688 1750 nunc
714 1696 864 1763 dicit,
890 1697 959 1751 ab
983 1698 1048 1751 iis
1081 1712 1201 1768 quae
1232 1708 1389 1753 antea
1425 1697 1493 1751 de
1520 1697 1656 1761 Deo.

72 1769 130 1822 de
162 1767 350 1828 Verbo.
376 1775 432 1820 ct
461 1768 646 1821 mutuli
673 1768 948 1822 creatione
979 1767 1225 1825 diruerat?
1250 1779 1303 1823 et
1326 1777 1504 1822 tamen
1530 1784 1659 1822 con-

1765 489 1878 553 dei,
1911 499 1966 545 et
1996 490 2243 553 :emulos.
2289 505 2522 558 quorum
2557 488 2643 544 bit:
2673 490 2951 553 meminit,
2985 488 3208 558 recole.
3254 499 3376 556 quae

1766 576 1993 615 numero
2024 573 2297 626 poswcmo
2323 562 2513 627 capitis
2542 560 2579 616 2
2607 560 2936 630 pra‘fationis
2965 557 3227 630 diximus.

1835 631 1967 686 222.
2007 631 2248 687 Obscura
2297 642 2416 689 ~unl
2450 628 2664 703 quoque
2712 631 2872 703 verba
2919 630 3014 703 illa
3051 648 3063 683 :
3096 628 3162 703 Et
3211 628 3376 698 magis

1768 703 2070 776 mysterium
2097 713 2302 776 sumant
2332 701 2536 776 (zu-muli
2570 701 2930 776 scilicetﬁdci
2962 701 3139 769 mere).
3171 704 3261 776 ΔΑιι
3298 703 3376 776 le-_-

1765 770 1997 844 ge'udnm
2030 783 2115 829 est
2158 770 2375 843 potius,
2436 785 2747 828 momentum
2775 773 2852 844 (id
2878 783 2979 844 est,
3005 770 3373 844 occasionem)

1765 841 2014 899 sumant?
2060 851 2137 900 Au
2159 841 2307 899 aliud
2345 844 2545 915 aliquid
2588 841 2858 900 occasioni
2898 843 3102 899 afﬁne?
3130 841 3283 915 Quod
3325 842 3369 895 si

1765 917 1989 989 omnino
2016 933 2201 989 vocem
2230 913 2532 989 mysterium
2582 916 2814 971 retinere
2863 916 2966 981 vis,
2995 915 3072 989 s_ic
3098 913 3371 989 explicare

1766 986 1907 1057 (mea
1940 987 2156 1055 quidem
2188 985 2465 1058 opinione)
2500 990 2616 1041 lucc
2648 1001 2929 1058 possumus
2964 1004 2976 1035 τ
3011 985 3115 1055 Ipsi
3159 998 3371 1058 quoque

1768 1054 1887 1113 fidei
1920 1054 2054 1111 mea:
2083 1054 2267 1114 aemuli
2293 1054 2696 1114 confessionem
2725 1057 3006 1123 escipiant
3035 1054 3208 1110 meam
3236 1097 3251 1118 ,
3289 1054 3368 1108 fa.

1768 1136 2093 1202 teanturque
2120 1147 2203 1202 me
2233 1132 2391 1202 plane
2414 1146 2535 1202 cum
2565 1128 2807 1185 Ecclesia
2834 1128 3229 1202 convenire,_et
3257 1126 3368 1202 ja'tn

1764 1197 2018 1271 denique
2040 1197 2307 1256 rationem
2342 1200 2590 1271 noverint
2616 1242 2631 1265 ,
2681 1202 2749 1255 ob
2780 1216 2938 1268 qnam
2971 1199 3022 1252 in
3050 1197 3205 1271 libris
3234 1198 3370 1271 meis

1766 1269 2021 1325 nonnulla
2054 1273 2340 1327 obscurius
2368 1270 2589 1335 tradidi,
2620 1273 2899 1325 involucra
2921 1270 3151 1340 quodam
3185 1283 3247 1323 ea
3275 1269 3372 1323 ob-

1766 1354 1953 1411 tegens
1982 1359 1996 1395 :
2027 1358 2093 1397 ne
2120 1343 2331 1398 scilicet
2357 1343 2683 1397 infirmiores
2705 1343 3057 1397 oﬂ‘o-ndermu.
3078 1340 3196 1394 .Iam
3225 1340 3370 1394 enim

1766 1430 1888 1469 cum
1935 1428 2095 1468 sensn
2155 1432 2269 1469 ιιιιε..
2322 1414 2627 1485 explicandi
2678 1413 2905 1468 facultas
2940 1428 3003 1468 se
3046 1411 3370 1485 obtulit,_ea

1769 1485 1928 1554 plane
1956 1485 2239 1550 eXplicavi.
2259 1480 2448 1550 Vt-l,'si
2472 1488 2571 1545 vis.
2600 1485 2826 1555 mysterii
2854 1486 3069 1537 nomine
3090 1480 3370 1555 {amntium

1764 1548 1886 1625 ﬁdei
1915 1548 2178 1626 intelligc,
2212 1567 2266 1610 et
2294 1548 2401 1609 tum
2436 1555 2543 1624 die,
2574 1548 2763 1624 opt'are
2794 1548 3368 1626 Hilarium,uttumuli

1766 1627 1888 1699 lidei
1919 1641 2035 1681 sua:
2066 1624 2361 1699 mysterium
2389 1638 2626 1691 sinuant,
2660 1627 2709 1680 id
2726 1635 2815 1699 est
2836 1626 3102 1699 eamdem
3113 1624 3229 1691 ﬁdei
3260 1626 3372 1694 for-

1765 1698 1979 1760 mulam,
2008 1700 2058 1752 iu
2091 1695 2195 1766 qna
2218 1713 2328 1753 tum
2354 1702 2488 1767 ipse.
2525 1710 2635 1752 tum
2666 1698 2827 1753 iidem
2846 1700 3024 1751 aemuli
3055 1695 3214 1767 plane
3234 1709 3369 1767 cuu-

1767 1769 2012 1832 veniaut;
2045 1765 2164 1839 qua:
2192 1765 2406 1839 quidem
2454 1770 2576 1824 lidet
2631 1770 2851 1823 l'ormula
2896 1765 3239 1838 apertissime
3268 1765 3368 1820 de-

74 1840 350 1911 tinuaunu,
393 1838 856 1911 conjunctumque
906 1854 1123 1893 sensum
1174 1842 1373 1909 ubique
1421 1838 1655 1893 retinere
1687 1831 1735 1893 B
1763 1839 1951 1903 claret,
1983 1831 2283 1895 tit'iltﬂtltiic
2314 1841 2539 1895 erodere
2573 1840 2832 1894 Hilarium
2868 1858 2881 1894 :
2913 1831 3143 1911 proderit
3187 1847 3365 1891 autent

73 1911 262 1964 Vldt‘llll'
290 1909 549 1963 Hilarius.
596 1913 676 1963 An
706 1912 894 1964 desunt
923 1911 1124 1981 aliqua,
1167 1913 1362 1981 quibus
1397 1912 1465 1964 ab
1501 1926 1651 1964 ama-

75 1983 240 2034 nuensi
267 1981 489 2035 omissis
526 1982 861 2048 interruptus
904 1990 1128 2050 apparet
1152 1982 1384 2036 sensus?
1419 1984 1473 2035 lit
1506 1991 1652 2036 tanta

73 2066 229 2106 rerum
249 2051 605 2118 obscuritate,
650 2053 699 2107 id
728 2052 871 2124 quod
915 2054 1083 2124 magis
1107 2052 1383 2125 probabile
1414 2054 1649 2119 duxerit,

1762 1922 1818 1964 et
1845 1911 2091 1975 inimicis,
2116 1922 2171 1965 ct
2196 1912 2518 1966 credentibus
2538 1953 2553 1977 ,
2587 1921 2854 1981 quatenus
2874 1920 3064 1964 Omnes
3097 1911 3149 1964 iu
3205 1923 3367 1962 unam

1762 1982 2123 2052 eamdemque
2165 1981 2508 2048 apertissime
2551 1984 2801 2052 mysteria
2846 1982 3126 2051 religionis
3166 1988 3365 2034 nostras

1762 2051 2127 2108 declarantem
2163 2054 2448 2110 lui-mulam
2484 2051 2831 2110 eonrcnient.

852 2353 1965 2503 DISSERTAT
1980 2350 2325 2500 1οΝ
2344 2350 2575 2495 ES

372 2604 554 2735 IN
652 2602 1689 2735 EPISTOLAM
1777 2601 2084 2728 SEU
2176 2596 3122 2727 LIBELLUM

1002 2839 1574 2946 SANCTI
1708 2836 2329 2946 HILARII
2361 2898 2397 2936 .

1421 3030 2025 3066 Μ

489 3148 941 3213 DISSERTATIO
981 3152 1148 3208 l‘RlM
1162 3154 1219 3205 Δ.

86 3290 153 3344 Ad
193 3291 297 3346 hate
348 3292 598 3362 epistolae
650 3289 834 3345 Hilarii
886 3289 1052 3344 verba
1095 3289 1202 3354 (a);
1238 3302 1306 3342 υτ
1340 3299 1504 3340 ετιλιι
1524 3297 1662 3348 quon

200 3398 430 3439 PROPTER
474 3398 571 3439 N08
609 3397 927 3439 POSTIODUI
951 3396 1142 3437 FUERIT
1170 3391 1532 3434 FABRICATUI.

153 3496 279 3551 Nunt
306 3499 530 3552 hominis
560 3514 717 3551 causa
744 3496 1003 3550 sensibiliu
1034 3495 1225 3557 omnia,
1255 3511 1288 3547 a
1328 3490 1506 3563 Moyse
1568 3488 1663 3542 de-

633 3589 828 3658 scripta
846 3628 861 3653 ,
894 3586 1101 3641 condita
1126 3586 1247 3639 sint.

151 3704 672 3770 LAdnotationibus,
687 3718 819 3774 quas
835 3701 1020 3757 Hilarii
1039 3698 1292 3770 Epistolas
1310 3696 1505 3765 adieci.
1523 3709 1665 3750 nunc

92 3795 280 3853 demum
309 3797 719 3854 dissertationes
747 3795 981 3864 adiungo
1004 3835 1017 3856 .
1066 3792 1262 3860 quibus
1286 3792 1495 3846 scilicet
1525 3803 1664 3844 non-

96 3889 218 3944 nulla
238 3890 596 3960 qitmstionttttt
628 3889 801 3952 capita
826 3892 1239 3956 pertractantur,
1266 3897 1386 3953 qua:
1411 3880 1667 3937 brevibus

99 3980 189 4038 illis
212 3980 454 4049 monitis,
505 3998 625 4052 qua:
654 3980 1029 4035 adnotationes
1060 3983 1385 4045 exposcunt,
1416 3989 1668 4044 compre-

100 4072 239 4130 hendi
265 4083 556 4148 nequeunt.
580 4074 637 4129 lu
670 4074 840 4145 prima
871 4088 1032 4143 porro
1075 4070 1457 4124 dissertatione
1481 4066 1668 4136 expla-

104 4166 222 4221 nabo
261 4172 412 4225 verba
451 4169 539 4224 illa
576 4186 590 4221 :
642 4163 712 4220 Ut
742 4164 897 4218 etiam
924 4162 1060 4233 quod
1090 4170 1298 4231 propter
1326 4176 1417 4213 nos
1446 4169 1670 4227 postmo-

101 4256 201 4310 dum
225 4263 370 4330 fuerit
397 4259 741 4329 fabricatum;
772 4264 826 4309 et
847 4254 1132 4324 inquiram,
1160 4269 1282 4305 unm
1306 4251 1470 4323 (quod
1505 4252 1668 4305 verba

101 4349 173 4402 illa
205 4352 457 4422 indicant)
489 4351 711 4406 hominis
738 4364 895 4403 causa
922 4346 1183 4401 sensibilia
1226 4346 1397 4398 omnia
1428 4360 1459 4397 a
1494 4342 1673 4413 Moyse

102 4441 347 4517 descripta,
368 4445 577 4501 condita
598 4446 719 4499 sint.

1689 3148 1735 3211 C
1769 3147 1926 3201 tustis
1957 3162 2171 3216 quoque
2205 3146 2553 3203 Hebraeorum
2582 3146 2898 3204 doctoribus
2943 3155 2995 3203 ct
3021 3146 3265 3203 Panibus
3285 3164 3373 3203 ar-

1769 3240 1909 3295 risit.
1947 3240 2026 3294 Ex
2059 3243 2289 3296 vetustis
2330 3241 2676 3297 Hebrzeorum
2725 3242 3039 3297 doclnt‘iluts
3082 3241 3369 3296 l'bilouem

1767 3333 1960 3403 selige;
1986 3333 2183 3405 quippe
2227 3335 2279 3388 in
2335 3336 2488 3400 libro,
2522 3352 2682 3405 quem
2712 3334 2774 3387 de
2816 3335 2993 3389 mundi
3032 3335 3243 3403 api/icio
3287 3337 3368 3388 itt-

1768 3424 2007 3494 scripsit,
2034 3425 2152 3479 htce
2200 3426 2276 3479 ait
2306 3424 2424 3496 (vi):
2461 3444 2480 3477 ι
2509 3426 2724 3494 Qua-ret
2774 3425 2859 3479 hic
2895 3426 3089 3496 aliquis
3122 3441 3363 3491 causam,

1774 3530 1874 3570 cur
1901 3516 2144 3572 ultimum
2191 3532 2417 3585 operum
2450 3518 2517 3571 sit
2561 3517 2724 3572 homo
2757 3519 2806 3572 in
2845 3516 3029 3572 mundi
3062 3518 3372 3572 creatione?

1771 3608 1903 3663 Nam
1949 3621 2068 3678 post
2098 3611 2280 3663 omnia
2314 3623 2436 3664 eum
2465 3609 2715 3664 conditor
2741 3628 2800 3664 ac
2834 3610 2992 3664 Pater
3024 3609 3168 3672 fecit.
3196 3623 3250 3663 ut
3276 3610 3377 3665 do-

1770 3709 1897 3757 cent
1932 3716 2101 3756 saerte
2130 3702 2344 3756 littera'.
2377 3702 2476 3769 Qui
2513 3703 2685 3773 legem
2721 3704 2988 3757 rimantur
3029 3700 3368 3772 profundius,

1771 3809 2001 3865 eamque
2026 3809 2185 3863 quam
2218 3796 2450 3850 maxime
2482 3795 2595 3850 ﬁeri
2644 3806 2819 3865 potest
2848 3796 3132 3850 excutiunt
3163 3812 3376 3850 summa

1772 3889 2068 3959 diligentia,
2101 3890 2288 3951 dicunt
2310 3934 2324 3956 ,
2372 3889 2514 3960 quod
2550 3901 2829 3961 postquam
2857 3892 2996 3945 Deus
3021 3889 3292 3945 hominem
3322 3891 3375 3945 in

1774 3998 1927 4037 suam
1982 3983 2359 4053 cognationem
2416 3983 2634 4038 admisit
2675 3988 2883 4041 ratione
2928 3984 3186 4039 dooatmn
3234 3983 3380 4039 dono

1775 4074 1931 4145 longe
1960 4079 2187 4144 optimo,
2225 4092 2293 4130 ne
2323 4085 2518 4130 cmtera
2561 4077 2776 4141 quidem
2809 4076 2858 4130 ei
2906 4075 3141 4129 invidit:
3188 4075 3282 4130 sed
3325 4085 3383 4130 ut

1774 4166 1992 4222 animali
2038 4168 2454 4221 [antilint‘issimo
2505 4167 2944 4236 amicissimeque
3005 4167 3183 4221 omnia
3260 4183 3380 4238 qua:

1778 4261 1981 4315 mundo
2006 4263 2383 4323 continentur,
2433 4260 2779 4330 pra-paravit,
2823 4261 3049 4322 volens.
3102 4269 3159 4315 ut
3184 4276 3377 4315 recens

1777 4366 1999 4408 creatus
2036 4352 2181 4407 nulla
2212 4367 2271 4407 re
2312 4360 2546 4416 careret,
2580 4370 2699 4419 qua:
2740 4351 2804 4407 ad
2839 4354 3024 4417 vitam,
3051 4365 3212 4425 atque
3240 4353 3376 4410 adeo

1780 4446 1920 4499 bene
1953 4446 2243 4499 vivendum
2290 4443 2553 4500 conferat.
2591 4445 2833 4513 Quorum
2881 4447 3108 4501 alterum
3162 4456 3385 4517 praestat

158 4535 207 4590 2.
236 4537 610 4595 Vetustissima
643 4538 757 4590 haec
794 4534 1025 4605 quaestio
1054 4542 1159 4594 est.
1187 4546 1416 4602 qumque
1452 4529 1672 4585 Gru‘cos
1703 4538 1751 4597 D
1778 4536 1933 4606 copia
1967 4536 2296 4606 ubertasque
2327 4552 2504 4591 rerum
2530 4536 2595 4591 ad
2618 4537 2902 4592 fruendum
2927 4546 3234 4604 paratarum
3261 4556 3274 4590 :
3300 4540 3346 4592 al
3367 4568 3380 4579 -

106 4626 224 4682 inter
247 4630 597 4700 philosophos
620 4643 838 4700 quoque
876 4626 1074 4696 agitata
1107 4624 1228 4678 luit.
1256 4623 1423 4677 Stoici
1463 4623 1672 4678 scilicet

105 4722 252 4777 omnia
272 4727 428 4780 nostri
450 4741 609 4779 causa
637 4724 818 4795 fecisse
847 4719 1006 4774 Deum
1030 4718 1346 4773 asserebant
1375 4713 1472 4786 (b).
1498 4716 1675 4771 obsis-

109 4814 315 4871 tentibus
332 4817 635 4888 Epicureis,
654 4826 707 4868 et
735 4813 1092 4875 Academicis,
1120 4825 1183 4864 ac
1216 4809 1400 4879 primis
1422 4809 1663 4879 quidem,

108 4910 213 4972 quia
243 4909 328 4963 Dei
349 4916 473 4979 erga
504 4924 603 4963 nos
621 4905 1014 4978 providentiam
1046 4901 1364 4967 irridebant,
1393 4900 1677 4955 Academi-

112 4994 181 5049 cis
202 5013 342 5066 vero,
369 5000 491 5070 quia
520 4999 569 5053 id
603 5001 784 5054 minus
809 5005 1017 5052 certum
1047 5008 1170 5049 esse
1196 4993 1479 5065 putabant,
1512 5007 1674 5064 quam

113 5086 334 5146 dicerent
354 5092 539 5149 Stoici.

176 5180 360 5239 Horum
401 5196 580 5241 tamen
624 5183 812 5251 Opinio
847 5188 905 5238 et
948 5182 1069 5237 aliis
1094 5178 1432 5249 pltilosoliliis
1458 5179 1681 5250 placuit,

115 5274 258 5332 veluti
279 5279 553 5335 Aristoteli
598 5277 670 5352 (ε)
703 5276 940 5331 manenti
969 5317 985 5341 ,
1033 5274 1291 5329 hominm
1332 5288 1443 5328 esse
1495 5273 1684 5339 ﬁnem,

117 5378 299 5437 propter
328 5389 471 5442 quem
493 5372 693 5442 reliqua
712 5368 886 5425 omnia
923 5368 978 5421 in
1003 5377 1188 5420 natura
1219 5373 1338 5419 sunt
1375 5368 1513 5436 facta
1544 5380 1564 5418 :
1592 5379 1688 5420 ve-

178 5529 247 5603 (9)
271 5531 395 5603 ϐψ.
426 5534 480 5599 3.
514 5549 565 5603 ρ.
597 5532 690 5587 59-

186 5595 254 5672 (b)
282 5595 527 5663 Lactant:
549 5606 611 5658 de
638 5603 812 5674 divino
838 5600 1051 5674 prwmio
1092 5599 1112 5671 (
1140 5599 1230 5670 qui
1279 5597 1498 5671 quidem
1557 5595 1692 5652 liber

123 5671 459 5747 septimnscst
489 5671 688 5747 Instit.)
710 5688 809 5743 cap
839 5671 891 5728 '7

188 5714 808 5817 (ὶῑί’ἱῖιίῗίἱ”“ὃίἶῇἒῖἑῖ¹’
844 5714 964 5816 υἱέι).
1023 5742 1079 5798 2.
1128 5740 1197 5798 Et
1239 5741 1333 5797 lib.
1377 5756 1393 5795 l
1450 5738 1689 5811 Mctaplt.

126 5824 230 5883 cap.
261 5815 313 5870 (ι.
338 5815 575 5876 EtPolit.
597 5815 719 5889 cap.
744 5816 801 5871 5.

1780 4637 1954 4683 ternm
1978 4628 2368 4698 contemplatio
2392 4630 2721 4695 emit-stium,
2751 4645 2853 4701 qua
2882 4629 3099 4697 quidem
3135 4628 3379 4698 perculsa

1780 4737 1937 4777 meus
1961 4737 2201 4777 amorem
2234 4738 2299 4779 ac
2340 4722 2669 4778 desiderium
2701 4722 2942 4776 scicntia:
2992 4736 3169 4775 rerum
3206 4720 3390 4791 hujus-

1784 4815 1928 4871 modi
1960 4816 2217 4885 concipit.
2250 4834 2269 4867 ι

1857 4907 1909 4961 3.
1937 4905 2103 4973 Eam,
2149 4905 2216 4961 de
2250 4921 2353 4977 qua
2382 4906 2620 4974 agimtu,
2650 4903 2977 4959 Christianis
3019 4902 3268 4957 munibus
3307 4901 3392 4955 in-

1786 4999 2011 5056 haesisse
2039 5000 2374 5069 opinionem,
2407 5015 2470 5053 ex
2504 5013 2570 5054 eo
2594 5007 2759 5069 patet,
2784 4996 2926 5068 quod
2956 4994 3146 5051 Celsus
3168 5009 3286 5050 eam
3314 4994 3385 5047 ob

1789 5107 1904 5146 rem
1947 5091 2288 5146 Chrisnanos
2336 5091 2594 5156 irrideat,
2642 5090 3036 5161 redarguatque
3083 5087 3177 5161 (ε).
3235 5087 3393 5141 Addit

1792 5183 1971 5238 Celsus
2000 5185 2197 5257 (inquit
2225 5183 2512 5253 Origenes)
2541 5201 2633 5238 nos
2655 5185 2825 5237 dicere
2853 5200 2871 5238 :
2898 5181 3086 5237 Omnia
3112 5180 3255 5235 nobis
3283 5197 3396 5235 ser-

1791 5276 1899 5330 uire
1932 5278 2084 5346 jussa
2115 5287 2255 5332 sunt.
2287 5276 2397 5332 Nec
2442 5287 2619 5331 tamen
2662 5278 2712 5332 id
2763 5286 2923 5347 negat
2974 5278 3086 5342 ipse
3129 5274 3394 5347 Origenes

1792 5367 2008 5423 Celsum
2036 5368 2297 5433 refutans,
2330 5368 2425 5423 sed
2462 5377 2667 5424 tantum
2696 5369 2792 5435 ait,
2817 5367 3044 5423 fortasse
3077 5367 3127 5423 id
3165 5368 3393 5424 minime

1872 5529 1952 5602 (ά)
1980 5530 2281 5601 Interprete
2314 5529 2565 5597 Gelenio,
2608 5546 2726 5601 pag.
2778 5531 2846 5587 15
2900 5530 3031 5586 edit.
3079 5530 3395 5602 Lugd.anni

1802 5602 2161 5746 iéﬂfﬂontra
2188 5646 2431 5737 Celsu'm,
2459 5675 2550 5730 lib.
2581 5691 2653 5744 tv,
2685 5674 2858 5745 11.20,
2891 5690 3011 5746 pag.
3040 5644 3146 5730 3‘23
3198 5675 3325 5730 tomi
3380 5688 3399 5729 ι

1798 5744 2051 5802 editionis
2081 5745 2255 5803 Caroli
2287 5746 2356 5804 de
2388 5748 2435 5803 la
2465 5746 2601 5803 Rue.
