3978 6196
575 281 678 338 8ἓῖ

1297 277 1362 334 lN
1401 274 1658 334 tutan"
1726 274 1938 332 EPIST.
1983 237 2114 334 seu
2156 273 2374 335 LIBEL.
2418 235 2876 336 nisssnrnto
2911 275 3142 336 ruma.
3781 289 3862 342 είς

575 415 760 455 verum
785 413 908 456 esse
931 400 1006 470 (et
1037 411 1166 452 sane
1197 396 1241 450 si
1273 395 1500 466 rigorose
1531 393 1820 465 loquimur,
1856 393 2034 465 angeli
2073 408 2168 449 nco
2195 398 2243 456 Α
2271 402 2432 462 atque
2459 407 2654 448 ornare
2683 395 2935 460 voluisse,
2970 395 3042 451 ob
3074 411 3302 470 eamque
3329 411 3555 455 causam
3603 408 3662 456 et
3709 414 3864 456 aerem

575 489 680 556 bis,
710 500 767 549 et
787 491 907 546 cmli
936 489 1160 544 minime
1187 487 1516 551 inserviunt;
1545 501 1676 542 saxa
1704 501 1943 558 quoque,
1970 497 2025 542 et
2055 501 2168 542 me-

575 586 722 652 talla,
753 593 808 639 et
855 584 1088 638 lnanima
1135 582 1340 652 qumvis
1386 580 1544 635 nobis
1579 596 1685 636 non
1736 582 2057 644 inserviunt,
2091 590 2170 638 ta-

575 677 734 735 mclsi
764 677 829 731 iis
850 686 1084 744 utamur,
1115 681 1172 730 et
1190 675 1357 734 nostri
1385 689 1544 729 causa
1568 673 1678 734 sint
1697 670 1958 745 condita).
1980 671 2168 741 Addit,

574 770 626 827 id
657 772 830 837 ipsum
857 811 873 835 ,
921 768 1062 839 quod
1123 769 1174 822 in
1215 765 1540 822 Christianis
1573 769 1763 822 Celsus
1812 768 2106 837 redarguit,
2141 781 2169 820 a

574 861 778 917 Grmcis
801 861 967 916 fuisse
999 861 1274 925 traditum,
1308 877 1405 914 nec
1424 868 1604 916 tamen
1635 876 1754 914 eam
1780 863 1849 913 ob
1871 876 1982 916 rem
2008 859 2173 914 fuisse

576 954 963 1023 reprehensos.
1001 955 1289 1024 Perperam
1331 955 1509 1022 itaque
1534 953 1583 1007 id
1619 955 1668 1008 in
1696 953 2018 1010 Christianis
2045 968 2170 1008 con-

575 1046 820 1103 demnari
851 1064 881 1102 a
913 1045 1091 1102 Celso.
1119 1044 1223 1102 Sed
1256 1056 1470 1116 praestat
1513 1049 1626 1116 ipsa
1681 1047 1928 1118 Origenis
1969 1047 2128 1101 verba
2153 1088 2169 1113 ,

576 1154 737 1216 prout
768 1144 818 1196 in
853 1142 1091 1197 editione
1129 1141 1426 1197 doctissimi
1456 1142 1632 1196 Caroli
1667 1142 1732 1197 de
1765 1143 1816 1198 la
1850 1141 1965 1196 Rue
1995 1142 2177 1196 latini-

577 1245 690 1292 tate
716 1237 912 1294 donata
945 1247 1089 1304 sunt,
1114 1237 1350 1306 allegare
1376 1255 1418 1292 τι
1448 1235 1818 1291 AdditCelsus
1839 1251 1934 1290 nOs
1952 1236 2171 1291 dicere:

583 1330 774 1386 Omnia
826 1331 968 1386 nobis
1013 1330 1204 1386 seruire
1237 1331 1382 1400 jussu
1406 1341 1545 1384 sunt.
1567 1328 1821 1385 Fortasse
1847 1329 2117 1383 neminem
2145 1343 2176 1383 e

581 1425 782 1481 nostris
839 1425 1173 1492 sapientibus
1241 1423 1362 1478 talia
1428 1423 1611 1477 dicere
1647 1423 1918 1478 audivit...
1974 1422 2176 1477 Deinde

579 1532 700 1572 cum
733 1516 906 1574 Graeci
929 1516 1112 1576 dicunt
1141 1515 1352 1588 (Eurip.
1381 1516 1434 1569 in
1462 1513 1744 1588 Phwniss.)
1771 1533 1784 1568 :

833 1618 935 1682 Sol,
963 1632 1082 1681 uox,
1105 1626 1315 1680 uterque
1341 1619 1561 1668 serviunt
1594 1617 1902 1675 mortalibus,

584 1705 784 1761 dictum
803 1705 1056 1770 laudant,
1083 1715 1138 1759 et
1159 1703 1564 1757 commentariis
1583 1702 1874 1756 illustrant.
1908 1701 2052 1756 Idem
2080 1717 2177 1758 nos

2274 487 2602 551 volucribus,
2628 497 2681 541 ct
2702 503 2848 543 mare
2871 488 3126 557 piscibus,
3150 500 3202 544 et
3219 498 3420 546 terram
3440 491 3868 563 quadrupedibus

2273 579 2570 652 implevit.»
2605 578 2675 634 Et
2706 578 3065 657 rursus(Cap.
3101 583 3224 649 ﬂ):
3252 602 3271 641 t
3307 582 3590 656 Sequitur,
3619 595 3682 641 ut
3707 596 3867 642 osten-

2273 670 2419 737 dam,
2451 687 2546 726 cur
2578 671 2767 735 fecerit
2813 672 3084 729 hominem
3133 674 3309 744 ipsum
3337 675 3478 732 Deus
3508 694 3524 742 ;
3561 678 3713 733 sicut
3736 693 3870 733 mun-

2274 763 2402 820 dum
2449 775 2665 835 propter
2713 763 2986 820 hominem
3039 767 3378 823 machinatus
3424 778 3530 836 est,
3587 771 3660 826 ita
3713 771 3867 842 ipsum

2276 866 2498 927 propter
2525 873 2605 921 se,
2640 866 2894 925 tauquam
2933 858 3098 914 divini
3135 861 3317 930 templi
3366 861 3695 930 antistitem,
3727 877 3872 935 Spec-

2279 957 2504 1004 tutorem
2537 967 2760 1021 opt-rum
2792 968 3079 1021 rerumque
3099 955 3420 1012 ctelestiunt.
3458 974 3478 1010 ι

2349 1045 2402 1098 6.
2445 1043 2550 1099 Sed
2596 1046 2931 1099 omittendus
2986 1062 3090 1100 nou
3145 1058 3227 1101 est
3277 1045 3610 1118 Gregorius;
3682 1050 3869 1120 quippe

2279 1136 2686 1208 expressissimc
2717 1138 2765 1192 id
2796 1139 2863 1192 de
2885 1153 2993 1207 quo
3021 1142 3245 1210 agimus,
3275 1141 3435 1200 tradit
3464 1139 3651 1210 (Hom.
3672 1157 3800 1202 xm
3824 1143 3870 1196 in

2281 1227 2478 1298 Ernng.
2512 1247 2564 1283 n.
2604 1228 2660 1302 2)
2693 1249 2706 1281 :
2739 1228 2841 1286 Ille
2870 1229 3100 1286 videlicet
3123 1230 3344 1303 (inquit)
3388 1234 3601 1288 docetur
3629 1274 3644 1297 ,
3676 1243 3872 1305 propter

2277 1338 2428 1391 quem
2475 1323 2527 1377 in
2574 1335 2709 1377 terra
2765 1335 2946 1378 cuncta
2989 1338 3156 1378 creata
3188 1336 3305 1378 sunt
3335 1325 3426 1398 (de
3455 1325 3677 1380 homine
3722 1340 3871 1395 porro

2279 1413 2369 1467 ille
2409 1412 2687 1486 loquitur).
2716 1415 2886 1481 Adde,
2914 1415 2957 1469 si
2987 1416 3088 1480 vis,
3122 1416 3450 1471 Bernardum
3489 1415 3509 1489 (
3540 1416 3711 1474 Serm.
3756 1434 3771 1472 t
3816 1420 3868 1470 de

2279 1502 2464 1558 divers.
2503 1521 2555 1561 u.
2592 1504 2671 1578 6),
2698 1516 2752 1561 et
2781 1507 3100 1580 scriptorem
3144 1508 3307 1564 libelli
3335 1551 3349 1574 ,
3378 1511 3467 1579 qui
3494 1510 3764 1566 instructio
3791 1527 3866 1564 sa-

2281 1599 2543 1653 cerdotum
2572 1599 2861 1667 inscriptus
2877 1609 3266 1671 est,exstatque
3284 1601 3423 1656 inter
3446 1601 3705 1656 Bernardi
3721 1618 3868 1672 opera

2282 1687 2490 1758 (Exstat
2513 1688 2832 1758 p.585tom.
2865 1705 2922 1744 ιιι
2953 1692 3073 1745 edit.
3119 1691 3288 1745 Venet.
3326 1691 3470 1748 Μαι).
3499 1711 3589 1746 an.
3626 1693 3808 1761 i717.)

582 1800 696 1854 sive
721 1814 823 1854 non
847 1798 1110 1860 dicamus,
1142 1796 1254 1850 sive
1295 1796 1414 1850 aliis
1450 1794 1632 1849 verbis
1661 1796 1927 1860 dicamus,
1959 1797 2179 1865 perinde

2354 1783 2406 1836 7.
2453 1783 2520 1838 Et
2559 1785 2609 1837 id
2653 1800 2784 1840 sane
2826 1784 2968 1858 quod
3001 1784 3057 1842 hi
3101 1785 3353 1854 tradunt,
3390 1787 3550 1844 valde
3594 1788 3872 1860 probabilis

583 1901 667 1952 est
696 1893 873 1956 Celso,
894 1901 954 1946 ut
981 1890 1135 1947 nobis
1163 1889 1405 1946 intendat
1424 1889 1592 1944 litem.
1611 1909 1630 1942 ι
1666 1888 1890 1944 Notatur
1920 1902 2099 1946 autem
2129 1892 2180 1946 in

583 1984 845 2053 margine.
888 1981 1189 2037 ercorum
1242 1982 1459 2036 nomine
1505 1981 1842 2052 designatum
1899 1983 2064 2038 fuisse
2115 1983 2184 2037 ab

583 2076 805 2149 Origine
849 2077 1180 2146 Euripidem,
1205 2076 1357 2146 cujus
1375 2077 1427 2130 in
1451 2075 1750 2130 Phoenissis
1771 2078 2066 2132 versiculus
2094 2079 2183 2132 ille

584 2180 688 2224 est.
715 2168 770 2223 ln
794 2167 944 2223 calce
972 2183 1132 2237 porro
1163 2166 1368 2237 paginae
1407 2166 1633 2221 affertur
1657 2167 1864 2237 integer
1910 2168 2184 2239 Euripidis

585 2263 738 2318 locus
762 2274 870 2317 tum
899 2261 1109 2330 Graece,
1145 2271 1254 2316 tum
1297 2261 1561 2316 latinitate
1603 2261 1836 2317 denatus
1862 2280 1873 2316 :
1903 2263 1979 2318 sic
2024 2277 2184 2334 porro

584 2355 678 2411 ille
703 2369 761 2410 se
787 2353 946 2409 habet
973 2371 985 2408 :

679 2449 1046 2510 0bscuramqne
1072 2447 1357 2510 palpebram
1377 2448 1553 2510 noctis,
1590 2455 1643 2497 et
1675 2445 1840 2497 lumen
1865 2447 1999 2506 solis,

681 2511 744 2561 Ut
769 2508 1030 2574 aequaliter
1049 2508 1316 2574 circuirent
1334 2508 1548 2558 annuum
1571 2510 1807 2574 circulum
1831 2508 2137 2574 (constituit).

679 2573 740 2638 Et
764 2572 990 2626 neittrutn
1018 2572 1191 2638 horum
1213 2573 1420 2638 duorum
1441 2573 1834 2638 victumiuvidet
1857 2573 2026 2638 alteri,

680 2637 846 2700 Atque
873 2639 938 2685 ita
963 2635 1052 2695 sol,
1077 2642 1130 2685 et
1153 2647 1247 2684 nox
1269 2636 1494 2684 serviunt
1511 2635 1810 2694 hominibus,
1838 2643 1934 2685 etc.

657 2744 710 2798 4.
739 2742 1025 2812 Origenem
1059 2741 1420 2811 subsequatur
1449 2741 1794 2810 Augustinus.
1830 2741 2040 2797 Etenim
2067 2757 2188 2811 pro-

585 2836 763 2907 posita
792 2835 893 2888 sibi
925 2833 990 2887 ad
1018 2832 1335 2888 solvendum
1369 2832 1469 2888 hac
1493 2833 1792 2902 quaestione
1823 2831 1899 2908 (α)
1935 2849 1948 2886 :
2002 2831 2189 2892 Utrum

587 2930 758 2983 omnia
785 2930 837 2982 in
867 2929 1139 2986 utilitatem
1167 2929 1433 2982 hominum
1462 2938 1632 2982 creata
1661 2929 1792 2992 sint,
1825 2927 2186 2984 affirmantem

585 3031 792 3094 partem
822 3022 1184 3092 amplectitur,
1232 3032 1286 3076 et
1319 3021 1384 3074 ad
1425 3020 1566 3075 hunc
1589 3020 1806 3075 modum
1835 3023 2186 3090 quaestionem

585 3115 898 3172 concludit:
935 3115 1120 3170 Omnia
1149 3131 1291 3185 ergo,
1326 3130 1441 3185 qua:
1486 3113 1621 3184 facta
1662 3123 1802 3182 sunt,
1825 3115 1878 3174 iu
1917 3131 2063 3174 usum
2092 3114 2189 3172 lto-

588 3210 741 3264 minis
770 3210 911 3277 facta
937 3219 1073 3275 sunt,
1107 3211 1230 3278 quia
1273 3209 1506 3264 omnibus
1534 3211 1696 3268 utitur
1711 3210 2001 3282 judicaudo
2033 3211 2187 3279 ratio,
2216 3185 2261 3250 Ο

587 3318 704 3374 qua:
729 3302 924 3357 homini
950 3304 1073 3358 data
1099 3314 1191 3358 est.

662 3397 715 3454 5.
760 3395 1095 3452 Lactantium
1122 3398 1425 3466 Augustino
1441 3398 1825 3468 adjungamus;
1849 3398 2056 3470 Quippe
2077 3398 2194 3458 btet:

591 3489 663 3544 ait
689 3487 892 3561 (Deira
926 3486 1045 3554 Dei,
1075 3504 1189 3560 cap.
1223 3491 1291 3546 15
1323 3489 1340 3559 )
1380 3507 1393 3543 :
1438 3509 1455 3541 ι
1492 3489 1682 3546 Omnia
1721 3489 1913 3560 quibus
1953 3498 2188 3556 Constat,

588 3596 814 3650 qumque
838 3589 1060 3653 generat
1090 3597 1155 3635 ex
1187 3597 1246 3636 se
1286 3581 1534 3648 Mundus,
1584 3582 1652 3638 ad
1673 3583 1983 3640 .utilitatem
2025 3583 2192 3640 solius

590 3670 823 3726 hominis
852 3671 1252 3728 acconnuodata
1279 3682 1425 3728 sunt.
1443 3673 1614 3729 Homo
1629 3673 1792 3729 utitur
1813 3675 1934 3744 igne
1953 3673 2019 3730 ad
2036 3689 2190 3730 usum

590 3764 938 3819 calefaciendi
971 3806 986 3831 ,
1017 3773 1072 3819 et
1101 3765 1319 3822 luminis
1373 3776 1427 3822 et
1474 3767 1875 3835 coquendorum
1923 3769 2190 3832 ciborum,

593 3853 831 3923 ferrique
862 3854 1183 3911 fabricandi.
1218 3857 1396 3914 Utitur
1435 3858 1672 3914 fontibus
1711 3860 1774 3916 ad
1807 3869 2012 3930 potum,
2043 3870 2096 3917 et
2125 3861 2191 3917 ad

592 3947 804 4002 lavacra
836 3965 848 4001 :
877 3947 1188 4004 fluminibus
1235 3950 1299 4006 ad
1347 3966 1508 4022 agros
1550 3952 1868 4021 irrigandos,
1896 3955 2189 4012 terminans

591 4038 796 4110 dasque
819 4042 1088 4111 regiones.
1125 4040 1301 4104 Utitur
1331 4052 1471 4098 terra
1527 4043 1593 4098 ad
1637 4045 2035 4115 percipiendam
2078 4046 2190 4100 fru-

590 4149 714 4204 gum
747 4134 1082 4201 varietatem,
1106 4136 1336 4198 collibus
1359 4137 1425 4194 ad
1455 4137 1787 4198 conserendo
1818 4137 2013 4200 vineta.
2042 4155 2195 4194 tuon-

593 4228 735 4288 tibus
761 4227 827 4288 ad
860 4243 1012 4282 usum
1053 4229 1306 4285 arborum
1363 4239 1525 4301 atque
1555 4230 1822 4301 lignorum
1847 4271 1862 4292 ,
1908 4231 2082 4300 planis
2124 4231 2192 4288 ad

591 4327 852 4390 segetem.
884 4319 1062 4376 Utitur
1092 4322 1226 4378 tnari
1253 4338 1359 4376 non
1391 4323 1564 4378 solum
1611 4323 1677 4378 ad
1727 4324 2052 4382 commercia
2073 4366 2086 4387 ,
2138 4333 2191 4384 et

590 4414 774 4479 capias
829 4427 892 4465 ex
941 4413 1246 4485 longinquis
1302 4415 1611 4485 regionibus
1674 4415 1949 4482 ferendas,
2005 4433 2190 4474 verum

591 4503 754 4560 etiam
785 4503 850 4559 ad
878 4504 1177 4562 ubertatem
1217 4508 1395 4562 omnis
1438 4510 1653 4578 generis
1679 4511 1924 4580 piscium.
1957 4509 2111 4578 Quod
2146 4511 2191 4570 si

2283 1879 2425 1933 ratio
2467 1878 2621 1933 nobis
2654 1878 2982 1946 persuadere
3008 1879 3238 1935 videtur.
3275 1881 3485 1936 Etenim
3525 1891 3582 1936 et
3621 1894 3872 1950 pratslan-

2285 1969 2492 2024 tissima
2521 1981 2890 2026 creaturarum
2918 1971 3156 2026 omnium
3188 1987 3310 2028 esse
3341 1973 3559 2029 videtur
3591 1975 3774 2039 homo,
3799 1977 3873 2031 cui

2284 2063 2478 2118 merito
2522 2073 2714 2117 cuncta
2763 2063 3095 2131 inserviunt,
3145 2074 3199 2118 ut
3243 2066 3602 2137 Subsequenti
3632 2066 3873 2123 disserta-

2285 2155 2433 2210 tione
2464 2154 2604 2209 haud
2649 2155 2996 2226 iudiligenter
3031 2158 3348 2225 ostendam;
3378 2167 3436 2214 et
3480 2161 3616 2214 nihil
3652 2161 3875 2216 indicare

2285 2263 2349 2302 ex
2384 2248 2449 2300 iis
2474 2290 2486 2313 ,
2520 2264 2639 2319 quae
2671 2249 2811 2303 facta
2839 2259 2998 2315 sunt,
3033 2251 3316 2322 quisquam
3358 2253 3590 2321 poterit,
3619 2253 3760 2324 quod
3792 2254 3875 2306 ho-

2286 2341 2416 2395 mini
2448 2340 2576 2396 utilc
2607 2341 2791 2413 aliqua
2817 2343 3029 2398 ratione
3059 2359 3165 2400 non
3198 2346 3286 2398 sit.

2357 2433 2412 2487 8.
2456 2432 2588 2488 Novi
2624 2435 2872 2505 equidem
2896 2477 2910 2500 ,
2953 2437 3071 2492 haec
3103 2439 3153 2491 in
3197 2437 3422 2492 dubium
3452 2438 3638 2494 vocari
3668 2440 3733 2495 ab
3755 2441 3875 2496 Ara-

2286 2526 2544 2594 denticis,
2592 2527 2916 2599 irriderique
2968 2529 3036 2583 ab
3100 2530 3402 2610 Epicureis.
3455 2531 3566 2596 Sed
3625 2535 3872 2588 immerito

2289 2630 2580 2692 utrumque
2611 2619 2724 2680 ficri
2754 2620 2800 2676 is
2825 2621 3100 2687 fatebitur,
3132 2623 3220 2694 qni
3249 2637 3439 2680 eorum
3464 2625 3776 2698 expcnderit
3799 2640 3872 2678 ar-

2291 2727 2548 2786 gumenta
2576 2734 2586 2768 :
2613 2731 2730 2786 qum
2754 2728 3044 2787 prepterea
3067 2716 3348 2771 audiamus
3367 2726 3605 2786 oportet.
3623 2718 3711 2773 Sic
3729 2733 3872 2790 porro

2290 2807 2327 2862 ii
2352 2808 2662 2876 disputant:
2691 2807 2772 2872 An
2789 2808 2834 2868 si
2865 2809 3100 2868 hominis
3128 2825 3288 2866 causa
3315 2812 3525 2881 reliqua
3552 2824 3734 2869 essent
3759 2830 3874 2868 cou-

2291 2901 2424 2964 dita,
2452 2901 2691 2954 omnium
2717 2902 3074 2956 :mlmantium
3103 2906 3466 2960 miserrimum
3498 2905 3761 2962 hominem
3793 2922 3872 2961 na-

2295 3003 2415 3048 tura
2468 2994 2778 3048 ell‘ecisset?
2825 2995 2993 3050 Porro
3041 2995 3222 3051 effecit
3277 2996 3683 3066 miserrimum,
3732 2998 3873 3070 idque

2292 3086 2448 3153 adeo,
2483 3099 2540 3142 ut
2583 3089 2758 3160 palam
2796 3097 3010 3146 constet
3054 3091 3368 3164 despectum
3403 3107 3626 3162 prorsus
3671 3093 3823 3147 fuisse
3847 3109 3870 3146 a

2297 3180 2430 3246 Deo,
2461 3183 2596 3247 sive,
2632 3193 2688 3236 ut
2714 3193 2926 3237 veteres
2955 3183 3134 3238 dicere
3163 3194 3593 3251 consueverant,
3628 3200 3658 3239 a
3685 3195 3868 3239 natura.

2293 3273 2399 3330 Sed
2433 3284 2652 3340 praestat
2681 3275 2819 3330 hanc
2843 3275 3037 3346 ipsam,
3076 3277 3485 3347 qualiscumque
3512 3293 3576 3334 ea
3606 3279 3710 3342 sit,
3740 3295 3874 3348 argu-

2295 3368 2678 3423 mentationem
2709 3371 2772 3423 iis
2798 3369 2933 3440 ipsis
2960 3385 3261 3440 prepouere
3293 3373 3493 3439 verbis,
3527 3373 3720 3443 quibus
3748 3383 3873 3427 vele-

2294 3475 2382 3516 res
2406 3476 2756 3530 proposuere.
2786 3461 3019 3517 Lucretii
3050 3477 3182 3518 sane
3209 3464 3488 3519 notissima
3517 3479 3643 3522 sunt
3665 3466 3751 3522 illa
3769 3481 3868 3521 car-

2295 3553 2436 3620 mina
2467 3553 2582 3626 (lib.
2619 3570 2666 3614 v.
2700 3553 2807 3610 9.25
2829 3565 2876 3610 et
2922 3555 3107 3626 καφ),
3134 3557 3330 3626 quibus
3350 3573 3510 3629 quam
3540 3574 3680 3615 smva
3708 3560 3868 3615 adver-

2296 3661 2388 3702 sus
2422 3647 2692 3706 hominem
2723 3655 2914 3708 natura
2941 3645 3125 3714 fuerit,
3153 3647 3314 3704 docet
3345 3667 3361 3708 :

2391 3783 2513 3846 Tum
2539 3795 2685 3845 porro
2711 3796 2852 3845 puer,
2877 3789 2933 3832 ut
2954 3784 3099 3834 saevis
3124 3784 3371 3846 projectus
3395 3786 3458 3835 ab
3481 3785 3630 3837 undis

2388 3845 2584 3911 illavita,
2613 3847 2770 3911 nudus
2797 3847 2930 3911 humi
2949 3846 3104 3911 jacet,
3127 3845 3305 3910 infans,
3334 3848 3533 3911 indigus
3547 3853 3684 3911 omni

2391 3907 2536 3972 )fitali
2565 3903 2672 3968 (alii
2697 3907 2848 3972 vitai)
2878 3903 3216 3969 auiiliofcum
3240 3903 3519 3972 primum'in
3545 3903 3739 3962 luminis
3755 3924 3870 3966 auras

2390 3969 2600 4034 Nixibus
2625 3984 2685 4021 ex
2712 3969 3011 4034 alvo'matris
3034 3979 3202 4020 natura
3231 3969 3470 4034 profudit;

2389 4033 2669 4099 Yagituqne
2697 4036 2853 4099 locum
2873 4033 3068 4097 lugubri
3092 4033 3322 4099 complet.
3350 4045 3398 4086 ut
3410 4033 3616 4099 iniquum
3638 4046 3733 4097 est,

2389 4094 2475 4146 Cui
2503 4094 2684 4147 tantum
2709 4096 2756 4144 in
2785 4097 2877 4145 vita
2913 4094 3069 4146 r‘estet
3096 4094 3302 4147 transire
3327 4094 3585 4152 malorum.

2368 4223 2421 4277 9.
2454 4222 2560 4278 Sed
2607 4232 2663 4279 et
2708 4222 2758 4278 id
2791 4223 2966 4291 ipsum
3017 4223 3288 4294 copiosius
3337 4223 3548 4282 Plinius
3603 4224 3717 4286 hinc
3763 4223 3872 4279 scri-

2295 4315 2430 4372 bens
2473 4315 2491 4384 (
2512 4317 2600 4370 lib.
2622 4331 2692 4372 vn
2713 4316 2764 4369 in
2795 4313 3044 4387 ρνωίαε.)
3079 4333 3093 4372 :
3131 4334 3151 4370 ι
3184 4315 3429 4374 Hominis
3474 4329 3641 4374 causa
3689 4315 3873 4376 vidi-tur

2296 4422 2487 4466 cuncta
2519 4411 2618 4465 alia
2648 4411 2901 4481 genuisse
2924 4418 3135 4476 natura,
3161 4425 3375 4479 magna,
3403 4420 3459 4466 et
3479 4424 3628 4468 saeva
3653 4409 3873 4470 mercede

2296 4512 2487 4577 contra
2515 4512 2660 4560 tanta
2691 4518 2786 4559 sua
2826 4518 3047 4558 munera
3076 4520 3088 4558 :
3123 4513 3178 4560 ut
3205 4518 3310 4558 non
3339 4503 3412 4558 sit
3438 4503 3574 4564 satis
3598 4505 3870 4566 aestimare.

592 4596 679 4652 his
695 4597 980 4664 elementis
1006 4597 1192 4661 utitur.
1216 4600 1409 4670 quibus
1435 4609 1521 4656 est
1548 4601 1842 4670 proximus,
1868 4613 2076 4659 nonest
2097 4603 2195 4658 dus
2223 4589 2274 4649 D
2300 4611 2496 4668 parens
2543 4597 2735 4651 melior
2786 4595 3028 4660 homini,
3071 4611 3137 4652 an
3189 4595 3394 4656 tristior
3436 4610 3671 4654 noverca
3718 4596 3870 4652 fuerit.

591 4691 764 4756 bium,
789 4694 918 4763 quin
963 4700 1018 4748 et
1053 4691 1232 4760 coelo;
1271 4694 1524 4764 quoniam
1566 4701 1620 4748 et
1651 4695 1954 4754 caelestium
2010 4711 2192 4752 rerum

591 4784 770 4839 cilicia
789 4785 856 4839 ad
887 4785 1213 4842 fertilitatem
1263 4796 1440 4853 terrm,
1477 4801 1541 4842 ex
1583 4801 1686 4856 qua
1718 4787 1965 4854 vivimus,
1991 4797 2194 4860 tempe-

588 4887 704 4934 rata
747 4888 890 4944 sunt.
942 4899 962 4934 ι

667 4971 905 5030 Subinde
934 4988 1064 5030 vero
1093 4985 1376 5046 postquam
1402 4975 1581 5036 varios
1609 4985 1716 5030 tum
1741 4975 2191 5044 ctelestium,tum

595 5079 877 5121 aereorum
908 5077 1270 5126 meteororum
1328 5081 1456 5122 usus
1484 5068 1789 5133 descripsit,
1837 5068 1951 5124 haec
1973 5069 2186 5130 demunt

596 5157 863 5224 subjicitu
893 5157 1030 5214 Num
1052 5158 1214 5214 etiam
1239 5169 1505 5218 mutorum
1529 5175 1690 5216 caiisa
1716 5161 1858 5218 Deus
1888 5159 2192 5218 laboravit?

597 5247 849 5306 Minime:
879 5251 1002 5320 quia
1023 5262 1148 5306 sunt
1177 5253 1402 5308 rationis
1421 5253 1682 5321 expertia.
1715 5253 1820 5310 Sed
1843 5253 2192 5324 intelligimus

597 5351 650 5396 et
680 5340 791 5410 ipsa
818 5340 1008 5396 eodem
1053 5342 1214 5400 modo
1263 5343 1329 5400 ad
1376 5359 1529 5398 usum
1560 5343 1796 5406 hominis
1835 5360 1866 5399 a
1900 5346 2006 5406 lien
2032 5344 2192 5409 facta,

599 5431 792 5503 partim
816 5433 884 5488 ad
909 5435 1079 5502 cibos,
1114 5437 1305 5506 partim
1329 5437 1396 5492 ad
1422 5439 1894 5509 vestitum,partim
1920 5438 1987 5495 ad
2015 5441 2195 5509 operis

599 5527 819 5590 auxilia,
852 5536 910 5582 ut
937 5528 1145 5584 clarum
1175 5529 1266 5595 sit,
1296 5530 1532 5586 divinam
1566 5532 1955 5601 providentiam
2013 5546 2193 5587 rerum

608 5627 664 5672 et
698 5619 974 5688 copiarum
1017 5619 1342 5675 abundantia
1393 5620 1671 5688 hominum
1727 5623 1886 5688 vitam
1933 5625 2198 5681 instruere

2299 4691 2439 4744 Ante
2493 4690 2670 4743 omnia
2720 4703 2883 4746 unum
2933 4687 3282 4744 animantium
3323 4695 3674 4754 cunctorum,
3725 4687 3873 4744 aliena

2299 4783 2493 4842 alienis
2515 4781 2866 4852 velatopibus
2891 4799 2903 4834 :
2936 4781 3148 4838 caeteris
3174 4781 3320 4838 varie
3349 4789 3658 4851 tegumenta
3693 4780 3870 4843 tribuit.

2298 4886 2497 4945 testas,
2531 4876 2797 4942 cortices,
2831 4876 3011 4940 coria,
3052 4875 3266 4945 apinae,
3297 4874 3491 4936 villos.
3519 4884 3700 4940 setas,
3733 4873 3872 4944 pilos,

2298 4971 2557 5042 plumam,
2591 4985 2816 5041 pennas.
2844 4983 3173 5040 squammas.
3197 4969 3418 5026 vellera.
3441 4967 3688 5028 Truncos
3711 4968 3872 5029 etiam.

2298 5063 2631 5132 arboresque
2661 5062 2862 5117 cortice
2895 5061 3163 5116 interdum
3192 5061 3408 5131 gemino
3438 5076 3470 5118 a
3509 5059 3806 5130 frigoribus.
3831 5066 3872 5112 ct

2299 5155 2481 5211 calore
2528 5165 2699 5212 tutata
2727 5165 2829 5210 est.
2877 5153 3160 5210 Hominem
3213 5161 3417 5210 tantum
3463 5153 3699 5217 nudum,
3744 5161 3793 5207 et
3830 5153 3872 5204 in

2301 5249 2497 5315 humo,
2532 5247 2689 5306 natali
2724 5247 2812 5304 die
2838 5245 3022 5316 abiicit
3049 5246 3114 5302 ad
3145 5246 3350 5317 vagitus
3388 5249 3568 5304 statim
3589 5289 3604 5310 ,
3639 5255 3695 5301 et
3725 5245 3875 5314 plora-

2302 5353 2446 5408 tum;
2478 5342 2792 5412 nullumque
2818 5350 2898 5397 tot
2925 5341 3238 5399 animalium
3269 5340 3416 5398 aliud
3444 5339 3511 5398 ad
3541 5341 3800 5412 lacrymas
3831 5347 3874 5396 et

2302 5436 2400 5491 has
2421 5436 2665 5504 protinus
2684 5436 2804 5489 vita:
2825 5433 3108 5504 principio.
3132 5435 3219 5497 At,
3251 5432 3490 5498 hercule,
3515 5434 3656 5487 risus
3687 5445 3869 5502 prmcor

2303 5530 2384 5594 illi
2414 5545 2476 5584 ac
2513 5528 2864 5592 celerrimus,
2905 5535 3032 5590 ante
3072 5526 3544 5598 quadragesimum
3587 5525 3727 5580 diem
3765 5522 3868 5576 nulli

2305 5622 2483 5677 datur.
2517 5621 2602 5683 Ab
2633 5619 2735 5676 hoc
2762 5620 2898 5678 lucis
2922 5618 3252 5688 rudimento,
3281 5634 3400 5698 quae
3428 5617 3664 5682 ecferas
3685 5615 3868 5698 quidem

698 5802 775 5872 (α)
801 5802 965 5860 Libro
1010 5805 1074 5862 de
1114 5806 1329 5866 diversis
1357 5811 1723 5886 quwstionibur
1750 5814 2007 5886 octoginta
2033 5813 2411 5887 tribua,quaast.
2442 5825 2570 5870 xxx.
