3978 6196
72 256 227 314 839

871 256 939 315 ΙΝ
972 254 1237 315 "NAR"
1268 255 1487 315 EPIST.
1527 256 1662 318 SE11
1702 255 1925 318 LIBEL.
1969 258 2424 319 DISSERTATIO
2462 260 2698 319 PRIMA.

3334 262 3441 321 830

74 378 276 435 inter
303 393 404 435 nos
429 378 642 451 genitas
662 377 869 435 vinculo
893 378 1186 449 excipiunt,
1217 387 1270 432 et
1298 378 1539 431 omnium
1565 392 1736 432 mem-
1766 381 1812 440 Λ
1843 378 2267 448 magnitudinem
2297 379 2438 433 eruit
2480 377 2644 433 David
2688 378 2806 432 haec
2849 376 3141 449 subiiciens
3170 394 3183 430 :
3221 376 3442 448 Magum

74 473 356 531 brorum
389 486 593 539 nexus;
622 485 783 545 atque
826 471 1112 527 infeliciter
1148 482 1332 527 natum
1359 472 1533 541 jacet,
1561 472 1737 525 mani-

74 564 221 620 bus
286 565 627 636 pedibusque
642 563 910 622 devinctis
945 563 1082 619 tiens
1105 563 1305 618 animal
1328 567 1544 619 caeteris
1569 562 1738 632 impe-

72 667 375 715 usurum
404 675 418 713 :
450 666 507 713 et
534 672 564 712 a
594 657 877 728 suppliciis
902 656 1061 711 vitam
1093 656 1402 726 auspicatur
1426 668 1587 710 unam
1621 665 1737 709 tan-

79 762 235 807 tum
271 753 343 808 ob
380 752 596 824 culpam
617 793 631 815 .
658 753 781 821 quia
810 758 992 805 natum
1020 759 1123 805 est.
1167 747 1282 804 Heu
1310 748 1635 804 dementiam
1667 747 1737 803 ab

78 845 174 903 iis
212 847 395 905 initiis
427 845 854 902 existimantium
876 843 943 899 ad
990 842 1300 913 superbiam
1332 856 1392 899 se
1431 842 1675 912 genitos!
1708 858 1729 894 ι

78 940 264 997 Tum
307 940 415 997 alia
439 940 605 994 multa
638 937 1001 1010 prosequitur,
1032 937 1227 1006 quibus
1256 935 1472 1007 quidem
1507 935 1734 1006 apertis-

80 1035 264 1092 sime
315 1034 580 1101 ostendit,
614 1043 706 1088 aut
747 1032 1074 1087 deteriorem
1124 1031 1485 1086 animantibus
1526 1030 1735 1085 cunctis

83 1127 407 1184 hominem
438 1142 581 1195 esse,
615 1136 708 1181 aut
731 1135 881 1183 certe
907 1125 975 1180 iis
1001 1123 1298 1195 aequalem,
1330 1124 1557 1195 ideoque
1585 1137 1731 1190 eum,

80 1223 282 1292 cujus
303 1237 467 1278 causa
490 1220 697 1292 reliqua
721 1234 830 1273 non
857 1220 962 1274 sint
994 1218 1231 1273 condita.

183 1319 286 1371 to.
326 1313 394 1370 Et
433 1328 566 1369 sane
596 1312 830 1382 reliquas
859 1327 947 1367 res
977 1310 1180 1388 homini
1223 1308 1445 1366 minime
1472 1308 1737 1365 inservire

82 1418 155 1463 et
191 1407 355 1465 idem
373 1405 605 1472 Plinius,
633 1414 688 1461 et
711 1403 1017 1476 philosophi
1040 1403 1131 1459 alii
1158 1403 1339 1473 palam
1360 1403 1637 1458 evincunt.
1665 1400 1736 1459 Ut

87 1515 125 1553 a
165 1500 382 1564 stellis,
412 1500 693 1570 celisque,
720 1513 1018 1569 eommque
1046 1497 1279 1552 motibus
1328 1512 1392 1552 ac
1419 1496 1737 1552 conversio-

93 1594 286 1649 nibus
339 1592 719 1659 exordiantur,
773 1590 892 1646 baro
940 1590 1009 1646 de
1058 1592 1122 1645 iis
1168 1591 1479 1661 pronuntiat
1527 1590 1735 1646 Plinius

95 1688 238 1759 (tib.
288 1700 351 1754 ιι,
379 1701 427 1740 c.
484 1683 519 1741 Β
546 1681 610 1757 )2
664 1703 683 1737 ι
721 1684 836 1739 Non
866 1692 1008 1739 tanta
1032 1683 1170 1740 celo
1193 1682 1426 1739 societas
1455 1682 1734 1738 nobiscum

1842 468 2095 527 Dentium
2114 480 2306 536 uoster,
2334 480 2383 525 et
2409 486 2597 543 magna
2619 472 2780 527 virtus
2800 472 2911 542 ejus
2937 488 2951 525 :
2979 481 3029 526 ct
3047 473 3316 542 sapientiw
3334 475 3443 545 ejus

1839 580 1943 618 non
1969 573 2041 619 eat
2069 580 2335 619 numerus.
2362 564 2502 630 Quin
2538 573 2592 620 et
2620 564 2762 620 Deus
2805 565 2922 634 ipse
2951 564 3104 622 hisce
3135 566 3312 621 verbis
3353 566 3445 621 10-.

1837 656 1965 713 bum
1996 658 2292 729 alloquitur
2321 657 2465 731 (Job.
2510 674 2624 730 cap.
2657 674 2881 725 xsxvtu,
2916 658 2984 715 18
3012 669 3059 712 et
3088 657 3180 730 l9)
3209 677 3223 716 :
3255 658 3443 715 Indica

1836 750 1965 805 mihi
1985 793 2000 813 ,
2042 751 2087 804 si
2116 751 2252 805 nosti
2280 750 2452 804 omnia
2477 766 2497 804 :
2526 750 2582 804 in
2606 767 2705 821 qua
2727 751 2810 804 ria
2837 752 2928 805 tua:
2965 750 3156 806 habitet
3176 794 3191 813 .
3222 760 3273 806 et
3299 762 3440 808 tene-

1837 844 2044 899 brarum
2070 844 2183 914 quis
2214 843 2354 897 locus
2384 843 2568 897 ait.....
2602 859 2861 913 perquam
2885 846 3020 897 viam
3041 846 3304 917 spargitur
3325 847 3438 913 lux,

1837 934 2086 991 diuiditur
2111 944 2266 989 castus
2294 951 2448 1006 super
2486 944 2675 989 terram
2715 934 2785 1007 (υ.
2816 935 2930 1005 34).
2967 934 3234 1008 Numquid
3307 940 3444 994 uasti

1836 1027 2067 1085 ordinent
2101 1028 2247 1094 cwli,
2276 1036 2325 1086 et
2347 1042 2505 1098 pones
2545 1029 2799 1082 rationem
2820 1030 2936 1095 ejus
2963 1030 3016 1083 in
3041 1039 3176 1084 terra
3207 1031 3276 1104 (υ.
3311 1030 3442 1101 33)?

1911 1123 2000 1178 12.
2034 1121 2139 1179 Sed
2170 1121 2337 1178 caelos
2366 1124 2710 1189 omittamus,
2752 1131 2838 1187 et,
2881 1123 2927 1179 si
2956 1123 3069 1188 vis,
3116 1123 3182 1179 ad
3230 1138 3292 1180 ea
3324 1124 3441 1194 ipsa

1835 1213 2250 1280 descendemus,
2282 1228 2404 1285 qum
2430 1215 2591 1272 obvia
2620 1213 2904 1280 habemus,
2933 1214 3242 1283 nostrisque
3272 1217 3441 1271 oculis

1836 1322 1983 1377 saepe
2025 1306 2290 1376 subjecta.
2334 1307 2417 1361 Au
2465 1306 2726 1361 animalia
2775 1305 2946 1361 nostri
2991 1321 3149 1362 causa
3198 1306 3441 1362 dicemus

1836 1399 2049 1453 condita
2071 1438 2088 1464 ,
2119 1412 2240 1453 cum
2277 1413 2339 1454 ea
2385 1398 2542 1455 noxia
2579 1399 2896 1470 plerumque
2940 1399 3315 1469 experiamur,
3346 1408 3441 1455 aut

1836 1499 1989 1547 certe
2031 1490 2276 1547 inutilia?
2318 1490 2399 1546 Au
2432 1506 2538 1549 non
2569 1493 2760 1546 noxias
2791 1490 3099 1561 experimur
3141 1492 3301 1556 feras,
3328 1491 3440 1546 imo

1838 1583 2225 1645 minutissimas
2248 1598 2347 1641 eas
2386 1585 2722 1650 animantes,
2755 1599 2877 1653 qua:
2903 1583 3091 1638 aestivo
3137 1582 3436 1650 praesertim

1839 1684 2084 1746 tempore
2118 1684 2300 1737 nostra
2330 1690 2558 1744 corpora
2591 1676 2862 1741 infestant,
2894 1691 3256 1746 magnamque
3284 1676 3440 1732 nobis

93 1790 200 1836 est
219 1823 235 1847 ,
269 1789 329 1834 ut
358 1786 546 1835 nostro
574 1778 683 1834 fato
722 1778 967 1834 mortalis
997 1778 1067 1834 sit
1116 1776 1207 1835 ille
1252 1792 1468 1849 quoque
1494 1776 1732 1833 siderum
1763 1765 1810 1827 Β
1840 1767 2144 1824 molestiam
2170 1767 2478 1824 facessunt?
2504 1767 2780 1824 Notissimi
2802 1773 2930 1824 sunt
2952 1767 3032 1823 illi
3059 1767 3292 1825 Lucretii
3319 1782 3434 1823 ver-

94 1872 353 1943 fulgor.)
389 1872 664 1928 Eteodem
694 1871 801 1927 fine
820 1870 1149 1945 Seneca(lib.
1176 1885 1214 1925 ιι
1236 1870 1300 1924 de
1334 1867 1449 1937 Ira,
1492 1885 1539 1924 c.
1588 1868 1655 1924 27
1690 1865 1730 1939 ):

102 1966 302 2022 «Nihil
333 1966 553 2033 borum,
587 1981 708 2037 qua;
739 1965 893 2021 nobis
916 1972 1132 2028 nocent,
1153 1972 1506 2034 prosuntque,
1536 1963 1603 2017 ad
1635 1979 1734 2017 nos

98 2061 348 2132 proprie
371 2059 624 2141 dirigitur
650 2077 663 2113 :
694 2075 799 2115 non
828 2059 971 2114 enim
1001 2073 1101 2113 nos
1127 2072 1287 2114 causa
1317 2058 1518 2113 numdo
1547 2072 1735 2112 sumus

97 2154 379 2226 hyemem
432 2160 788 2223 aetatemque
848 2150 1137 2207 referendi.
1168 2152 1304 2206 Suas
1333 2150 1435 2205 Ista
1462 2149 1610 2220 leges
1639 2150 1735 2203 lia-

98 2244 292 2314 bent,
332 2246 753 2319 quibus‘divina
787 2255 1131 2301 exercentur.
1175 2243 1345 2300 Nimis
1374 2257 1474 2299 nos
1500 2244 1730 2311 suspici-

98 2356 269 2408 mus,
301 2340 348 2395 si
378 2339 523 2411 digni
565 2338 723 2395 nobis
750 2336 1014 2403 videmur,
1040 2345 1262 2408 propter
1281 2351 1416 2409 quos
1448 2345 1590 2391 tanta
1615 2350 1734 2391 mo-

98 2443 376 2489 reantur.
403 2451 422 2485 ι

188 2526 265 2582 Et
291 2524 537 2597 profecto
580 2523 702 2596 quis
746 2521 851 2579 sibi
882 2522 1240 2595 persuadeat,
1274 2523 1536 2579 immensa
1568 2520 1736 2578 coelo.

102 2636 244 2679 mm
301 2632 467 2694 atque
495 2621 713 2676 aetheris
737 2620 910 2690 spatia
939 2618 1175 2674 hominis
1204 2600 1364 2703 causa
1410 2618 1575 2673 fuisse
1603 2633 1735 2671 con-

104 2717 233 2773 dita
251 2718 277 2772 ἲ
304 2732 430 2789 cum
462 2724 667 2771 tantum
697 2714 854 2779 absit,
884 2722 937 2769 ut
965 2713 1031 2769 iis
1050 2723 1253 2780 utatur,
1287 2723 1340 2768 ut
1366 2726 1436 2768 ne
1460 2727 1521 2767 ea
1548 2720 1736 2768 noscat

107 2811 373 2885 quidem.
396 2808 529 2879 Quis
558 2807 735 2873 enim,
770 2816 827 2862 ut
852 2807 919 2863 de
951 2821 1048 2861 usu
1079 2806 1256 2875 aliqua
1282 2805 1525 2861 dicamus
1545 2847 1560 2873 ,
1590 2806 1731 2889 quis,

112 2906 374 2977 inquam,
403 2906 570 2971 utitur
600 2901 797 2965 stellis,
827 2910 883 2956 et
913 2898 1192 2955 immensis
1221 2898 1306 2964 iis,
1333 2914 1453 2970 qua:
1475 2897 1729 2963 diximus,

108 2999 250 3056 caeli
273 2996 506 3069 spatiis?
525 2995 619 3067 llui
642 2993 861 3066 prodest
881 2992 1056 3049 Sirius
1077 2992 1262 3059 Canis,
1285 2989 1496 3061 aliaque
1520 2989 1735 3045 sidera?

108 3090 155 3146 li
188 3100 350 3147 certe
374 3091 532 3160 longe
559 3088 753 3143 melius
778 3086 1025 3141 videntur
1044 3100 1257 3155 sapere,
1283 3085 1371 3155 qui
1395 3084 1558 3139 alium
1580 3097 1736 3154 pror-

110 3198 214 3240 sus
240 3183 292 3238 in
321 3182 507 3247 linem,
532 3195 690 3252 quem
714 3194 814 3235 nos
834 3180 1083 3250 ignorare
1106 3176 1377 3234 latendum
1400 3188 1501 3239 est.
1527 3192 1588 3232 ea
1611 3191 1733 3232 esse
1759 3150 1803 3212 C

109 3284 303 3330 creata
334 3282 593 3349 censent,
620 3287 781 3343 quam
821 3269 1055 3326 hominis
1094 3284 1276 3325 causa.
1306 3268 1489 3336 Quid?
1517 3269 1658 3339 quod
1695 3267 1733 3323 ii

110 3365 353 3423 minime
393 3380 577 3422 errare
617 3363 889 3430 videntur,
923 3362 1013 3432 qui
1058 3360 1312 3417 cmlestes
1340 3359 1501 3416 orbes
1540 3359 1735 3414 incolis

113 3472 333 3514 vacuos
357 3472 481 3513 esse
512 3472 618 3511 non
645 3462 834 3527 putant
859 3473 873 3509 :
904 3460 960 3510 et
987 3456 1175 3509 horum
1202 3466 1363 3508 causa
1392 3460 1732 3515 asseverant,

120 3551 375 3608 eosdem"
399 3550 560 3607 orbes
599 3563 721 3605 esse
749 3559 982 3604 creatos.
1016 3549 1095 3602 An
1123 3546 1240 3601 haec
1268 3544 1481 3612 irrides,
1513 3543 1737 3600 euFou-

116 3644 353 3701 tenellio
395 3656 492 3714 per
535 3645 720 3711 jocum
771 3641 886 3694 haec
933 3637 1258 3709 proponenti
1295 3636 1525 3692 tribuis?
1554 3634 1733 3707 Lege,

118 3740 380 3803 obsecro,
415 3750 534 3805 quae
563 3734 664 3789 hoc
684 3734 751 3789 de
775 3741 1098 3804 argumento
1125 3747 1232 3786 non
1274 3747 1369 3802 per
1390 3732 1573 3801 jocum
1596 3773 1611 3797 ,
1640 3730 1734 3786 sed

120 3829 273 3886 serio
337 3827 557 3883 disserit
602 3826 811 3882 clariss.
864 3825 1127 3892 Derham,
1176 3834 1229 3879 et
1272 3825 1446 3895 palam
1498 3823 1732 3890 videbis,

120 3925 289 3979 valde
329 3921 664 3994 probabilem
707 3934 896 3975 eorum
938 3932 1060 3975 esse
1105 3919 1461 3986 sententiam,
1500 3917 1589 3988 qui
1621 3916 1738 3973 itth

125 4016 353 4073 tradunt
379 4014 483 4088 (α),

204 4108 269 4162 ll
285 4145 298 4155 .
339 4109 422 4162 An
450 4121 602 4173 vero,
625 4117 684 4161 ut
707 4104 777 4160 de
802 4110 1122 4175 argumento
1143 4101 1335 4169 altero,
1367 4098 1602 4158 deducto
1626 4098 1735 4155 sci-

125 4202 261 4257 licet
288 4213 355 4254 es
394 4209 579 4253 nostra
605 4197 840 4264 inscitia,
874 4197 1034 4251 etiam
1065 4193 1240 4249 dicam
1263 4235 1277 4259 ,
1306 4208 1398 4260 an,
1422 4193 1664 4263 inquam,
1691 4191 1737 4246 si

126 4292 308 4349 nostri
333 4305 497 4348 causa
522 4300 706 4348 essent
741 4287 942 4345 conditi
970 4287 1096 4345 caeli
1118 4328 1134 4353 ,
1165 4288 1524 4357 omlestesque
1551 4283 1732 4349 orbes,

125 4394 282 4449 tanta
304 4399 492 4441 eorum
510 4382 809 4453 ignorantia
833 4396 929 4436 nos
948 4380 1196 4437 laborare
1218 4377 1553 4451 permisisset
1576 4376 1735 4443 Deus,

128 4489 191 4535 ιιι
220 4477 394 4549 (quod
417 4476 529 4546 jam
559 4471 830 4545 diximus)
860 4488 927 4530 ne
953 4486 1145 4529 eorum
1171 4471 1385 4543 quidem
1414 4480 1505 4539 aut
1532 4470 1739 4541 magni—

129 4535 381 4625 tudinem
397 4535 436 4633 ,'
456 4577 546 4623 aut
572 4535 881 4623 distantiam
904 4606 920 4633 ,
951 4573 1044 4620 aut
1072 4535 1357 4621 numerum
1387 4535 1546 4622 nosse
1566 4535 1742 4634 possi-
1761 4535 1818 4596 Ῑ)

127 4661 290 4719 mus?
324 4660 563 4716 Numera
588 4660 759 4726 stella,
788 4660 833 4714 si
865 4668 1035 4729 potes,
1064 4658 1205 4717 dixit
1236 4659 1364 4714 olim
1398 4659 1539 4714 Deus
1567 4657 1742 4713 Abra-

129 4754 358 4811 hamum
382 4753 667 4824 alloquens
692 4749 847 4827 (Ges.
880 4766 974 4818 xv,
1004 4748 1085 4822 5),
1113 4751 1278 4813 veluti
1309 4765 1447 4816 rem,
1473 4765 1595 4820 qua)
1622 4749 1737 4806 fieri

130 4863 243 4905 non
276 4854 465 4917 posset
490 4845 735 4907 omnino.
764 4843 843 4901 illi
876 4857 1200 4915 proponens.
1229 4842 1311 4898 Ad
1342 4841 1481 4909 haec,
1512 4841 1615 4898 sibi
1648 4848 1745 4897 res

129 4948 410 4997 servatura
443 4952 665 5009 prorsus
692 4946 965 4993 astrorum
996 4951 1185 4999 usum,
1219 4935 1607 5006 notitiamque.
1654 4943 1740 4989 ιιιφ

130 5049 242 5106 que
268 5033 409 5089 adeo
435 5047 719 5088 numerum
748 5032 948 5103 ipsum,
979 5029 1121 5086 haud
1147 5029 1383 5086 obscure
1409 5029 1514 5087 Job
1551 5037 1608 5085 et
1633 5030 1740 5084 Da-

133 5130 225 5186 vid
269 5128 549 5193 indicant,
581 5142 706 5183 cum
753 5128 870 5182 luec
907 5126 977 5183 de
1017 5124 1131 5182 Dee
1165 5125 1319 5180 aiunt
1354 5123 1498 5199 (Job.
1527 5139 1601 5192 ix,
1635 5121 1737 5193 il):

138 5223 241 5293 Qui
266 5223 395 5297 facit
424 5222 717 5288 Arcturum,
745 5229 798 5276 st
824 5219 1042 5285 Oriona,
1069 5228 1118 5274 st
1146 5216 1387 5291 Hyadas,
1418 5227 1466 5273 et
1493 5216 1739 5273 interiora

134 5319 320 5373 austri.
357 5314 461 5383 Qui
506 5313 630 5384 facit
682 5328 911 5385 mgna,
957 5321 1009 5367 et
1073 5308 1640 5383 incomprehensibilia,
1690 5318 1738 5365 et

136 5409 421 5474 mirabilia,
449 5422 670 5477 quorum
697 5423 800 5461 non
843 5414 919 5460 est
944 5421 1207 5461 manus.
1238 5406 1304 5462 Et
1332 5404 1506 5481 (Psal.
1540 5418 1700 5462 eam
1719 5444 1735 5470 ,

136 5505 169 5560 ι
189 5513 239 5559 et
266 5501 326 5576 Β)
352 5519 367 5557 :
400 5501 504 5569 Qui
528 5508 763 5555 numerat
788 5498 1172 5555 multitudinis:
1190 5500 1481 5568 stellarum,
1503 5509 1549 5554 st
1571 5500 1739 5554 oraui-

137 5595 228 5655 bus
245 5597 323 5653 eis
348 5593 563 5650 ηοιιιίηα
584 5601 752 5649 vocat.
778 5594 957 5664 Atque
976 5606 1046 5648 ex
1066 5606 1132 5649 ea
1152 5607 1214 5650 re
1232 5592 1431 5651 divina
1456 5594 1738 5667 sapientis

1835 1874 1931 1917 sus
1955 1861 2072 1936 (lib.
2103 1877 2154 1926 v,
2186 1876 2316 1915 vers.
2348 1857 2479 1929 Bl9)
2507 1879 2542 1929 τε

1928 1994 2186 2060 ereterea
2209 2007 2370 2060 genus
2389 1992 2686 2060 horriferum
2706 2000 2877 2046 natura
2900 1992 3135 2060 ferarum,

1927 2057 2151 2122 [trimam
2171 2057 2349 2120 géueri
2372 2058 2623 2122 infestum,
2640 2066 2898 2122 terraque.
2922 2057 3163 2121 marique,

1931 2119 2026 2171 Cur
2047 2119 2150 2181 alit,
2176 2119 2327 2184 atque
2349 2120 2538 2187 auget?

1835 2261 1997 2322 atque
2024 2252 2077 2306 in
2103 2250 2348 2307 eamdem
2375 2252 2699 2305 sententiam
2734 2249 2852 2304 haec
2879 2249 3020 2315 apud
3044 2249 3279 2305 Tullium
3311 2249 3442 2320 legi-

1835 2357 1957 2397 mus
1986 2342 2099 2418 (lib.
2129 2355 2181 2397 tv
2201 2340 2446 2395 Academ.
2468 2340 2675 2412 quiest.)
2704 2340 2874 2396 :tCur
2904 2341 3044 2397 Deus
3063 2343 3244 2397 oumia
3268 2342 3438 2397 nostri

1833 2449 1995 2491 causa
2013 2450 2131 2490 cum
2166 2432 2366 2489 faceret
2395 2434 2509 2509 (sic
2540 2433 2685 2488 enim
2714 2430 2937 2505 vultis),
2969 2441 3168 2488 tantam
3202 2433 3307 2487 vim
3339 2448 3437 2487 na-

1835 2532 2030 2586 tricum
2052 2571 2065 2595 ,
2088 2527 2507 2599 viperarumque
2552 2526 2774 2582 fecerit?
2801 2526 2911 2582 Cur
2938 2525 3217 2582 mortifera
3258 2528 3442 2598 perni-

1835 2623 2102 2679 ciosatam
2118 2622 2305 2687 multa,
2322 2629 2462 2676 terra
2486 2620 2726 2691 marique
2746 2618 3097 2691 disperserit?
3131 2637 3150 2672 ι
3175 2617 3256 2673 Ad
3278 2631 3438 2688 quem

1836 2716 1996 2773 Tullii
2035 2716 2211 2771 locum
2253 2715 2525 2784 respicere
2550 2714 2767 2770 videtur
2796 2714 3136 2780 Lactantius,
3170 2726 3291 2771 θαι
3323 2711 3442 2768 haec

1836 2812 2020 2869 scribit
2054 2811 2147 2887 (in
2175 2811 2302 2865 libro
2331 2810 2394 2864 de
2434 2807 2527 2864 Ira
2550 2806 2649 2863 Dei
2668 2850 2682 2872 .
2713 2825 2829 2879 cap.
2856 2809 2926 2864 15
2951 2804 2970 2879 )
3002 2825 3015 2861 :
3053 2825 3073 2860 ι
3100 2805 3207 2863 Sed
3229 2805 3442 2863 Acade-

1837 2905 1961 2961 mici
1995 2914 2182 2960 contra
2224 2902 2435 2960 Stoicos
2463 2903 2795 2957 disserentes
2827 2900 3002 2955 solent
3031 2913 3306 2970 quzerere,
3340 2913 3444 2953 cur

1836 3000 1881 3055 si
1923 2999 2064 3053 Deus
2103 2996 2282 3052 omnia
2314 2994 2590 3050 hominum
2624 3007 2785 3050 causa
2815 2992 3038 3057 fecerit,
3070 2992 3231 3049 etiam
3274 2991 3440 3045 multa

1836 3094 2103 3163 contraria
2127 3132 2141 3155 ,
2188 3099 2240 3146 et
2274 3090 2486 3145 inimica
2517 3098 2571 3144 et
2622 3088 2871 3160 pestifera
2916 3087 3072 3142 nobis
3102 3083 3444 3156 reperiantur

1840 3194 1945 3240 tam
1975 3183 2029 3239 in
2060 3182 2225 3261 mari,
2257 3198 2417 3253 quam
2461 3182 2512 3237 in
2561 3191 2724 3236 terra.
2759 3179 2913 3249 Quod
2958 3178 3129 3236 Stoici
3158 3178 3442 3251 veritatem

1838 3293 1944 3333 non
1977 3276 2329 3347 respicientes
2354 3273 2689 3344 ineptissime
2735 3274 3067 3342 repulerunt.
3101 3272 3266 3326 Aiunt
3295 3272 3440 3327 enim

1838 3368 2007 3424 multa
2038 3382 2160 3424 esse
2191 3370 2241 3421 in
2269 3366 2611 3439 gignentibus
2633 3407 2649 3431 ,
2682 3376 2734 3420 et
2760 3366 2812 3420 in
2845 3379 3072 3420 numero
3095 3362 3407 3419 animalium
3428 3405 3442 3431 ,

1838 3477 2066 3534 quorum
2094 3459 2269 3518 adhuc
2300 3461 2463 3516 lateat
2492 3459 2720 3526 utilitas,
2753 3458 2847 3513 sed
2879 3473 2996 3514 eam
3023 3471 3278 3529 processu
3305 3467 3438 3511 tents

1841 3556 1985 3627 poris
2009 3555 2257 3618 inveniri,
2281 3555 2420 3610 sicut
2442 3555 2552 3623 jam
2581 3554 2730 3622 plura
2764 3552 3037 3627 prioribus
3060 3550 3276 3607 saxulis
3299 3549 3448 3623 incn-

1837 3651 1982 3721 gnita
2011 3647 2385 3711 neccs~.itas,et
2413 3661 2541 3701 usus
2568 3646 2887 3700 invenerit.)

1913 3742 2002 3799 1⁸5.
2037 3740 2421 3796 Vehementius
2476 3740 2589 3793 haec
2643 3753 2810 3808 porro
2871 3746 3023 3809 urget
3070 3736 3449 3793 Theodorctus

1838 3833 2064 3908 (Quart.
2083 3848 2156 3889 xx
2177 3832 2230 3888 in
2249 3829 2507 3903 Genesim)
2526 3832 2801 3900 explicans
2821 3830 2911 3886 illa
2931 3829 3223 3901 Scriptura:
3243 3829 3407 3885 verba
3434 3847 3447 3883 :

1842 3925 1911 3980 Et
1939 3928 2228 3981 dominetur
2259 3924 2483 3995 piscibus
2512 3925 2692 3991 maris,
2720 3933 2767 3978 et
2795 3921 3089 3977 volatilibus
3114 3922 3257 3986 εωιί,
3286 3930 3336 3975 et
3358 3924 3451 3992 ju-

1840 4021 2047 4088 mentis,
2076 4029 2226 4083 atque
2249 4020 2501 4074 universa:
2529 4028 2709 4083 teme,
2739 4026 2787 4071 et
2814 4016 3052 4080 euntibus
3071 4014 3343 4079 reptilibas
3371 4031 3451 4067 re-

1840 4116 2077 4188 pentibus
2103 4129 2259 4186 super
2281 4123 2486 4167 terram.
2505 4109 3089 4165 «Animadvertendum
3118 4117 3200 4179 cst
3229 4107 3451 4179 (inquit)

1840 4205 1984 4277 quod
2014 4205 2230 4260 silentio
2274 4202 2692 4277 praetermissum
2738 4211 2855 4266 est,
2903 4216 3008 4255 nou
3051 4199 3302 4256 universa
3335 4201 3454 4255 ani-

1842 4303 2004 4357 malia
2034 4308 2254 4371 propter
2280 4299 2552 4355 hominem
2581 4308 2762 4354 creata
2798 4313 2949 4365 esse,
2981 4298 3074 4353 sed
3105 4312 3167 4353 ca
3195 4296 3448 4365 demum,

1842 4393 2039 4465 quibus
2074 4391 2343 4467 dominari
2369 4391 2588 4456 dicitur,
2623 4406 2818 4459 nempe
2849 4391 3026 4459 pisces
3060 4390 3257 4456 maris,
3291 4389 3451 4446 volu-

1843 4500 1965 4543 ores
1985 4483 2139 4551 cali,
2169 4493 2222 4539 et
2249 4498 2443 4554 pecora
2470 4494 2663 4549 terrai,
2705 4482 2937 4539 fortasse
2967 4480 3127 4537 etiam
3159 4493 3214 4537 et
3241 4481 3451 4551 reptilia

1846 4589 2027 4645 terra,
2051 4587 2274 4651 propter
2301 4577 2665 4634 necessarium
2688 4592 2842 4632 usum
2870 4574 3308 4649 pharmacorum,
3331 4588 3454 4642 quae

1844 4688 1910 4730 ex
1950 4671 2015 4728 iis
2062 4672 2470 4728 coniiciuntur:
2520 4686 2628 4725 non
2682 4662 2881 4725 tamen
2911 4676 3129 4740 promer
3177 4666 3451 4723 hominem

1843 4775 1965 4823 cete
1993 4767 2083 4822 illa
2124 4767 2345 4838 grandia
2370 4808 2383 4830 ,
2429 4773 2485 4821 et
2515 4764 2641 4820 fera:
2673 4772 2957 4820 terrestres
2988 4784 3002 4819 :
3044 4762 3282 4832 alioquin
3329 4777 3451 4818 cum

1844 4859 1967 4916 data
2007 4867 2091 4916 est
2119 4859 2321 4915 homini
2348 4858 2464 4913 h:rc
2493 4865 2753 4927 potestas,
2778 4870 2961 4909 earum
2989 4868 3205 4925 quoque
3232 4854 3449 4908 nomina

1843 4952 2025 5009 addita
2074 4950 2322 5008 fuissent.
2357 4950 2517 5020 Atqui
2566 4964 2672 5005 non
2721 4947 3024 5019 reperimus
3069 4948 3122 5002 in
3170 4946 3450 5017 Scriptura

1843 5045 2178 5109 serpentium
2208 5057 2379 5114 genus
2408 5043 2549 5098 inter
2576 5040 2786 5111 reptilia
2809 5039 3158 5104 collocatum,
3186 5036 3281 5092 sed
3304 5030 3453 5093 inter

1842 5136 2007 5194 feras.
2039 5136 2276 5206 Serpens
2302 5135 2445 5190 enim
2467 5175 2483 5199 ,
2521 5133 2727 5202 inquit,
2762 5139 2878 5187 crat
2906 5130 3289 5187 callidissimus
3329 5144 3445 5184 om-

1844 5230 1991 5284 nium
2035 5226 2354 5283 bestiarum.
2389 5224 2457 5279 Et
2503 5224 2557 5277 in
2605 5223 2742 5278 actis
2783 5223 3196 5295 Apostolorum,
3242 5231 3450 5288 etc....,

1846 5321 1962 5378 Non
1993 5320 2301 5376 dominatur
2329 5318 2492 5390 igitur
2518 5316 2682 5372 homo
2710 5329 2829 5373 cete
2857 5317 2963 5372 illis
2989 5315 3316 5387 grandibus,
3349 5332 3448 5371 ne-

1845 5430 1951 5486 que
1980 5413 2200 5481 bestiis,
2228 5427 2347 5484 quae
2375 5412 2602 5466 fortasse
2628 5412 2695 5463 ah
2717 5408 2871 5464 initio
2894 5425 2999 5464 non
3033 5415 3252 5478 propter
3274 5408 3448 5478 ipsum

1844 5516 2023 5563 creata
2054 5514 2200 5561 sunt.
2236 5506 2299 5559 l-lt
2324 5502 2503 5558 simile
2527 5503 2804 5574 quidpiam
2837 5503 2920 5558 his
2939 5543 2955 5570 ,
2986 5518 3104 5574 qum
3130 5502 3421 5558 describun

1844 5608 1936 5657 tur
1959 5598 2046 5675 hic
2063 5641 2079 5667 ,
2109 5598 2211 5657 sub
2239 5595 2475 5654 hominis
2501 5607 2624 5659 esse
2650 5578 2914 5668 dominio,
2956 5594 3006 5650 in
3034 5604 3226 5651 octavo
3252 5594 3452 5665 dicitur

208 5786 291 5863 (ο)
326 5784 595 5858 Theolog.
643 5784 957 5852 Astronotn.
1010 5784 1248 5858 prolem,
1295 5798 1416 5861 pag.
1458 5783 1533 5844 ιο
1566 5792 1626 5853 et
1664 5781 1738 5844 80
1760 5781 2012 5854 editioms
2034 5780 2252 5856 italicqr.
