3978 6196
616 271 724 328 835

1341 264 1409 320 IN
1447 261 1703 321 IIILARII
1746 259 1964 318 EPIST.
2009 256 2141 316 seu
2183 239 2408 314 LIBEL.
2457 253 2912 314 DISSER'I‘A'I‘IO
2951 252 3186 311 PRIMA.
3806 258 3885 312 εει

691 389 782 445 28.
831 388 1004 456 Atque
1030 383 1095 438 ad
1120 398 1206 443 ea.
1235 397 1354 451 quae
1384 396 1449 436 ex
1484 377 1830 435 multitudine
1863 377 2121 441 ferarum,
2153 388 2217 429 ac
2244 380 2291 438 Α
2323 387 2419 441 per
2451 371 2539 426 illa
2569 371 2790 441 quidem
2818 370 2965 441 ipsos
2995 380 3286 436 terremus,
3317 383 3415 440 per
3441 367 3562 423 haec
3588 375 3766 424 autem
3790 384 3887 425 eru-

622 481 952 552 serpentium
980 493 1008 529 a
1040 476 1148 534 Deo
1177 473 1520 529 conditorum
1555 472 1769 540 objecta
1799 479 1926 524 sunt
1948 510 1962 533 ,
2004 468 2218 538 vulgata

622 573 869 644 quidem,
902 567 996 624 sed
1027 582 1136 622 non
1192 563 1545 636 improbanda
1599 561 1880 633 responsio
1926 560 2043 616 haec
2097 567 2216 626 est,

620 681 803 736 quam,
831 663 879 718 si
901 663 1004 726 vis,
1035 663 1360 716 contirmare
1386 657 1672 714 commode
1695 665 1848 727 potes
1877 654 1941 709 iis
1960 693 1974 719 ,
2003 668 2123 723 qua:
2152 667 2220 708 ex

623 756 946 812 Theodoreti
974 752 1277 824 quaestione
1311 767 1440 808 xviii
1488 750 1540 806 in
1563 748 1817 805 Genesim
1840 747 2098 816 deinceps
2127 743 2222 799 ad-

620 850 902 905 ducemus.

660 866 690 905 u
728 864 902 904 emus.

689 864 780 996 :9.
828 937 1000 994 Venio
1031 949 1172 992 nunc
1210 935 1279 989 ad
1311 949 1372 988 ea
1403 930 1734 990 Theodoreti
1777 928 1964 990 verba.
1994 943 2115 998 qua:
2154 941 2223 982 ex

619 1035 919 1107 quaistione
957 1048 1024 1087 xx
1075 1032 1125 1085 io
1159 1028 1410 1086 Genesim
1445 1033 1872 1096 excerpserunt,
1916 1030 2078 1093 atque
2129 1019 2228 1076 ad-

620 1142 814 1183 versus
845 1139 944 1181 nos
972 1130 1249 1178 urserunt.
1281 1119 1482 1174 Fateor
1524 1132 1684 1188 porro
1721 1116 1900 1172 sttim
1929 1154 1944 1180 ,
1972 1128 2060 1169 me
2102 1127 2224 1168 cttm

625 1220 742 1276 inec
795 1218 848 1274 in
902 1215 1176 1273 veteribus
1205 1210 1534 1268 editionibus
1565 1210 1666 1280 legi
1695 1249 1710 1273 ,
1755 1207 2001 1263 nonnihil
2057 1204 2227 1260 luisse

622 1320 954 1369 commotum
1007 1327 1020 1364 :
1063 1308 1420 1364 adversantur
1471 1307 1615 1361 enim
1658 1305 1759 1358 ista
1791 1317 1896 1356 non
1930 1299 2090 1354 modo
2124 1299 2225 1354 Pa-

625 1408 796 1464 trihus
824 1405 891 1460 iis
915 1442 930 1471 ,
959 1417 1096 1474 quos
1132 1400 1388 1471 allegavi,
1421 1413 1607 1452 verum
1655 1396 1817 1451 etiam
1867 1392 2217 1449 Theodoreto

624 1501 761 1570 ipsi,
809 1499 900 1568 qtti
941 1506 995 1553 et
1025 1497 1076 1549 in
1110 1490 1524 1548 Commentariis
1548 1489 1602 1544 in
1637 1487 1932 1559 Epistoiatn
1964 1485 2009 1540 II
2035 1484 2100 1537 ad
2127 1484 2228 1538 tio-

624 1589 880 1655 rinthios,
909 1605 1031 1660 qua:
1059 1584 1451 1641 Dissertatioue
1476 1580 1542 1634 IIl
1565 1579 1810 1644 aii'crain,
1839 1587 1896 1633 et
1922 1578 1974 1631 in
1997 1591 2058 1631 ea
2087 1574 2225 1645 ipsa,

624 1700 784 1755 quam
826 1682 1131 1752 aliegarunt
1157 1720 1172 1744 ,
1217 1677 1516 1747 quaiSIione
1547 1689 1613 1729 xx
1644 1677 1694 1727 in
1724 1670 1979 1727 Genesitn
2024 1667 2108 1741 (si
2138 1683 2230 1722 ve-

2322 462 2536 527 dimus;
2568 474 2798 534 utraque
2849 477 2981 518 vero
3029 462 3292 528 facimus,
3325 461 3675 518 honestatem
3714 477 3889 518 omnem

2321 558 2402 613 eis
2430 565 2801 627 procurantes.
2839 555 2973 612 Cum
3005 557 3166 628 igitur
3194 555 3459 611 Dominus
3501 555 3647 610 Deus
3686 555 3892 611 animad-

2322 652 2612 718 vertisset,
2643 665 2743 708 nos
2773 651 2837 706 ad
2871 649 3137 721 ignaviam
3167 651 3455 719 proclives,
3492 647 3721 713 bestias,
3758 660 3810 704 et
3826 666 3892 704 re-

2327 746 2478 817 ptilia
2510 746 2660 816 prius
2701 745 2981 808 condidit,
3007 745 3172 801 veluti
3202 745 3316 799 lora
3363 741 3614 815 quedam
3640 784 3655 809 ,
3688 751 3746 797 et
3768 744 3896 798 terri-

2325 839 2631 895 culamenta
2666 857 2680 895 :
2713 849 2772 894 ut
2817 854 2913 910 per
2943 855 3006 893 ea
3035 854 3134 894 nes
3162 847 3379 894 terrens
3420 836 3486 892 ad
3539 851 3602 891 se
3649 835 3898 902 traheret,

2326 944 2488 1003 atque
2516 933 2636 1002 ejus
2665 932 2928 987 avxilium
2970 932 3406 1002 imploraremus.
3466 933 3541 987 At
3580 929 3902 999 quemadmo-

2327 1027 2455 1082 dum
2478 1028 2566 1096 qui
2608 1026 2905 1098 perfectam
2934 1033 3148 1081 aetatem
3187 1024 3906 1097 attigerunt,terriculatnen-

2328 1130 2378 1175 ta
2427 1120 2770 1190 hujusmodi,
2830 1127 2886 1176 et
2929 1119 3043 1175 lora
3071 1128 3433 1176 contemnunt
3464 1136 3478 1170 :
3508 1119 3591 1174 sic
3619 1117 3714 1187 qui
3743 1119 3790 1171 in
3815 1117 3906 1170 vir-

2330 1223 2442 1267 tute
2472 1213 2685 1269 educati
2731 1222 2891 1281 sunt,
2941 1212 3240 1268 bestiarum
3283 1213 3536 1266 incursus
3569 1209 3789 1264 minime
3817 1210 3906 1262 ior-

2329 1308 2554 1364 midant.
2604 1305 2880 1376 Siquidem
2913 1305 3042 1362 Adae
3063 1346 3080 1373 ,
3125 1306 3276 1376 prius
3300 1319 3464 1376 quam
3495 1312 3808 1374 peccasset,
3835 1318 3905 1356 as-

2328 1402 2591 1457 sistebant
2637 1399 2824 1455 bestiie
2853 1400 3171 1470 obsequium
3204 1399 3540 1455 deferentes.
3575 1397 3638 1453 Et
3680 1413 3900 1458 rursum.

2330 1497 2504 1565 ipsum
2537 1494 2648 1550 Noe
2674 1494 3067 1565 ingredientem
3100 1494 3331 1558 Arcam,
3363 1493 3472 1557 leo,
3508 1491 3732 1562 pardus,
3765 1500 3813 1545 et
3839 1506 3904 1545 re-

2333 1590 2478 1659 ptiliu
2501 1588 2840 1644 atrocissima
2873 1603 3123 1658 qumque,
3153 1586 3336 1641 ovium
3369 1600 3522 1641 more
3545 1584 3905 1656 sequebantur.

2333 1682 2399 1738 Et
2429 1681 2638 1736 Danieli
2669 1679 2895 1734 aderant
2927 1679 3113 1734 leones
3135 1720 3149 1744 ,
3185 1679 3272 1750 qui
3292 1721 3306 1746 ,
3337 1677 3541 1750 alioqui
3568 1676 3814 1738 famelici,
3839 1690 3909 1727 ac-

627 1786 826 1831 tustam
851 1773 961 1828 Pici
987 1770 1281 1825 editionem
1307 1761 1695 1836 sequimur),id
1725 1764 1925 1832 ipsum,
1957 1758 2102 1830 quod
2131 1773 2228 1813 nos
2258 1765 2304 1825 Β
2333 1776 2528 1831 cedere
2561 1785 2739 1830 “me”
2768 1774 2834 1827 ad
2860 1789 2984 1828 eum
3013 1789 3119 1828 mm
3149 1771 3420 1827 audebam
3444 1811 3458 1838 ⁹
3491 1785 3564 1826 ω
3589 1770 3732 1840 quod
3761 1770 3809 1822 in
3837 1769 3908 1821 m0

627 1865 979 1930 tradidimus,
1011 1862 1207 1925 docet,
1243 1860 1357 1914 haec
1394 1857 1610 1927 scriptis
1644 1854 1920 1924 prodens:
1965 1871 1984 1904 ι
2015 1851 2070 1906 Si
2101 1865 2229 1920 ergo

627 1959 718 2030 qui
749 1972 854 2012 non
883 1955 1043 2010 debet
1068 1953 1246 2007 velare
1272 1959 1453 2018 caput,
1498 1950 1675 2019 imago
1710 1946 1806 2001 Dei
1837 1955 1919 2000 est
1941 1985 1953 2008 ,
1989 1943 2230 2013 profecto

627 2069 751 2124 qua:
779 2050 992 2105 velatur
1013 2089 1028 2112 ,
1081 2062 1187 2101 non
1219 2054 1304 2100 est
1331 2047 1506 2112 imago
1538 2042 1664 2106 Dei,
1713 2039 1960 2111 quamvis
1987 2035 2230 2107 ejusdem

627 2147 822 2202 anima:
852 2143 924 2198 sit
952 2142 1243 2211 particeps.
1277 2135 1562 2204 Quomodo
1591 2148 1722 2203 ergo
1749 2133 1913 2186 homo
1941 2142 2024 2185 est
2055 2130 2232 2198 imago

631 2237 765 2294 Dei?
795 2233 1090 2291 secundum
1141 2229 1427 2302 imperium
1460 2236 1514 2282 et
1545 2235 1892 2298 potestatem.
1924 2221 2078 2288 Quod
2112 2235 2234 2288 per-

634 2332 824 2386 bibere
862 2328 1076 2382 videtur
1103 2327 1266 2380 etiam
1297 2337 1400 2378 vox
1432 2319 1648 2386 divina,
1678 2333 1798 2388 qua:
1833 2317 1964 2372 dicit
1997 2333 2010 2370 :
2045 2313 2237 2370 Facia-

631 2443 744 2480 mus
774 2423 1032 2478 hominem
1056 2417 1123 2473 ad
1151 2418 1459 2488 imaginem,
1491 2422 1539 2467 et
1562 2410 1954 2466 similitudinem
1980 2417 2230 2462 nostram.

635 2518 698 2573 Et
750 2516 968 2570 modum
1013 2511 1348 2582 subjungens
1395 2508 1470 2562 ait
1512 2503 1625 2560 :Et
1675 2505 1966 2560 dominetur
2008 2499 2233 2572 piscibus

632 2612 810 2677 maris,
845 2620 891 2666 et
914 2606 1206 2663 volatilibus
1233 2604 1348 2660 caeli
1367 2644 1380 2668 ,
1411 2613 1456 2658 et
1483 2601 1654 2656 bestiis
1687 2611 1837 2655 terra:
1865 2640 1878 2661 ,
1911 2607 1969 2652 et
2000 2595 2232 2666 reliqua.

633 2705 1097 2776 Quemadmodum
1159 2703 1303 2759 enim
1355 2701 1495 2756 Deus
1543 2696 1796 2754 omnibus
1844 2694 2105 2762 imperat,
2156 2690 2237 2744 sic

637 2803 800 2866 homo
845 2801 944 2868 iis,
977 2815 1096 2869 quit!
1145 2805 1271 2851 sunt
1317 2809 1479 2864 super
1531 2802 1750 2847 terram.
1786 2789 1858 2844 At
1884 2786 2235 2856 quamobrem

633 2893 832 2950 mulier
861 2908 970 2948 non
1001 2890 1312 2946 dominatur
1361 2883 1635 2956 praidictis
1662 2924 1676 2948 ,
1726 2881 1820 2937 sed
1869 2878 2040 2933 virum
2076 2875 2238 2931 habet

635 3006 731 3060 pro
758 2989 957 3059 capite,
992 3001 1112 3056 quae
1145 2994 1325 3038 tamen
1359 2981 1567 3049 reliqua
1599 2978 1698 3033 sub
1730 2983 2000 3046 potestate
2040 2979 2189 3025 tenet
2221 2987 2236 3024 :

633 3085 716 3138 vir
739 3091 917 3136 autem
942 3095 1049 3134 non
1082 3077 1355 3147 subjectus
1381 3084 1464 3128 est
1493 3071 1703 3126 mulieri
1721 3068 1774 3122 ἲ»
1790 3067 1986 3121 Verum
2009 3062 2232 3119 dubium

2333 1869 2610 1937 Sperimen
2641 1864 2912 1936 quoddam
2935 1866 3173 1920 divinam
3203 1865 3490 1934 imaginem
3526 1878 3643 1934 pra:
3680 1877 3740 1917 se
3763 1863 3908 1916 ferens

2335 1961 2735 2028 conspicerent.
2768 1959 2956 2014 Itidem
2989 1962 3192 2030 vipera,
3222 1973 3346 2030 qua!
3378 1957 3579 2013 dentes
3607 1956 3909 2026 injecetatin

2337 2071 2554 2110 manum
2585 2051 2864 2124 Apostoii,
2915 2067 3039 2108 cum
3083 2053 3219 2108 nihil
3271 2052 3478 2124 peccati
3527 2059 3817 2112 tenerum,
3843 2057 3911 2100 aut

2338 2149 2502 2204 molle
2530 2148 2581 2202 in
2613 2163 2680 2203 eo
2715 2147 3041 2218 reperisset;
3076 2161 3199 2202 mox
3227 2143 3418 2202 resiliit
3444 2177 3460 2211 ,-
3503 2154 3561 2200 et
3591 2143 3651 2197 in
3682 2144 3844 2213 ignem
3869 2154 3912 2195 se

2337 2243 2606 2314 conjecit,
2653 2241 2978 2316 supplicium
3025 2239 3428 2313 quodammodo
3475 2239 3548 2296 de
3593 2251 3660 2294 se
3698 2237 3806 2308 ipsa
3846 2248 3913 2288 su-

2339 2351 2514 2399 mens,
2548 2338 2914 2406 quodcorpus
2943 2331 3044 2391 sibi
3067 2335 3378 2390 nullatenus
3400 2335 3742 2388 conveniens
3758 2330 3911 2385 adorti

2339 2440 2502 2484 esset.
2538 2430 2646 2483 Nos
2675 2442 2855 2484 autem
2884 2429 3008 2485 ideo
3034 2429 3239 2484 bestias
3265 2425 3626 2482 formidamus
3652 2465 3666 2488 ,
3696 2426 3810 2495 quia
3831 2424 3914 2477 vir-

2341 2531 2453 2577 tute
2483 2520 2721 2591 praaditis
2750 2521 2991 2576 moribus
3016 2537 3121 2575 noti
3153 2534 3362 2576 sumus.
3393 2518 3458 2572 Et
3487 2517 3561 2574 ob
3590 2518 3647 2572 id
3694 2517 3825 2572 Deus
3848 2530 3914 2570 so-

2339 2614 2585 2670 cordiam
2611 2616 2774 2670 etiam
2797 2613 3078 2670 hominum
3107 2629 3294 2670 curam
3322 2627 3490 2685 agens
3509 2651 3526 2679 ,
3556 2627 3658 2669 eas
3683 2612 3733 2666 in
3768 2625 3914 2665 remo-

2343 2710 2479 2762 tiora
2508 2708 2624 2763 ioca
2656 2708 2950 2776 relegavit,
2984 2719 3039 2762 et
3063 2708 3128 2763 iis
3153 2715 3481 2762 nocturnum
3513 2713 3735 2774 tempus
3765 2702 3825 2755 ad
3847 2716 3916 2756 ess

2341 2815 2459 2856 eam
2487 2799 2831 2871 quaerendam
2861 2799 3087 2871 largitus
3107 2811 3184 2855 est
3209 2817 3223 2854 :
3244 2799 3307 2854 In
3337 2800 3452 2870 ipsa
3476 2801 3619 2853 enim
3641 2805 3800 2863 nocte,
3828 2796 3913 2858 ait,

2343 2893 2720 2964 pertransibunt
2749 2908 2924 2948 cuine:
2951 2893 3126 2948 bestia!-
3144 2894 3307 2947 st‘ltne.
3340 2891 3654 2962 Reptiiibus
3682 2904 3808 2946 vero
3835 2903 3914 2940 an-

2347 2997 2424 3040 tra
2457 2997 2616 3040 teme
2648 2985 2874 3054 praebuit
2895 3025 2908 3046 .
2947 2995 3004 3040 ut
3038 2985 3094 3039 in
3123 2983 3204 3041 eis
3231 2985 3455 3039 latentia
3496 2983 3738 3038 humano
3762 2981 3914 3050 generi

2348 3094 2454 3134 non
2481 3087 2734 3134 noceant.
2766 3081 2838 3133 At
2858 3094 2926 3134 ne
2951 3078 3152 3134 bestias
3174 3119 3189 3145 ,
3218 3079 3369 3134 velut
3411 3077 3483 3131 ab
3523 3076 3617 3132 his
3643 3087 3849 3146 prorsus
3869 3073 3914 3125 ilo

636 3192 799 3231 omne
827 3173 1052 3243 depoiiui
1077 3213 1093 3237 ,
1125 3186 1288 3241 quum
1322 3168 1483 3222 didici
1508 3182 1572 3218 ex
1603 3160 1914 3222 Sirmondo,
1940 3158 2095 3228 cujus
2123 3153 2235 3210 edi-

2345 3172 2456 3228 iaesi
2480 3215 2494 3238 ,
2521 3181 2958 3238 contemnamus,
2983 3173 3134 3242 quasi
3163 3171 3323 3227 nobis
3346 3171 3575 3226 minime
3599 3183 3794 3223 nocere
3814 3181 3912 3236 pos-

568 3272 572 3277 ’
635 3269 836 3324 tionem
871 3274 1056 3337 postea
1083 3262 1354 3326 consului,
1392 3269 1631 3314 veterem
1661 3253 1954 3311 editionem
1981 3266 2100 3306 esse
2128 3265 2244 3304 cor-

638 3369 877 3429 ruptam.
917 3357 1129 3412 Etenim
1163 3355 1213 3408 iu
1251 3352 1568 3422 pi'reiatione
1597 3347 1740 3403 idem
1771 3346 2093 3399 Sirmoodus
2127 3354 2243 3394 mo-

637 3464 761 3516 net,
795 3456 846 3506 in
876 3449 1118 3506 codicem
1160 3462 1284 3502 eum
1312 3486 1326 3508 ,
1356 3458 1463 3513 quo
1491 3455 1622 3497 usus
1648 3447 1734 3495 est
1763 3438 1925 3492 Picus
1945 3477 1960 3503 ,
1990 3445 2048 3489 ut
2088 3447 2241 3504 qum-

639 3546 846 3601 stioues
874 3543 971 3597 has
1004 3541 1272 3595 latinitate
1302 3537 1563 3600 donaret,
1594 3540 1649 3586 et
1677 3529 1977 3602 praesertim
2012 3528 2064 3582 in
2097 3541 2240 3592 eam,

637 3638 706 3694 de
739 3653 843 3708 qua
892 3635 1103 3705 agimus
1128 3673 1145 3700 ,
1173 3629 1534 3702 quaestionem
1567 3641 1639 3680 xx
1669 3625 1835 3679 multa
1867 3620 2151 3691 irrepsisse
2176 3633 2244 3672 ex

644 3729 880 3798 antiquis
904 3724 1146 3791 Catenis,
1169 3737 1397 3794 quarum
1423 3716 1716 3774 auctoritas
1744 3757 1758 3782 ,
1797 3714 1874 3770 uti
1909 3727 2098 3768 omnes
2146 3725 2245 3764 no-

641 3831 766 3877 rttnt
796 3860 810 3885 ,
858 3834 964 3872 non
1016 3814 1304 3870 admodum
1361 3809 1541 3882 gravis
1593 3819 1695 3863 est.
1745 3806 1913 3861 Addit
1951 3803 2244 3876 permixtas

642 3912 811 3968 fuisse
841 3912 891 3964 in
924 3909 1036 3966 Pici
1071 3907 1312 3962 editione
1338 3919 1462 3960 cum
1489 3902 1760 3957 sententia
1788 3897 2120 3955 Theodoreti
2152 3911 2245 3951 eas

641 4008 807 4074 ipsas,
839 4019 973 4075 quas
1005 4001 1095 4056 ille
1123 3999 1320 4070 rejicit,
1353 3996 1605 4067 Origenis
1634 4009 1830 4064 nempe
1853 4035 1868 4060 ,
1903 3989 2163 4056 Diodori,
2191 3997 2248 4044 et

640 4096 935 4155 Theodori.
991 4094 1247 4166 Adjicere
1318 4093 1482 4146 etiam
1533 4089 1668 4143 alias
1720 4095 1962 4156 poterat,
2017 4083 2247 4152 ideoque

640 4208 761 4247 eam
789 4234 802 4253 ,
851 4189 917 4245 de
947 4204 1052 4258 qua
1100 4184 1422 4241 disserimus
1446 4226 1462 4253 ,
1487 4197 1609 4238 cum
1642 4181 1800 4249 hujus
1844 4175 2115 4247 opinionis
2135 4216 2149 4238 ,
2191 4184 2248 4228 ut

641 4299 767 4338 mox
795 4281 1008 4347 dicam,
1041 4279 1247 4334 nullum
1293 4286 1550 4347 appareat
1596 4274 1650 4329 in
1681 4271 1955 4328 Sirmoudi
2005 4268 2249 4324 editione

643 4375 948 4447 vestigium.
994 4373 1174 4443 Atque
1202 4387 1265 4428 ea
1295 4371 1512 4440 quidem
1563 4367 1840 4424 Sirmoudi
1885 4365 2053 4419 editio
2085 4379 2250 4433 super

645 4467 1026 4540 probatissimo
1072 4469 1220 4533 regio
1250 4463 1439 4519 codice
1489 4461 1774 4516 elaborata
1825 4466 1929 4514 cst.
1966 4455 2065 4513 Ubi
2119 4471 2249 4509 vero

2346 3267 2490 3332 sint,
2539 3279 2924 3333 nonnunquam
2958 3265 3096 3319 duos
3147 3272 3241 3319 aut
3289 3275 3402 3319 tres
3427 3277 3461 3318 e
3489 3261 3680 3317 multis
3717 3258 3914 3315 millibus

2345 3357 2431 3413 vel
2461 3373 2488 3411 a
2513 3357 2892 3427 scorpionibus
2918 3356 3114 3428 pungi,
3149 3366 3243 3410 aut
3267 3372 3297 3410 a
3328 3354 3684 3424 serpentibus
3720 3349 3914 3406 morderi

2349 3451 2610 3522 permittit
2642 3450 2687 3505 is
2711 3491 2725 3517 ,
2759 3451 2848 3520 qui
2891 3451 3168 3520 sapienter
3191 3465 3280 3503 res
3307 3454 3522 3503 nostms
3553 3447 3843 3516 gubernat;
3874 3449 3913 3493 lii

2349 3559 2448 3600 nos
2476 3543 2654 3609 veriti,
2688 3558 2756 3599 ne
2777 3543 2905 3614 quid
2924 3543 3102 3599 simile
3133 3541 3422 3612 patiamur,
3453 3541 3626 3595 Deum
3656 3549 3913 3594 creatorem

2349 3637 2402 3690 in
2434 3635 2692 3690 auxilium
2726 3635 3041 3690 invocemus
3067 3667 3082 3698 ,
3114 3635 3467 3690 obsecrantes
3496 3640 3558 3685 ut
3587 3631 3682 3684 illa
3716 3628 3914 3683 ninnium

2348 3728 2615 3783 malorum
2643 3727 2946 3796 depultrice
2969 3725 3304 3796 providentia
3319 3739 3419 3780 nos
3439 3723 3914 3780 tueatur.Prarterca

2349 3830 2406 3874 et
2435 3819 2500 3874 ad
2525 3820 2647 3883 alia,
2677 3819 2864 3874 bestia:
2891 3833 2999 3874 non
3025 3826 3153 3872 sunt
3177 3815 3336 3872 nobis
3358 3816 3599 3870 inutiles.
3632 3813 3766 3868 Nam
3786 3826 3842 3865 ex
3859 3809 3915 3862 eis

2353 3911 2540 3966 Medici
2588 3909 2876 3981 pharmaca
2911 3925 3017 3965 non
3063 3923 3230 3978 pauca
3270 3915 3609 3976 componunt
3635 3905 3708 3960 ad
3739 3902 3916 3960 morbos

2354 4002 2770 4072 propulsandos.
2794 3999 2966 4056 Nemo
2993 4001 3155 4072 igitur
3177 4001 3365 4056 bestiis
3387 4014 3487 4070 per
3514 4013 3576 4054 se
3595 3994 3918 4052 consideratis

2351 4093 2420 4148 de
2463 4101 2712 4148 creatore
2757 4100 3157 4162 conqueratur,
3187 4090 3286 4146 sed
3317 4092 3608 4146 utilitatem
3641 4091 3919 4154 iltVringt-l.

2354 4185 2630 4255 Siquidem
2661 4185 2836 4256 ipsum
2892 4185 3055 4241 etiam
3102 4199 3302 4254 corpus
3357 4183 3661 4239 humanum
3717 4179 3922 4253 quamvis

2352 4277 2688 4345 formosum,
2736 4287 3130 4348 temperatum,
3175 4287 3230 4333 et
3257 4276 3404 4332 vario
3437 4277 3681 4346 partium
3733 4273 3923 4328 utilitate

2355 4370 2637 4440 przeditum
2658 4410 2674 4437 ,
2727 4385 2883 4426 muco
2935 4381 3151 4439 tamen,
3183 4378 3239 4426 et
3281 4381 3441 4442 sputo
3464 4411 3482 4434 ,
3513 4386 3578 4424 ac
3604 4368 3792 4426 [atido
3817 4376 3924 4420 ster—

2353 4478 2506 4529 core,
2538 4463 2684 4534 quod
2713 4463 2988 4531 excernit,
3017 4479 3124 4518 non
3151 4474 3368 4520 caret...
3404 4463 3490 4519 Ad
3519 4463 3670 4519 hunc
3686 4478 3813 4534 ergo
3834 4475 3923 4515 mo-

641 4561 999 4634 quaestionem
1029 4558 1198 4628 ipsam
1228 4571 1297 4610 xx
1330 4554 1474 4620 edit,
1510 4551 1643 4608 nihil
1672 4567 1859 4606 eorum
1900 4549 2099 4616 tradit,
2128 4561 2248 4618 qua:
2274 4556 2327 4622 ι)
2354 4557 2484 4612 dum
2513 4567 2565 4612 ei
2593 4556 2824 4612 αιίυιιυω
2856 4557 3278 4628 “nummum,”
3295 4559 3678 4615 eum-mam“
3700 4599 3716 4624 ν
3746 4571 3841 4612 ι,οη
3866 4555 3926 4623 ip.

645 4652 857 4723 objecta
909 4660 1074 4716 sunt,
1103 4664 1223 4719 qua:
1265 4657 1555 4719 propterea
1584 4642 1825 4699 addilitiu
1860 4656 1979 4697 esse
2010 4649 2245 4694 censtat.

656 4745 736 4800 Ad
773 4746 885 4798 tunc
915 4743 1006 4816 (ιιι
1048 4742 1255 4812 reliqua
1286 4739 1448 4794 etiam
1493 4732 1776 4804 omittam)
1804 4777 1818 4800 ,
1850 4749 1911 4789 ea
1954 4733 2248 4787 tradiderat

646 4836 1024 4891 Theodorctus
1061 4832 1368 4903 quaestione
1413 4845 1546 4885 xvttt
1595 4831 1647 4882 in
1680 4825 1975 4893 Geuesim,
2008 4841 2125 4896 ιιιιςυ
2173 4827 2247 4880 uti

647 4930 844 4984 mirum
881 4926 934 4982 iu
968 4928 1185 4980 modum
1214 4922 1540 4979 sententiam
1575 4929 1815 4976 nostrain
1852 4919 2242 4987 comprobant,

645 5023 719 5077 ita
753 5020 1038 5076 manifesto
1085 5018 1151 5072 iis
1177 5016 1535 5071 adversantur
1558 5056 1574 5080 ,
1603 5028 1724 5083 quae
1750 5011 1961 5082 objecta
1991 5019 2136 5066 sunt.
2164 5012 2248 5066 An

647 5115 1047 5171 Tlieodoretum
1079 5111 1250 5168 virum
1275 5124 1494 5181 gravem
1516 5151 1531 5175 ,
1561 5117 1616 5164 et
1641 5107 1781 5180 apud
1822 5116 2032 5163 veteres
2060 5107 2246 5162 lauda-

649 5209 914 5264 tissinium
960 5203 1049 5259 hic
1079 5212 1186 5258 tam
1237 5202 1440 5258 lutilem
1471 5215 1699 5268 censes,
1728 5208 1785 5256 ut
1827 5197 1931 5254 levi
1957 5199 2250 5256 intervallo

648 5304 914 5358 contraria
945 5295 1250 5368 preponat?
1277 5295 1384 5352 Sed
1420 5309 1603 5364 operae
1631 5292 1862 5363 pretium
1893 5308 2018 5346 reor
2047 5294 2246 5362 ipsam,

650 5410 811 5465 quam
841 5393 991 5459 dixi,
1022 5405 1156 5446 xvut
1183 5387 1510 5443 Tbeodereti
1536 5385 1892 5457 quaestionem
1918 5386 1973 5440 in
2004 5382 2248 5440 Genesim

651 5485 872 5543 lectoris
896 5483 1069 5541 oculis
1104 5482 1410 5552 subjicere,
1465 5489 1525 5534 ut
1571 5493 1638 5534 ex
1678 5487 1744 5534 ea
1791 5478 2132 5549 apertissime
2160 5489 2250 5533 me

652 5596 781 5635 vera
807 5575 1166 5650 pr0posuisse
1191 5574 1474 5644 dignoscat
1494 5587 1507 5626 :
1530 5587 1549 5624 t
1583 5570 1945 5640 Interrogatio
1978 5585 2132 5627 xviii.
2167 5569 2250 5625 Ad

656 5673 780 5741 quid
811 5672 953 5726 Deus
978 5667 1182 5726 creavit
1201 5665 1426 5732 bestias,
1454 5674 1508 5720 et
1537 5663 1792 5735 reptilia?
1826 5663 1985 5719 Pueri
2010 5674 2120 5719 tum
2144 5671 2252 5718 ter-

661 5765 1050 5831 ticulatnentis,
1080 5771 1191 5818 tum
1220 5762 1385 5817 etiam
1415 5761 1545 5816 leris
1564 5800 1579 5829 ,
1621 5767 1680 5815 et
1703 5760 1865 5831 virgis
1891 5759 2152 5830 indigent.
2184 5757 2254 5814 Et

2353 4669 2473 4707 sum
2503 4667 2599 4722 per
2643 4669 2705 4708 se
2747 4652 3156 4708 considerantes
3177 4693 3192 4718 ,
3242 4654 3536 4712 noxiumne
3575 4651 3683 4717 sit,
3714 4668 3782 4706 an
3807 4664 3926 4704 eoru-

2357 4745 2574 4799 modum
2601 4759 2616 4812 ;
2647 4745 2742 4800 sed
2774 4760 2842 4798 an
2886 4745 3122 4814 aliquant
3154 4743 3409 4799 universo
3437 4745 3730 4800 utilitatem
3767 4740 3923 4797 ciuile-

2355 4845 2458 4892 ιιι.
2484 4838 2618 4892 Nam
2645 4846 2700 4892 et
2730 4836 2861 4892 ferai
2889 4837 3160 4894 hominem
3187 4847 3509 4893 reverentur
3547 4845 3772 4907 propter
3798 4834 3925 4888 attri-

2353 4929 2537 4986 butam
2580 4929 2658 4983 illi
2689 4929 2759 4984 ab
2791 4930 2945 4984 initio
2993 4929 3048 4984 in
3095 4929 3239 5000 ipsas
3287 4939 3634 5000 potestatem.
3685 4927 3924 4984 Interdum

2357 5032 2535 5076 tamen
2569 5021 2716 5076 illum
2746 5023 2894 5077 velut
2922 5022 3118 5078 divinae
3163 5021 3301 5092 legis
3327 5023 3797 5092 praivarieatorem
3823 5034 3927 5074 con-

2354 5122 2642 5180 temnunt,
2695 5114 3148 5186 quemadmodum
3195 5115 3432 5186 improbi
3481 5117 3633 5172 servi
3678 5115 3925 5185 despicere

2355 5208 2478 5264 illos
2507 5210 2682 5264 solent
2706 5249 2720 5274 ,
2755 5211 2845 5280 qui
2874 5225 2968 5266 eos
2990 5225 3182 5281 regere
3219 5224 3252 5264 a
3279 5209 3526 5268 Dominis
3547 5213 3682 5281 jussi
3707 5220 3856 5272 sunt,
3890 5207 3924 5261 si

2355 5317 2451 5356 eos
2479 5303 2715 5358 viderint
2758 5303 3009 5360 admissis
3032 5305 3352 5363 criminibus
3395 5308 3775 5362 anetoritatem
3811 5302 3922 5357 ami-

2356 5394 2516 5448 sisse.
2559 5411 2579 5446 ι
2632 5395 2697 5450 Et
2728 5395 2800 5452 de
2826 5395 3174 5456 Titeodoreto
3215 5400 3499 5458 hactenus.
3529 5397 3733 5458 αξιοι-ιι
3765 5410 3924 5470 prose-

2352 5499 2605 5553 quamur.

2433 5575 2524 5632 50.
2555 5577 2614 5634 Si
2643 5577 2912 5638 interdum
2958 5583 3085 5639 ferte
3107 5623 3130 5651 ,υ
3151 5583 3546 5656 serpentesque
3590 5600 3686 5642 nos
3715 5590 3922 5640 terrequ
3949 5635 3951 5654 ε

2359 5680 2522 5740 atque
2549 5684 2646 5727 eos
2687 5672 2970 5744 eti'ugimus
2991 5717 3006 5742 ,
3035 5674 3088 5732 id
3119 5691 3221 5732 nec
3245 5677 3441 5750 ubique
3469 5720 3486 5743 ,
3517 5693 3623 5735 nec
3651 5683 3924 5734 constanter

2365 5764 2456 5830 lit,
2492 5777 2592 5820 nec
2623 5781 2786 5835 quum
2815 5767 2892 5834 iit,
2924 5766 3159 5824 ostendit
3185 5808 3199 5836 ,
3232 5784 3292 5826 re
3325 5785 3448 5827 vera
3477 5769 3732 5829 homines
3760 5767 3924 5823 animm
