3978 6196
84 264 188 321 837

833 262 900 322 iN
938 244 1195 323 meum
1235 260 1458 326 EPIST.
1500 266 1631 327 seu
1672 258 1896 326 LIBEL.
1936 254 2399 332 DlSSERTA'l‘lO
2438 271 2676 335 ruma.

3293 270 3404 342 838

86 382 229 438 libus
270 381 452 437 brutis
500 379 739 454 ferisque
793 381 1061 441 inservire
1105 396 1119 439 :
1155 388 1360 441 terrent
1403 387 1550 442 enim
1597 400 1698 443 nos
1725 392 1778 455 Α
1804 386 1986 456 Usque
2022 388 2160 445 adeo
2205 389 2471 462 siquidem
2503 392 2557 446 in
2585 391 2728 450 hunc
2761 393 2979 452 modum
3012 398 3192 452 omnia
3245 402 3401 455 nobis

84 479 248 532 etiam
282 478 530 533 latrones
555 520 569 545 ,
598 484 762 548 atque
790 488 884 533 eus
915 478 1200 549 cli‘ugimus
1227 522 1241 544 ,
1289 495 1389 535 nec
1414 486 1698 550 propterea

87 568 401 625 latronibus
422 570 688 626 inservire
710 569 962 626 dicimur.
1018 570 1127 627 Sed
1156 570 1702 643 praestatpraeclarls-

87 663 238 719 simis
257 661 641 735 Ghrysostoml
664 663 849 720 verbis
872 678 986 719 rem
1015 670 1183 719 totam
1208 674 1484 734 extmnere
1513 681 1527 718 :
1568 662 1700 721 «Vc-

92 770 204 810 rum
232 753 324 811 hic
356 754 603 812 Gentiles
632 755 845 825 (inquit
874 754 999 827 ille)
1034 755 1270 831 (Homll.
1297 773 1350 812 ιι
1379 755 1510 812 Gen.
1539 770 1593 812 η.
1626 754 1696 829 5)

92 849 141 902 in
165 864 269 905 nos
291 849 603 922 insurgunt,
633 857 690 906 et
706 850 892 906 dicunt
917 869 931 906 :
962 852 1309 922 Compertum
1334 861 1439 921 est,
1466 854 1569 910 hoc
1588 867 1697 909 non

91 955 210 999 esse
256 953 491 998 verum:
521 959 629 999 non
657 944 801 1000 enim
845 942 1191 1002 dominamur
1233 945 1397 1015 feris,
1439 947 1700 1019 quemad-

94 1033 315 1089 modum
358 1033 630 1106 pollicitus
671 1043 793 1102 est,
823 1037 920 1093 sed
967 1036 1097 1107 ipsa:
1136 1037 1295 1094 nobis
1338 1039 1535 1108 potius.
1584 1030 1698 1095 imo

94 1140 197 1182 non
225 1138 429 1183 verum
460 1135 544 1184 est
572 1128 716 1199 quod
748 1128 803 1184 hi
827 1128 1115 1199 objiciunt.
1144 1128 1279 1186 Nam
1304 1142 1429 1187 mox
1458 1136 1517 1186 ιιι
1541 1145 1699 1202 θρριια

93 1219 257 1275 ruerit
291 1218 478 1288 homo,
509 1220 638 1278 ferae
668 1221 847 1294 fugam
880 1222 1102 1279 faciunt.
1129 1222 1285 1293 Quod
1319 1224 1365 1279 si
1397 1220 1694 1296 aliquando

90 1311 170 1367 vel
210 1311 362 1368 fante
391 1324 618 1385 urgente
639 1356 654 1380 ,
681 1315 765 1371 vel
795 1314 951 1371 nobis
979 1313 1104 1372 illas
1145 1315 1543 1373 lacessentibus
1562 1359 1576 1383 ,
1626 1316 1696 1373 ab

90 1404 167 1459 eis
204 1403 467 1460 damnum
498 1407 831 1477 accipimus,
860 1409 965 1463 hoc
993 1421 1100 1463 non
1135 1407 1193 1463 fit
1218 1407 1343 1464 ideo
1367 1450 1380 1474 ,
1415 1409 1557 1481 quod
1587 1409 1694 1467 illis

93 1496 141 1551 in
174 1510 273 1551 nos
295 1497 371 1552 sit
401 1498 685 1569 imperium
708 1539 722 1563 ,
756 1499 852 1555 sed
894 1499 967 1556 ob
1008 1500 1219 1570 culpam
1263 1509 1527 1556 nostram.
1556 1500 1691 1558 Nam

92 1604 210 1646 cum
259 1591 501 1647 latrones
528 1605 630 1647 nos
658 1591 952 1658 invadunt,
981 1593 1026 1647 si
1058 1607 1167 1648 non
1200 1593 1534 1665 negligamus
1553 1634 1568 1659 ,
1594 1592 1692 1649 sed

94 1685 143 1737 in
164 1682 289 1739 illos
314 1696 468 1739 arma
498 1698 799 1753 sumamus,
832 1686 884 1742 id
919 1698 1025 1742 non
1059 1685 1182 1743 ideo
1211 1688 1303 1751 lit,
1347 1686 1493 1757 quod
1519 1685 1694 1758 impc-

1801 491 2163 551 cooperantur
2191 484 2242 537 in
2271 484 2492 552 bonum,
2521 495 2575 539 ttt
2606 485 2751 543 inter
2772 486 2891 542 haec
2917 488 3097 544 omnia
3121 491 3284 546 etiam
3307 506 3395 560 ea,

1800 588 1921 643 qua:
1951 574 2086 628 nihil
2133 584 2258 630 sunt
2279 617 2293 641 ,
2340 588 2730 645 numerentur,
2779 580 3026 637 molestia
3049 622 3063 647 ,
3096 582 3318 640 morbus
3344 591 3404 640 et

1801 662 1916 733 ipsa
1944 680 2091 720 mors
2119 668 2303 732 etiam,
2333 668 2389 722 et
2418 679 2714 737 peccatum.
2732 688 2752 723 ι

1874 759 1965 816 53.
2007 759 2349 817 Perstitimus
2373 760 2640 819 hactenus
2666 764 2720 820 in
2749 764 2837 831 iis,
2859 780 2980 836 quae
3002 766 3213 825 homini
3238 769 3401 827 noxia

1799 851 2112 909 creduntur.
2146 852 2302 922 Quod
2332 852 2399 909 sd
2428 870 2491 911 ea
2536 856 2755 923 attinet,
2786 874 2907 929 qua:
2956 858 3201 927 inutilia;
3251 862 3400 917 (lifti-

1797 943 2054 1002 cuitatem
2098 944 2240 1002 hanc
2284 958 2683 1017 praevenerunt,
2731 964 2799 1006 ac.
2841 965 3062 1021 prorsus
3103 952 3402 1011 dissolvere

1796 1051 1858 1093 se
1902 1052 2063 1107 posse
2110 1048 2402 1109 sperarunt
2445 1040 2637 1108 Stoici,
2669 1053 2955 1098 innitentes
2983 1059 3229 1115 ntaguam
3270 1060 3398 1117 per-

1799 1137 1908 1186 tem
1936 1145 2152 1196 eorum,
2182 1146 2306 1203 quat
2351 1130 2554 1189 homini
2598 1134 2805 1193 inutilia
2835 1136 3028 1206 vulgus
3057 1146 3263 1207 censet,
3307 1156 3397 1195 re-

1796 1236 1923 1278 vera
1970 1237 2096 1280 esse
2120 1223 2432 1293 utilissima,
2468 1226 2682 1283 tametsi
2733 1242 2920 1283 eorum
2963 1228 3168 1285 utilitas
3215 1232 3396 1287 statim

1796 1330 1904 1371 non
1931 1325 2165 1375 constet.
2195 1316 2365 1376 Aiunt
2388 1319 2535 1377 enim
2556 1358 2572 1388 ,
2599 1327 2657 1373 ut
2680 1320 2860 1377 verbis
2901 1336 3091 1378 eorum
3116 1322 3397 1380 Lactantio

1794 1406 2065 1463 referente
2096 1408 2184 1481 (de
2211 1408 2306 1463 Ira
2348 1410 2447 1465 Dei
2476 1429 2595 1483 cap.
2623 1411 2713 1481 15)
2760 1422 2905 1480 utar,
2941 1429 2961 1465 ‹
2984 1413 3144 1469 Multa
3190 1429 3312 1472 esse
3341 1415 3396 1472 in

1792 1498 2159 1568 gignentibus,
2192 1513 2240 1557 et
2271 1500 2325 1557 in
2352 1518 2581 1559 numero
2607 1504 2944 1571 animalium,
2971 1522 3198 1576 quorttm
3220 1508 3398 1563 adhuc

1792 1588 1960 1645 lateat
2001 1588 2229 1659 utilitas,
2275 1593 2369 1650 sed
2403 1608 2814 1666 cumprocessu
2845 1599 3106 1667 temporis
3135 1598 3396 1667 inveniri;

1793 1683 1934 1738 sicut
1958 1684 2068 1754 jam
2096 1686 2246 1755 plura
2274 1686 2542 1757 prioribus
2564 1689 2778 1746 szecnlis
2810 1690 3107 1762 incognita,
3157 1693 3397 1751 neCcssi—

94 1778 225 1831 rium
254 1777 308 1830 in
338 1791 442 1831 nos
469 1777 789 1845 obtineant,
819 1777 915 1834 sed
943 1777 1091 1848 quod
1119 1788 1317 1835 nostra:
1363 1776 1525 1833 saluti
1565 1793 1689 1848 pro-
1717 1776 1769 1843 Β
1795 1782 1896 1839 tas,
1930 1784 1984 1830 et
2014 1788 2142 1831 usus
2168 1778 2488 1834 invenerit.»

92 1873 403 1944 spiolams.
442 1891 464 1926 ι
494 1872 699 1929 Eadem
738 1874 1027 1944 ipsissimis
1073 1875 1184 1930 fere
1231 1872 1411 1930 verbis
1451 1873 1577 1929 alibi
1607 1884 1694 1929 re-

95 1969 216 2036 petit
241 1967 455 2036 (Serm.
489 1980 549 2024 ιιι
592 1968 647 2022 in
672 1966 858 2025 Gener.
889 1984 945 2024 ιι.
974 1967 1025 2033 5,
1052 1984 1172 2042 pag.
1201 1967 1270 2025 66
1328 1977 1452 2023 tom.
1505 1984 1558 2025 tv
1584 1968 1693 2025 erli-

94 2060 238 2116 tionis
271 2059 661 2134 Mentfauconii
679 2060 717 2133 ).

156 2155 244 2211 5i.
289 2154 556 2211 Eamdcm
583 2154 953 2212 dilllcultatem
979 2156 1146 2213 evitat
1176 2155 1532 2227 Augustinus,
1560 2153 1690 2212 dum

94 2247 281 2303 fatetur
308 2249 492 2321 aliqua
514 2265 579 2304 ex
605 2259 756 2319 parte
786 2251 1036 2306 amisisse
1073 2262 1172 2306 nos
1198 2248 1513 2322 dignitatem
1535 2291 1549 2317 ,
1580 2264 1688 2321 qua

93 2337 207 2396 facti
234 2355 431 2397 sumus
469 2338 539 2397 ad
572 2342 860 2414 imaginem
892 2342 1018 2411 Dei,
1048 2343 1262 2413 quando
1292 2344 1575 2398 amisimus
1601 2343 1688 2398 in-

92 2437 390 2491 nocentiam
415 2451 429 2502 ;
458 2434 529 2492 ita
559 2444 739 2493 tamen
790 2452 888 2492 nos
934 2437 1183 2494 amisisse
1212 2437 1410 2493 fatetur
1435 2450 1498 2493 ea
1520 2480 1533 2503 ,
1566 2436 1689 2507 quai

93 2527 386 2592 amisimus,
418 2538 475 2582 ut
502 2538 685 2599 neget,
717 2542 936 2599 prorsus
965 2529 1217 2585 amisisse
1238 2571 1251 2593 ,
1282 2529 1690 2598 contendatque

93 2632 441 2688 perseverare
485 2619 664 2676 adhuc
710 2622 764 2676 in
804 2620 1021 2676 homine
1064 2627 1391 2693 potestatem
1445 2623 1496 2676 in
1545 2619 1690 2676 feras

95 2715 246 2784 ipsas,
275 2725 330 2771 et
360 2714 608 2783 belluas,
643 2715 774 2771 dum
808 2717 952 2788 ipsas
982 2716 1333 2784 edomamus,
1373 2728 1476 2773 nec
1508 2726 1687 2771 tamen

90 2804 232 2861 abiis
251 2806 473 2863 domari
493 2822 591 2863 nos
611 2807 862 2865 sinimus.
887 2808 995 2865 Sed
1017 2816 1241 2880 praestat
1258 2810 1373 2879 ipsa
1401 2807 1688 2880 Augustini

93 2902 280 2957 monita
310 2900 504 2957 audire
529 2900 685 2973 (Lib.
717 2917 734 2957 ι
770 2902 834 2957 de
860 2902 1046 2959 Genes.
1070 2912 1251 2958 contra
1298 2902 1530 2958 Manio/1.
1565 2919 1684 2974 cap.

95 2992 186 3058 i8,
217 2994 351 3048 alias
404 3010 456 3048 ιι.
487 2992 581 3066 29)
616 3008 630 3048 :
664 3012 684 3047 ι
724 2993 1028 3066 Aliquando
1072 2996 1232 3052 etiam
1276 2995 1459 3050 solent
1504 2993 1687 3050 dicere

93 3084 415 3158 (Manichmi)
449 3102 462 3141 :
495 3087 768 3159 quomodo
788 3089 996 3156 accepit
1019 3087 1182 3144 homo
1214 3096 1538 3159 potestatem
1574 3087 1682 3157 pis-

1868 1864 1957 1923 54.
1989 1866 2326 1943 Quamquam
2352 1884 2578 1928 necesse
2618 1884 2724 1928 non
2752 1884 2854 1942 εει,
2890 1882 2947 1928 ιιι
2971 1875 3036 1931 ad
3067 1874 3396 1934 solutionem

1796 1960 1958 2027 hanc,
1990 1974 2111 2031 quae
2136 1963 2430 2035 cmteroqui
2460 1964 2613 2020 valde
2643 1964 2935 2036 probabilis
2981 1976 3085 2035 est,
3120 1969 3402 2041 confugia-

1796 2064 1938 2107 mus.
1997 2051 2068 2108 Ea
2125 2056 2363 2126 quippe,
2417 2070 2539 2128 qua:
2601 2056 2805 2114 homini
2859 2057 3071 2115 inutilta
3122 2063 3396 2131 dixerunt,

1794 2144 2076 2201 utilissima
2150 2158 2270 2203 esse
2323 2144 2610 2218 novimus;
2664 2158 2848 2223 atque,
2907 2161 2964 2209 ut
3016 2158 3403 2225 pra~tereamus

1794 2234 2077 2293 utilissima
2130 2237 2419 2308 declarari,
2473 2251 2744 2313 quatenus
2791 2243 2859 2300 iis
2909 2242 3201 2316 aliquando
3232 2247 3402 2302 utitur

1798 2329 1956 2398 Deus,
1996 2339 2053 2385 ut
2081 2331 2532 2401 omnipotentiam
2564 2346 2739 2398 suam,
2772 2350 2835 2390 ac
2864 2337 3144 2392 robustam
3175 2354 3395 2394 manum

1793 2421 2074 2491 ostendat;
2103 2438 2207 2495 qua
2237 2425 2306 2480 de
2334 2440 2390 2480 re
2421 2427 2647 2481 consule
2677 2442 2799 2497 qua:
2835 2426 2971 2484 liber
2995 2429 3167 2487 Exodi
3214 2433 3401 2503 cupio-

1792 2516 2006 2573 sissime
2050 2518 2212 2575 docet
2251 2517 2449 2592 (Exod.
2485 2531 2599 2588 vm,
2631 2518 2718 2586 l7,
2748 2530 2880 2591 etc.,
2909 2518 2999 2590 24,
3030 2524 3166 2597 etc.)
3194 2544 3206 2580 :
3236 2537 3294 2583 ut
3320 2526 3398 2597 id,

1790 2612 2026 2683 inquam,
2073 2620 2483 2684 prwtereamus,
2518 2631 2585 2672 an
2638 2633 2743 2674 non
2774 2617 3135 2675 minutissima
3188 2620 3399 2679 insecta

1792 2704 1998 2761 homini
2062 2708 2350 2765 utilissima
2399 2720 2562 2781 sunt,
2613 2708 3058 2783 quandoquidem
3105 2728 3294 2771 corum
3343 2722 3398 2771 et

1792 2798 2159 2865 multitudine,
2192 2812 2246 2857 et
2274 2817 2496 2873 genere,
2529 2818 2592 2858 ac
2624 2800 2885 2861 varietate
2927 2803 3150 2861 Divinns
3195 2802 3394 2863 artifex

1791 2906 1853 2949 se
1901 2908 1961 2949 se
2016 2893 2230 2963 prodit?
2278 2894 2336 2951 Si
2367 2895 2487 2967 quis
2515 2896 2582 2951 ad
2614 2911 2674 2952 ea
2706 2913 2825 2968 qua:
2856 2895 3145 2954 clarissimi
3199 2897 3400 2955 Redius

1795 2980 1915 3055 (De'
1951 2982 2150 3040 Viventi
2179 2986 2258 3043 ne’
2314 2984 2546 3059 viventi),
2577 3002 2639 3044 ac
2684 2984 3039 3055 Vaiisnerius,
3065 2998 3119 3045 et
3139 2988 3399 3057 deinceps

1791 3079 1959 3135 multo
1990 3079 2265 3151 copiosius
2288 3074 2650 3137 itcaumurius
2695 3082 2760 3136 de
2789 3082 2993 3138 insectis
3037 3080 3241 3149 docuit,
3274 3080 3398 3138 ani-

90 3181 219 3234 cium
249 3182 443 3247 maris,
467 3193 521 3237 ct
549 3181 844 3237 volatilium
875 3181 1023 3250 cceii,
1050 3192 1105 3239 et
1135 3184 1373 3237 omnium
1403 3196 1681 3252 pecorum,

1798 3187 1938 3227 mum
1967 3171 2278 3240 attenderit,
2313 3174 2603 3232 manifesto
2648 3175 2968 3246 conSpiciet,
3015 3174 3301 3232 utilissima
3334 3191 3399 3232 ea

92 3277 139 3325 ct
165 3272 437 3340 ferarum,
467 3286 589 3329 cum
634 3273 918 3330 videamus
968 3290 996 3329 a
1053 3275 1237 3331 multis
1263 3273 1392 3331 feris
1437 3273 1687 3329 homines

92 3366 290 3435 occidi,
316 3377 378 3426 et
407 3383 434 3423 a
464 3369 649 3424 multis
672 3370 984 3426 volatilibus
1009 3370 1169 3428 nobis
1200 3368 1413 3438 noceri,
1446 3384 1567 3441 qua:
1590 3382 1687 3427 vo-

93 3458 255 3515 lumus
272 3460 362 3517 vel
399 3460 589 3529 vitare,
623 3461 711 3517 vel
736 3476 952 3533 capere,
978 3471 1033 3517 et
1061 3463 1380 3534 plerumque
1408 3476 1515 3517 non
1556 3475 1685 3532 pos-

90 3552 303 3608 sumus?
328 3552 619 3621 Quomodo
663 3569 792 3625 ergo
844 3555 896 3609 in
946 3552 1060 3609 haec
1090 3556 1401 3623 accepimus
1444 3560 1684 3623 potesta-

92 3647 229 3700 tem?
265 3647 367 3702 llic
389 3647 496 3703 illis
520 3647 694 3710 primo
724 3647 1010 3704 dicendum
1043 3661 1147 3713 est,
1168 3648 1311 3719 quod
1341 3649 1565 3703 multum
1598 3664 1687 3704 cr-

92 3746 237 3807 rent,
263 3744 359 3811 qui
389 3750 509 3810 post
535 3750 815 3810 peccatum
844 3740 1194 3796 considerent
1225 3741 1498 3797 hominem
1519 3782 1533 3809 ,
1559 3754 1683 3796 cum

92 3827 138 3883 in
157 3828 312 3901 hujus
354 3830 483 3886 vitm
510 3831 892 3888 mortalitatem
925 3834 1218 3889 damnatus
1238 3842 1321 3889 est
1346 3875 1361 3899 ,
1408 3842 1464 3889 et
1502 3833 1685 3889 amisit

94 3921 468 3990 perfectionem
498 3924 665 3990 illam,
693 3940 799 3996 qua
830 3923 1006 3981 factus
1034 3934 1119 3980 est
1144 3924 1210 3980 ad
1243 3924 1533 3995 imaginem
1565 3925 1682 3981 Dei.

96 4015 189 4072 Sed
217 4019 265 4075 si
309 4020 587 4075 damnatio
636 4019 754 4091 ejus
782 4027 990 4076 tantum
1035 4018 1218 4084 Valet,
1264 4028 1325 4075 ut
1365 4030 1471 4075 tam
1502 4021 1685 4075 multis

96 4111 372 4176 pecoribus
420 4111 688 4183 imperet,
742 4112 993 4185 quamvis
1038 4110 1183 4168 enim
1235 4128 1263 4166 a
1321 4110 1510 4168 multis
1555 4110 1685 4168 feris

99 4214 303 4273 propter
329 4204 677 4274 iragiiitatem
705 4206 950 4275 corporis
973 4204 1146 4275 possit
1182 4203 1389 4273 occidi,
1434 4221 1465 4261 ιι
1520 4203 1687 4261 nullis

100 4302 261 4350 tamen
281 4295 493 4371 domari
525 4304 724 4369 potest,
756 4312 877 4352 cum
908 4295 1022 4368 ipse
1047 4306 1155 4352 tam
1184 4298 1384 4353 multas
1402 4339 1416 4365 ,
1438 4305 1491 4352 et
1515 4312 1685 4368 [πορθ

97 4402 272 4447 omnes
295 4390 504 4448 domet.
538 4408 559 4445 ι

153 4482 239 4561 δερ
280 4482 395 4540 Sed
424 4484 679 4555 quoniam
711 4482 975 4539 Bernardi
998 4483 1340 4548 auctoritate,
1376 4496 1481 4539 non
1508 4483 1683 4540 Theo-

1791 3280 1912 3320 csse
1939 3262 2170 3333 homini,
2206 3275 2315 3321 tum
2343 3264 2465 3323 aliis
2500 3268 2718 3338 quidem
2751 3266 2821 3325 de
2868 3269 3070 3334 causis,
3105 3278 3213 3324 tum
3245 3284 3396 3340 prte-

1790 3360 1977 3413 sertim
2023 3358 2146 3429 quia
2193 3358 2433 3415 divinam
2469 3374 2710 3425 manum,
2744 3358 3062 3432 potentiam,
3093 3376 3158 3417 ac
3183 3358 3399 3417 bonita-

1794 3457 1902 3505 tem
1954 3448 2007 3505 itt
2056 3466 2244 3505 eorum
2296 3453 2593 3520 creatione,
2646 3468 2710 3508 ac
2740 3452 2956 3508 diverso
2986 3454 3110 3509 vitae
3152 3452 3401 3510 instituto

1794 3544 1955 3602 facile
2005 3556 2280 3619 agnoscet.
2327 3545 2410 3604 An
2464 3562 2568 3605 non
2621 3548 2784 3605 etiam
2834 3549 3055 3605 insectis
3106 3554 3400 3605 vescuntur

1793 3638 2097 3694 animantes
2125 3657 2223 3706 ca‘,
2254 3638 2448 3713 quibus
2490 3640 2793 3712 praesertim
2824 3636 3129 3703 oblectatur
3156 3652 3220 3695 ac
3269 3654 3396 3698 ves-

1793 3732 1925 3787 titur
1956 3730 2160 3787 homo?

1864 3828 1953 3885 '55.
1986 3832 2196 3885 Montes
2228 3845 2392 3902 porro
2443 3830 2772 3896 inaccessos,
2824 3844 2889 3885 ac
2932 3843 3129 3886 saxeos
3173 3826 3403 3883 utilissi-

1790 3933 1911 3977 mos
1952 3920 2157 3976 homini
2189 3923 2234 3977 is
2282 3921 2520 3988 docebit,
2568 3921 2658 3996 qui
2711 3921 2942 3989 metalli,
2997 3937 3060 3977 ac
3107 3919 3399 3979 marmoris

1791 4015 2002 4071 fodinas
2051 4014 2105 4072 in
2157 4014 2225 4072 iis
2266 4014 2650 4074 delitescentes
2702 4018 2948 4084 noverit;
2995 4016 3041 4071 is
3066 4030 3282 4087 quoque
3307 4013 3402 4087 qui

1790 4108 2132 4179 receptacula
2182 4110 2408 4177 nivium,
2442 4120 2603 4181 atque
2629 4125 2917 4180 aquarum,
2950 4123 3014 4163 ex
3047 4108 3245 4178 quibus
3279 4106 3398 4163 lon-

1791 4211 1872 4258 tes
1903 4201 2215 4258 derivantnr
2239 4201 2433 4257 aestivo
2467 4201 2769 4271 praesertim
2803 4210 3069 4272 tempore,
3113 4199 3167 4255 in
3202 4197 3397 4257 iisdem

1790 4297 2105 4364 inaccessis,
2136 4306 2298 4365 atque
2324 4296 2640 4366 asperrimis
2671 4294 2949 4353 montibus
2994 4293 3176 4350 inesse
3220 4295 3395 4350 scive-

1789 4390 1879 4447 rit.
1910 4390 2165 4455 Consule,
2218 4405 2285 4445 ne
2314 4400 2542 4446 cunctos
2584 4391 2847 4455 excitem,
2890 4387 2992 4444 hoc
3021 4404 3187 4457 super
3237 4402 3399 4461 argu-

1788 4494 1975 4538 mento
2013 4480 2375 4541 clarissimum
2414 4479 2778 4541 Valisnerium
2811 4482 3053 4556 (Origine
3093 4482 3226 4540 delle
3250 4478 3398 4538 Fon-

91 4570 253 4630 doreti
278 4575 655 4631 tantummodo
677 4617 693 4642 ,
725 4576 984 4631 adversus
1035 4590 1134 4630 nos
1165 4576 1511 4645 disputarunt
1537 4617 1550 4642 ,
1580 4590 1679 4630 au.
1710 4570 1766 4633 D
1790 4577 1953 4647 lane).

90 4662 249 4736 diant,
274 4667 527 4737 obsecro,
560 4669 833 4739 quomodo
862 4668 1168 4723 Bernardus
1198 4669 1311 4739 ipse
1338 4669 1520 4734 istam,
1553 4684 1679 4740 qua-

95 4758 386 4834 liscumque
413 4778 474 4819 ea
509 4773 593 4818 est
617 4804 633 4827 ,
665 4761 1037 4818 difficultatem
1072 4763 1331 4817 dissolvat
1357 4766 1445 4834 (tt.
1489 4763 1522 4817 6
1570 4777 1680 4817 ser-

100 4856 248 4909 monis
269 4872 287 4912 ι
311 4856 381 4912 de
406 4853 666 4928 Diversis)
694 4874 706 4909 :
732 4856 829 4912 «Et
851 4858 966 4911 lucc
993 4856 1209 4925 quidem
1243 4856 1312 4910 ita
1344 4870 1403 4911 se
1436 4855 1634 4911 habent
1660 4873 1675 4910 :

91 4945 177 5001 sed
204 4957 380 5005 tamen
414 4963 524 5005 non
554 4949 813 5005 mentitur
842 4951 1168 5019 Apostolus,
1217 4951 1380 5005 etiam
1409 4951 1518 5004 alio
1556 4949 1678 5006 loco

92 5042 411 5098 manifestius
431 5057 775 5109 asseverans,
799 5044 938 5099 scire
960 5060 1041 5109 se,
1072 5045 1320 5114 quoniam
1347 5043 1681 5116 diligentibus

91 5127 244 5186 Deum
272 5135 447 5188 omnia
482 5144 821 5203 cooperantur
844 5133 897 5189 in
912 5134 1108 5190 bonum
1127 5178 1142 5203 ,
1175 5136 1257 5191 Itis
1281 5136 1369 5206 qui
1394 5137 1676 5191 mendum

91 5225 396 5291 propositum
441 5228 605 5281 vocati
633 5238 752 5282 sunt
795 5228 980 5282 sancti.
1004 5226 1391 5283 Verumtamen
1448 5231 1678 5286 solerter

90 5314 333 5383 attende,
359 5316 499 5387 quod
529 5328 636 5372 non
668 5317 735 5372 ad
765 5317 974 5373 libitum
998 5316 1248 5373 famulari
1277 5363 1290 5385 ,
1333 5318 1427 5375 sed
1477 5330 1677 5391 coope-

94 5405 188 5461 rari
214 5406 341 5465 dicit
362 5408 431 5465 ad
458 5409 681 5466 bonum.
712 5404 897 5483 Neque
918 5410 1061 5467 enim
1096 5410 1162 5466 ad
1186 5411 1519 5468 voluntatem
1552 5428 1673 5468 ser-

91 5498 248 5569 viunt,
276 5502 370 5559 sed
388 5503 458 5560 ad
490 5505 813 5573 utilitatem;
856 5521 963 5562 non
984 5504 1051 5561 ad
1079 5505 1437 5576 voluptatem,
1476 5507 1572 5564 sed
1603 5508 1673 5564 ad

91 5591 303 5649 salutem
329 5609 478 5661 ;nost
502 5595 573 5652 ad
595 5605 801 5667 votum,
827 5596 922 5655 sed
940 5596 1010 5657 ad
1029 5597 1373 5655 commodum
1399 5607 1670 5656 nostrum.

157 5727 230 5807 (ᾳ)
257 5728 374 5807 Lib.
408 5748 502 5807 vnt
529 5732 617 5807 de
643 5734 847 5807 ilistor.
887 5734 1110 5807 animal.
1137 5752 1259 5807 cap.
1294 5737 1319 5793 1
1361 5736 1509 5794 τερα
1551 5740 1697 5794 adeo

94 5797 150 5855 de
176 5797 468 5860 inanimatis
494 5806 770 5877 paulatim,
806 5805 1095 5878 sensimque
1122 5808 1192 5863 ad
1208 5797 1464 5865 'animata
1489 5819 1684 5866 natura

1862 4669 1952 4727 56.
2005 4667 2290 4727 Nonnullae
2337 4680 2486 4740 sunt,
2538 4669 2737 4739 fateor,
2785 4667 2989 4733 herbae,
3048 4668 3244 4739 quibus
3286 4684 3397 4725 non

1793 4765 2033 4820 vescitur
2064 4762 2247 4820 homo.
2276 4762 2448 4819 Nulla:
2475 4770 2604 4819 sunt
2631 4774 2833 4830 tamen,
2864 4756 3056 4833 quibus
3076 4758 3192 4815 avis
3213 4759 3396 4837 aliqua

1789 4873 1895 4911 non
1926 4867 2194 4912 vescatur.
2230 4852 2433 4912 Cornix
2479 4871 2610 4912 sane
2655 4857 2829 4910 cicuta
2863 4852 3117 4921 vescitur,
3154 4846 3398 4909 veneﬁca

1790 4948 1949 5006 nobis
1981 4949 2167 5005 herba.
2195 4948 2329 5018 Quis
2354 4956 2533 5003 autem
2560 4948 2759 5015 nescit,
2795 4960 2924 5002 aves
2953 4944 3232 5001 hominum
3276 4943 3400 5000 usui

1790 5042 2090 5098 inservire?
2139 5039 2407 5096 Caeterum
2439 5040 2527 5105 iis,
2557 5038 2753 5110 quibus
2788 5054 2896 5094 non
2930 5038 3167 5094 vescitur
3208 5037 3394 5104 homo,

1787 5142 1843 5191 et
1872 5151 2008 5189 rara:
2040 5144 2333 5188 vescuntur
2375 5148 2526 5198 aves,
2560 5131 2702 5187 idem
2736 5132 2898 5186 homo
2930 5128 3118 5187 utitur.
3152 5126 3304 5197 Quod
3348 5128 3397 5184 si

1786 5227 1925 5282 alios
1947 5225 2018 5281 ob
2064 5222 2198 5279 fines
2226 5221 2445 5280 inutiles
2477 5233 2653 5293 putas,
2683 5233 2974 5294 propterea
3004 5228 3190 5278 tamen
3236 5221 3401 5277 utiles

1788 5329 1981 5385 erunt,
2042 5318 2183 5390 quod
2233 5316 2433 5373 seriem
2488 5315 2632 5371 illam
2684 5314 2845 5373 nobis
2910 5312 3253 5371 manifestius
3297 5313 3401 5371 sub

1786 5413 1974 5469 oculos
2006 5421 2226 5482 ponant,
2257 5424 2417 5481 quant
2448 5406 2742 5479 aliquando
2787 5419 3093 5465 memorant
3131 5408 3399 5465 Aristote-

1790 5509 1869 5564 les
1893 5505 1994 5581 (α).
2020 5516 2076 5562 et
2098 5505 2331 5572 Tullius,
2360 5514 2414 5560 et
2440 5502 2737 5561 inculcavit
2755 5502 3025 5572 deinceps
3066 5500 3404 5559 Valisttcrius

1786 5597 2078 5670 (Peculiari
2103 5595 2352 5669 opusculo
2383 5612 2443 5652 ea
2470 5595 2535 5651 de
2561 5611 2618 5651 re
2647 5594 2840 5669 edito);
2873 5602 2934 5653 et
2959 5594 3126 5651 facile
3153 5593 3206 5651 id
3237 5593 3394 5666 (ιιιίεα

1804 5737 1988 5791 transit
2015 5744 2068 5791 ut
2098 5734 2481 5790 continuatione
2524 5733 2638 5804 ipsa
2686 5734 2840 5790 lateat
2887 5748 3067 5791 eorum
3098 5733 3411 5805 conﬁnium,

1804 5818 1853 5866 et
1881 5808 2105 5866 medium
2132 5807 2394 5881 utriusque
2422 5807 2488 5864 tit
2515 5815 2818 5864 carentum.
