3978 6196
564 219 670 275 859

1253 219 1322 276 IN
1363 217 1620 277 HlLARIl
1660 218 1879 277 EPIST.
1923 218 2060 278 seu
2096 219 2318 279 LlBEL.
2362 222 2811 282 DlSSER'I‘A'l‘lO
2847 222 3187 285 secenas.
3763 229 3850 287 ιω
3938 194 3939 245 ξ

564 370 672 426 que
716 353 952 424 deteget,
1002 351 1048 406 si
1089 359 1295 407 natura:
1339 367 1506 424 opera
1557 352 1890 424 diligentius,
1947 368 2164 410 accura-

2282 345 2362 392 tur
2397 339 2676 408 conceptis
2702 339 2925 395 verbis:
2967 339 3091 412 Ipse
3132 340 3287 407 dixit,
3334 350 3385 397 et
3429 346 3573 414 facta
3600 352 3740 409 sunt,
3765 347 3857 415 ipse

566 447 777 518 tiusque
807 443 1137 501 obsecrabit.

966 601 1419 659 DISSERTA'I'IU
1459 602 1802 660 SECUNDA.

567 740 651 795 Ad
676 740 769 794 illa
797 739 983 809 capitis
1007 754 1044 791 γ
1072 739 1216 812 (col.
1250 738 1376 805 736,
1410 757 1464 793 η.
1513 738 1643 810 87):
1677 755 1765 796 om
1812 755 1985 796 riuus
2034 755 2167 796 nens

639 850 871 891 ΔΙΠἸΙἚΧ
900 850 1073 890 ΡΑΤΒΕ
1111 850 1347 890 ιυιεμτε
1376 849 1695 890 ιιουιειητυε
1734 849 1850 890 EST.
1908 832 2043 889 Item
2100 835 2169 889 ad

635 928 731 984 illa
752 928 986 1002 ejusdem
1031 929 1217 994 capitis
1247 927 1375 999 (col.
1419 928 1547 997 757,
1578 946 1633 984 η.
1663 929 1755 1002 91)
1788 945 1960 985 :neus
1991 945 2169 985 mrsu

636 1035 899 1077 JUSSBMT
924 1038 938 1075 Ξ
969 1034 1142 1076 FILIUS
1170 1035 1362 1076 VIH'I'US
1391 1036 1506 1077 IPSA
1535 1035 1651 1077 SINE
1673 1036 2168 1078 BBCHASTINATIONE

639 1132 899 1174 IIIPEIIIII
956 1130 1291 1180 CAPBSSEMT
1326 1134 1340 1170 ἶ
1369 1132 1479 1171 ΝΑΙ
1509 1132 1613 1173 ουκ
1644 1130 1890 1171 JUSSIONE
1941 1132 2009 1171 ET
2038 1131 2169 1170 OPIJS

641 1224 902 1265 ΑδτΑιιΑ-ιι.
934 1208 1148 1263 Demum
1172 1209 1242 1262 ad
1267 1209 1368 1263 ista
1398 1208 1523 1280 (col.
1557 1209 1681 1271 757.
1715 1226 1769 1262 η.
1799 1206 1892 1279 97)
1924 1226 1936 1259 :
1962 1223 2031 1262 ur
2061 1223 2169 1263 cmi

640 1318 803 1360 OINIA
840 1316 1083 1358 JUSSIONE
1138 1314 1327 1356 PATRIS
1379 1316 1625 1357 SEBIONB
1662 1315 2005 1366 OBSEQUENTE
2034 1315 2167 1356 FOR-

645 1409 790 1451 ΙΔΤΔ
820 1407 963 1449 ειη-ι’.

643 1541 696 1595 1.
730 1542 869 1596 Ante
920 1539 1179 1595 Hilarium
1230 1537 1405 1605 multi,
1444 1537 1570 1593 alibi
1617 1537 1853 1593 Hilarius
1881 1537 2016 1608 ipse,
2049 1543 2173 1606 post

572 1631 837 1689 Hilarium
867 1631 1050 1689 itidem
1079 1632 1230 1686 mulli
1261 1638 1354 1684 aut
1379 1629 1674 1700 ipsissima,
1720 1640 1815 1684 aut
1843 1638 1992 1685 certe
2019 1625 2168 1681 afﬁni

2269 429 2553 493 mandavit.
2586 440 2634 485 et
2655 440 2826 485 creata
2853 441 2994 485 sunt.
3032 431 3088 489 Si
3119 433 3267 488 enim
3296 432 3443 488 Deus
3466 434 3652 504 jussit,
3685 446 3738 491 et
3783 453 3857 494 res

2270 531 2466 577 creata:
2494 531 2657 577 sunt:
2689 537 2849 593 quem
2879 522 3030 593 juxta
3057 534 3293 581 mentem
3318 524 3629 597 prapbetici
3653 529 3857 597 spiritus

2271 615 2580 685 putabimus
2626 618 2733 672 tale
2779 616 2955 672 Patris
3004 617 3289 688 imperium
3334 621 3562 688 exsequi
3614 621 3856 691 potuisse,

2269 716 2467 776 praeter
2498 723 2644 772 eum,
2676 708 2767 778 qui
2796 707 3029 764 Verbum
3058 719 3162 778 est,
3191 718 3252 764 ut
3297 712 3370 766 ita
3410 710 3622 782 loquar,
3666 713 3861 770 anima-

2271 808 2407 866 lum,
2440 810 2495 855 et
2529 800 2779 856 Veritas?
2814 821 2832 855 ι

2340 894 2396 973 Ii.
2425 894 2603 963 Quid?
2650 895 2793 966 quod
2844 910 2938 951 sex
2974 897 3050 952 illi
3092 898 3371 967 EpisCOpi,
3423 901 3517 971 qui
3546 900 3615 956 ad
3643 900 3862 957 Paulum

2269 985 2708 1051 Samosatenum,
2757 995 3050 1059 antequam
3101 991 3153 1045 in
3217 991 3468 1047 ordinem
3517 993 3864 1064 redigeretur,

2271 1078 2634 1144 scripserunt.
2663 1082 2803 1135 inter
2852 1090 3068 1148 caetera,
3116 1099 3237 1153 quae
3266 1084 3332 1139 ad
3361 1099 3486 1139 eum
3519 1084 3863 1143 refellendum

2271 1170 2522 1238 afferunt,
2588 1171 2692 1227 hoc
2737 1174 3151 1243 exin-essissime
3196 1175 3344 1230 aiunt
3396 1178 3493 1247 (ὁ),
3539 1195 3561 1228 t
3599 1177 3786 1234 Filium
3815 1181 3864 1235 in

2269 1265 2607 1335 procreanda
2634 1266 2837 1321 mundo
2878 1277 3154 1336 paternam
3184 1269 3493 1337 implevisse
3521 1272 3862 1337 voluntatem,

2275 1358 2455 1429 eique,
2489 1368 2547 1414 ut
2576 1358 2626 1412 id
2657 1360 2878 1423 faceret,
2911 1363 3234 1431 praecepisse
3262 1362 3499 1418 Patrem.
3553 1384 3573 1417 ι

2346 1452 2395 1507 7.
2434 1451 2669 1508 Hilarius
2720 1469 2936 1524 quoque
2985 1471 3127 1521 eam,
3179 1472 3342 1527 quam
3374 1469 3535 1514 antea
3584 1459 3712 1526 dixi,
3754 1462 3862 1518 dis-

2274 1541 2584 1598 tinctionem
2634 1542 2731 1599 Dei
2767 1546 3014 1615 jubentis,
3069 1555 3125 1601 et
3170 1546 3265 1602 Det
3292 1550 3532 1619 facientis
3566 1551 3679 1622 (seu
3721 1571 3860 1609 exse-

2271 1636 2501 1709 quentis)
2546 1639 2719 1709 palam
2771 1641 3054 1710 approbat,
3087 1641 3215 1697 dum
3267 1642 3383 1699 hare
3413 1644 3487 1698 ait
3544 1645 3655 1716 (lib.
3708 1663 3756 1702 tv
3797 1649 3862 1705 de

567 1726 744 1794 aliqua
790 1725 1060 1780 locutione
1110 1723 1189 1777 nsi
1238 1732 1386 1789 sunt,
1414 1722 1493 1777 sic
1525 1730 1582 1777 nt
1624 1722 1911 1791 diSplicere
1951 1720 2164 1775 Lectori

2282 1731 2561 1801 I‘rinitate,
2601 1751 2653 1787 n.
2698 1733 2789 1804 16)
2825 1751 2837 1788 :
2884 1753 2900 1787 ι
2937 1735 3043 1793 Sed
3079 1737 3376 1807 videamus,
3410 1738 3464 1793 in
3503 1756 3663 1809 quem
3696 1743 3863 1810 proie-

566 1819 752 1889 utique
802 1833 905 1871 non
956 1815 1122 1886 possit
1171 1814 1430 1886 Epist-ila:
1470 1825 1669 1870 nostra:
1695 1826 1904 1879 auctor,
1933 1812 2074 1884 quod
2104 1827 2164 1866 ea

566 1925 697 1964 usus
725 1909 815 1963 sit.
846 1907 950 1963 Sed
982 1923 1050 1962 ne
1078 1917 1280 1962 temere
1309 1906 1425 1962 inec
1468 1904 1671 1961 dixisse
1713 1905 1919 1971 videar,
1973 1920 2164 1960 eorum

567 2001 682 2056 100a
732 2000 819 2055 hic
864 1999 1112 2069 subjicio,
1159 1999 1274 2071 qui,
1323 1999 1396 2052 uti
1445 1997 1580 2061 dixi,
1616 1998 2025 2067 autipsissima,
2076 2003 2172 2051 aut

568 2100 717 2148 certe
744 2091 894 2146 afﬁni
940 2091 1117 2162 aliqua
1168 2090 1443 2146 locutione
1472 2089 1551 2144 usi
1580 2099 1726 2145 sunt.
1771 2088 1942 2144 Porro
1972 2088 2038 2143 ad
2069 2092 2168 2143 tria

568 2183 741 2252 capita
770 2198 862 2237 eas
913 2182 1215 2238 locutiones
1265 2197 1481 2238 revoco.
1536 2181 1775 2236 Primum
1824 2181 2033 2237 scilicet
2075 2195 2171 2237 eos

569 2275 959 2344 complectetur
979 2282 1191 2329 veteres
1211 2272 1421 2336 Patres.
1445 2275 1533 2343 qui
1562 2272 1974 2343 expressissime
1996 2277 2167 2342 aiunt,

557 2367 780 2441 jussisse
821 2365 1049 2421 Patrem.
1092 2364 1427 2432 Secundum,
1485 2364 1714 2421 obedisse
1761 2363 1980 2420 Filium.
2032 2365 2166 2422 Ter-

572 2459 731 2523 tium,
787 2457 1131 2512 ministerium
1175 2456 1417 2525 aliquod,
1470 2458 1864 2528 qualecumque
1914 2458 1987 2512 sit
2016 2457 2168 2524 illud,

567 2549 714 2604 Patri
763 2547 1058 2620 praebuisse
1103 2547 1295 2602 Filium
1330 2564 1343 2601 :
1377 2557 1539 2618 atque
1575 2546 1692 2604 haec
1718 2548 1936 2619 quidem
1965 2547 2169 2613 omnia,

569 2651 861 2717 antequam
907 2655 1126 2696 carnem
1181 2650 1506 2695 assumeret.
1540 2639 1635 2695 His
1684 2640 1967 2700 reCensitis
1997 2639 2169 2709 subji-

570 2733 779 2789 ciemus
807 2742 1013 2802 postea,
1042 2731 1168 2803 quid
1197 2731 1267 2787 de
1293 2730 1506 2798 harum,
1547 2742 1602 2787 et
1651 2732 1893 2787 afﬁnimn
1944 2732 2174 2788 locutio-

569 2839 698 2879 num
730 2823 1124 2895 signiﬁcatione
1155 2822 1443 2879 dicendum
1470 2825 1561 2878 sit.

642 2919 699 2973 2.
728 2918 807 2973 Ad
841 2919 1070 2989 primum
1099 2929 1259 2988 caput
1287 2917 1403 2972 haec
1448 2916 1738 2988 pertinent.
1789 2916 2023 2972 Irenaeus
2052 2914 2168 2989 (lib.

567 3025 621 3065 tv
643 3051 656 3076 ,
682 3026 801 3081 cap.
829 3008 953 3064 olim
984 3010 1069 3072 15.
1098 3026 1234 3063 nunc
1282 3009 1372 3076 58,
1403 3025 1457 3063 n.
1489 3010 1547 3078 5)
1595 3009 1711 3065 tunc
1759 3010 1951 3064 litteris
1996 3009 2174 3063 consi-

2271 1834 2416 1880 ctum
2431 1825 2546 1881 haec
2558 1826 2833 1883 distinctio
2841 1827 3080 1898 jubentis
3097 1828 3210 1896 Dei,
3227 1842 3276 1885 et
3294 1830 3824 1903 facientisaugeatur.
3838 1854 3854 1887 ι

2341 1920 2394 1977 8.
2447 1920 2777 1977 Novatianus
2825 1924 2895 1991 (si
2926 1923 2970 1977 is
3008 1933 3092 1979 est
3129 1933 3316 1979 auctor
3345 1924 3471 1980 libri
3502 1925 3571 1980 de
3598 1926 3858 1989 Trinitate.

2271 2013 2361 2084 qui
2388 2012 2703 2068 Tertulliani
2733 2014 2884 2068 libris
2904 2013 3255 2087 adjungitur);
3279 2014 3859 2088 Novatiannsjnqnsnn,

2272 2105 2327 2161 in
2359 2106 2958 2162 eamdemsententiam
3007 2109 3122 2163 haec
3155 2109 3232 2163 ait
3259 2107 3402 2182 (cap.
3429 2108 3528 2182 25)
3568 2130 3581 2164 :
3613 2129 3632 2162 ι
3665 2112 3861 2184 Moyses

2271 2205 2451 2253 autem
2482 2199 2776 2255 introducit
2816 2200 3218 2270 priecipientem
3255 2201 3448 2271 Deum,
3479 2211 3541 2258 ut
3568 2203 3659 2259 lux
3701 2204 3787 2258 fiat
3812 2207 3859 2258 in

2275 2292 2486 2361 primis,
2534 2292 2731 2348 coelum
2776 2292 3040 2358 ﬁrmetur,
3080 2308 3236 2364 aquae
3263 2308 3683 2366 coiigregentur,
3723 2297 3859 2352 arida

2273 2382 2652 2451 03tendantur,
2686 2383 2891 2439 fruetus
2921 2384 3216 2441 Secundum
3257 2387 3465 2442 semina
3495 2399 3856 2457 proruet-nim,

2272 2476 2524 2531 animalia
2551 2478 2939 2547 producantur,
2970 2479 3253 2535 luminaria
3283 2481 3333 2536 in
3362 2482 3506 2538 caelo
3530 2497 3691 2555 atque
3726 2495 3857 2538 astra

2277 2577 2563 2637 ponantur.
2594 2586 2697 2625 non
2725 2571 2889 2626 alium
2921 2571 3159 2628 ostendit
3195 2581 3322 2627 tunc
3361 2573 3601 2629 adfuisse
3628 2575 3750 2641 Deo,
3779 2578 3859 2631 cui

2275 2666 2700 2735 prmciperentur
2729 2665 2843 2721 lucc
2871 2682 3058 2735 opera,
3101 2677 3157 2722 ut
3202 2668 3418 2734 ﬁerent,
3457 2667 3565 2724 nisi
3606 2685 3743 2736 cum,
3773 2686 3859 2737 per

2274 2772 2435 2827 quem
2466 2757 2600 2813 facta
2628 2769 2754 2814 sunt
2783 2760 2984 2827 omnia,
3013 2767 3070 2815 et
3093 2761 3214 2816 sine
3243 2774 3354 2831 quo
3385 2760 3585 2816 factum
3616 2772 3697 2818 est
3715 2763 3853 2817 nihil.

2277 2850 2354 2903 Ac
2421 2849 2467 2904 si
2519 2848 2607 2905 hic
2663 2850 2896 2906 Verbum
2965 2850 3057 2906 Dei
3116 2860 3241 2918 est,
3299 2868 3421 2907 nam
3483 2856 3725 2908 eructarit
3773 2872 3855 2909 car

2277 2956 2444 2994 meum
2496 2941 2704 2995 verbum
2748 2942 2964 3010 bonum,
3020 2944 3257 2999 ostendit
3314 2945 3366 2998 in
3436 2945 3698 3017 principio
3741 2945 3859 3001 Ver-

2279 3032 2404 3088 bum
2447 3034 2633 3100 fuisse,
2688 3045 2743 3091 et
2798 3036 3035 3094 Verbum
3091 3038 3192 3094 IlOC
3244 3039 3387 3109 apud
3441 3040 3653 3096 Patrem
3685 3039 3850 3103 fuisse,

566 3117 725 3176 gnata
755 3104 1003 3176 reliquit:
1034 3121 1053 3155 ι
1076 3102 1360 3167 Factus,et
1375 3103 1670 3174 plasmatus
1688 3104 1848 3158 homo
1875 3102 2170 3158 secundum
2201 3127 2246 3191 C
2282 3127 2447 3182 "eum
2492 3137 2753 3198 prwlerea
2798 3129 3035 3184 verbum
3086 3130 3251 3186 fuisse
3343 3132 3525 3187 omnia
3572 3148 3668 3202 per
3700 3133 3853 3202 ipsum

568 3199 881 3270 imaginem,
909 3207 965 3255 et
991 3198 1399 3255 similitudinem
1430 3197 1779 3255 constituitur
1808 3200 1989 3255 infecti
2024 3199 2119 3254 Dei
2154 3216 2168 3253 :

568 3293 730 3348 Patre
755 3291 972 3363 quidem
998 3293 1142 3349 bene
1163 3293 1453 3359 sentiente,
1481 3301 1537 3348 et
1559 3292 1784 3364 jubente
1814 3312 1826 3347 :
1860 3292 1997 3348 Filio
2040 3308 2171 3348 vero

568 3388 932 3453 miniStrante,
965 3396 1019 3443 et
1062 3386 1353 3453 formante,
1401 3385 1603 3457 Spiritu
1630 3402 1759 3443 vero
1784 3386 2084 3453 nutriente,
2116 3394 2171 3442 et

567 3489 823 3553 augente.
864 3498 884 3534 ι

637 3577 691 3630 5.
726 3572 1043 3645 Hippolytus
1068 3587 1283 3646 quoque
1311 3570 1466 3627 valde
1509 3582 1755 3629 vetustus
1796 3572 2030 3644 scriptor
2077 3574 2167 3649 (In

567 3666 695 3723 libro
720 3678 897 3722 contra
929 3664 1137 3739 Noet.),
1164 3664 1265 3720 Dei
1290 3665 1540 3739 jubentis,
1574 3676 1621 3721 et
1667 3665 1767 3721 Dei
1792 3668 2028 3738 facientis
2073 3685 2159 3725 exv

566 3761 968 3830 pressissimam
1001 3759 1332 3815 mentionem
1362 3757 1510 3814 facit.

637 3864 693 3909 4.
731 3852 1101 3908 Tertullianus
1146 3852 1395 3907 similiter
1444 3850 1710 3923 (adversus
1740 3851 1997 3909 Praxeam
2044 3870 2161 3925 cap.

568 3944 660 4018 12)
690 3963 703 4000 :
738 3943 849 4000 Etsi
896 3941 1193 4018 (inquiens)
1243 3944 1429 4016 ubique
1458 3956 1601 4000 teneo
1630 3963 1783 4000 unam
1825 3947 2167 4001 substantiam

565 4039 619 4095 in
648 4039 811 4095 tribus
837 4038 1231 4107 continentibus,
1276 4047 1444 4094 tamen
1491 4039 1652 4094 alium
1679 4041 1847 4094 dicam
1877 4051 2077 4108 Oportet
2103 4058 2167 4095 ea:

566 4133 865 4188 necessitate
892 4148 1094 4198 sensus,
1125 4147 1243 4185 eum
1270 4132 1359 4203 qui
1376 4133 1544 4203 jubet,
1573 4144 1620 4186 et
1650 4150 1762 4187 eum
1789 4134 1879 4205 qui
1905 4134 2055 4205 facit.

632 4223 688 4278 5.
740 4224 795 4279 Id
844 4227 1021 4293 ipsum
1055 4224 1283 4280 traditur
1314 4225 1383 4278 ab
1413 4225 1680 4296 Origene;
1724 4229 1923 4297 quippe
1962 4225 2009 4281 is
2053 4241 2162 4281 non

563 4321 727 4377 modo
771 4319 937 4375 Deum
967 4320 1255 4391 jubentem,
1304 4331 1357 4377 et
1392 4320 1553 4377 Deum
1594 4322 1865 4393 facientem
1895 4332 2162 4379 memorat

566 4414 713 4489 (tom.
745 4416 856 4471 uin
878 4414 1035 4469 Joan.
1078 4433 1197 4488 pag.
1233 4414 1297 4471 61
1349 4416 1473 4470 edit.
1515 4415 1731 4488 Huctii),
1771 4432 1959 4472 verum
1994 4418 2158 4472 etiam

2278 3221 2415 3276 facta
2442 3236 2563 3276 esse
2594 3240 2606 3275 :
2657 3222 2751 3277 sed
2797 3223 2940 3278 enim
2990 3223 3095 3280 hoc
3149 3224 3369 3280 Verbum
3397 3225 3529 3282 Caro
3560 3229 3748 3299 factum
3772 3238 3852 3293 est,

2275 3323 2323 3367 et
2376 3314 2625 3369 habitavit
2678 3316 2733 3369 in
2786 3316 2955 3383 nobis,
3007 3315 3259 3372 Christus
3298 3319 3508 3374 scilicet
3559 3320 3699 3375 ﬁlius
3748 3320 3853 3385 Dei,

2272 3420 2433 3475 quem
2465 3407 2591 3460 dum
2634 3417 2687 3461 et
2734 3409 3075 3475 postmodum
3108 3408 3403 3465 secundum
3452 3427 3670 3467 carnem
3698 3410 3854 3466 homi-

2274 3511 2396 3551 nem
2453 3497 2774 3568 accipimus,
2827 3508 2884 3555 et
2929 3509 3055 3556 ante
3102 3502 3282 3556 Mundi
3334 3502 3725 3560 institutionem
3771 3502 3852 3559 Dei

2272 3589 2532 3656 Verbum,
2564 3602 2618 3648 et
2649 3592 2819 3647 Demn
2847 3593 3117 3661 videmus,
3150 3604 3287 3651 εις.»

2344 3682 2400 3738 9.
2437 3681 2671 3754 Cyrillus
2702 3683 3228 3757 llierusolymitanus
3256 3685 3441 3741 Hilarii
3475 3688 3725 3758 aequalis,
3754 3688 3850 3744 for-

2271 3787 2415 3833 tasse
2438 3778 2597 3832 etiam
2629 3794 2694 3832 eo
2725 3779 3027 3851 antiquior,
3059 3798 3077 3831 ‹
3114 3779 3327 3836 Patrem
3358 3782 3706 3839 mandantem
3732 3783 3853 3840 Filio

2269 3871 2624 3936 creationem,
2661 3872 2846 3943 illique
2887 3872 3387 3931 subministrantem
3416 3890 3602 3932 rerum
3631 3875 3849 3932 efﬁcien-

2267 3963 2456 4019 darum
2501 3965 2811 4032 exemplar;
2845 3964 3014 4021 ﬁlium
3071 3981 3202 4021 vero
3228 3978 3643 4036 exsequentem,
3685 3985 3853 4023 crean-

2267 4066 2483 4127 temqne
2514 4070 2601 4112 res
2628 4056 2694 4111 ad
2717 4057 3019 4127 exemplar,
3048 4058 3190 4128 quod
3238 4073 3268 4112 a
3318 4058 3481 4114 Patre
3532 4059 3801 4124 hat-uerat,
3829 4078 3845 4111 ι

2267 4148 2575 4204 describere
2598 4150 2820 4204 minime
2848 4150 3057 4206 dubitat
3082 4149 3355 4222 (Cathccli.
3398 4168 3473 4219 ιι,
3505 4170 3558 4207 n.
3591 4153 3663 4208 22
3685 4153 3845 4219 (εἰς).

2344 4242 2432 4296 10.
2491 4241 2716 4296 Basilius
2760 4240 3006 4313 Magnus,
3039 4241 3224 4297 Hilarii
3265 4242 3378 4299 fere
3419 4244 3669 4315 aequalis,
3722 4260 3849 4298 matt-

2266 4336 2473 4390 dantem
2504 4335 2623 4408 (seu
2656 4335 3037 4408 imperantem)
3073 4337 3376 4406 Dominum,
3399 4350 3454 4395 et
3478 4340 3780 4419 δημιοῦρ-γον
3803 4344 3848 4398 τό

2263 4429 2427 4503 λόγον,
2483 4443 2579 4484 seu
2619 4421 2824 4484 verbum
2881 4431 3100 4501 efﬁciens
3149 4447 3447 4502 agnoscere
3497 4449 3606 4490 non
3658 4443 3851 4490 veretur

563 4508 819 4579 haecipsa
844 4507 1004 4564 docet
1030 4509 1104 4579 (α)
1138 4525 1150 4561 :
1188 4527 1207 4560 ι
1264 4506 1570 4563 Asserimns
1618 4508 1786 4573 enim,
1838 4507 2052 4563 Patrem
2102 4510 2153 4563 in
2182 4518 2238 4580 1)
2263 4521 2375 4594 (mh
2420 4537 2439 4575 ι
2462 4520 2527 4576 de
2554 4520 2759 4594 spirim
2785 4533 2981 4590 ,ςαηειο⁹
3009 4524 3247 4594 canto).

561 4601 835 4658 creatione
861 4616 892 4655 a
920 4600 1105 4673 Moyse
1135 4600 1408 4671 descripta
1431 4599 1675 4671 jubendo
1700 4600 1773 4653 illi
1802 4599 2026 4667 dixisse,
2069 4599 2162 4669 ﬁat

562 4694 674 4761 tum,
722 4702 777 4748 et
822 4692 915 4764 fiat
944 4693 1345 4762 ﬁrmamentum,
1389 4701 1443 4747 et
1471 4706 1826 4763 qumcnmque
1867 4691 2008 4747 Deus
2056 4691 2160 4747 alia

560 4790 681 4847 ﬁeri
707 4792 992 4863 imperavit
1020 4808 1034 4844 :
1066 4790 1243 4846 eidem
1285 4788 1360 4844 illi
1391 4787 1593 4844 dixisse
1621 4804 1633 4841 :
1671 4786 1951 4842 Faciamus
1991 4787 2160 4842 homi-

559 4903 677 4942 nem
712 4887 780 4941 ad
805 4886 1102 4957 imaginem,
1151 4894 1198 4939 et
1239 4882 1631 4937 similitudinem
1692 4893 1923 4937 nostram
1951 4899 1970 4937 :
2019 4881 2155 4939 Ver-

557 4978 688 5036 bum
731 4987 934 5043 autem,
974 4985 1034 5031 ut
1075 4976 1284 5047 jussnm
1327 4976 1406 5030 illi
1449 4976 1644 5040 fuerat,
1706 4974 1901 5030 fecisse
1947 4975 2150 5043 omnia,

558 5087 680 5144 qua:
719 5071 871 5127 illum
896 5069 1060 5126 Pater
1090 5068 1269 5125 facere
1313 5068 1489 5138 jussit.
1537 5069 1714 5138 Atque
1754 5068 1871 5122 haec
1921 5067 2157 5123 diximus

559 5179 667 5219 non
695 5164 847 5235 quasi
875 5162 1184 5232 conjectura
1209 5160 1360 5227 dicti,
1387 5159 1482 5216 sed
1505 5160 1749 5231 ipsismet
1773 5162 2154 5232 prophetarum

556 5256 884 5313 testimoniis
910 5255 1074 5312 etiam
1113 5253 1255 5325 apud
1284 5252 1503 5310 Judteos
1534 5255 1765 5325 receptis
1814 5254 2059 5323 nitimur,
2101 5256 2154 5311 in

555 5353 754 5423 quibus
773 5350 842 5406 de
870 5349 1001 5413 Deo,
1031 5350 1303 5420 rebusque
1331 5348 1400 5405 ab
1431 5349 1525 5405 illo
1554 5350 1792 5406 conditis
1818 5349 1937 5405 haec
1966 5349 2155 5405 dicun-

559 5483 1307 5630 wgf):0£;:l?e$:ult:ll‘i‘bé
1334 5503 1396 5553 ll,
1428 5503 1483 5542 n.
1537 5487 1591 5556 9,
1647 5504 1769 5562 pag.
1821 5488 1929 5546 595
1970 5490 2101 5546 tomi
2134 5508 2153 5546 ι

563 5627 920 5753 86{lti)"l‘om.
969 5644 989 5684 ι
1032 5627 1165 5685 edit.
1210 5629 1400 5688 Venet.
1453 5627 1745 5689 Concilior.
1780 5632 1979 5691 Labbei
2027 5649 2150 5708 pag.

2344 4614 2429 4669 11.
2462 4613 2661 4670 Marius
2694 4615 3025 4685 Victorinus,
3055 4633 3171 4682 seu,
3204 4628 3262 4674 ut
3287 4619 3380 4675 alii
3415 4621 3711 4692 appellant,
3759 4621 3849 4676 Fa-

2268 4705 2389 4762 bius
2437 4708 2641 4763 marins
2675 4708 2879 4778 Victor,
2912 4709 3101 4766 eadem
3147 4721 3308 4767 aetate
3357 4712 3559 4769 vixisse
3608 4713 3844 4770 creditur.

2268 4798 2439 4870 Hujus
2469 4815 2631 4871 porro
2675 4801 2971 4873 Scriptor-is
3002 4802 3054 4858 in
3104 4818 3215 4859 rem
3248 4813 3490 4860 nostram
3520 4805 3639 4862 base
3667 4806 3846 4863 monita

2269 4890 2340 4965 (c)
2367 4894 2595 4966 allegata
2627 4894 2733 4950 vidi
2760 4912 2773 4948 :

2355 5051 2447 5119 Qui
2473 5050 2733 5119 mandante
2757 5050 2866 5102 Deo
2882 5065 2996 5119 cum
3022 5050 3200 5116 plenus
3220 5059 3391 5105 mente
3417 5056 3643 5119 parentis

2355 5111 2511 5164 Filius
2530 5115 2845 5177 omnipotens
2877 5111 3083 5166 faceret.

2336 5260 2425 5315 1‘2.
2456 5259 2791 5331 Augustinus
2838 5260 3017 5318 eidem
3034 5262 3305 5321 .Iocutioui
3337 5263 3524 5322 favere
3572 5266 3721 5322 visus
3754 5274 3839 5328 est,

2262 5366 2383 5407 cum
2429 5352 2544 5407 lucc
2589 5353 2666 5407 ait
2702 5352 2898 5424 (Serm.
2929 5352 3055 5418 140.
3086 5371 3139 5409 n.
3181 5353 3238 5428 6)
3275 5372 3290 5410 :
3324 5374 3344 5409 ι
3377 5355 3498 5413 Νοη
3540 5372 3570 5412 a
3621 5367 3843 5431 tempore

2334 5491 2407 5565 (c)
2441 5491 2515 5546 De
2541 5491 2744 5577 Herum
2764 5494 3072 5577 creatione.
3098 5493 3542 5577 Perqnisivi__diu
3574 5500 3752 5577 locum
3784 5502 3843 5577 is.

2266 5573 2747 5705 ἕ¹ἔ¹¹¹ξιῦ¹ξὲι⁶ιιὲ³¹ἓιῗι¹ἓι
2763 5564 3071 5706 miihi“
3083 5568 3552 5706 33313333352
3572 5572 3841 5702 ιὲιῖηῖἔίῗᾱ

2274 5651 2356 5701 H,
2387 5651 2587 5705 atttque
2623 5651 2747 5691 eum
2775 5651 3031 5710 allegant.
3083 5651 3215 5706 uuis
3242 5653 3404 5709 porro
3436 5651 3537 5698 nos
3572 5651 3772 5702 temere
3800 5651 3811 5699 i

2268 5707 2459 5764 fecisse
2485 5706 2732 5777 putabit?
