3978 6196
115 253 198 306 8H
833 254 898 309 ΙΝ
939 254 1193 313 HILARII
1235 256 1454 315 EPIST.
1494 256 1622 314 SEU
1663 256 1883 313 LIBEL.
1930 257 2387 318 DISSERTATIO
2425 261 2766 322 SECUNDA.

3270 276 3377 330 8i‘2

112 363 314 418 datum:
355 362 451 418 sed
484 363 790 420 mandatum
839 377 1059 427 natum..
1079 369 1365 438 Quomodo
1394 371 1540 427 enim
1572 387 1678 426 non
1707 373 1760 430 A
1788 370 2016 428 humana
2070 384 2257 430 natura
2306 387 2579 446 assumpta
2617 379 2799 442 habet,
2856 382 3104 453 accipiat,
3140 395 3380 455 potestav

111 464 182 509 est
227 453 532 508 mandatum
586 455 781 522 Patris,
837 459 980 528 quod
1009 469 1092 514 est
1136 461 1368 516 Verbum
1408 462 1619 516 Patris?
1655 483 1674 514 ι

114 544 295 600 Rursus
310 559 430 600 cum
452 545 571 601 hare
600 547 823 617 protulit
848 549 926 620 (a)
957 567 970 604 :
1000 569 1020 604 t
1047 550 1301 606 Formant
1325 553 1424 608 sibi
1443 553 1494 607 in
1513 555 1679 624 phan-

111 646 313 693 tasmate
337 637 520 694 cordis
551 640 631 694 sui
679 641 832 710 quasi
887 641 1028 698 duos
1075 645 1288 715 aliquos
1333 648 1486 717 quasi
1527 647 1680 716 juxta

111 729 336 796 invicem,
368 728 423 784 in
471 730 585 786 suis
625 741 802 788 tamen
833 732 970 788 locis
1000 737 1347 803 constitutos,
1397 753 1562 793 unum
1590 739 1680 809 ju-

111 823 323 888 bentem,
353 830 410 878 et
437 823 668 878 alterum
699 825 1165 895 obtemperantem
1197 847 1211 883 :
1241 845 1345 887 nec
1374 831 1681 903 intelligunt

114 915 259 984 ipsam
277 914 567 986 jussionem
605 914 800 984 Patris,
837 927 894 973 ut
923 918 1116 976 tierent
1162 922 1367 988 omnia,
1397 939 1506 978 non
1557 938 1679 980 esse

114 1008 196 1062 nisi
221 1007 448 1063 Verbum
478 1009 674 1076 Patris,
707 1026 803 1081 per
830 1013 975 1083 quod
1009 1015 1144 1070 facta
1174 1025 1300 1070 sunt
1329 1017 1531 1072 omnia.
1582 1037 1600 1070 ι

174 1100 252 1153 15.
304 1097 396 1153 llis
443 1091 772 1172 adjungendi
821 1112 949 1159 sunt
995 1106 1185 1162 Patres
1234 1107 1334 1173 illi,
1379 1110 1468 1178 qui
1513 1109 1677 1165 verba

116 1191 280 1260 psalmi
306 1207 502 1246 chvm
533 1193 600 1264 (tt.
635 1193 668 1248 5
696 1193 714 1260 )
747 1214 759 1248 :
793 1193 917 1266 Ipse
943 1198 1223 1263 mandavit,
1247 1208 1293 1253 et
1325 1212 1496 1254 creata
1535 1213 1675 1267 sunt,

115 1285 173 1338 ita
198 1293 483 1351 exponunt,
533 1294 590 1339 ut
619 1286 830 1343 Patrem
881 1289 1192 1346 describant
1223 1308 1401 1348 rerum
1442 1297 1676 1350 creatio-

115 1391 218 1431 nem
261 1375 388 1431 Ftlio
432 1379 876 1448 praecipientem;
929 1382 982 1438 in
1036 1400 1264 1454 quorum
1309 1403 1536 1443 numero
1567 1388 1676 1445 lre-

115 1483 243 1522 natus
268 1469 488 1534 eminet,
520 1470 675 1539 cujus
704 1471 819 1528 haec
847 1473 1130 1530 notissima
1159 1478 1397 1546 quidem,
1431 1479 1527 1536 sed
1555 1496 1677 1552 qua:

117 1568 269 1616 tamen
297 1559 497 1618 referre
528 1561 616 1618 hic
645 1563 845 1634 placet,
903 1568 1063 1624 verba
1095 1578 1224 1624 sunt
1246 1571 1358 1634 (lib.
1390 1588 1468 1636 ιιι,
1497 1590 1543 1626 c.
1573 1572 1632 1645 8)
1659 1592 1672 1628 :

114 1649 194 1704 Cui
238 1667 350 1722 ergo
402 1655 690 1726 praecepit?
739 1654 904 1712 Verbo
949 1659 1184 1728 scilicet,
1238 1678 1328 1727 per
1381 1663 1518 1732 quod
1565 1666 1677 1719 caeli

118 1743 284 1810 ﬁrmati
307 1757 445 1800 sunt.

179 1838 254 1892 14.
307 1838 564 1896 Irenteum
616 1853 917 1914 sequuntur
973 1845 1162 1903 Patres
1221 1849 1436 1905 concilii
1487 1851 1677 1908 Antio-

120 1928 251 1984 cheni
289 1929 454 2003 (Tom.
483 1950 500 1988 ι
531 1933 730 1990 Concil.
761 1935 952 1993 Labbei
983 1956 1103 2010 pag.
1145 1940 1277 2012 867)
1306 1953 1493 1998 contra
1541 1945 1679 2001 Pau-

123 2019 212 2074 lum
235 2021 637 2082 Samosatenum
668 2028 947 2096 celebrati,
980 2033 1307 2088 Athanasius
1336 2034 1427 2107 (In
1455 2036 1585 2092 libro
1616 2039 1679 2094 de

126 2112 317 2170 Decretis
339 2117 379 2184 ),
411 2118 646 2190 Cyrillus
677 2123 1073 2180 Alexandrinus
1098 2125 1213 2195 (lib.
1247 2142 1375 2182 χχιι
1405 2127 1674 2196 Thesauri,

123 2208 387 2280 1209.255).
419 2220 473 2266 et
505 2211 737 2284 Prosper
774 2215 868 2290 (In
915 2230 1186 2275 comment.
1227 2221 1282 2274 in
1329 2222 1498 2277 locum
1541 2224 1680 2280 hunc

125 2298 282 2367 psalmi
322 2317 513 2359 chvm
545 2324 560 2360 :
616 2306 733 2373 ipse
762 2309 1060 2378 mandavit,
1093 2322 1148 2367 et
1177 2324 1358 2370 creata
1382 2316 1552 2389 sunt).
1582 2318 1680 2375 At-

124 2403 208 2457 que
252 2391 400 2463 hujus
443 2396 662 2467 quidem
695 2402 953 2470 postremi
1000 2403 1194 2471 Patris,
1226 2414 1288 2461 ut
1317 2419 1443 2477 pote
1466 2409 1559 2480 qui
1589 2409 1679 2466 diu

127 2492 225 2548 post
251 2483 538 2551 Nieaennm.
569 2499 733 2558 atque
764 2492 900 2548 adeo
952 2505 1074 2564 post
1125 2496 1679 2569 Constantinopolita-

128 2585 230 2626 num
258 2577 533 2634 concilium
580 2580 736 2648 vixit,
785 2583 948 2640 verba
998 2585 1112 2654 ipsa
1160 2589 1362 2645 referre
1393 2590 1480 2646 hic
1507 2591 1677 2649 libet:

135 2664 309 2732 tQuod
335 2671 472 2726 enim
525 2673 671 2730 Deus
699 2675 850 2744 dicit,
888 2677 1062 2735 Verbo
1106 2680 1256 2737 dicit.
1306 2683 1372 2738 Et
1422 2684 1676 2753 Verbum,

126 2773 203 2828 per
227 2763 353 2832 quod
382 2764 518 2821 facta
553 2778 679 2822 sunt
705 2770 908 2840 omnia,
928 2772 1237 2831 mandatum
1267 2775 1498 2834 dicentis
1520 2794 1679 2836 exse-

128 2853 278 2919 quitur
303 2852 350 2924 (1
357 2855 569 2929 bidem).
607 2877 628 2912 ι

183 2943 262 2999 15.
287 2946 362 3002 Ad
387 2950 680 3008 secundum
704 2967 868 3022 porro
896 2965 1058 3026 caput
1085 2957 1162 3030 (id
1177 2967 1262 3014 est
1286 2960 1353 3015 ad
1374 2975 1438 3018 ea
1461 2961 1680 3018 Patrum

129 3031 242 3102 loca,
287 3037 336 3092 iu
377 3042 574 3110 quibus
615 3042 812 3101 dicitur
857 3047 1109 3104 obedisse
1155 3049 1347 3116 Filius,
1393 3062 1680 3125 antequam

1787 473 1890 518 tem
1924 467 2130 520 creandi
2159 477 2214 522 et
2259 469 2558 537 providendi
2588 485 3036 540 commemorant,
3066 492 3225 546 quam
3259 495 3382 548 pro-

1783 555 1871 609 cul
1921 556 2088 611 dubio
2121 559 2280 614 habet
2327 576 2392 616 ex
2425 572 2615 616 natura
2646 563 2848 629 divina,
2882 574 2937 620 et
2968 569 3019 621 in
3068 581 3261 625 natura
3298 573 3380 627 di-

1783 649 1926 711 vina,
1957 651 2176 706 minime
2207 667 2335 708 vero
2367 669 2431 708 ex
2463 654 2718 711 humana.
2775 657 2852 712 En
2884 675 3004 730 quae
3049 662 3119 717 ibi
3152 666 3376 721 tradun-

1783 749 1870 796 tur
1887 759 1928 795 ε(
1941 743 2303 814 Quzecumque
2316 758 2495 801 tamen
2511 755 2686 816 potest
2703 748 3042 824 (Diaconus),
3066 743 3378 814 moderetur

1782 850 1880 906 per
1907 851 2049 905 sese,
2113 846 2334 905 accepta
2361 839 2430 894 ab
2456 839 2721 910 Episcopo
2750 851 3038 912 potestate,
3066 846 3206 903 sicut
3223 849 3380 906 Chri-

1779 939 1898 986 etus
1949 941 2274 1001 pctestatem
2322 933 2563 1000 creandi,
2620 943 2675 989 et
2723 937 3038 1004 providendi
3097 945 3304 1012 accepit
3348 961 3375 998 a

1780 1019 1960 1076 Patre.
1996 1040 2015 1074 ι
2042 1021 2200 1087 Vide,
2246 1022 2496 1085 obsecro.
2540 1023 2808 1096 integrum
2839 1037 2997 1097 caput
3047 1030 3120 1087 26
3169 1033 3288 1088 libri
3337 1051 3374 1089 ιι

1782 1113 2093 1168 earumdem
2122 1114 2553 1168 Constitutionum
2580 1131 2599 1169 :
2627 1116 2678 1170 in
2721 1134 2826 1188 quo
2859 1120 3075 1188 quidem
3109 1122 3226 1178 loco
3258 1124 3373 1180 hzec

1779 1205 1920 1260 inter
1951 1214 2144 1261 caetera
2180 1207 2428 1276 leguntur
2460 1225 2474 1262 :
2519 1227 2536 1259 ‹
2579 1207 2943 1265 Diaconissam
2979 1225 3372 1281 reprmsentarc

1779 1299 2041 1368 Spiritum
2088 1300 2368 1367 Sanctum,
2428 1315 2547 1371 quae
2580 1301 2712 1356 nihil
2763 1303 2878 1358 sine
2927 1305 3162 1362 Diacono
3203 1309 3378 1365 facere

1777 1390 1996 1455 debeat,
2027 1399 2119 1446 aut
2147 1392 2316 1462 loqui,
2346 1409 2505 1462 quem
2536 1393 2603 1449 ad
2632 1395 2852 1450 modum
2880 1412 3054 1468 neque
3078 1400 3378 1458 Paraclitus

1780 1496 1809 1535 a
1840 1495 1898 1537 se
1937 1482 2055 1550 ipso
2085 1482 2288 1550 aliquid
2323 1483 2585 1553 loquitur,
2619 1497 2710 1540 aut
2762 1488 2906 1554 facit,
2955 1490 3052 1546 sed
3095 1491 3372 1551 Christum

1779 1573 2108 1644 glorificans,
2142 1576 2475 1632 voluntatem
2507 1578 2650 1633 illius
2679 1589 2975 1650 exspectat.

1853 1667 1942 1720 17.
1963 1668 2198 1723 Irenzeus
2225 1667 2362 1738 (Lib.
2397 1686 2469 1734 tv,
2489 1685 2540 1726 c.
2573 1671 2663 1737 l7;
2689 1673 2743 1726 in
2773 1675 3156 1744 novaeditione,
3181 1697 3296 1750 cap.
3321 1682 3376 1748 7,

1709 1754 1758 1814 B
1785 1775 1840 1812 η.
1874 1757 1933 1832 Al)
1964 1769 2144 1830 negat,
2178 1759 2346 1815 Deum
2375 1761 2592 1818 Patrem
2638 1764 2692 1818 in
2744 1765 2941 1820 Mundo
2977 1768 3262 1824 condendo
3296 1772 3381 1826 in-

1782 1851 2020 1922 diguisse
2049 1854 2376 1924 Angelorum
2404 1869 2603 1922 opera;
2633 1857 2832 1927 quippe
2863 1858 2938 1913 illi
2983 1863 3231 1932 egregius
3275 1865 3381 1920 mi-

1781 1942 1953 1999 nister
1978 1943 2217 1999 Verbum
2252 1955 2452 2014 praesto
2474 1956 2594 2001 est:
2634 1965 2652 1999 ι
2691 1949 2958 2005 ministrat
2985 1954 3149 2020 enim,
3184 1955 3377 2025 inquit,

1781 2034 1848 2089 ad
1878 2035 2060 2089 omnia
2105 2050 2198 2092 sua
2248 2038 2551 2108 progenies.
2583 2049 2636 2093 et
2683 2039 2931 2111 ﬁguratio
2959 2058 3077 2110 sua,
3129 2045 3180 2100 id
3213 2059 3296 2103 est
3319 2048 3382 2104 li-

1783 2125 1914 2193 lius,
1946 2135 2000 2181 et
2025 2127 2259 2195 Spiritus
2287 2129 2539 2198 Sanctus,
2578 2131 2836 2199 Verbum,
2865 2142 2921 2190 et
2949 2136 3234 2205 sapientia,
3263 2141 3385 2209 qui-

1781 2217 1884 2272 bus
1913 2219 2178 2283 serviunt,
2215 2229 2272 2274 et
2318 2222 2550 2290 subjecti
2582 2231 2710 2277 sunt
2745 2227 2968 2294 Angeli-
2997 2247 3014 2278 ι
3053 2228 3186 2283 Eum
3219 2231 3383 2287 etiam

1782 2309 1871 2366 hic
1891 2310 2070 2367 recole
2098 2311 2475 2385 locum,quem
2505 2331 2652 2370 num.
2684 2316 2721 2370 2
2747 2318 2971 2388 allegavi
3004 2339 3016 2372 :
3055 2321 3223 2379 «Filio
3252 2341 3382 2382 vero

1782 2403 2147 2469 ministrante,
2162 2421 2182 2456 ›
2210 2414 2314 2460 etc.

1859 2495 1946 2551 18.
1981 2495 2241 2552 Doctores
2271 2495 2370 2552 hos
2398 2497 2642 2568 sequitur
2670 2498 2736 2564 is,
2764 2500 2850 2554 cui
2891 2499 3150 2558 debemus
3180 2505 3375 2562 librum

1788 2586 1852 2641 de
1880 2586 2270 2653 lncarnatione,
2324 2589 2414 2659 qui
2466 2590 2606 2646 inter
2645 2590 2931 2661 Augustini
2963 2609 3127 2663 opera
3155 2606 3331 2652 existat
3363 2616 3375 2651 :

1782 2680 1982 2750 quippe
2013 2682 2086 2736 ait
2117 2681 2254 2750 (Lib.
2299 2697 2339 2747 ι,
2369 2698 2480 2752 cap.
2516 2681 2597 2752 2),
2637 2700 2656 2733 ι
2701 2683 2897 2738 Filium
2927 2685 2979 2739 in
3012 2688 3158 2742 omni
3189 2689 3383 2744 condi-

1782 2771 1933 2828 tione
1963 2772 2108 2828 Patri
2141 2773 2495 2841 ministrasse,
2531 2775 2655 2838 quia
2687 2789 2784 2845 per
2813 2778 2988 2846 ipsum
3017 2781 3197 2834 omnia
3241 2782 3381 2838 faeta

1783 2873 1929 2920 sunt.
1969 2884 1988 2918 ο
2026 2865 2081 2922 Si
2115 2865 2166 2920 in
2195 2866 2342 2920 omni
2370 2866 2681 2922 conditione
2706 2867 2851 2924 Patri
2892 2871 3238 2936 ministravit.
3284 2875 3383 2930 Pa-

1787 2956 1854 3010 tri
1888 2956 2050 3011 etiam
2081 2957 2410 3013 ministravit
2437 2957 2527 3012 diu
2564 2967 2852 3029 antequam
2883 2962 3271 3020 incarnaretur.

1858 3050 1945 3104 19.
1990 3049 2184 3105 Fateor
2227 3066 2411 3120 porro,
2443 3051 2695 3106 nonnulla
2730 3067 2798 3107 ex
2845 3054 2930 3118 iis,
2973 3070 3094 3125 qum
3126 3058 3381 3128 allegavi-

128 3128 262 3182 etiam
299 3129 586 3190 humanam
624 3151 846 3194 carnem
890 3141 1212 3214 assumeret)
1258 3144 1531 3214 pertinent
1571 3163 1678 3203 non
1706 3137 1752 3200 C
1785 3156 1926 3207 mus,
1958 3141 2099 3196 eludi
2132 3141 2362 3197 fortasse
2399 3157 2578 3212 posse,
2617 3144 2702 3198 vel
2753 3141 2798 3198 si
2843 3160 3066 3202 moneas
3104 3149 3382 3218 appositas

127 3233 265 3288 pauca
306 3240 505 3295 eorum,
557 3246 679 3300 quae
709 3233 872 3288 modo
916 3234 1220 3304 retulimus,
1259 3247 1422 3307 atque
1448 3253 1675 3310 expres-

127 3310 304 3371 sissime
335 3328 663 3386 postremum
714 3323 854 3378 istud
906 3324 1158 3394 Prnsperi
1193 3344 1206 3378 :
1242 3326 1551 3384 Mandatum
1600 3332 1680 3385 di-

128 3407 260 3459 cent-Ss
295 3414 611 3481 exsequitur;
638 3428 700 3469 ea
721 3431 935 3486 quoque
971 3432 1092 3487 quae
1132 3434 1200 3474 ex
1227 3421 1458 3476 concilio
1485 3425 1677 3479 Antio-

127 3494 272 3554 cheno
297 3503 552 3561 adversus
579 3505 802 3564 Paulum
833 3508 1247 3566 Samosatenum
1269 3515 1505 3570 excitata
1529 3525 1672 3572 sunt.

127 3587 252 3648 Adde
279 3595 676 3668 subsequentia.
713 3601 949 3658 Hilarius
1004 3615 1191 3660 monet
1229 3604 1348 3677 (Lib
1378 3621 1434 3660 tv
1465 3607 1529 3662 de
1553 3606 1677 3662 Tri-

128 3683 274 3740 nit.n.
305 3691 413 3763 16),
443 3692 640 3748 Filium
693 3695 748 3751 in
795 3697 1033 3752 creando
1079 3696 1280 3753 Mundo
1331 3699 1676 3757 obedientem

127 3771 260 3832 dictis
295 3779 381 3837 Dei
406 3783 633 3856 (Patris)
663 3788 953 3844 exstitisse.
984 3790 1159 3857 Atque
1185 3790 1240 3845 in
1268 3791 1518 3848 eumdem
1548 3808 1676 3848 sen-

129 3879 224 3922 sum
247 3870 527 3946 Gregorius
554 3876 925 3936 Nazianzenus
954 3879 1150 3952 (Carm.
1181 3899 1372 3938 arcano
1413 3899 1527 3950 Vlll,
1551 3901 1674 3956 pag.

128 3956 230 4024 171,
258 3963 306 4035 6)
354 3966 464 4025 hac
512 3971 628 4026 ait:
686 3990 705 4023 ι
741 3971 867 4027 Fuit
914 3973 1220 4044 aliquando,
1250 3991 1371 4031 cum
1421 3976 1674 4032 Mundum

129 4057 382 4125 constituit,
426 4079 684 4135 magnum
713 4065 912 4121 mentis
933 4065 1183 4130 Verbum
1228 4068 1536 4138 obsequens
1562 4051 1681 4124 ma:

129 4147 198 4214 gni
237 4149 394 4210 Patris
424 4157 614 4214 menti.
655 4176 675 4210 ι
731 4158 986 4215 Paulinus
1031 4158 1272 4216 Nolanus
1309 4161 1474 4217 etiam
1507 4159 1675 4234 (Poe-

130 4251 232 4299 mal.
259 4245 340 4308 52,
369 4266 416 4304 υ.
444 4249 540 4323 85)
573 4269 586 4305 :

205 4353 353 4411 Paruit
373 4362 453 4414 ille
477 4361 790 4429 (Unigettitus
811 4362 970 4418 Filius
990 4364 1083 4417 Dei
1102 4365 1306 4432 )libens
1321 4406 1336 4428 ,
1363 4367 1501 4420 Deus
1518 4369 1680 4418 omnia

1126 4431 1258 4492 [cum
1284 4431 1429 4481 Patre
1454 4443 1674 4492 concors,

310 4483 619 4540 Communem
643 4503 816 4540 curans
839 4505 946 4542 rem
971 4483 1156 4554 pietate
1180 4493 1302 4556 pari.

188 4606 262 4662 16.
291 4611 519 4673 Tertium
548 4627 708 4688 caput
736 4619 836 4673 ista
889 4620 1284 4690 complectitur.
1318 4619 1674 4676 Ministerium

132 4693 266 4755 divini
292 4702 444 4762 Verbi
472 4725 502 4764 a
551 4710 711 4766 Patre
754 4720 1051 4782 acceptum,
1108 4711 1338 4782 ideoque
1387 4711 1529 4782 quod
1562 4726 1678 4768 nte—

131 4788 214 4844 rito
259 4796 506 4856 referatur
551 4803 617 4857 ad
673 4803 922 4859 eumdem
992 4803 1228 4869 Patrem,
1279 4803 1448 4858 veluti
1486 4819 1674 4859 verum

130 4894 364 4946 auctorem
393 4895 629 4963 ejusdem
669 4896 976 4965 ministerii,
1019 4897 1432 4968 expressissime
1478 4897 1678 4954 docent

131 4971 505 5056 Constitutiones,
531 5005 665 5060 quas
692 4991 1014 5062 Apostolicas
1039 4991 1313 5060 appellant
1341 4989 1503 5061 (Vide
1523 4989 1675 5046 Cote-

133 5065 223 5122 lerii
256 5081 590 5149 ρτωῖαιξοηειη
620 5083 674 5137 in
701 5082 800 5138 bas
827 5084 1301 5154 constitutiones);
1354 5085 1552 5154 quippe
1607 5100 1672 5142 ea

132 5160 442 5228 similitudine
506 5175 776 5231 interdum
832 5185 1072 5236 utuntur.
1129 5192 1249 5247 quae
1301 5176 1676 5234 defensoribus

131 5261 666 5324 consubstantialitatis
692 5268 857 5324 Verbi
884 5270 1038 5324 Valde
1064 5284 1258 5338 aspera
1279 5271 1390 5324 visa
1421 5277 1524 5324 est.
1561 5268 1677 5324 Sci-

133 5343 238 5405 licet
273 5354 476 5427 docent,
533 5381 551 5416 ‹
586 5363 884 5419 Diaconum
923 5364 1131 5420 referre
1177 5364 1374 5421 debere
1399 5365 1578 5419 omnia
1607 5363 1676 5419 ad

133 5434 446 5522 Episcopum,
473 5455 608 5512 sicut
629 5452 880 5514 Christus
907 5456 1075 5513 refert
1094 5457 1274 5512 omnia
1303 5457 1369 5511 ad
1400 5457 1670 5512 Patrem.»

133 5528 187 5587 Et
208 5552 268 5595 ne
285 5544 395 5612 quis
419 5562 479 5604 ea
503 5549 644 5607 dicta
687 5550 758 5608 de
793 5559 1084 5624 potestate,
1131 5566 1289 5624 quam
1321 5549 1570 5608 Christus
1621 5552 1675 5608 in

1781 3233 1882 3297 eis,
1911 3249 2047 3303 quos
2075 3233 2452 3298 excitavimus,
2481 3234 2748 3300 Patribus,
2773 3237 3077 3305 asperiores
3121 3240 3218 3293 has
3241 3241 3387 3296 locu-

1783 3327 1959 3382 tiones
1991 3343 2007 3382 :
2033 3327 2230 3382 etenim
2261 3341 2427 3382 voces
2459 3327 2579 3393 has,
2596 3327 2814 3401 jubente
2855 3329 3028 3397 Patre,
3064 3349 3090 3385 a
3121 3333 3386 3403 probatis-

1783 3419 1936 3474 simis
1953 3417 2461 3484 lrenzeicodicibus,
2491 3418 2687 3488 quibus
2729 3420 3006 3487 Erasmus,
3053 3423 3254 3494 aliique
3293 3441 3385 3482 ve-

1783 3512 2038 3567 tustiores
2069 3511 2255 3567 [renati
2297 3512 2536 3567 editores
2561 3513 2641 3566 usi
2684 3521 2832 3579 sunt,
2866 3515 3058 3571 abesse
3084 3517 3241 3574 docet
3270 3519 3380 3575 Re-

1782 3610 1938 3657 natus
1965 3602 2218 3669 Massnet,
2260 3607 2345 3658 cui
2395 3603 2654 3659 debemus
2682 3614 3008 3674 postremam
3040 3607 3230 3664 lrena-i
3261 3611 3382 3664 edi-

1783 3696 2018 3767 tionem(
2039 3697 2332 3767 etjubente
2349 3697 2530 3752 desunt
2556 3698 2611 3751 in
2663 3697 2866 3753 Erasm.
2893 3711 2939 3754 et
2959 3699 3102 3755 Gall.
3135 3702 3155 3773 (
3180 3721 3233 3773 p.
3274 3702 3385 3759 285

1783 3796 1950 3843 lom.1
1994 3791 2118 3844 edit.
2143 3789 2390 3861 Venetae).
2413 3791 2850 3862 Desnntquoque
2871 3793 2924 3848 in
2957 3794 3196 3852 editione
3247 3799 3381 3853 Am-

1783 3881 2169 3937 stelodamensi
2197 3882 2326 3936 anni
2350 3881 2490 3936 1724
2503 3882 2932 3940 Constitutionum
2948 3887 2991 3940 Α
2997 3891 3380 3960 postolicarum,

1782 3989 1903 4045 qua:
1915 3974 1982 4030 de
2012 3983 2278 4044 potestate
2305 3977 2534 4041 creandi,
2561 3987 2618 4034 et
2638 3981 2975 4034 conservandi
3003 3997 3068 4038 ex
3113 3987 3386 4045 nonnullis

1782 4067 2167 4123 vetustioribus
2214 4066 2543 4122 editionibus
2577 4069 2787 4136 objecta
2823 4081 2967 4125 sunt.
3012 4072 3107 4128 Vel
3132 4077 3292 4131 etiam
3333 4081 3379 4134 si

1782 4175 2026 4227 moneas,
2056 4175 2266 4217 summo
2288 4160 2341 4214 in
2364 4161 2538 4230 pretio
2562 4175 2668 4215 non
2693 4160 2976 4218 habendos
2995 4179 3092 4220 eos
3147 4182 3336 4226 omnes
3360 4213 3377 4237 ,

1782 4269 1920 4324 quos
1946 4251 2298 4318 adduximus,
2345 4252 2623 4317 Doctores,
2651 4251 2788 4307 adeo
2812 4254 2957 4309 utab
2977 4269 3163 4312 eorum
3191 4271 3380 4317 aucto-

1781 4345 1940 4400 ritate
1960 4343 2216 4400 commoti
2253 4343 2321 4398 ab
2352 4341 2750 4411 usitatissimis,
2774 4360 2840 4401 ac
2877 4348 3271 4416 probatissimis
3300 4355 3381 4410 lo-

1781 4436 1978 4508 quendi
2015 4434 2260 4492 formulis
2304 4435 2642 4491 recedamus.
2689 4434 2799 4492 Cur
2844 4441 2986 4495 enim
3029 4443 3081 4497 id
3118 4445 3379 4504 adhibere

1702 4523 1754 4584 D
1783 4529 1934 4584 nobis
1967 4543 2074 4582 non
2123 4527 2252 4583 licet
2297 4527 2439 4596 quod
2489 4525 2773 4584 Gennadio
2815 4537 3057 4598 proterre
3104 4536 3246 4592 licuit
3271 4537 3378 4610 (De

1784 4621 1987 4677 Eccles.
2009 4619 2248 4693 Dogmat.
2267 4637 2382 4691 cap.
2408 4619 2503 4692 tl)?
2535 4638 2559 4674 ι
2582 4620 3002 4688 Nihilcreatum,
3026 4629 3377 4687 autserviens

1784 4715 1838 4770 in
1866 4715 2130 4770 Trinitate
2156 4713 2464 4779 credamus,
2493 4725 2550 4768 ut
2578 4713 2689 4769 vult
2713 4713 2998 4785 Dionysius
3022 4716 3142 4772 fons
3179 4721 3315 4774 Arii.
3349 4740 3368 4775 ι

1785 4809 1864 4866 De
1888 4823 1996 4880 quo
2031 4807 2247 4879 quidem
2299 4806 2583 4877 Dionysio,
2637 4806 2847 4860 tametsi
2890 4809 3276 4875 vetustissimo,
3321 4825 3379 4869 et

1786 4901 2080 4971 caeteroqui
2105 4899 2358 4956 laudabili
2384 4899 2518 4962 viro,
2539 4897 2655 4952 ha-c
2687 4898 2847 4952 etiam
2871 4898 3062 4954 litteris
3091 4905 3378 4974 consigna~

1785 4996 1862 5050 vit
1883 4993 2110 5051 Basilius
2137 4991 2330 5065 (Epist.
2362 5006 2450 5046 xu
2471 5030 2487 5056 ,
2513 4990 2567 5043 in
2591 4989 2810 5043 editione
2839 4989 2984 5043 Patr.
3009 4992 3070 5047 S.
3099 4993 3277 5048 Mauri
3299 5013 3376 5065 ιι,

1784 5104 1840 5142 η.
1871 5086 1931 5156 2)
1959 5104 2014 5140 ε(
2044 5084 2161 5140 Non
2189 5083 2368 5138 omnia
2399 5083 2544 5137 illius
2575 5081 2803 5136 hominis
2833 5083 3165 5141 admiramur
3191 5106 3207 5144 :
3240 5105 3379 5146 non-

1783 5177 1928 5234 nulla
1981 5191 2109 5231 vero
2159 5189 2380 5243 prorsus
2438 5173 2732 5240 rejicimus.
2784 5173 3179 5246 Propemodum
3229 5184 3373 5239 enim

1788 5269 1963 5334 istius,
1987 5283 2106 5338 qua!
2136 5279 2278 5320 nunc
2301 5264 2625 5336 divulgatur,
2651 5265 2943 5334 impietatis
2963 5269 3374 5340 Anomoeorum,

1791 5372 2048 5434 quantum
2076 5360 2299 5425 scimus,
2330 5359 2536 5429 primus
2576 5357 2678 5414 iste
2703 5360 2937 5414 humano
2965 5364 3149 5431 generi
3171 5368 3381 5424 semina

1786 5456 2034 5529 priebuit.
2070 5472 2090 5506 ι
2123 5453 2456 5522 Quamquam
2488 5451 2636 5507 illum
2661 5453 2842 5508 statim
2862 5469 3119 5513 excusare
3133 5459 3378 5530 aliquan-

1787 5551 1955 5621 tisper
1983 5545 2218 5613 studeat,
2251 5545 2367 5602 haec
2390 5544 2682 5615 subjiciens
2713 5563 2727 5600 :
2765 5564 2784 5598 ι
2805 5544 3036 5605 Causam
3064 5566 3196 5608 vero
3221 5555 3385 5627 hujus

191 5723 258 5797 (ο)
290 5727 345 5789 lu
380 5731 471 5793 lib.
501 5743 687 5793 contra
715 5735 982 5820 Sermou.
1013 5731 1267 5792 Arianor.
1292 5745 1414 5806 cap.
1444 5733 1501 5804 3,
1533 5731 1670 5790 alias
1712 5745 1768 5790 n.
1792 5731 1847 5790 4.

494 5831 768 5894 Panos.
812 5830 898 5893 Χ.

2864 5822 2947 5883 27
