  <div class='ocr_page' id='page_1' title='image "/cluster/home/n/w/nwhite01/storage/ocr_20150623/10/uva.x000826522/430.png"; bbox 0 0 3978 6196; ppageno 0'>
   <div class='ocr_carea' id='block_1_1' title="bbox 132 287 245 347">
    <p class='ocr_par' dir='ltr' id='par_1_1' title="bbox 132 287 245 347">
     <span class='ocr_line' id='line_1_1' title="bbox 132 287 245 347; baseline 0 -3"><span class='ocrx_word' id='word_1_1' title='bbox 132 287 245 347; x_wconf 65' lang='grc'><strong>845</strong></span> 
     </span>
    </p>
   </div>
   <div class='ocr_carea' id='block_1_2' title="bbox 812 239 2785 336">
    <p class='ocr_par' dir='ltr' id='par_1_2' title="bbox 812 239 2785 336">
     <span class='ocr_line' id='line_1_2' title="bbox 812 239 2785 336; baseline -0.009 -1"><span class='ocrx_word' id='word_1_2' title='bbox 812 276 881 336; x_wconf 83' lang='lat' dir='ltr'><strong>IN</strong></span> <span class='ocrx_word' id='word_1_3' title='bbox 920 273 1182 334; x_wconf 70' lang='lat' dir='ltr'><strong>nthnn</strong></span> <span class='ocrx_word' id='word_1_4' title='bbox 1254 272 1474 332; x_wconf 80' lang='lat' dir='ltr'><strong>setsr.</strong></span> <span class='ocrx_word' id='word_1_5' title='bbox 1516 268 1650 330; x_wconf 78' lang='lat' dir='ltr'><strong>seu</strong></span> <span class='ocrx_word' id='word_1_6' title='bbox 1689 265 1915 327; x_wconf 72' lang='lat' dir='ltr'><strong>Lmen.</strong></span> <span class='ocrx_word' id='word_1_7' title='bbox 1958 239 2406 329; x_wconf 68' lang='lat' dir='ltr'><strong>DISBERTA&#39;I‘IO</strong></span> <span class='ocrx_word' id='word_1_8' title='bbox 2442 262 2785 324; x_wconf 70' lang='lat' dir='ltr'><strong>SBCUNDA.</strong></span> 
     </span>
    </p>
   </div>
   <div class='ocr_carea' id='block_1_3' title="bbox 3340 266 3445 322">
    <p class='ocr_par' dir='ltr' id='par_1_3' title="bbox 3340 266 3445 322">
     <span class='ocr_line' id='line_1_3' title="bbox 3340 266 3445 322; baseline -0.019 0"><span class='ocrx_word' id='word_1_9' title='bbox 3340 266 3445 322; x_wconf 74' lang='lat' dir='ltr'><strong>8i6</strong></span> 
     </span>
    </p>
   </div>
   <div class='ocr_carea' id='block_1_4' title="bbox 134 377 3447 466">
    <p class='ocr_par' dir='ltr' id='par_1_4' title="bbox 134 377 3447 466">
     <span class='ocr_line' id='line_1_4' title="bbox 134 377 3447 466; baseline -0.006 -13"><span class='ocrx_word' id='word_1_10' title='bbox 134 397 268 464; x_wconf 85' lang='lat' dir='ltr'><strong>sita,</strong></span> <span class='ocrx_word' id='word_1_11' title='bbox 288 392 436 466; x_wconf 89' lang='lat' dir='ltr'><strong>quod</strong></span> <span class='ocrx_word' id='word_1_12' title='bbox 462 389 831 465; x_wconf 75' lang='lat' dir='ltr'><strong>asperioribus</strong></span> <span class='ocrx_word' id='word_1_13' title='bbox 855 388 1004 446; x_wconf 88' lang='lat' dir='ltr'><strong>hisce</strong></span> <span class='ocrx_word' id='word_1_14' title='bbox 1027 384 1390 444; x_wconf 88' lang='lat' dir='ltr'><strong>locutionibus</strong></span> <span class='ocrx_word' id='word_1_15' title='bbox 1416 383 1597 441; x_wconf 88' lang='lat' dir='ltr'><strong>mitior</strong></span> <span class='ocrx_word' id='word_1_16' title='bbox 1618 396 1743 438; x_wconf 85' lang='lat' dir='ltr'><strong>sen-</strong></span> <span class='ocrx_word' id='word_1_17' title='bbox 1768 383 1822 443; x_wconf 81' lang='grc' dir='ltr'><strong>Α</strong></span> <span class='ocrx_word' id='word_1_18' title='bbox 1847 382 1992 437; x_wconf 89' lang='lat' dir='ltr'><strong>enim</strong></span> <span class='ocrx_word' id='word_1_19' title='bbox 2013 397 2222 436; x_wconf 85' lang='lat' dir='ltr'><strong>carnem</strong></span> <span class='ocrx_word' id='word_1_20' title='bbox 2243 389 2418 435; x_wconf 71' lang='lat' dir='ltr'><strong>nataui</strong></span> <span class='ocrx_word' id='word_1_21' title='bbox 2433 377 2827 449; x_wconf 78' lang='lat' dir='ltr'><strong>aaaumprerat),</strong></span> <span class='ocrx_word' id='word_1_22' title='bbox 2852 391 2957 433; x_wconf 79' lang='lat' dir='ltr'><strong>non</strong></span> <span class='ocrx_word' id='word_1_23' title='bbox 2977 384 3150 433; x_wconf 73' lang='lat' dir='ltr'><strong>tamen</strong></span> <span class='ocrx_word' id='word_1_24' title='bbox 3166 377 3223 432; x_wconf 81' lang='lat' dir='ltr'><strong>in</strong></span> <span class='ocrx_word' id='word_1_25' title='bbox 3242 378 3447 449; x_wconf 75' lang='lat' dir='ltr'><strong>nulla):</strong></span> 
     </span>
    </p>
   </div>
   <div class='ocr_carea' id='block_1_5' title="bbox 136 487 556 545">
    <p class='ocr_par' dir='ltr' id='par_1_5' title="bbox 136 487 556 545">
     <span class='ocr_line' id='line_1_5' title="bbox 136 487 556 545; baseline -0.012 0"><span class='ocrx_word' id='word_1_26' title='bbox 136 504 238 545; x_wconf 85' lang='lat' dir='ltr'><strong>sus</strong></span> <span class='ocrx_word' id='word_1_27' title='bbox 265 487 556 543; x_wconf 68' lang='lat' dir='ltr'><strong>iuhmreat.</strong></span> 
     </span>
    </p>
   </div>
   <div class='ocr_carea' id='block_1_6' title="bbox 213 571 1751 651">
    <p class='ocr_par' dir='ltr' id='par_1_6' title="bbox 213 571 1751 651">
     <span class='ocr_line' id='line_1_6' title="bbox 213 571 1751 651; baseline -0.007 -15"><span class='ocrx_word' id='word_1_28' title='bbox 213 582 306 636; x_wconf 70' lang='lat'><strong>98.</strong></span> <span class='ocrx_word' id='word_1_29' title='bbox 349 579 586 651; x_wconf 82' lang='lat' dir='ltr'><strong>Aggredi</strong></span> <span class='ocrx_word' id='word_1_30' title='bbox 617 577 882 634; x_wconf 82' lang='lat' dir='ltr'><strong>debemus</strong></span> <span class='ocrx_word' id='word_1_31' title='bbox 927 590 1069 632; x_wconf 90' lang='lat' dir='ltr'><strong>nunc</strong></span> <span class='ocrx_word' id='word_1_32' title='bbox 1104 572 1427 631; x_wconf 75' lang='lat' dir='ltr'><strong>solutionem</strong></span> <span class='ocrx_word' id='word_1_33' title='bbox 1479 571 1700 626; x_wconf 84' lang='lat' dir='ltr'><strong>alteram</strong></span> <span class='ocrx_word' id='word_1_34' title='bbox 1727 607 1751 636; x_wconf 69' lang='grc' dir='ltr'><strong>,ι</strong></span> 
     </span>
    </p>
   </div>
   <div class='ocr_carea' id='block_1_7' title="bbox 1847 468 3449 541">
    <p class='ocr_par' dir='ltr' id='par_1_7' title="bbox 1847 468 3449 541">
     <span class='ocr_line' id='line_1_7' title="bbox 1847 468 3449 541; baseline -0.002 -11"><span class='ocrx_word' id='word_1_35' title='bbox 1847 483 1905 530; x_wconf 93' lang='lat' dir='ltr'><strong>et</strong></span> <span class='ocrx_word' id='word_1_36' title='bbox 1946 489 2090 541; x_wconf 81' lang='lat' dir='ltr'><strong>saepe</strong></span> <span class='ocrx_word' id='word_1_37' title='bbox 2136 473 2284 528; x_wconf 84' lang='lat' dir='ltr'><strong>alibi.</strong></span> <span class='ocrx_word' id='word_1_38' title='bbox 2331 472 2436 528; x_wconf 86' lang='lat' dir='ltr'><strong>Sed</strong></span> <span class='ocrx_word' id='word_1_39' title='bbox 2489 471 2832 541; x_wconf 78' lang='lat' dir='ltr'><strong>apertissime</strong></span> <span class='ocrx_word' id='word_1_40' title='bbox 2883 468 2936 525; x_wconf 91' lang='lat' dir='ltr'><strong>id</strong></span> <span class='ocrx_word' id='word_1_41' title='bbox 2980 468 3142 526; x_wconf 89' lang='lat' dir='ltr'><strong>docet</strong></span> <span class='ocrx_word' id='word_1_42' title='bbox 3189 471 3449 527; x_wconf 87' lang='lat' dir='ltr'><strong>adversus</strong></span> 
     </span>
    </p>
   </div>
   <div class='ocr_carea' id='block_1_8' title="bbox 1847 560 3449 635">
    <p class='ocr_par' dir='ltr' id='par_1_8' title="bbox 1847 560 3449 635">
     <span class='ocr_line' id='line_1_8' title="bbox 1847 560 3449 635; baseline -0.004 -13"><span class='ocrx_word' id='word_1_43' title='bbox 1847 564 2177 623; x_wconf 79' lang='lat' dir='ltr'><strong>Marcionem</strong></span> <span class='ocrx_word' id='word_1_44' title='bbox 2208 564 2529 635; x_wconf 81' lang='lat' dir='ltr'><strong>disputans:</strong></span> <span class='ocrx_word' id='word_1_45' title='bbox 2560 562 2761 618; x_wconf 89' lang='lat' dir='ltr'><strong>etenim</strong></span> <span class='ocrx_word' id='word_1_46' title='bbox 2793 560 2910 615; x_wconf 69' lang='lat' dir='ltr'><strong>haec</strong></span> <span class='ocrx_word' id='word_1_47' title='bbox 2938 561 3214 631; x_wconf 74' lang='lat' dir='ltr'><strong>eloquitur</strong></span> <span class='ocrx_word' id='word_1_48' title='bbox 3242 561 3356 632; x_wconf 80' lang='lat' dir='ltr'><strong>(lib.</strong></span> <span class='ocrx_word' id='word_1_49' title='bbox 3388 578 3449 626; x_wconf 83' lang='grc' dir='ltr'><strong>ιι,</strong></span> 
     </span>
    </p>
   </div>
   <div class='ocr_carea' id='block_1_9' title="bbox 137 642 3453 745">
    <p class='ocr_par' dir='ltr' id='par_1_9' title="bbox 137 642 3453 745">
     <span class='ocr_line' id='line_1_9' title="bbox 137 642 3453 745; baseline -0.006 -16"><span class='ocrx_word' id='word_1_50' title='bbox 137 688 267 745; x_wconf 71' lang='lat' dir='ltr'><strong>quae</strong></span> <span class='ocrx_word' id='word_1_51' title='bbox 561 670 886 735; x_wconf 88' lang='lat' dir='ltr'><strong>locutiones,</strong></span> <span class='ocrx_word' id='word_1_52' title='bbox 931 676 1023 723; x_wconf 87' lang='lat' dir='ltr'><strong>aut</strong></span> <span class='ocrx_word' id='word_1_53' title='bbox 1065 675 1213 723; x_wconf 87' lang='lat' dir='ltr'><strong>certe</strong></span> <span class='ocrx_word' id='word_1_54' title='bbox 1264 678 1512 735; x_wconf 82' lang='lat' dir='ltr'><strong>magnam</strong></span> <span class='ocrx_word' id='word_1_55' title='bbox 1560 675 1747 719; x_wconf 88' lang='lat' dir='ltr'><strong>earum</strong></span> <span class='ocrx_word' id='word_1_56' title='bbox 1849 674 1965 729; x_wconf 87' lang='lat' dir='ltr'><strong>cap.</strong></span> <span class='ocrx_word' id='word_1_57' title='bbox 1995 658 2065 712; x_wconf 75' lang='grc'><strong>27</strong></span> <span class='ocrx_word' id='word_1_58' title='bbox 2095 656 2159 729; x_wconf 90' lang='lat'><strong>):</strong></span> <span class='ocrx_word' id='word_1_59' title='bbox 2207 674 2227 709; x_wconf 73' lang='grc' dir='ltr'>α</span> <span class='ocrx_word' id='word_1_60' title='bbox 2286 656 2416 711; x_wconf 89' lang='lat' dir='ltr'><strong>Nam</strong></span> <span class='ocrx_word' id='word_1_61' title='bbox 2466 662 2523 709; x_wconf 88' lang='lat' dir='ltr'><strong>et</strong></span> <span class='ocrx_word' id='word_1_62' title='bbox 2562 654 2883 731; x_wconf 76' lang='lat' dir='ltr'><strong>proﬁtemur</strong></span> <span class='ocrx_word' id='word_1_63' title='bbox 2916 642 3191 709; x_wconf 73' lang='lat' dir='ltr'><strong>Christum</strong></span> <span class='ocrx_word' id='word_1_64' title='bbox 3232 667 3453 722; x_wconf 87' lang='lat' dir='ltr'><strong>semper</strong></span> 
     </span>
    </p>
   </div>
   <div class='ocr_carea' id='block_1_10' title="bbox 140 750 1751 836">
    <p class='ocr_par' dir='ltr' id='par_1_10' title="bbox 140 750 1751 836">
     <span class='ocr_line' id='line_1_10' title="bbox 140 750 1751 836; baseline -0.009 -17"><span class='ocrx_word' id='word_1_65' title='bbox 140 774 359 836; x_wconf 81' lang='lat' dir='ltr'><strong>partem</strong></span> <span class='ocrx_word' id='word_1_66' title='bbox 388 762 637 835; x_wconf 75' lang='lat' dir='ltr'><strong>(etenim</strong></span> <span class='ocrx_word' id='word_1_67' title='bbox 668 759 880 817; x_wconf 82' lang='lat' dir='ltr'><strong>Paulini</strong></span> <span class='ocrx_word' id='word_1_68' title='bbox 919 759 1073 817; x_wconf 80' lang='lat' dir='ltr'><strong>locus</strong></span> <span class='ocrx_word' id='word_1_69' title='bbox 1113 763 1389 829; x_wconf 86' lang='lat' dir='ltr'><strong>postrema</strong></span> <span class='ocrx_word' id='word_1_70' title='bbox 1427 752 1533 810; x_wconf 88' lang='lat' dir='ltr'><strong>hac</strong></span> <span class='ocrx_word' id='word_1_71' title='bbox 1577 750 1751 822; x_wconf 78' lang='lat' dir='ltr'><strong>expli-</strong></span> 
     </span>
    </p>
   </div>
   <div class='ocr_carea' id='block_1_11' title="bbox 141 843 1750 923">
    <p class='ocr_par' dir='ltr' id='par_1_11' title="bbox 141 843 1750 923">
     <span class='ocr_line' id='line_1_11' title="bbox 141 843 1750 923; baseline -0.008 -11"><span class='ocrx_word' id='word_1_72' title='bbox 141 855 365 912; x_wconf 79' lang='lat' dir='ltr'><strong>catione</strong></span> <span class='ocrx_word' id='word_1_73' title='bbox 392 868 456 909; x_wconf 87' lang='lat' dir='ltr'><strong>se</strong></span> <span class='ocrx_word' id='word_1_74' title='bbox 474 851 752 923; x_wconf 72' lang='lat' dir='ltr'><strong>explanari</strong></span> <span class='ocrx_word' id='word_1_75' title='bbox 778 866 887 906; x_wconf 79' lang='lat' dir='ltr'><strong>non</strong></span> <span class='ocrx_word' id='word_1_76' title='bbox 911 848 1078 919; x_wconf 82' lang='lat' dir='ltr'><strong>sinit)</strong></span> <span class='ocrx_word' id='word_1_77' title='bbox 1103 849 1332 919; x_wconf 74' lang='lat' dir='ltr'><strong>rigoross</strong></span> <span class='ocrx_word' id='word_1_78' title='bbox 1359 845 1576 917; x_wconf 85' lang='lat' dir='ltr'><strong>quidem</strong></span> <span class='ocrx_word' id='word_1_79' title='bbox 1603 843 1750 900; x_wconf 89' lang='lat' dir='ltr'><strong>acci-</strong></span> 
     </span>
    </p>
   </div>
   <div class='ocr_carea' id='block_1_12' title="bbox 1851 743 3456 820">
    <p class='ocr_par' dir='ltr' id='par_1_12' title="bbox 1851 743 3456 820">
     <span class='ocr_line' id='line_1_12' title="bbox 1851 743 3456 820; baseline -0.002 -17"><span class='ocrx_word' id='word_1_80' title='bbox 1851 750 2030 820; x_wconf 89' lang='lat' dir='ltr'><strong>egisse</strong></span> <span class='ocrx_word' id='word_1_81' title='bbox 2060 749 2113 804; x_wconf 93' lang='lat' dir='ltr'><strong>in</strong></span> <span class='ocrx_word' id='word_1_82' title='bbox 2147 747 2245 803; x_wconf 88' lang='lat' dir='ltr'><strong>Dei</strong></span> <span class='ocrx_word' id='word_1_83' title='bbox 2275 746 2448 802; x_wconf 86' lang='lat' dir='ltr'><strong>Patris</strong></span> <span class='ocrx_word' id='word_1_84' title='bbox 2477 744 2715 807; x_wconf 90' lang='lat' dir='ltr'><strong>nomine,</strong></span> <span class='ocrx_word' id='word_1_85' title='bbox 2745 745 2921 817; x_wconf 80' lang='lat' dir='ltr'><strong>ipsum</strong></span> <span class='ocrx_word' id='word_1_86' title='bbox 2950 744 3020 798; x_wconf 85' lang='lat' dir='ltr'><strong>ab</strong></span> <span class='ocrx_word' id='word_1_87' title='bbox 3043 743 3199 798; x_wconf 87' lang='lat' dir='ltr'><strong>initio</strong></span> <span class='ocrx_word' id='word_1_88' title='bbox 3226 758 3456 801; x_wconf 87' lang='lat' dir='ltr'><strong>conver—</strong></span> 
     </span>
    </p>
   </div>
   <div class='ocr_carea' id='block_1_13' title="bbox 1853 834 3458 911">
    <p class='ocr_par' dir='ltr' id='par_1_13' title="bbox 1853 834 3458 911">
     <span class='ocr_line' id='line_1_13' title="bbox 1853 834 3458 911; baseline -0.003 -14"><span class='ocrx_word' id='word_1_89' title='bbox 1853 850 2055 908; x_wconf 90' lang='lat' dir='ltr'><strong>satum,</strong></span> <span class='ocrx_word' id='word_1_90' title='bbox 2082 842 2259 911; x_wconf 86' lang='lat' dir='ltr'><strong>ipsum</strong></span> <span class='ocrx_word' id='word_1_91' title='bbox 2305 846 2661 908; x_wconf 79' lang='lat' dir='ltr'><strong>congressum</strong></span> <span class='ocrx_word' id='word_1_92' title='bbox 2689 846 2810 891; x_wconf 87' lang='lat' dir='ltr'><strong>cum</strong></span> <span class='ocrx_word' id='word_1_93' title='bbox 2854 834 3185 893; x_wconf 83' lang='lat' dir='ltr'><strong>Patriarchis</strong></span> <span class='ocrx_word' id='word_1_94' title='bbox 3206 874 3225 904; x_wconf 94' lang='lat'><strong>,</strong></span> <span class='ocrx_word' id='word_1_95' title='bbox 3252 846 3307 891; x_wconf 89' lang='lat' dir='ltr'><strong>et</strong></span> <span class='ocrx_word' id='word_1_96' title='bbox 3335 852 3458 907; x_wconf 89' lang='lat' dir='ltr'><strong>pro-</strong></span> 
     </span>
    </p>
   </div>
   <div class='ocr_carea' id='block_1_14' title="bbox 143 928 3458 1018">
    <p class='ocr_par' dir='ltr' id='par_1_14' title="bbox 143 928 3458 1018">
     <span class='ocr_line' id='line_1_14' title="bbox 143 928 3458 1018; baseline -0.005 -16"><span class='ocrx_word' id='word_1_97' title='bbox 143 949 247 1018; x_wconf 86' lang='lat' dir='ltr'><strong>pit,</strong></span> <span class='ocrx_word' id='word_1_98' title='bbox 275 946 376 1004; x_wconf 88' lang='lat' dir='ltr'><strong>sed</strong></span> <span class='ocrx_word' id='word_1_99' title='bbox 406 934 565 1018; x_wconf 83' lang='lat' dir='ltr'><strong>negat</strong></span> <span class='ocrx_word' id='word_1_100' title='bbox 587 960 682 1002; x_wconf 79' lang='lat' dir='ltr'><strong>eas</strong></span> <span class='ocrx_word' id='word_1_101' title='bbox 702 945 771 1001; x_wconf 73' lang='lat' dir='ltr'><strong>de</strong></span> <span class='ocrx_word' id='word_1_102' title='bbox 803 943 975 1001; x_wconf 82' lang='lat' dir='ltr'><strong>Verbo</strong></span> <span class='ocrx_word' id='word_1_103' title='bbox 1019 950 1288 1013; x_wconf 85' lang='lat' dir='ltr'><strong>quatenus</strong></span> <span class='ocrx_word' id='word_1_104' title='bbox 1315 940 1539 996; x_wconf 82' lang='lat' dir='ltr'><strong>Verbum</strong></span> <span class='ocrx_word' id='word_1_105' title='bbox 1566 948 1670 1006; x_wconf 88' lang='lat' dir='ltr'><strong>est,</strong></span> <span class='ocrx_word' id='word_1_106' title='bbox 1699 945 1757 995; x_wconf 90' lang='lat' dir='ltr'><strong>et</strong></span> <span class='ocrx_word' id='word_1_107' title='bbox 1856 937 2057 1008; x_wconf 73' lang='lat' dir='ltr'><strong>pinetis,</strong></span> <span class='ocrx_word' id='word_1_108' title='bbox 2102 934 2269 989; x_wconf 85' lang='lat' dir='ltr'><strong>ﬁlium</strong></span> <span class='ocrx_word' id='word_1_109' title='bbox 2310 932 2600 993; x_wconf 87' lang='lat' dir='ltr'><strong>creatoris,</strong></span> <span class='ocrx_word' id='word_1_110' title='bbox 2631 944 2938 985; x_wconf 78' lang='lat' dir='ltr'><strong>sermonem</strong></span> <span class='ocrx_word' id='word_1_111' title='bbox 2987 928 3104 1000; x_wconf 85' lang='lat' dir='ltr'><strong>ejus</strong></span> <span class='ocrx_word' id='word_1_112' title='bbox 3126 971 3142 996; x_wconf 94' lang='lat'><strong>,</strong></span> <span class='ocrx_word' id='word_1_113' title='bbox 3185 944 3347 1000; x_wconf 88' lang='lat' dir='ltr'><strong>quem</strong></span> <span class='ocrx_word' id='word_1_114' title='bbox 3389 944 3458 984; x_wconf 77' lang='lat' dir='ltr'><strong>ex</strong></span> 
     </span>
    </p>
   </div>
   <div class='ocr_carea' id='block_1_15' title="bbox 145 1032 1751 1107">
    <p class='ocr_par' dir='ltr' id='par_1_15' title="bbox 145 1032 1751 1107">
     <span class='ocr_line' id='line_1_15' title="bbox 145 1032 1751 1107; baseline -0.005 -13"><span class='ocrx_word' id='word_1_115' title='bbox 145 1040 477 1102; x_wconf 85' lang='lat' dir='ltr'><strong>increatum,</strong></span> <span class='ocrx_word' id='word_1_116' title='bbox 508 1038 678 1105; x_wconf 81' lang='lat' dir='ltr'><strong>accipi</strong></span> <span class='ocrx_word' id='word_1_117' title='bbox 704 1050 882 1107; x_wconf 87' lang='lat' dir='ltr'><strong>posse.</strong></span> <span class='ocrx_word' id='word_1_118' title='bbox 908 1035 1129 1092; x_wconf 87' lang='lat' dir='ltr'><strong>Scilicet</strong></span> <span class='ocrx_word' id='word_1_119' title='bbox 1157 1034 1389 1090; x_wconf 79' lang='lat' dir='ltr'><strong>Verbum</strong></span> <span class='ocrx_word' id='word_1_120' title='bbox 1417 1075 1431 1099; x_wconf 85' lang='lat'><strong>,</strong></span> <span class='ocrx_word' id='word_1_121' title='bbox 1462 1032 1711 1103; x_wconf 83' lang='lat' dir='ltr'><strong>inquiunt</strong></span> <span class='ocrx_word' id='word_1_122' title='bbox 1735 1072 1751 1098; x_wconf 91' lang='lat'><strong>,</strong></span> 
     </span>
    </p>
   </div>
   <div class='ocr_carea' id='block_1_16' title="bbox 1857 1023 3456 1098">
    <p class='ocr_par' dir='ltr' id='par_1_16' title="bbox 1857 1023 3456 1098">
     <span class='ocr_line' id='line_1_16' title="bbox 1857 1023 3456 1098; baseline -0.004 -12"><span class='ocrx_word' id='word_1_123' title='bbox 1857 1030 2151 1097; x_wconf 80' lang='lat' dir='ltr'><strong>semetipso</strong></span> <span class='ocrx_word' id='word_1_124' title='bbox 2188 1026 2515 1098; x_wconf 75' lang='lat' dir='ltr'><strong>proferendo</strong></span> <span class='ocrx_word' id='word_1_125' title='bbox 2544 1025 2717 1095; x_wconf 78' lang='lat' dir='ltr'><strong>lilium</strong></span> <span class='ocrx_word' id='word_1_126' title='bbox 2746 1023 2947 1079; x_wconf 78' lang='lat' dir='ltr'><strong>fecit...</strong></span> <span class='ocrx_word' id='word_1_127' title='bbox 2980 1024 3033 1077; x_wconf 91' lang='lat' dir='ltr'><strong>in</strong></span> <span class='ocrx_word' id='word_1_128' title='bbox 3083 1023 3202 1078; x_wconf 79' lang='lat' dir='ltr'><strong>haec</strong></span> <span class='ocrx_word' id='word_1_129' title='bbox 3234 1037 3456 1093; x_wconf 76' lang='lat' dir='ltr'><strong>quoque</strong></span> 
     </span>
    </p>
   </div>
   <div class='ocr_carea' id='block_1_17' title="bbox 144 1112 3457 1195">
    <p class='ocr_par' dir='ltr' id='par_1_17' title="bbox 144 1112 3457 1195">
     <span class='ocr_line' id='line_1_17' title="bbox 144 1112 3457 1195; baseline -0.005 -13"><span class='ocrx_word' id='word_1_130' title='bbox 144 1127 202 1187; x_wconf 90' lang='lat' dir='ltr'><strong>in</strong></span> <span class='ocrx_word' id='word_1_131' title='bbox 231 1146 421 1187; x_wconf 87' lang='lat' dir='ltr'><strong>rerum</strong></span> <span class='ocrx_word' id='word_1_132' title='bbox 446 1128 840 1187; x_wconf 77' lang='lat' dir='ltr'><strong>mundanorum</strong></span> <span class='ocrx_word' id='word_1_133' title='bbox 884 1128 1163 1184; x_wconf 81' lang='lat' dir='ltr'><strong>creatione</strong></span> <span class='ocrx_word' id='word_1_134' title='bbox 1200 1140 1517 1195; x_wconf 80' lang='lat' dir='ltr'><strong>corpoream</strong></span> <span class='ocrx_word' id='word_1_135' title='bbox 1569 1138 1758 1195; x_wconf 79' lang='lat' dir='ltr'><strong>quam-</strong></span> <span class='ocrx_word' id='word_1_136' title='bbox 1858 1119 2154 1190; x_wconf 84' lang='lat' dir='ltr'><strong>dispositus</strong></span> <span class='ocrx_word' id='word_1_137' title='bbox 2177 1129 2259 1176; x_wconf 90' lang='lat' dir='ltr'><strong>est</strong></span> <span class='ocrx_word' id='word_1_138' title='bbox 2284 1135 2314 1173; x_wconf 91' lang='lat' dir='ltr'><strong>a</strong></span> <span class='ocrx_word' id='word_1_139' title='bbox 2341 1128 2517 1188; x_wconf 88' lang='lat' dir='ltr'><strong>patre,</strong></span> <span class='ocrx_word' id='word_1_140' title='bbox 2547 1130 2669 1186; x_wconf 78' lang='lat' dir='ltr'><strong>quae</strong></span> <span class='ocrx_word' id='word_1_141' title='bbox 2692 1123 2750 1169; x_wconf 89' lang='lat' dir='ltr'><strong>ut</strong></span> <span class='ocrx_word' id='word_1_142' title='bbox 2768 1114 3005 1169; x_wconf 87' lang='lat' dir='ltr'><strong>humana</strong></span> <span class='ocrx_word' id='word_1_143' title='bbox 3036 1112 3457 1184; x_wconf 80' lang='lat' dir='ltr'><strong>reprehenditis,</strong></span> 
     </span>
    </p>
   </div>
   <div class='ocr_carea' id='block_1_18' title="bbox 147 1216 1760 1302">
    <p class='ocr_par' dir='ltr' id='par_1_18' title="bbox 147 1216 1760 1302">
     <span class='ocr_line' id='line_1_18' title="bbox 147 1216 1760 1302; baseline -0.008 -22"><span class='ocrx_word' id='word_1_144' title='bbox 147 1223 278 1280; x_wconf 83' lang='lat' dir='ltr'><strong>dam</strong></span> <span class='ocrx_word' id='word_1_145' title='bbox 306 1223 568 1293; x_wconf 85' lang='lat' dir='ltr'><strong>speciem,</strong></span> <span class='ocrx_word' id='word_1_146' title='bbox 596 1235 827 1302; x_wconf 68' lang='lat' dir='ltr'><strong>eamque</strong></span> <span class='ocrx_word' id='word_1_147' title='bbox 854 1218 1106 1277; x_wconf 83' lang='lat' dir='ltr'><strong>humanae</strong></span> <span class='ocrx_word' id='word_1_148' title='bbox 1145 1216 1498 1280; x_wconf 76' lang='lat' dir='ltr'><strong>simillimam,</strong></span> <span class='ocrx_word' id='word_1_149' title='bbox 1541 1230 1638 1272; x_wconf 87' lang='lat' dir='ltr'><strong>seu</strong></span> <span class='ocrx_word' id='word_1_150' title='bbox 1666 1229 1760 1284; x_wconf 84' lang='lat' dir='ltr'><strong>po-</strong></span> 
     </span>
    </p>
   </div>
   <div class='ocr_carea' id='block_1_19' title="bbox 1864 1202 3464 1283">
    <p class='ocr_par' dir='ltr' id='par_1_19' title="bbox 1864 1202 3464 1283">
     <span class='ocr_line' id='line_1_19' title="bbox 1864 1202 3464 1283; baseline -0.005 -18"><span class='ocrx_word' id='word_1_151' title='bbox 1864 1210 2089 1265; x_wconf 82' lang='lat' dir='ltr'><strong>Edicem</strong></span> <span class='ocrx_word' id='word_1_152' title='bbox 2103 1213 2218 1283; x_wconf 84' lang='lat' dir='ltr'><strong>jam</strong></span> <span class='ocrx_word' id='word_1_153' title='bbox 2247 1208 2367 1265; x_wconf 81' lang='lat' dir='ltr'><strong>inde</strong></span> <span class='ocrx_word' id='word_1_154' title='bbox 2387 1225 2419 1264; x_wconf 91' lang='lat' dir='ltr'><strong>a</strong></span> <span class='ocrx_word' id='word_1_155' title='bbox 2440 1206 2723 1279; x_wconf 77' lang='lat' dir='ltr'><strong>primordio</strong></span> <span class='ocrx_word' id='word_1_156' title='bbox 2745 1207 2859 1277; x_wconf 86' lang='lat' dir='ltr'><strong>jam</strong></span> <span class='ocrx_word' id='word_1_157' title='bbox 2887 1203 3006 1259; x_wconf 81' lang='lat' dir='ltr'><strong>inde</strong></span> <span class='ocrx_word' id='word_1_158' title='bbox 3031 1202 3312 1269; x_wconf 78' lang='lat' dir='ltr'><strong>hominem,</strong></span> <span class='ocrx_word' id='word_1_159' title='bbox 3328 1202 3464 1274; x_wconf 82' lang='lat' dir='ltr'><strong>quod</strong></span> 
     </span>
    </p>
   </div>
   <div class='ocr_carea' id='block_1_20' title="bbox 156 1295 3466 1385">
    <p class='ocr_par' dir='ltr' id='par_1_20' title="bbox 156 1295 3466 1385">
     <span class='ocr_line' id='line_1_20' title="bbox 156 1295 3466 1385; baseline -0.008 -11"><span class='ocrx_word' id='word_1_160' title='bbox 156 1317 271 1374; x_wconf 83' lang='lat' dir='ltr'><strong>tius</strong></span> <span class='ocrx_word' id='word_1_161' title='bbox 324 1316 617 1375; x_wconf 85' lang='lat' dir='ltr'><strong>humanam</strong></span> <span class='ocrx_word' id='word_1_162' title='bbox 638 1295 837 1385; x_wconf 69' lang='lat' dir='ltr'><strong>ipsam,</strong></span> <span class='ocrx_word' id='word_1_163' title='bbox 876 1311 973 1369; x_wconf 90' lang='lat' dir='ltr'><strong>sed</strong></span> <span class='ocrx_word' id='word_1_164' title='bbox 1018 1311 1210 1380; x_wconf 82' lang='lat' dir='ltr'><strong>forma,</strong></span> <span class='ocrx_word' id='word_1_165' title='bbox 1259 1318 1317 1368; x_wconf 89' lang='lat' dir='ltr'><strong>et</strong></span> <span class='ocrx_word' id='word_1_166' title='bbox 1364 1308 1762 1380; x_wconf 85' lang='lat' dir='ltr'><strong>pulchritudine</strong></span> <span class='ocrx_word' id='word_1_167' title='bbox 1861 1313 1972 1360; x_wconf 79' lang='lat' dir='ltr'><strong>erat</strong></span> <span class='ocrx_word' id='word_1_168' title='bbox 1995 1307 2202 1375; x_wconf 78' lang='lat' dir='ltr'><strong>futurus</strong></span> <span class='ocrx_word' id='word_1_169' title='bbox 2230 1302 2286 1357; x_wconf 84' lang='lat' dir='ltr'><strong>in</strong></span> <span class='ocrx_word' id='word_1_170' title='bbox 2312 1302 2436 1373; x_wconf 78' lang='lat' dir='ltr'><strong>line.</strong></span> <span class='ocrx_word' id='word_1_171' title='bbox 2465 1300 2562 1356; x_wconf 87' lang='lat' dir='ltr'><strong>Ille</strong></span> <span class='ocrx_word' id='word_1_172' title='bbox 2583 1308 2666 1354; x_wconf 91' lang='lat' dir='ltr'><strong>est</strong></span> <span class='ocrx_word' id='word_1_173' title='bbox 2692 1298 2782 1366; x_wconf 83' lang='lat' dir='ltr'><strong>qui</strong></span> <span class='ocrx_word' id='word_1_174' title='bbox 2811 1295 3115 1361; x_wconf 83' lang='lat' dir='ltr'><strong>descendit,</strong></span> <span class='ocrx_word' id='word_1_175' title='bbox 3142 1296 3235 1351; x_wconf 91' lang='lat' dir='ltr'><strong>ille</strong></span> <span class='ocrx_word' id='word_1_176' title='bbox 3263 1296 3353 1365; x_wconf 90' lang='lat' dir='ltr'><strong>qui</strong></span> <span class='ocrx_word' id='word_1_177' title='bbox 3383 1296 3466 1355; x_wconf 85' lang='lat' dir='ltr'><strong>in-</strong></span> 
     </span>
    </p>
   </div>
   <div class='ocr_carea' id='block_1_21' title="bbox 144 1400 1757 1480">
    <p class='ocr_par' dir='ltr' id='par_1_21' title="bbox 144 1400 1757 1480">
     <span class='ocr_line' id='line_1_21' title="bbox 144 1400 1757 1480; baseline -0.007 -15"><span class='ocrx_word' id='word_1_178' title='bbox 144 1408 372 1480; x_wconf 78' lang='lat' dir='ltr'><strong>egregia</strong></span> <span class='ocrx_word' id='word_1_179' title='bbox 413 1405 749 1478; x_wconf 79' lang='lat' dir='ltr'><strong>assumpsit:</strong></span> <span class='ocrx_word' id='word_1_180' title='bbox 789 1414 953 1474; x_wconf 86' lang='lat' dir='ltr'><strong>atque</strong></span> <span class='ocrx_word' id='word_1_181' title='bbox 1002 1403 1058 1460; x_wconf 88' lang='lat' dir='ltr'><strong>in</strong></span> <span class='ocrx_word' id='word_1_182' title='bbox 1110 1418 1173 1460; x_wconf 92' lang='lat' dir='ltr'><strong>ea</strong></span> <span class='ocrx_word' id='word_1_183' title='bbox 1223 1411 1418 1458; x_wconf 89' lang='lat' dir='ltr'><strong>cuncta</strong></span> <span class='ocrx_word' id='word_1_184' title='bbox 1468 1400 1712 1458; x_wconf 85' lang='lat' dir='ltr'><strong>condidit</strong></span> <span class='ocrx_word' id='word_1_185' title='bbox 1740 1440 1757 1466; x_wconf 88' lang='lat'><strong>,</strong></span> 
     </span>
    </p>
   </div>
   <div class='ocr_carea' id='block_1_22' title="bbox 1862 1386 3469 1466">
    <p class='ocr_par' dir='ltr' id='par_1_22' title="bbox 1862 1386 3469 1466">
     <span class='ocr_line' id='line_1_22' title="bbox 1862 1386 3469 1466; baseline -0.004 -15"><span class='ocrx_word' id='word_1_186' title='bbox 1862 1403 2124 1466; x_wconf 86' lang='lat' dir='ltr'><strong>terrogat,</strong></span> <span class='ocrx_word' id='word_1_187' title='bbox 2154 1393 2246 1449; x_wconf 91' lang='lat' dir='ltr'><strong>ille</strong></span> <span class='ocrx_word' id='word_1_188' title='bbox 2267 1393 2361 1463; x_wconf 89' lang='lat' dir='ltr'><strong>qui</strong></span> <span class='ocrx_word' id='word_1_189' title='bbox 2391 1391 2651 1463; x_wconf 85' lang='lat' dir='ltr'><strong>postulat,</strong></span> <span class='ocrx_word' id='word_1_190' title='bbox 2684 1389 2775 1444; x_wconf 85' lang='lat' dir='ltr'><strong>ille</strong></span> <span class='ocrx_word' id='word_1_191' title='bbox 2800 1388 2889 1459; x_wconf 77' lang='lat' dir='ltr'><strong>qui</strong></span> <span class='ocrx_word' id='word_1_192' title='bbox 2913 1387 3084 1458; x_wconf 84' lang='lat' dir='ltr'><strong>jurat,</strong></span> <span class='ocrx_word' id='word_1_193' title='bbox 3115 1396 3223 1443; x_wconf 90' lang='lat' dir='ltr'><strong>etc.</strong></span> <span class='ocrx_word' id='word_1_194' title='bbox 3260 1405 3281 1440; x_wconf 73' lang='grc' dir='ltr'><strong><em>ι</em></strong></span> <span class='ocrx_word' id='word_1_195' title='bbox 3316 1386 3375 1445; x_wconf 88' lang='lat' dir='ltr'><strong>Si</strong></span> <span class='ocrx_word' id='word_1_196' title='bbox 3396 1386 3469 1445; x_wconf 84' lang='lat' dir='ltr'><strong>ab</strong></span> 
     </span>
    </p>
   </div>
   <div class='ocr_carea' id='block_1_23' title="bbox 144 1477 3464 1571">
    <p class='ocr_par' dir='ltr' id='par_1_23' title="bbox 144 1477 3464 1571">
     <span class='ocr_line' id='line_1_23' title="bbox 144 1477 3464 1571; baseline -0.008 -13"><span class='ocrx_word' id='word_1_197' title='bbox 144 1477 388 1571; x_wconf 61' lang='lat' dir='ltr'><strong>ideoque</strong></span> <span class='ocrx_word' id='word_1_198' title='bbox 403 1477 801 1566; x_wconf 84' lang='lat' dir='ltr'><strong>hominem,cui</strong></span> <span class='ocrx_word' id='word_1_199' title='bbox 821 1497 874 1551; x_wconf 91' lang='lat' dir='ltr'><strong>in</strong></span> <span class='ocrx_word' id='word_1_200' title='bbox 891 1495 1101 1561; x_wconf 86' lang='lat' dir='ltr'><strong>eadem,</strong></span> <span class='ocrx_word' id='word_1_201' title='bbox 1126 1510 1284 1565; x_wconf 86' lang='lat' dir='ltr'><strong>quam</strong></span> <span class='ocrx_word' id='word_1_202' title='bbox 1307 1494 1564 1560; x_wconf 80' lang='lat' dir='ltr'><strong>diximus,</strong></span> <span class='ocrx_word' id='word_1_203' title='bbox 1585 1490 1762 1547; x_wconf 80' lang='lat' dir='ltr'><strong>forma</strong></span> <span class='ocrx_word' id='word_1_204' title='bbox 1864 1486 2022 1543; x_wconf 88' lang='lat' dir='ltr'><strong>initio</strong></span> <span class='ocrx_word' id='word_1_205' title='bbox 2047 1494 2401 1547; x_wconf 80' lang='lat' dir='ltr'><strong>conversatus</strong></span> <span class='ocrx_word' id='word_1_206' title='bbox 2421 1492 2525 1549; x_wconf 84' lang='lat' dir='ltr'><strong>est,</strong></span> <span class='ocrx_word' id='word_1_207' title='bbox 2547 1482 2594 1536; x_wconf 90' lang='lat' dir='ltr'><strong>si</strong></span> <span class='ocrx_word' id='word_1_208' title='bbox 2624 1496 2655 1534; x_wconf 92' lang='lat' dir='ltr'><strong>a</strong></span> <span class='ocrx_word' id='word_1_209' title='bbox 2684 1478 2982 1551; x_wconf 89' lang='lat' dir='ltr'><strong>primordio</strong></span> <span class='ocrx_word' id='word_1_210' title='bbox 2999 1478 3109 1548; x_wconf 83' lang='lat' dir='ltr'><strong>jam</strong></span> <span class='ocrx_word' id='word_1_211' title='bbox 3132 1478 3258 1534; x_wconf 87' lang='lat' dir='ltr'><strong>inde</strong></span> <span class='ocrx_word' id='word_1_212' title='bbox 3278 1477 3464 1547; x_wconf 90' lang='lat' dir='ltr'><strong>homo,</strong></span> 
     </span>
    </p>
   </div>
   <div class='ocr_carea' id='block_1_24' title="bbox 150 1573 3469 1659">
    <p class='ocr_par' dir='ltr' id='par_1_24' title="bbox 150 1573 3469 1659">
     <span class='ocr_line' id='line_1_24' title="bbox 150 1573 3469 1659; baseline -0.007 -10"><span class='ocrx_word' id='word_1_213' title='bbox 150 1606 216 1649; x_wconf 88' lang='lat' dir='ltr'><strong>se</strong></span> <span class='ocrx_word' id='word_1_214' title='bbox 247 1588 535 1649; x_wconf 79' lang='lat' dir='ltr'><strong>visendum</strong></span> <span class='ocrx_word' id='word_1_215' title='bbox 568 1587 818 1659; x_wconf 67' lang='lat' dir='ltr'><strong>praebuit,</strong></span> <span class='ocrx_word' id='word_1_216' title='bbox 850 1601 1082 1657; x_wconf 83' lang='lat' dir='ltr'><strong>eumque</strong></span> <span class='ocrx_word' id='word_1_217' title='bbox 1120 1587 1387 1655; x_wconf 75' lang='lat' dir='ltr'><strong>allocutus</strong></span> <span class='ocrx_word' id='word_1_218' title='bbox 1433 1594 1537 1645; x_wconf 85' lang='lat' dir='ltr'><strong>est.</strong></span> <span class='ocrx_word' id='word_1_219' title='bbox 1578 1582 1764 1653; x_wconf 87' lang='lat' dir='ltr'><strong>Neque</strong></span> <span class='ocrx_word' id='word_1_220' title='bbox 1866 1580 2011 1651; x_wconf 89' lang='lat' dir='ltr'><strong>quod</strong></span> <span class='ocrx_word' id='word_1_221' title='bbox 2038 1590 2155 1636; x_wconf 90' lang='lat' dir='ltr'><strong>erat</strong></span> <span class='ocrx_word' id='word_1_222' title='bbox 2182 1578 2393 1635; x_wconf 76' lang='lat' dir='ltr'><strong>futurus</strong></span> <span class='ocrx_word' id='word_1_223' title='bbox 2422 1576 2476 1630; x_wconf 93' lang='lat' dir='ltr'><strong>in</strong></span> <span class='ocrx_word' id='word_1_224' title='bbox 2502 1575 2641 1642; x_wconf 85' lang='lat' dir='ltr'><strong>line;</strong></span> <span class='ocrx_word' id='word_1_225' title='bbox 2694 1573 2747 1629; x_wconf 93' lang='lat' dir='ltr'><strong>in</strong></span> <span class='ocrx_word' id='word_1_226' title='bbox 2791 1574 3068 1629; x_wconf 86' lang='lat' dir='ltr'><strong>creatione</strong></span> <span class='ocrx_word' id='word_1_227' title='bbox 3113 1573 3299 1643; x_wconf 87' lang='lat' dir='ltr'><strong>utique</strong></span> <span class='ocrx_word' id='word_1_228' title='bbox 3347 1574 3469 1643; x_wconf 87' lang='lat' dir='ltr'><strong>ipsa</strong></span> 
     </span>
    </p>
   </div>
   <div class='ocr_carea' id='block_1_25' title="bbox 150 1663 3472 1747">
    <p class='ocr_par' dir='ltr' id='par_1_25' title="bbox 150 1663 3472 1747">
     <span class='ocr_line' id='line_1_25' title="bbox 150 1663 3472 1747; baseline -0.005 -9"><span class='ocrx_word' id='word_1_229' title='bbox 150 1698 290 1739; x_wconf 78' lang='lat' dir='ltr'><strong>vero</strong></span> <span class='ocrx_word' id='word_1_230' title='bbox 320 1682 534 1747; x_wconf 59' lang='grc' dir='ltr'><strong>Λάβωο</strong></span> <span class='ocrx_word' id='word_1_231' title='bbox 563 1682 739 1738; x_wconf 87' lang='lat' dir='ltr'><strong>solum</strong></span> <span class='ocrx_word' id='word_1_232' title='bbox 768 1694 830 1737; x_wconf 90' lang='lat' dir='ltr'><strong>se</strong></span> <span class='ocrx_word' id='word_1_233' title='bbox 851 1680 906 1736; x_wconf 92' lang='lat' dir='ltr'><strong>in</strong></span> <span class='ocrx_word' id='word_1_234' title='bbox 931 1688 996 1738; x_wconf 85' lang='lat' dir='ltr'><strong>ea</strong></span> <span class='ocrx_word' id='word_1_235' title='bbox 1022 1678 1304 1739; x_wconf 73' lang='lat' dir='ltr'><strong>visendum</strong></span> <span class='ocrx_word' id='word_1_236' title='bbox 1330 1678 1549 1743; x_wconf 80' lang='lat' dir='ltr'><strong>obtulit,</strong></span> <span class='ocrx_word' id='word_1_237' title='bbox 1575 1690 1767 1732; x_wconf 84' lang='lat' dir='ltr'><strong>verum</strong></span> <span class='ocrx_word' id='word_1_238' title='bbox 1868 1672 2048 1729; x_wconf 83' lang='lat' dir='ltr'><strong>Mundi</strong></span> <span class='ocrx_word' id='word_1_239' title='bbox 2074 1672 2094 1742; x_wconf 89' lang='lat'><strong>(</strong></span> <span class='ocrx_word' id='word_1_240' title='bbox 2122 1671 2168 1726; x_wconf 91' lang='lat' dir='ltr'><strong>si</strong></span> <span class='ocrx_word' id='word_1_241' title='bbox 2196 1667 2594 1725; x_wconf 86' lang='lat' dir='ltr'><strong>Tertullianum</strong></span> <span class='ocrx_word' id='word_1_242' title='bbox 2625 1665 2781 1721; x_wconf 89' lang='lat' dir='ltr'><strong>audis</strong></span> <span class='ocrx_word' id='word_1_243' title='bbox 2805 1663 2825 1735; x_wconf 94' lang='lat'>)</span> <span class='ocrx_word' id='word_1_244' title='bbox 2854 1664 3017 1723; x_wconf 88' lang='lat' dir='ltr'><strong>homo</strong></span> <span class='ocrx_word' id='word_1_245' title='bbox 3038 1671 3174 1720; x_wconf 90' lang='lat' dir='ltr'><strong>erat.</strong></span> <span class='ocrx_word' id='word_1_246' title='bbox 3208 1666 3279 1719; x_wconf 87' lang='lat' dir='ltr'><strong>At</strong></span> <span class='ocrx_word' id='word_1_247' title='bbox 3303 1663 3472 1720; x_wconf 86' lang='lat' dir='ltr'><strong>homo</strong></span> 
     </span>
    </p>
   </div>
   <div class='ocr_carea' id='block_1_26' title="bbox 148 1754 3477 1844">
    <p class='ocr_par' dir='ltr' id='par_1_26' title="bbox 148 1754 3477 1844">
     <span class='ocr_line' id='line_1_26' title="bbox 148 1754 3477 1844; baseline -0.005 -11"><span class='ocrx_word' id='word_1_248' title='bbox 148 1780 319 1833; x_wconf 89' lang='lat' dir='ltr'><strong>etiam</strong></span> <span class='ocrx_word' id='word_1_249' title='bbox 382 1775 597 1832; x_wconf 63' lang='lat' dir='ltr'><strong>caeteris</strong></span> <span class='ocrx_word' id='word_1_250' title='bbox 663 1774 1031 1841; x_wconf 85' lang='lat' dir='ltr'><strong>Patriarcbis,</strong></span> <span class='ocrx_word' id='word_1_251' title='bbox 1082 1789 1230 1844; x_wconf 69' lang='lat' dir='ltr'><strong>saepe</strong></span> <span class='ocrx_word' id='word_1_252' title='bbox 1270 1773 1431 1833; x_wconf 83' lang='lat' dir='ltr'><strong>etiam</strong></span> <span class='ocrx_word' id='word_1_253' title='bbox 1485 1771 1773 1841; x_wconf 85' lang='lat' dir='ltr'><strong>Prophetis</strong></span> <span class='ocrx_word' id='word_1_254' title='bbox 1801 1756 1851 1818; x_wconf 84' lang='grc' dir='ltr'>Β</span> <span class='ocrx_word' id='word_1_255' title='bbox 1880 1772 2167 1834; x_wconf 83' lang='lat' dir='ltr'><strong>propterea</strong></span> <span class='ocrx_word' id='word_1_256' title='bbox 2198 1760 2303 1815; x_wconf 91' lang='lat' dir='ltr'><strong>dici</strong></span> <span class='ocrx_word' id='word_1_257' title='bbox 2334 1774 2442 1814; x_wconf 90' lang='lat' dir='ltr'><strong>non</strong></span> <span class='ocrx_word' id='word_1_258' title='bbox 2473 1767 2672 1828; x_wconf 87' lang='lat' dir='ltr'><strong>potest,</strong></span> <span class='ocrx_word' id='word_1_259' title='bbox 2705 1756 2848 1828; x_wconf 88' lang='lat' dir='ltr'><strong>quod</strong></span> <span class='ocrx_word' id='word_1_260' title='bbox 2874 1770 2907 1811; x_wconf 90' lang='lat' dir='ltr'><strong>a</strong></span> <span class='ocrx_word' id='word_1_261' title='bbox 2954 1754 3259 1827; x_wconf 75' lang='lat' dir='ltr'><strong>priinordio</strong></span> <span class='ocrx_word' id='word_1_262' title='bbox 3286 1755 3477 1815; x_wconf 80' lang='lat' dir='ltr'><strong>huma-</strong></span> 
     </span>
    </p>
   </div>
   <div class='ocr_carea' id='block_1_27' title="bbox 149 1862 1775 1939">
    <p class='ocr_par' dir='ltr' id='par_1_27' title="bbox 149 1862 1775 1939">
     <span class='ocr_line' id='line_1_27' title="bbox 149 1862 1775 1939; baseline -0.004 -16"><span class='ocrx_word' id='word_1_263' title='bbox 149 1866 318 1939; x_wconf 70' lang='lat' dir='ltr'><strong>ipsis,</strong></span> <span class='ocrx_word' id='word_1_264' title='bbox 346 1866 483 1923; x_wconf 85' lang='lat' dir='ltr'><strong>adeo</strong></span> <span class='ocrx_word' id='word_1_265' title='bbox 514 1874 572 1925; x_wconf 84' lang='lat' dir='ltr'><strong>ut</strong></span> <span class='ocrx_word' id='word_1_266' title='bbox 611 1864 679 1939; x_wconf 78' lang='lat' dir='ltr'><strong>iis</strong></span> <span class='ocrx_word' id='word_1_267' title='bbox 713 1868 909 1922; x_wconf 86' lang='lat' dir='ltr'><strong>crebro</strong></span> <span class='ocrx_word' id='word_1_268' title='bbox 933 1866 1245 1936; x_wconf 86' lang='lat' dir='ltr'><strong>apparuerit</strong></span> <span class='ocrx_word' id='word_1_269' title='bbox 1271 1864 1457 1920; x_wconf 86' lang='lat' dir='ltr'><strong>eadem</strong></span> <span class='ocrx_word' id='word_1_270' title='bbox 1488 1862 1663 1919; x_wconf 83' lang='lat' dir='ltr'><strong>forma</strong></span> <span class='ocrx_word' id='word_1_271' title='bbox 1692 1864 1775 1919; x_wconf 85' lang='lat' dir='ltr'><strong>in-</strong></span> 
     </span>
    </p>
   </div>
   <div class='ocr_carea' id='block_1_28' title="bbox 148 1956 1776 2027">
    <p class='ocr_par' dir='ltr' id='par_1_28' title="bbox 148 1956 1776 2027">
     <span class='ocr_line' id='line_1_28' title="bbox 148 1956 1776 2027; baseline -0.002 -14"><span class='ocrx_word' id='word_1_272' title='bbox 148 1956 354 2023; x_wconf 81' lang='lat' dir='ltr'><strong>dutus,</strong></span> <span class='ocrx_word' id='word_1_273' title='bbox 401 1972 562 2027; x_wconf 76' lang='lat' dir='ltr'><strong>quam</strong></span> <span class='ocrx_word' id='word_1_274' title='bbox 617 1956 672 2012; x_wconf 92' lang='lat' dir='ltr'><strong>in</strong></span> <span class='ocrx_word' id='word_1_275' title='bbox 709 1956 988 2011; x_wconf 86' lang='lat' dir='ltr'><strong>creatione</strong></span> <span class='ocrx_word' id='word_1_276' title='bbox 1035 1964 1434 2025; x_wconf 85' lang='lat' dir='ltr'><strong>assumpserat,</strong></span> <span class='ocrx_word' id='word_1_277' title='bbox 1490 1964 1584 2010; x_wconf 88' lang='lat' dir='ltr'><strong>aut</strong></span> <span class='ocrx_word' id='word_1_278' title='bbox 1627 1963 1776 2011; x_wconf 85' lang='lat' dir='ltr'><strong>certe</strong></span> 
     </span>
    </p>
   </div>
   <div class='ocr_carea' id='block_1_29' title="bbox 151 2048 1776 2121">
    <p class='ocr_par' dir='ltr' id='par_1_29' title="bbox 151 2048 1776 2121">
     <span class='ocr_line' id='line_1_29' title="bbox 151 2048 1776 2121; baseline -0.002 -17"><span class='ocrx_word' id='word_1_279' title='bbox 151 2049 435 2107; x_wconf 84' lang='lat' dir='ltr'><strong>simillima</strong></span> <span class='ocrx_word' id='word_1_280' title='bbox 457 2049 658 2120; x_wconf 87' lang='lat' dir='ltr'><strong>aliqua,</strong></span> <span class='ocrx_word' id='word_1_281' title='bbox 683 2063 857 2121; x_wconf 85' lang='lat' dir='ltr'><strong>caque</strong></span> <span class='ocrx_word' id='word_1_282' title='bbox 889 2058 1206 2107; x_wconf 85' lang='lat' dir='ltr'><strong>constanter</strong></span> <span class='ocrx_word' id='word_1_283' title='bbox 1228 2051 1485 2105; x_wconf 88' lang='lat' dir='ltr'><strong>humana.</strong></span> <span class='ocrx_word' id='word_1_284' title='bbox 1517 2048 1776 2104; x_wconf 79' lang='lat' dir='ltr'><strong>Petavius</strong></span> 
     </span>
    </p>
   </div>
   <div class='ocr_carea' id='block_1_30' title="bbox 154 2139 1779 2215">
    <p class='ocr_par' dir='ltr' id='par_1_30' title="bbox 154 2139 1779 2215">
     <span class='ocr_line' id='line_1_30' title="bbox 154 2139 1779 2215; baseline -0.002 -17"><span class='ocrx_word' id='word_1_285' title='bbox 154 2144 430 2215; x_wconf 89' lang='lat' dir='ltr'><strong>plurimos</strong></span> <span class='ocrx_word' id='word_1_286' title='bbox 461 2158 581 2200; x_wconf 85' lang='lat' dir='ltr'><strong>eam</strong></span> <span class='ocrx_word' id='word_1_287' title='bbox 610 2144 662 2199; x_wconf 91' lang='lat' dir='ltr'><strong>in</strong></span> <span class='ocrx_word' id='word_1_288' title='bbox 689 2159 804 2203; x_wconf 83' lang='lat' dir='ltr'><strong>rem</strong></span> <span class='ocrx_word' id='word_1_289' title='bbox 835 2142 991 2199; x_wconf 72' lang='lat' dir='ltr'><strong>allert</strong></span> <span class='ocrx_word' id='word_1_290' title='bbox 1010 2143 1222 2209; x_wconf 87' lang='lat' dir='ltr'><strong>Patres,</strong></span> <span class='ocrx_word' id='word_1_291' title='bbox 1249 2158 1409 2214; x_wconf 85' lang='lat' dir='ltr'><strong>quos,</strong></span> <span class='ocrx_word' id='word_1_292' title='bbox 1441 2140 1487 2197; x_wconf 90' lang='lat' dir='ltr'><strong>si</strong></span> <span class='ocrx_word' id='word_1_293' title='bbox 1518 2139 1625 2208; x_wconf 74' lang='lat' dir='ltr'><strong>vis,</strong></span> <span class='ocrx_word' id='word_1_294' title='bbox 1648 2154 1779 2196; x_wconf 52' lang='lat' dir='ltr'><strong>conc</strong></span> 
     </span>
    </p>
   </div>
   <div class='ocr_carea' id='block_1_31' title="bbox 156 2234 1780 2307">
    <p class='ocr_par' dir='ltr' id='par_1_31' title="bbox 156 2234 1780 2307">
     <span class='ocr_line' id='line_1_31' title="bbox 156 2234 1780 2307; baseline -0.002 -15"><span class='ocrx_word' id='word_1_295' title='bbox 156 2237 284 2292; x_wconf 88' lang='lat' dir='ltr'><strong>sule</strong></span> <span class='ocrx_word' id='word_1_296' title='bbox 324 2239 378 2291; x_wconf 92' lang='lat' dir='ltr'><strong>in</strong></span> <span class='ocrx_word' id='word_1_297' title='bbox 423 2251 487 2291; x_wconf 93' lang='lat' dir='ltr'><strong>eo</strong></span> <span class='ocrx_word' id='word_1_298' title='bbox 521 2235 667 2302; x_wconf 88' lang='lat' dir='ltr'><strong>loco,</strong></span> <span class='ocrx_word' id='word_1_299' title='bbox 696 2252 858 2307; x_wconf 89' lang='lat' dir='ltr'><strong>quem</strong></span> <span class='ocrx_word' id='word_1_300' title='bbox 901 2236 970 2292; x_wconf 90' lang='lat' dir='ltr'><strong>ad</strong></span> <span class='ocrx_word' id='word_1_301' title='bbox 1002 2237 1213 2307; x_wconf 69' lang='lat' dir='ltr'><strong>pagina:</strong></span> <span class='ocrx_word' id='word_1_302' title='bbox 1257 2235 1461 2292; x_wconf 85' lang='lat' dir='ltr'><strong>calcem</strong></span> <span class='ocrx_word' id='word_1_303' title='bbox 1505 2234 1654 2298; x_wconf 83' lang='lat' dir='ltr'><strong>cito,</strong></span> <span class='ocrx_word' id='word_1_304' title='bbox 1683 2248 1780 2289; x_wconf 81' lang='lat' dir='ltr'><strong>ex-</strong></span> 
     </span>
    </p>
   </div>
   <div class='ocr_carea' id='block_1_32' title="bbox 163 2326 1778 2401">
    <p class='ocr_par' dir='ltr' id='par_1_32' title="bbox 163 2326 1778 2401">
     <span class='ocr_line' id='line_1_32' title="bbox 163 2326 1778 2401; baseline 0 -17"><span class='ocrx_word' id='word_1_305' title='bbox 163 2342 362 2400; x_wconf 84' lang='lat' dir='ltr'><strong>presse</strong></span> <span class='ocrx_word' id='word_1_306' title='bbox 390 2328 654 2400; x_wconf 75' lang='lat' dir='ltr'><strong>allegatos</strong></span> <span class='ocrx_word' id='word_1_307' title='bbox 683 2328 787 2400; x_wconf 89' lang='lat' dir='ltr'><strong>(a).</strong></span> <span class='ocrx_word' id='word_1_308' title='bbox 823 2330 936 2400; x_wconf 84' lang='lat' dir='ltr'><strong>Ego</strong></span> <span class='ocrx_word' id='word_1_309' title='bbox 978 2329 1334 2401; x_wconf 79' lang='lat' dir='ltr'><strong>paucissimos</strong></span> <span class='ocrx_word' id='word_1_310' title='bbox 1363 2327 1610 2399; x_wconf 74' lang='lat' dir='ltr'><strong>seligam,</strong></span> <span class='ocrx_word' id='word_1_311' title='bbox 1642 2326 1778 2385; x_wconf 87' lang='lat' dir='ltr'><strong>Lec-</strong></span> 
     </span>
    </p>
   </div>
   <div class='ocr_carea' id='block_1_33' title="bbox 158 2420 1379 2479">
    <p class='ocr_par' dir='ltr' id='par_1_33' title="bbox 158 2420 1379 2479">
     <span class='ocr_line' id='line_1_33' title="bbox 158 2420 1379 2479; baseline -0.002 -3"><span class='ocrx_word' id='word_1_312' title='bbox 158 2433 341 2479; x_wconf 79' lang='lat' dir='ltr'><strong>torem</strong></span> <span class='ocrx_word' id='word_1_313' title='bbox 373 2420 439 2477; x_wconf 87' lang='lat' dir='ltr'><strong>ad</strong></span> <span class='ocrx_word' id='word_1_314' title='bbox 466 2424 717 2479; x_wconf 86' lang='lat' dir='ltr'><strong>eumdem</strong></span> <span class='ocrx_word' id='word_1_315' title='bbox 754 2421 1030 2478; x_wconf 77' lang='lat' dir='ltr'><strong>Petavium</strong></span> <span class='ocrx_word' id='word_1_316' title='bbox 1057 2422 1379 2477; x_wconf 89' lang='lat' dir='ltr'><strong>amandans.</strong></span> 
     </span>
    </p>
   </div>
   <div class='ocr_carea' id='block_1_34' title="bbox 240 2512 1781 2582">
    <p class='ocr_par' dir='ltr' id='par_1_34' title="bbox 240 2512 1781 2582">
     <span class='ocr_line' id='line_1_34' title="bbox 240 2512 1781 2582; baseline -0.001 -15"><span class='ocrx_word' id='word_1_317' title='bbox 240 2513 337 2569; x_wconf 71' lang='lat'><strong>29.</strong></span> <span class='ocrx_word' id='word_1_318' title='bbox 407 2514 771 2570; x_wconf 87' lang='lat' dir='ltr'><strong>Tertullianus</strong></span> <span class='ocrx_word' id='word_1_319' title='bbox 843 2513 1104 2571; x_wconf 86' lang='lat' dir='ltr'><strong>adversus</strong></span> <span class='ocrx_word' id='word_1_320' title='bbox 1174 2515 1436 2570; x_wconf 77' lang='lat' dir='ltr'><strong>Praxeam</strong></span> <span class='ocrx_word' id='word_1_321' title='bbox 1497 2512 1781 2582; x_wconf 86' lang='lat' dir='ltr'><strong>disputans</strong></span> 
     </span>
    </p>
   </div>
   <div class='ocr_carea' id='block_1_35' title="bbox 163 2606 1780 2680">
    <p class='ocr_par' dir='ltr' id='par_1_35' title="bbox 163 2606 1780 2680">
     <span class='ocr_line' id='line_1_35' title="bbox 163 2606 1780 2680; baseline -0.002 -18"><span class='ocrx_word' id='word_1_322' title='bbox 163 2610 318 2678; x_wconf 80' lang='lat' dir='ltr'><strong>(cap.</strong></span> <span class='ocrx_word' id='word_1_323' title='bbox 359 2606 427 2680; x_wconf 86' lang='lat'><strong>7)</strong></span> <span class='ocrx_word' id='word_1_324' title='bbox 470 2607 541 2663; x_wconf 89' lang='lat' dir='ltr'><strong>de</strong></span> <span class='ocrx_word' id='word_1_325' title='bbox 587 2608 854 2663; x_wconf 81' lang='lat' dir='ltr'><strong>Sermone</strong></span> <span class='ocrx_word' id='word_1_326' title='bbox 887 2623 956 2663; x_wconf 91' lang='lat' dir='ltr'><strong>ac</strong></span> <span class='ocrx_word' id='word_1_327' title='bbox 986 2608 1165 2665; x_wconf 77' lang='lat' dir='ltr'><strong>Verbo</strong></span> <span class='ocrx_word' id='word_1_328' title='bbox 1197 2608 1382 2664; x_wconf 79' lang='lat' dir='ltr'><strong>divino</strong></span> <span class='ocrx_word' id='word_1_329' title='bbox 1422 2621 1603 2663; x_wconf 85' lang='lat' dir='ltr'><strong>rerum</strong></span> <span class='ocrx_word' id='word_1_330' title='bbox 1630 2619 1780 2661; x_wconf 61' lang='lat' dir='ltr'><strong>creao</strong></span> 
     </span>
    </p>
   </div>
   <div class='ocr_carea' id='block_1_36' title="bbox 167 2699 1783 2773">
    <p class='ocr_par' dir='ltr' id='par_1_36' title="bbox 167 2699 1783 2773">
     <span class='ocr_line' id='line_1_36' title="bbox 167 2699 1783 2773; baseline -0.003 -16"><span class='ocrx_word' id='word_1_331' title='bbox 167 2703 378 2758; x_wconf 85' lang='lat' dir='ltr'><strong>tionem</strong></span> <span class='ocrx_word' id='word_1_332' title='bbox 408 2710 746 2773; x_wconf 80' lang='lat' dir='ltr'><strong>exsequente</strong></span> <span class='ocrx_word' id='word_1_333' title='bbox 775 2700 852 2773; x_wconf 68' lang='grc' dir='ltr'><strong>(ὁ)</strong></span> <span class='ocrx_word' id='word_1_334' title='bbox 907 2702 1023 2757; x_wconf 81' lang='lat' dir='ltr'><strong>haec</strong></span> <span class='ocrx_word' id='word_1_335' title='bbox 1050 2702 1124 2757; x_wconf 87' lang='lat' dir='ltr'><strong>ait</strong></span> <span class='ocrx_word' id='word_1_336' title='bbox 1151 2720 1165 2754; x_wconf 86' lang='lat'><strong>:</strong></span> <span class='ocrx_word' id='word_1_337' title='bbox 1196 2720 1215 2755; x_wconf 76' lang='grc' dir='ltr'>ι</span> <span class='ocrx_word' id='word_1_338' title='bbox 1249 2700 1401 2756; x_wconf 86' lang='lat' dir='ltr'><strong>Tunc</strong></span> <span class='ocrx_word' id='word_1_339' title='bbox 1428 2699 1591 2769; x_wconf 88' lang='lat' dir='ltr'><strong>igitur</strong></span> <span class='ocrx_word' id='word_1_340' title='bbox 1618 2700 1783 2754; x_wconf 89' lang='lat' dir='ltr'><strong>etiam</strong></span> 
     </span>
    </p>
   </div>
   <div class='ocr_carea' id='block_1_37' title="bbox 166 2792 1781 2865">
    <p class='ocr_par' dir='ltr' id='par_1_37' title="bbox 166 2792 1781 2865">
     <span class='ocr_line' id='line_1_37' title="bbox 166 2792 1781 2865; baseline -0.004 -15"><span class='ocrx_word' id='word_1_341' title='bbox 166 2794 292 2865; x_wconf 84' lang='lat' dir='ltr'><strong>ipse</strong></span> <span class='ocrx_word' id='word_1_342' title='bbox 314 2792 512 2850; x_wconf 83' lang='lat' dir='ltr'><strong>Sermo</strong></span> <span class='ocrx_word' id='word_1_343' title='bbox 529 2794 791 2865; x_wconf 81' lang='lat' dir='ltr'><strong>speciem,</strong></span> <span class='ocrx_word' id='word_1_344' title='bbox 814 2801 869 2848; x_wconf 89' lang='lat' dir='ltr'><strong>et</strong></span> <span class='ocrx_word' id='word_1_345' title='bbox 892 2800 1141 2849; x_wconf 79' lang='lat' dir='ltr'><strong>ornatum</strong></span> <span class='ocrx_word' id='word_1_346' title='bbox 1168 2808 1325 2848; x_wconf 89' lang='lat' dir='ltr'><strong>suum</strong></span> <span class='ocrx_word' id='word_1_347' title='bbox 1355 2792 1543 2857; x_wconf 85' lang='lat' dir='ltr'><strong>sumit,</strong></span> <span class='ocrx_word' id='word_1_348' title='bbox 1565 2804 1781 2856; x_wconf 86' lang='lat' dir='ltr'><strong>sonum,</strong></span> 
     </span>
    </p>
   </div>
   <div class='ocr_carea' id='block_1_38' title="bbox 170 2880 1788 2953">
    <p class='ocr_par' dir='ltr' id='par_1_38' title="bbox 170 2880 1788 2953">
     <span class='ocr_line' id='line_1_38' title="bbox 170 2880 1788 2953; baseline -0.006 -9"><span class='ocrx_word' id='word_1_349' title='bbox 170 2896 233 2944; x_wconf 85' lang='lat' dir='ltr'><strong>et</strong></span> <span class='ocrx_word' id='word_1_350' title='bbox 259 2903 476 2953; x_wconf 80' lang='lat' dir='ltr'><strong>vocem,</strong></span> <span class='ocrx_word' id='word_1_351' title='bbox 509 2902 630 2942; x_wconf 90' lang='lat' dir='ltr'><strong>cum</strong></span> <span class='ocrx_word' id='word_1_352' title='bbox 661 2885 790 2940; x_wconf 89' lang='lat' dir='ltr'><strong>dicit</strong></span> <span class='ocrx_word' id='word_1_353' title='bbox 820 2885 962 2941; x_wconf 92' lang='lat' dir='ltr'><strong>Deus</strong></span> <span class='ocrx_word' id='word_1_354' title='bbox 991 2902 1004 2938; x_wconf 87' lang='lat'><strong>:</strong></span> <span class='ocrx_word' id='word_1_355' title='bbox 1037 2882 1161 2941; x_wconf 81' lang='lat' dir='ltr'><strong>Fiat</strong></span> <span class='ocrx_word' id='word_1_356' title='bbox 1198 2885 1355 2940; x_wconf 72' lang='lat' dir='ltr'><strong>lux...</strong></span> <span class='ocrx_word' id='word_1_357' title='bbox 1408 2887 1481 2940; x_wconf 86' lang='lat' dir='ltr'><strong>At</strong></span> <span class='ocrx_word' id='word_1_358' title='bbox 1521 2897 1621 2952; x_wconf 84' lang='lat' dir='ltr'><strong>ego</strong></span> <span class='ocrx_word' id='word_1_359' title='bbox 1652 2880 1788 2936; x_wconf 83' lang='lat' dir='ltr'><strong>nihil</strong></span> 
     </span>
    </p>
   </div>
   <div class='ocr_carea' id='block_1_39' title="bbox 178 2976 1787 3048">
    <p class='ocr_par' dir='ltr' id='par_1_39' title="bbox 178 2976 1787 3048">
     <span class='ocr_line' id='line_1_39' title="bbox 178 2976 1787 3048; baseline -0.007 -11"><span class='ocrx_word' id='word_1_360' title='bbox 178 2981 310 3037; x_wconf 90' lang='lat' dir='ltr'><strong>dico</strong></span> <span class='ocrx_word' id='word_1_361' title='bbox 331 2981 401 3036; x_wconf 91' lang='lat' dir='ltr'><strong>de</strong></span> <span class='ocrx_word' id='word_1_362' title='bbox 422 2981 535 3036; x_wconf 91' lang='lat' dir='ltr'><strong>Deo</strong></span> <span class='ocrx_word' id='word_1_363' title='bbox 580 2980 761 3045; x_wconf 89' lang='lat' dir='ltr'><strong>inane,</strong></span> <span class='ocrx_word' id='word_1_364' title='bbox 792 2990 849 3033; x_wconf 91' lang='lat' dir='ltr'><strong>et</strong></span> <span class='ocrx_word' id='word_1_365' title='bbox 885 2993 1112 3034; x_wconf 62' lang='lat' dir='ltr'><strong>vacuum</strong></span> <span class='ocrx_word' id='word_1_366' title='bbox 1144 2978 1360 3048; x_wconf 89' lang='lat' dir='ltr'><strong>prodire</strong></span> <span class='ocrx_word' id='word_1_367' title='bbox 1411 2976 1680 3047; x_wconf 88' lang='lat' dir='ltr'><strong>potuisse,</strong></span> <span class='ocrx_word' id='word_1_368' title='bbox 1731 2983 1787 3028; x_wconf 88' lang='lat' dir='ltr'><strong>ut</strong></span> 
     </span>
    </p>
   </div>
   <div class='ocr_carea' id='block_1_40' title="bbox 173 3067 1833 3142">
    <p class='ocr_par' dir='ltr' id='par_1_40' title="bbox 173 3067 1833 3142">
     <span class='ocr_line' id='line_1_40' title="bbox 173 3067 1833 3142; baseline -0.005 -12"><span class='ocrx_word' id='word_1_369' title='bbox 173 3090 286 3131; x_wconf 87' lang='lat' dir='ltr'><strong>non</strong></span> <span class='ocrx_word' id='word_1_370' title='bbox 314 3075 383 3129; x_wconf 87' lang='lat' dir='ltr'><strong>de</strong></span> <span class='ocrx_word' id='word_1_371' title='bbox 421 3073 602 3137; x_wconf 85' lang='lat' dir='ltr'><strong>inani,</strong></span> <span class='ocrx_word' id='word_1_372' title='bbox 649 3084 704 3129; x_wconf 92' lang='lat' dir='ltr'><strong>et</strong></span> <span class='ocrx_word' id='word_1_373' title='bbox 728 3086 903 3128; x_wconf 75' lang='lat' dir='ltr'><strong>vacuo</strong></span> <span class='ocrx_word' id='word_1_374' title='bbox 938 3073 1200 3142; x_wconf 80' lang='lat' dir='ltr'><strong>prolatum</strong></span> <span class='ocrx_word' id='word_1_375' title='bbox 1229 3089 1242 3136; x_wconf 88' lang='lat'><strong>;</strong></span> <span class='ocrx_word' id='word_1_376' title='bbox 1277 3086 1378 3127; x_wconf 87' lang='lat' dir='ltr'><strong>nec</strong></span> <span class='ocrx_word' id='word_1_377' title='bbox 1419 3084 1608 3124; x_wconf 84' lang='lat' dir='ltr'><strong>carere</strong></span> <span class='ocrx_word' id='word_1_378' title='bbox 1657 3067 1786 3122; x_wconf 89' lang='lat' dir='ltr'><strong>sub-</strong></span> <span class='ocrx_word' id='word_1_379' title='bbox 1818 3092 1833 3142; x_wconf 85' lang='lat'><strong><em>_-</em></strong></span> 
     </span>
    </p>
   </div>
   <div class='ocr_carea' id='block_1_41' title="bbox 168 3135 1854 3236">
    <p class='ocr_par' dir='ltr' id='par_1_41' title="bbox 168 3135 1854 3236">
     <span class='ocr_line' id='line_1_41' title="bbox 168 3135 1854 3236; baseline -0.007 -12"><span class='ocrx_word' id='word_1_380' title='bbox 168 3168 397 3234; x_wconf 67' lang='lat' dir='ltr'><strong>stantia,</strong></span> <span class='ocrx_word' id='word_1_381' title='bbox 427 3164 575 3236; x_wconf 78' lang='lat' dir='ltr'><strong>quod</strong></span> <span class='ocrx_word' id='word_1_382' title='bbox 593 3135 664 3225; x_wconf 77' lang='lat' dir='ltr'><strong>de</strong></span> <span class='ocrx_word' id='word_1_383' title='bbox 688 3173 837 3223; x_wconf 66' lang='lat' dir='ltr'><strong>unm</strong></span> <span class='ocrx_word' id='word_1_384' title='bbox 864 3135 1162 3223; x_wconf 73' lang='lat' dir='ltr'><strong>substantia</strong></span> <span class='ocrx_word' id='word_1_385' title='bbox 1209 3162 1496 3233; x_wconf 82' lang='lat' dir='ltr'><strong>processit,</strong></span> <span class='ocrx_word' id='word_1_386' title='bbox 1526 3170 1581 3214; x_wconf 88' lang='lat' dir='ltr'><strong>et</strong></span> <span class='ocrx_word' id='word_1_387' title='bbox 1607 3166 1782 3213; x_wconf 83' lang='lat' dir='ltr'><strong>tantas</strong></span> <span class='ocrx_word' id='word_1_388' title='bbox 1806 3135 1854 3200; x_wconf 63' lang='grc' dir='ltr'>(ἶ</span> 
     </span>
    </p>
   </div>
   <div class='ocr_carea' id='block_1_42' title="bbox 170 3253 1781 3325">
    <p class='ocr_par' dir='ltr' id='par_1_42' title="bbox 170 3253 1781 3325">
     <span class='ocr_line' id='line_1_42' title="bbox 170 3253 1781 3325; baseline -0.007 -8"><span class='ocrx_word' id='word_1_389' title='bbox 170 3259 509 3321; x_wconf 79' lang='lat' dir='ltr'><strong>substantias</strong></span> <span class='ocrx_word' id='word_1_390' title='bbox 548 3257 711 3323; x_wconf 71' lang='lat' dir='ltr'><strong>fecit;</strong></span> <span class='ocrx_word' id='word_1_391' title='bbox 744 3256 872 3314; x_wconf 73' lang='lat' dir='ltr'><strong>iecit</strong></span> <span class='ocrx_word' id='word_1_392' title='bbox 897 3260 1038 3313; x_wconf 84' lang='lat' dir='ltr'><strong>enim</strong></span> <span class='ocrx_word' id='word_1_393' title='bbox 1069 3263 1129 3313; x_wconf 84' lang='lat' dir='ltr'><strong>et</strong></span> <span class='ocrx_word' id='word_1_394' title='bbox 1162 3257 1279 3325; x_wconf 78' lang='lat' dir='ltr'><strong>ipso</strong></span> <span class='ocrx_word' id='word_1_395' title='bbox 1305 3270 1424 3325; x_wconf 65' lang='lat' dir='ltr'><strong>quae</strong></span> <span class='ocrx_word' id='word_1_396' title='bbox 1466 3253 1610 3309; x_wconf 73' lang='lat' dir='ltr'><strong>iacta</strong></span> <span class='ocrx_word' id='word_1_397' title='bbox 1651 3259 1781 3307; x_wconf 88' lang='lat' dir='ltr'><strong>sunt</strong></span> 
     </span>
    </p>
   </div>
   <div class='ocr_carea' id='block_1_43' title="bbox 168 3341 1788 3423">
    <p class='ocr_par' dir='ltr' id='par_1_43' title="bbox 168 3341 1788 3423">
     <span class='ocr_line' id='line_1_43' title="bbox 168 3341 1788 3423; baseline -0.006 -17"><span class='ocrx_word' id='word_1_398' title='bbox 168 3367 272 3423; x_wconf 83' lang='lat' dir='ltr'><strong>per</strong></span> <span class='ocrx_word' id='word_1_399' title='bbox 300 3351 470 3409; x_wconf 86' lang='lat' dir='ltr'><strong>illum.</strong></span> <span class='ocrx_word' id='word_1_400' title='bbox 504 3349 673 3416; x_wconf 83' lang='lat' dir='ltr'><strong>Quale</strong></span> <span class='ocrx_word' id='word_1_401' title='bbox 700 3358 805 3415; x_wconf 88' lang='lat' dir='ltr'><strong>est,</strong></span> <span class='ocrx_word' id='word_1_402' title='bbox 837 3357 894 3405; x_wconf 82' lang='lat' dir='ltr'><strong>ut</strong></span> <span class='ocrx_word' id='word_1_403' title='bbox 917 3348 1050 3405; x_wconf 87' lang='lat' dir='ltr'><strong>nihil</strong></span> <span class='ocrx_word' id='word_1_404' title='bbox 1076 3348 1149 3403; x_wconf 88' lang='lat' dir='ltr'><strong>sit</strong></span> <span class='ocrx_word' id='word_1_405' title='bbox 1180 3347 1316 3415; x_wconf 86' lang='lat' dir='ltr'><strong>ipse,</strong></span> <span class='ocrx_word' id='word_1_406' title='bbox 1349 3345 1469 3401; x_wconf 84' lang='lat' dir='ltr'><strong>sine</strong></span> <span class='ocrx_word' id='word_1_407' title='bbox 1519 3358 1625 3413; x_wconf 82' lang='lat' dir='ltr'><strong>quo</strong></span> <span class='ocrx_word' id='word_1_408' title='bbox 1654 3341 1788 3398; x_wconf 83' lang='lat' dir='ltr'><strong>nihil</strong></span> 
     </span>
    </p>
   </div>
   <div class='ocr_carea' id='block_1_44' title="bbox 172 3435 1788 3507">
    <p class='ocr_par' dir='ltr' id='par_1_44' title="bbox 172 3435 1788 3507">
     <span class='ocr_line' id='line_1_44' title="bbox 172 3435 1788 3507; baseline -0.007 -7"><span class='ocrx_word' id='word_1_409' title='bbox 172 3443 379 3505; x_wconf 76' lang='lat' dir='ltr'><strong>factum</strong></span> <span class='ocrx_word' id='word_1_410' title='bbox 407 3441 532 3499; x_wconf 78' lang='lat' dir='ltr'><strong>est?</strong></span> <span class='ocrx_word' id='word_1_411' title='bbox 560 3440 629 3498; x_wconf 87' lang='lat' dir='ltr'><strong>Ut</strong></span> <span class='ocrx_word' id='word_1_412' title='bbox 662 3441 837 3496; x_wconf 83' lang='lat' dir='ltr'><strong>inanis</strong></span> <span class='ocrx_word' id='word_1_413' title='bbox 862 3440 1063 3507; x_wconf 84' lang='lat' dir='ltr'><strong>solida,</strong></span> <span class='ocrx_word' id='word_1_414' title='bbox 1089 3448 1145 3496; x_wconf 92' lang='lat' dir='ltr'><strong>et</strong></span> <span class='ocrx_word' id='word_1_415' title='bbox 1170 3452 1375 3495; x_wconf 86' lang='lat' dir='ltr'><strong>vacuus</strong></span> <span class='ocrx_word' id='word_1_416' title='bbox 1406 3437 1585 3506; x_wconf 88' lang='lat' dir='ltr'><strong>plena,</strong></span> <span class='ocrx_word' id='word_1_417' title='bbox 1616 3441 1673 3491; x_wconf 92' lang='lat' dir='ltr'><strong>et</strong></span> <span class='ocrx_word' id='word_1_418' title='bbox 1700 3435 1788 3490; x_wconf 89' lang='lat' dir='ltr'><strong>in-</strong></span> 
     </span>
    </p>
   </div>
   <div class='ocr_carea' id='block_1_45' title="bbox 174 3530 1793 3609">
    <p class='ocr_par' dir='ltr' id='par_1_45' title="bbox 174 3530 1793 3609">
     <span class='ocr_line' id='line_1_45' title="bbox 174 3530 1793 3609; baseline -0.007 -15"><span class='ocrx_word' id='word_1_419' title='bbox 174 3537 481 3609; x_wconf 79' lang='lat' dir='ltr'><strong>corporalis</strong></span> <span class='ocrx_word' id='word_1_420' title='bbox 525 3536 830 3606; x_wconf 73' lang='lat' dir='ltr'><strong>corporalia</strong></span> <span class='ocrx_word' id='word_1_421' title='bbox 871 3535 944 3590; x_wconf 85' lang='lat' dir='ltr'><strong>sit</strong></span> <span class='ocrx_word' id='word_1_422' title='bbox 988 3533 1283 3603; x_wconf 81' lang='lat' dir='ltr'><strong>operatus?</strong></span> <span class='ocrx_word' id='word_1_423' title='bbox 1310 3530 1442 3586; x_wconf 87' lang='lat' dir='ltr'><strong>Nam</strong></span> <span class='ocrx_word' id='word_1_424' title='bbox 1480 3530 1582 3585; x_wconf 87' lang='lat' dir='ltr'><strong>etsi</strong></span> <span class='ocrx_word' id='word_1_425' title='bbox 1616 3536 1793 3597; x_wconf 88' lang='lat' dir='ltr'><strong>potest</strong></span> 
     </span>
    </p>
   </div>
   <div class='ocr_carea' id='block_1_46' title="bbox 178 3619 1791 3701">
    <p class='ocr_par' dir='ltr' id='par_1_46' title="bbox 178 3619 1791 3701">
     <span class='ocr_line' id='line_1_46' title="bbox 178 3619 1791 3701; baseline -0.008 -14"><span class='ocrx_word' id='word_1_426' title='bbox 178 3629 476 3701; x_wconf 86' lang='lat' dir='ltr'><strong>aliquando</strong></span> <span class='ocrx_word' id='word_1_427' title='bbox 497 3629 623 3700; x_wconf 88' lang='lat' dir='ltr'><strong>quid</strong></span> <span class='ocrx_word' id='word_1_428' title='bbox 648 3629 765 3685; x_wconf 88' lang='lat' dir='ltr'><strong>lieri</strong></span> <span class='ocrx_word' id='word_1_429' title='bbox 786 3629 1061 3684; x_wconf 85' lang='lat' dir='ltr'><strong>diversum</strong></span> <span class='ocrx_word' id='word_1_430' title='bbox 1086 3625 1225 3695; x_wconf 83' lang='lat' dir='ltr'><strong>ejus,</strong></span> <span class='ocrx_word' id='word_1_431' title='bbox 1253 3640 1353 3696; x_wconf 88' lang='lat' dir='ltr'><strong>per</strong></span> <span class='ocrx_word' id='word_1_432' title='bbox 1376 3622 1519 3694; x_wconf 89' lang='lat' dir='ltr'><strong>quod</strong></span> <span class='ocrx_word' id='word_1_433' title='bbox 1545 3622 1627 3690; x_wconf 87' lang='lat' dir='ltr'><strong>lit,</strong></span> <span class='ocrx_word' id='word_1_434' title='bbox 1657 3619 1791 3675; x_wconf 90' lang='lat' dir='ltr'><strong>nihil</strong></span> 
     </span>
    </p>
   </div>
   <div class='ocr_carea' id='block_1_47' title="bbox 178 3715 1788 3794">
    <p class='ocr_par' dir='ltr' id='par_1_47' title="bbox 178 3715 1788 3794">
     <span class='ocr_line' id='line_1_47' title="bbox 178 3715 1788 3794; baseline -0.012 -11"><span class='ocrx_word' id='word_1_435' title='bbox 178 3730 369 3783; x_wconf 76' lang='lat' dir='ltr'><strong>tamen</strong></span> <span class='ocrx_word' id='word_1_436' title='bbox 398 3731 576 3794; x_wconf 81' lang='lat' dir='ltr'><strong>poteSt</strong></span> <span class='ocrx_word' id='word_1_437' title='bbox 607 3721 745 3789; x_wconf 74' lang='lat' dir='ltr'><strong>ﬁeri,</strong></span> <span class='ocrx_word' id='word_1_438' title='bbox 778 3732 874 3792; x_wconf 83' lang='lat' dir='ltr'><strong>per</strong></span> <span class='ocrx_word' id='word_1_439' title='bbox 899 3720 948 3776; x_wconf 90' lang='lat' dir='ltr'><strong>id</strong></span> <span class='ocrx_word' id='word_1_440' title='bbox 971 3716 1117 3791; x_wconf 88' lang='lat' dir='ltr'><strong>quod</strong></span> <span class='ocrx_word' id='word_1_441' title='bbox 1139 3730 1386 3781; x_wconf 87' lang='lat' dir='ltr'><strong>vacuum,</strong></span> <span class='ocrx_word' id='word_1_442' title='bbox 1416 3725 1473 3770; x_wconf 89' lang='lat' dir='ltr'><strong>et</strong></span> <span class='ocrx_word' id='word_1_443' title='bbox 1502 3715 1662 3768; x_wconf 89' lang='lat' dir='ltr'><strong>inane</strong></span> <span class='ocrx_word' id='word_1_444' title='bbox 1686 3719 1788 3767; x_wconf 82' lang='lat' dir='ltr'><strong>est.</strong></span> 
     </span>
    </p>
   </div>
   <div class='ocr_carea' id='block_1_48' title="bbox 181 3803 1795 3878">
    <p class='ocr_par' dir='ltr' id='par_1_48' title="bbox 181 3803 1795 3878">
     <span class='ocr_line' id='line_1_48' title="bbox 181 3803 1795 3878; baseline -0.009 -6"><span class='ocrx_word' id='word_1_445' title='bbox 181 3803 364 3872; x_wconf 64' lang='lat' dir='ltr'><strong>Vacua</strong></span> <span class='ocrx_word' id='word_1_446' title='bbox 391 3823 449 3871; x_wconf 87' lang='lat' dir='ltr'><strong>et</strong></span> <span class='ocrx_word' id='word_1_447' title='bbox 471 3813 646 3869; x_wconf 79' lang='lat' dir='ltr'><strong>inanis</strong></span> <span class='ocrx_word' id='word_1_448' title='bbox 671 3814 760 3868; x_wconf 76' lang='lat' dir='ltr'><strong>res</strong></span> <span class='ocrx_word' id='word_1_449' title='bbox 802 3820 888 3868; x_wconf 90' lang='lat' dir='ltr'><strong>est</strong></span> <span class='ocrx_word' id='word_1_450' title='bbox 909 3812 1099 3868; x_wconf 86' lang='lat' dir='ltr'><strong>Sermo</strong></span> <span class='ocrx_word' id='word_1_451' title='bbox 1124 3809 1235 3874; x_wconf 88' lang='lat' dir='ltr'><strong>Dei,</strong></span> <span class='ocrx_word' id='word_1_452' title='bbox 1265 3808 1357 3878; x_wconf 87' lang='lat' dir='ltr'><strong>qui</strong></span> <span class='ocrx_word' id='word_1_453' title='bbox 1407 3803 1574 3861; x_wconf 82' lang='lat' dir='ltr'><strong>Filius</strong></span> <span class='ocrx_word' id='word_1_454' title='bbox 1623 3804 1795 3859; x_wconf 90' lang='lat' dir='ltr'><strong>dictus</strong></span> 
     </span>
    </p>
   </div>
   <div class='ocr_carea' id='block_1_49' title="bbox 185 3894 1798 3978">
    <p class='ocr_par' dir='ltr' id='par_1_49' title="bbox 185 3894 1798 3978">
     <span class='ocr_line' id='line_1_49' title="bbox 185 3894 1798 3978; baseline -0.01 -15"><span class='ocrx_word' id='word_1_455' title='bbox 185 3916 291 3970; x_wconf 82' lang='lat' dir='ltr'><strong>est.</strong></span> <span class='ocrx_word' id='word_1_456' title='bbox 321 3907 419 3978; x_wconf 86' lang='lat' dir='ltr'><strong>qui</strong></span> <span class='ocrx_word' id='word_1_457' title='bbox 441 3908 561 3976; x_wconf 82' lang='lat' dir='ltr'><strong>ipse</strong></span> <span class='ocrx_word' id='word_1_458' title='bbox 586 3904 729 3961; x_wconf 87' lang='lat' dir='ltr'><strong>Dens</strong></span> <span class='ocrx_word' id='word_1_459' title='bbox 772 3903 1182 3974; x_wconf 86' lang='lat' dir='ltr'><strong>cognominatus</strong></span> <span class='ocrx_word' id='word_1_460' title='bbox 1218 3909 1341 3956; x_wconf 91' lang='lat' dir='ltr'><strong>est:</strong></span> <span class='ocrx_word' id='word_1_461' title='bbox 1370 3894 1434 3952; x_wconf 82' lang='lat' dir='ltr'><strong>Et</strong></span> <span class='ocrx_word' id='word_1_462' title='bbox 1467 3897 1648 3952; x_wconf 86' lang='lat' dir='ltr'><strong>Sermo</strong></span> <span class='ocrx_word' id='word_1_463' title='bbox 1689 3900 1798 3949; x_wconf 83' lang='lat' dir='ltr'><strong>erat</strong></span> 
     </span>
    </p>
   </div>
   <div class='ocr_carea' id='block_1_50' title="bbox 184 3984 1828 4068">
    <p class='ocr_par' dir='ltr' id='par_1_50' title="bbox 184 3984 1828 4068">
     <span class='ocr_line' id='line_1_50' title="bbox 184 3984 1828 4068; baseline -0.008 -14"><span class='ocrx_word' id='word_1_464' title='bbox 184 4000 331 4068; x_wconf 74' lang='lat' dir='ltr'><strong>apud</strong></span> <span class='ocrx_word' id='word_1_465' title='bbox 359 3994 555 4063; x_wconf 73' lang='lat' dir='ltr'><strong>Dirum,</strong></span> <span class='ocrx_word' id='word_1_466' title='bbox 586 4006 633 4053; x_wconf 80' lang='lat' dir='ltr'><strong>et</strong></span> <span class='ocrx_word' id='word_1_467' title='bbox 656 3992 800 4051; x_wconf 81' lang='lat' dir='ltr'><strong>Deus</strong></span> <span class='ocrx_word' id='word_1_468' title='bbox 820 4000 928 4049; x_wconf 77' lang='lat' dir='ltr'><strong>erat</strong></span> <span class='ocrx_word' id='word_1_469' title='bbox 957 3994 1142 4050; x_wconf 85' lang='lat' dir='ltr'><strong>Sermo</strong></span> <span class='ocrx_word' id='word_1_470' title='bbox 1164 3992 1190 4046; x_wconf 64' lang='grc' dir='ltr'><em>ἵ</em></span> <span class='ocrx_word' id='word_1_471' title='bbox 1217 3991 1489 4059; x_wconf 85' lang='lat' dir='ltr'><strong>Scriptum</strong></span> <span class='ocrx_word' id='word_1_472' title='bbox 1521 3995 1605 4041; x_wconf 87' lang='lat' dir='ltr'><strong>est</strong></span> <span class='ocrx_word' id='word_1_473' title='bbox 1630 4004 1643 4040; x_wconf 90' lang='lat'><strong>:</strong></span> <span class='ocrx_word' id='word_1_474' title='bbox 1676 3984 1828 4041; x_wconf 87' lang='lat' dir='ltr'><strong>Non.</strong></span> 
     </span>
    </p>
   </div>
   <div class='ocr_carea' id='block_1_51' title="bbox 190 4074 1800 4149">
    <p class='ocr_par' dir='ltr' id='par_1_51' title="bbox 190 4074 1800 4149">
     <span class='ocr_line' id='line_1_51' title="bbox 190 4074 1800 4149; baseline -0.011 -1"><span class='ocrx_word' id='word_1_475' title='bbox 190 4108 366 4149; x_wconf 76' lang='lat' dir='ltr'><strong>sumes</strong></span> <span class='ocrx_word' id='word_1_476' title='bbox 390 4107 578 4147; x_wconf 82' lang='lat' dir='ltr'><strong>nomen</strong></span> <span class='ocrx_word' id='word_1_477' title='bbox 598 4087 699 4144; x_wconf 83' lang='lat' dir='ltr'><strong>Dei</strong></span> <span class='ocrx_word' id='word_1_478' title='bbox 727 4090 781 4142; x_wconf 82' lang='lat' dir='ltr'><strong>in</strong></span> <span class='ocrx_word' id='word_1_479' title='bbox 810 4103 1016 4142; x_wconf 83' lang='lat' dir='ltr'><strong>vanum.</strong></span> <span class='ocrx_word' id='word_1_480' title='bbox 1048 4085 1146 4141; x_wconf 88' lang='lat' dir='ltr'><strong>llic</strong></span> <span class='ocrx_word' id='word_1_481' title='bbox 1172 4092 1319 4139; x_wconf 90' lang='lat' dir='ltr'><strong>certe</strong></span> <span class='ocrx_word' id='word_1_482' title='bbox 1347 4094 1450 4145; x_wconf 82' lang='lat' dir='ltr'><strong>est,</strong></span> <span class='ocrx_word' id='word_1_483' title='bbox 1480 4080 1569 4148; x_wconf 89' lang='lat' dir='ltr'><strong>qui</strong></span> <span class='ocrx_word' id='word_1_484' title='bbox 1595 4078 1653 4133; x_wconf 87' lang='lat' dir='ltr'><strong>in</strong></span> <span class='ocrx_word' id='word_1_485' title='bbox 1681 4074 1800 4133; x_wconf 81' lang='lat' dir='ltr'><strong>effi-</strong></span> 
     </span>
    </p>
   </div>
   <div class='ocr_carea' id='block_1_52' title="bbox 188 4172 1801 4256">
    <p class='ocr_par' dir='ltr' id='par_1_52' title="bbox 188 4172 1801 4256">
     <span class='ocr_line' id='line_1_52' title="bbox 188 4172 1801 4256; baseline -0.009 -17"><span class='ocrx_word' id='word_1_486' title='bbox 188 4186 278 4256; x_wconf 87' lang='lat' dir='ltr'><strong>gie</strong></span> <span class='ocrx_word' id='word_1_487' title='bbox 307 4183 403 4240; x_wconf 85' lang='lat' dir='ltr'><strong>Dei</strong></span> <span class='ocrx_word' id='word_1_488' title='bbox 434 4182 786 4242; x_wconf 77' lang='lat' dir='ltr'><strong>constitutus,</strong></span> <span class='ocrx_word' id='word_1_489' title='bbox 818 4190 929 4234; x_wconf 88' lang='lat' dir='ltr'><strong>non</strong></span> <span class='ocrx_word' id='word_1_490' title='bbox 959 4178 1200 4248; x_wconf 84' lang='lat' dir='ltr'><strong>rapinam</strong></span> <span class='ocrx_word' id='word_1_491' title='bbox 1228 4172 1557 4229; x_wconf 76' lang='lat' dir='ltr'><strong>existimavit</strong></span> <span class='ocrx_word' id='word_1_492' title='bbox 1583 4176 1705 4225; x_wconf 74' lang='lat' dir='ltr'><strong>e550</strong></span> <span class='ocrx_word' id='word_1_493' title='bbox 1741 4184 1801 4224; x_wconf 88' lang='lat' dir='ltr'><strong>se</strong></span> 
     </span>
    </p>
   </div>
   <div class='ocr_carea' id='block_1_53' title="bbox 194 4263 1801 4346">
    <p class='ocr_par' dir='ltr' id='par_1_53' title="bbox 194 4263 1801 4346">
     <span class='ocr_line' id='line_1_53' title="bbox 194 4263 1801 4346; baseline -0.013 -11"><span class='ocrx_word' id='word_1_494' title='bbox 194 4279 462 4346; x_wconf 66' lang='lat' dir='ltr'><strong>aequalem</strong></span> <span class='ocrx_word' id='word_1_495' title='bbox 490 4277 619 4331; x_wconf 89' lang='lat' dir='ltr'><strong>Deo.</strong></span> <span class='ocrx_word' id='word_1_496' title='bbox 649 4274 711 4329; x_wconf 75' lang='lat' dir='ltr'><strong>In</strong></span> <span class='ocrx_word' id='word_1_497' title='bbox 731 4289 839 4344; x_wconf 76' lang='lat' dir='ltr'><strong>qua</strong></span> <span class='ocrx_word' id='word_1_498' title='bbox 860 4271 1042 4342; x_wconf 72' lang='lat' dir='ltr'><strong>efﬁgie</strong></span> <span class='ocrx_word' id='word_1_499' title='bbox 1069 4269 1202 4324; x_wconf 81' lang='lat' dir='ltr'><strong>Dei?</strong></span> <span class='ocrx_word' id='word_1_500' title='bbox 1224 4267 1420 4337; x_wconf 70' lang='lat' dir='ltr'><strong>Utique</strong></span> <span class='ocrx_word' id='word_1_501' title='bbox 1449 4266 1507 4319; x_wconf 79' lang='lat' dir='ltr'><strong>in</strong></span> <span class='ocrx_word' id='word_1_502' title='bbox 1534 4263 1660 4331; x_wconf 87' lang='lat' dir='ltr'><strong>alia,</strong></span> <span class='ocrx_word' id='word_1_503' title='bbox 1694 4275 1801 4316; x_wconf 90' lang='lat' dir='ltr'><strong>non</strong></span> 
     </span>
    </p>
   </div>
   <div class='ocr_carea' id='block_1_54' title="bbox 194 4353 1801 4434">
    <p class='ocr_par' dir='ltr' id='par_1_54' title="bbox 194 4353 1801 4434">
     <span class='ocr_line' id='line_1_54' title="bbox 194 4353 1801 4434; baseline -0.014 -6"><span class='ocrx_word' id='word_1_504' title='bbox 194 4380 376 4428; x_wconf 88' lang='lat' dir='ltr'><strong>tamen</strong></span> <span class='ocrx_word' id='word_1_505' title='bbox 407 4369 462 4425; x_wconf 91' lang='lat' dir='ltr'><strong>in</strong></span> <span class='ocrx_word' id='word_1_506' title='bbox 491 4369 710 4425; x_wconf 86' lang='lat' dir='ltr'><strong>nulla...</strong></span> <span class='ocrx_word' id='word_1_507' title='bbox 742 4366 1110 4434; x_wconf 77' lang='lat' dir='ltr'><strong>Quaecumque</strong></span> <span class='ocrx_word' id='word_1_508' title='bbox 1156 4368 1287 4431; x_wconf 75' lang='lat' dir='ltr'><strong>ergo</strong></span> <span class='ocrx_word' id='word_1_509' title='bbox 1325 4356 1625 4414; x_wconf 83' lang='lat' dir='ltr'><strong>substantia</strong></span> <span class='ocrx_word' id='word_1_510' title='bbox 1669 4353 1801 4409; x_wconf 85' lang='lat' dir='ltr'><strong>Ser-</strong></span> 
     </span>
    </p>
   </div>
   <div class='ocr_carea' id='block_1_55' title="bbox 200 4445 1802 4530">
    <p class='ocr_par' dir='ltr' id='par_1_55' title="bbox 200 4445 1802 4530">
     <span class='ocr_line' id='line_1_55' title="bbox 200 4445 1802 4530; baseline -0.014 -10"><span class='ocrx_word' id='word_1_511' title='bbox 200 4467 382 4520; x_wconf 86' lang='lat' dir='ltr'><strong>monis</strong></span> <span class='ocrx_word' id='word_1_512' title='bbox 409 4461 534 4530; x_wconf 88' lang='lat' dir='ltr'><strong>l‘uit,</strong></span> <span class='ocrx_word' id='word_1_513' title='bbox 564 4461 709 4517; x_wconf 86' lang='lat' dir='ltr'><strong>illam</strong></span> <span class='ocrx_word' id='word_1_514' title='bbox 733 4461 856 4515; x_wconf 83' lang='lat' dir='ltr'><strong>dico</strong></span> <span class='ocrx_word' id='word_1_515' title='bbox 883 4470 1190 4529; x_wconf 80' lang='lat' dir='ltr'><strong>personam,</strong></span> <span class='ocrx_word' id='word_1_516' title='bbox 1221 4464 1275 4508; x_wconf 82' lang='lat' dir='ltr'><strong>et</strong></span> <span class='ocrx_word' id='word_1_517' title='bbox 1317 4451 1393 4515; x_wconf 68' lang='lat' dir='ltr'><strong>illi</strong></span> <span class='ocrx_word' id='word_1_518' title='bbox 1438 4462 1634 4504; x_wconf 82' lang='lat' dir='ltr'><strong>nomen</strong></span> <span class='ocrx_word' id='word_1_519' title='bbox 1680 4445 1802 4502; x_wconf 86' lang='lat' dir='ltr'><strong>Filii</strong></span> 
     </span>
    </p>
   </div>
   <div class='ocr_carea' id='block_1_56' title="bbox 196 4538 1805 4622">
    <p class='ocr_par' dir='ltr' id='par_1_56' title="bbox 196 4538 1805 4622">
     <span class='ocr_line' id='line_1_56' title="bbox 196 4538 1805 4622; baseline -0.012 -12"><span class='ocrx_word' id='word_1_520' title='bbox 196 4555 441 4621; x_wconf 81' lang='lat' dir='ltr'><strong>vindico,</strong></span> <span class='ocrx_word' id='word_1_521' title='bbox 470 4563 525 4610; x_wconf 90' lang='lat' dir='ltr'><strong>et</strong></span> <span class='ocrx_word' id='word_1_522' title='bbox 546 4552 672 4608; x_wconf 82' lang='lat' dir='ltr'><strong>dum</strong></span> <span class='ocrx_word' id='word_1_523' title='bbox 712 4550 908 4608; x_wconf 82' lang='lat' dir='ltr'><strong>Filium</strong></span> <span class='ocrx_word' id='word_1_524' title='bbox 948 4554 1207 4622; x_wconf 83' lang='lat' dir='ltr'><strong>agnosco,</strong></span> <span class='ocrx_word' id='word_1_525' title='bbox 1257 4542 1554 4608; x_wconf 86' lang='lat' dir='ltr'><strong>secundum</strong></span> <span class='ocrx_word' id='word_1_526' title='bbox 1582 4554 1612 4595; x_wconf 86' lang='lat' dir='ltr'><strong>a</strong></span> <span class='ocrx_word' id='word_1_527' title='bbox 1643 4538 1805 4595; x_wconf 73' lang='lat' dir='ltr'><strong>Putre</strong></span> 
     </span>
    </p>
   </div>
   <div class='ocr_carea' id='block_1_57' title="bbox 204 4647 526 4705">
    <p class='ocr_par' dir='ltr' id='par_1_57' title="bbox 204 4647 526 4705">
     <span class='ocr_line' id='line_1_57' title="bbox 204 4647 526 4705; baseline -0.019 0"><span class='ocrx_word' id='word_1_528' title='bbox 204 4647 467 4705; x_wconf 76' lang='lat' dir='ltr'><strong>defendo.</strong></span> <span class='ocrx_word' id='word_1_529' title='bbox 505 4665 526 4699; x_wconf 74' lang='grc' dir='ltr'><strong><em>ι</em></strong></span> 
     </span>
    </p>
   </div>
   <div class='ocr_carea' id='block_1_58' title="bbox 282 4726 1806 4810">
    <p class='ocr_par' dir='ltr' id='par_1_58' title="bbox 282 4726 1806 4810">
     <span class='ocr_line' id='line_1_58' title="bbox 282 4726 1806 4810; baseline -0.016 -9"><span class='ocrx_word' id='word_1_530' title='bbox 282 4728 476 4801; x_wconf 71' lang='lat' dir='ltr'><strong>Iudice</strong></span> <span class='ocrx_word' id='word_1_531' title='bbox 502 4739 685 4810; x_wconf 88' lang='lat' dir='ltr'><strong>itaque</strong></span> <span class='ocrx_word' id='word_1_532' title='bbox 711 4734 1064 4799; x_wconf 89' lang='lat' dir='ltr'><strong>Tertulliano,</strong></span> <span class='ocrx_word' id='word_1_533' title='bbox 1114 4726 1351 4786; x_wconf 78' lang='lat' dir='ltr'><strong>Verbum</strong></span> <span class='ocrx_word' id='word_1_534' title='bbox 1397 4726 1636 4782; x_wconf 87' lang='lat' dir='ltr'><strong>divinum</strong></span> <span class='ocrx_word' id='word_1_535' title='bbox 1686 4737 1806 4779; x_wconf 91' lang='lat' dir='ltr'><strong>cum</strong></span> 
     </span>
    </p>
   </div>
   <div class='ocr_carea' id='block_1_59' title="bbox 202 4818 1807 4902">
    <p class='ocr_par' dir='ltr' id='par_1_59' title="bbox 202 4818 1807 4902">
     <span class='ocr_line' id='line_1_59' title="bbox 202 4818 1807 4902; baseline -0.017 -5"><span class='ocrx_word' id='word_1_536' title='bbox 202 4855 293 4897; x_wconf 89' lang='lat' dir='ltr'><strong>res</strong></span> <span class='ocrx_word' id='word_1_537' title='bbox 320 4835 551 4899; x_wconf 86' lang='lat' dir='ltr'><strong>creavit,</strong></span> <span class='ocrx_word' id='word_1_538' title='bbox 582 4832 805 4902; x_wconf 81' lang='lat' dir='ltr'><strong>speciem</strong></span> <span class='ocrx_word' id='word_1_539' title='bbox 827 4838 883 4885; x_wconf 92' lang='lat' dir='ltr'><strong>et</strong></span> <span class='ocrx_word' id='word_1_540' title='bbox 907 4837 1148 4882; x_wconf 85' lang='lat' dir='ltr'><strong>ornatum</strong></span> <span class='ocrx_word' id='word_1_541' title='bbox 1176 4821 1428 4892; x_wconf 88' lang='lat' dir='ltr'><strong>sumpsit,</strong></span> <span class='ocrx_word' id='word_1_542' title='bbox 1462 4818 1516 4875; x_wconf 91' lang='lat' dir='ltr'><strong>id</strong></span> <span class='ocrx_word' id='word_1_543' title='bbox 1545 4828 1627 4874; x_wconf 90' lang='lat' dir='ltr'><strong>est</strong></span> <span class='ocrx_word' id='word_1_544' title='bbox 1648 4825 1807 4872; x_wconf 77' lang='lat' dir='ltr'><strong>exte-</strong></span> 
     </span>
    </p>
   </div>
   <div class='ocr_carea' id='block_1_60' title="bbox 200 4907 1808 4999">
    <p class='ocr_par' dir='ltr' id='par_1_60' title="bbox 200 4907 1808 4999">
     <span class='ocr_line' id='line_1_60' title="bbox 200 4907 1808 4999; baseline -0.017 -10"><span class='ocrx_word' id='word_1_545' title='bbox 200 4933 412 4997; x_wconf 81' lang='lat' dir='ltr'><strong>riorem</strong></span> <span class='ocrx_word' id='word_1_546' title='bbox 444 4923 750 4999; x_wconf 85' lang='lat' dir='ltr'><strong>quamdam,</strong></span> <span class='ocrx_word' id='word_1_547' title='bbox 790 4930 847 4976; x_wconf 90' lang='lat' dir='ltr'><strong>et</strong></span> <span class='ocrx_word' id='word_1_548' title='bbox 884 4917 1175 4983; x_wconf 86' lang='lat' dir='ltr'><strong>visibilem,</strong></span> <span class='ocrx_word' id='word_1_549' title='bbox 1209 4926 1436 4984; x_wconf 87' lang='lat' dir='ltr'><strong>eamque</strong></span> <span class='ocrx_word' id='word_1_550' title='bbox 1473 4907 1808 4981; x_wconf 46' lang='lat' dir='ltr'><strong>elegantissi-</strong></span> 
     </span>
    </p>
   </div>
   <div class='ocr_carea' id='block_1_61' title="bbox 1878 1846 3472 1920">
    <p class='ocr_par' dir='ltr' id='par_1_61' title="bbox 1878 1846 3472 1920">
     <span class='ocr_line' id='line_1_61' title="bbox 1878 1846 3472 1920; baseline -0.005 -11"><span class='ocrx_word' id='word_1_551' title='bbox 1878 1870 2002 1909; x_wconf 88' lang='lat' dir='ltr'><strong>nam</strong></span> <span class='ocrx_word' id='word_1_552' title='bbox 2030 1867 2250 1909; x_wconf 88' lang='lat' dir='ltr'><strong>carnem</strong></span> <span class='ocrx_word' id='word_1_553' title='bbox 2299 1850 2659 1920; x_wconf 85' lang='lat' dir='ltr'><strong>assumpserit</strong></span> <span class='ocrx_word' id='word_1_554' title='bbox 2701 1847 2950 1904; x_wconf 87' lang='lat' dir='ltr'><strong>:etenim</strong></span> <span class='ocrx_word' id='word_1_555' title='bbox 2993 1861 3112 1902; x_wconf 90' lang='lat' dir='ltr'><strong>eam</strong></span> <span class='ocrx_word' id='word_1_556' title='bbox 3155 1848 3387 1917; x_wconf 86' lang='lat' dir='ltr'><strong>sumpsit</strong></span> <span class='ocrx_word' id='word_1_557' title='bbox 3418 1846 3472 1902; x_wconf 90' lang='lat' dir='ltr'><strong>in</strong></span> 
     </span>
    </p>
   </div>
   <div class='ocr_carea' id='block_1_62' title="bbox 1876 1937 3477 2014">
    <p class='ocr_par' dir='ltr' id='par_1_62' title="bbox 1876 1937 3477 2014">
     <span class='ocr_line' id='line_1_62' title="bbox 1876 1937 3477 2014; baseline -0.007 -12"><span class='ocrx_word' id='word_1_558' title='bbox 1876 1945 1988 2002; x_wconf 82' lang='lat' dir='ltr'><strong>ﬁne</strong></span> <span class='ocrx_word' id='word_1_559' title='bbox 2017 1953 2355 2014; x_wconf 89' lang='lat' dir='ltr'><strong>temporum,</strong></span> <span class='ocrx_word' id='word_1_560' title='bbox 2386 1941 2547 1997; x_wconf 81' lang='lat' dir='ltr'><strong>Maria</strong></span> <span class='ocrx_word' id='word_1_561' title='bbox 2588 1939 2943 1997; x_wconf 86' lang='lat' dir='ltr'><strong>Sanctissima</strong></span> <span class='ocrx_word' id='word_1_562' title='bbox 2975 1937 3055 1993; x_wconf 87' lang='lat' dir='ltr'><strong>illi</strong></span> <span class='ocrx_word' id='word_1_563' title='bbox 3102 1952 3322 1997; x_wconf 89' lang='lat' dir='ltr'><strong>carnem</strong></span> <span class='ocrx_word' id='word_1_564' title='bbox 3372 1938 3477 1992; x_wconf 85' lang='lat' dir='ltr'><strong>mi-</strong></span> 
     </span>
    </p>
   </div>
   <div class='ocr_carea' id='block_1_63' title="bbox 1878 2028 3479 2106">
    <p class='ocr_par' dir='ltr' id='par_1_63' title="bbox 1878 2028 3479 2106">
     <span class='ocr_line' id='line_1_63' title="bbox 1878 2028 3479 2106; baseline -0.006 -13"><span class='ocrx_word' id='word_1_565' title='bbox 1878 2039 2180 2104; x_wconf 83' lang='lat' dir='ltr'><strong>nistrante;</strong></span> <span class='ocrx_word' id='word_1_566' title='bbox 2208 2049 2338 2106; x_wconf 83' lang='lat' dir='ltr'><strong>ergo</strong></span> <span class='ocrx_word' id='word_1_567' title='bbox 2368 2041 2656 2103; x_wconf 88' lang='lat' dir='ltr'><strong>propterea</strong></span> <span class='ocrx_word' id='word_1_568' title='bbox 2703 2031 2864 2086; x_wconf 92' lang='lat' dir='ltr'><strong>homo</strong></span> <span class='ocrx_word' id='word_1_569' title='bbox 2892 2028 3000 2084; x_wconf 91' lang='lat' dir='ltr'><strong>dici</strong></span> <span class='ocrx_word' id='word_1_570' title='bbox 3031 2036 3233 2100; x_wconf 88' lang='lat' dir='ltr'><strong>potest,</strong></span> <span class='ocrx_word' id='word_1_571' title='bbox 3280 2029 3423 2100; x_wconf 87' lang='lat' dir='ltr'><strong>quod</strong></span> <span class='ocrx_word' id='word_1_572' title='bbox 3449 2043 3479 2083; x_wconf 87' lang='lat' dir='ltr'><strong>a</strong></span> 
     </span>
    </p>
   </div>
   <div class='ocr_carea' id='block_1_64' title="bbox 1879 2121 3484 2199">
    <p class='ocr_par' dir='ltr' id='par_1_64' title="bbox 1879 2121 3484 2199">
     <span class='ocr_line' id='line_1_64' title="bbox 1879 2121 3484 2199; baseline -0.006 -14"><span class='ocrx_word' id='word_1_573' title='bbox 1879 2125 2181 2199; x_wconf 88' lang='lat' dir='ltr'><strong>primordio</strong></span> <span class='ocrx_word' id='word_1_574' title='bbox 2208 2126 2259 2180; x_wconf 90' lang='lat' dir='ltr'><strong>in</strong></span> <span class='ocrx_word' id='word_1_575' title='bbox 2289 2124 2525 2179; x_wconf 84' lang='lat' dir='ltr'><strong>humana</strong></span> <span class='ocrx_word' id='word_1_576' title='bbox 2552 2122 2728 2179; x_wconf 80' lang='lat' dir='ltr'><strong>forma</strong></span> <span class='ocrx_word' id='word_1_577' title='bbox 2757 2138 2856 2181; x_wconf 87' lang='lat' dir='ltr'><strong>seu</strong></span> <span class='ocrx_word' id='word_1_578' title='bbox 2900 2125 3086 2192; x_wconf 89' lang='lat' dir='ltr'><strong>specie</strong></span> <span class='ocrx_word' id='word_1_579' title='bbox 3123 2121 3396 2192; x_wconf 86' lang='lat' dir='ltr'><strong>apparuit,</strong></span> <span class='ocrx_word' id='word_1_580' title='bbox 3428 2122 3484 2177; x_wconf 88' lang='lat' dir='ltr'><strong>in</strong></span> 
     </span>
    </p>
   </div>
   <div class='ocr_carea' id='block_1_65' title="bbox 1880 2215 3475 2294">
    <p class='ocr_par' dir='ltr' id='par_1_65' title="bbox 1880 2215 3475 2294">
     <span class='ocr_line' id='line_1_65' title="bbox 1880 2215 3475 2294; baseline -0.005 -17"><span class='ocrx_word' id='word_1_581' title='bbox 1880 2237 1984 2294; x_wconf 82' lang='lat' dir='ltr'><strong>qua</strong></span> <span class='ocrx_word' id='word_1_582' title='bbox 2012 2221 2177 2277; x_wconf 89' lang='lat' dir='ltr'><strong>etiam</strong></span> <span class='ocrx_word' id='word_1_583' title='bbox 2203 2219 2484 2288; x_wconf 89' lang='lat' dir='ltr'><strong>deinceps,</strong></span> <span class='ocrx_word' id='word_1_584' title='bbox 2513 2219 2559 2271; x_wconf 92' lang='lat' dir='ltr'><strong>si</strong></span> <span class='ocrx_word' id='word_1_585' title='bbox 2587 2216 2979 2273; x_wconf 86' lang='lat' dir='ltr'><strong>Tertullianum</strong></span> <span class='ocrx_word' id='word_1_586' title='bbox 3002 2216 3181 2282; x_wconf 89' lang='lat' dir='ltr'><strong>audis,</strong></span> <span class='ocrx_word' id='word_1_587' title='bbox 3204 2215 3475 2286; x_wconf 87' lang='lat' dir='ltr'><strong>apparuit:</strong></span> 
     </span>
    </p>
   </div>
   <div class='ocr_carea' id='block_1_66' title="bbox 1880 2306 3476 2379">
    <p class='ocr_par' dir='ltr' id='par_1_66' title="bbox 1880 2306 3476 2379">
     <span class='ocr_line' id='line_1_66' title="bbox 1880 2306 3476 2379; baseline -0.004 -8"><span class='ocrx_word' id='word_1_588' title='bbox 1880 2312 2191 2372; x_wconf 79' lang='lat' dir='ltr'><strong>Abrahamo</strong></span> <span class='ocrx_word' id='word_1_589' title='bbox 2227 2310 2458 2376; x_wconf 88' lang='lat' dir='ltr'><strong>scilicet,</strong></span> <span class='ocrx_word' id='word_1_590' title='bbox 2505 2308 2729 2376; x_wconf 84' lang='lat' dir='ltr'><strong>Jacobo,</strong></span> <span class='ocrx_word' id='word_1_591' title='bbox 2764 2318 2820 2363; x_wconf 92' lang='lat' dir='ltr'><strong>et</strong></span> <span class='ocrx_word' id='word_1_592' title='bbox 2848 2306 3176 2378; x_wconf 87' lang='lat' dir='ltr'><strong>patriarchis</strong></span> <span class='ocrx_word' id='word_1_593' title='bbox 3216 2307 3476 2379; x_wconf 89' lang='lat' dir='ltr'><strong>reliquis,</strong></span> 
     </span>
    </p>
   </div>
   <div class='ocr_carea' id='block_1_67' title="bbox 1881 2397 2977 2477">
    <p class='ocr_par' dir='ltr' id='par_1_67' title="bbox 1881 2397 2977 2477">
     <span class='ocr_line' id='line_1_67' title="bbox 1881 2397 2977 2477; baseline -0.009 -16"><span class='ocrx_word' id='word_1_594' title='bbox 1881 2404 2053 2477; x_wconf 77' lang='lat' dir='ltr'><strong>Moysi</strong></span> <span class='ocrx_word' id='word_1_595' title='bbox 2083 2416 2320 2474; x_wconf 87' lang='lat' dir='ltr'><strong>quoque,</strong></span> <span class='ocrx_word' id='word_1_596' title='bbox 2346 2410 2402 2456; x_wconf 91' lang='lat' dir='ltr'><strong>et</strong></span> <span class='ocrx_word' id='word_1_597' title='bbox 2426 2398 2639 2455; x_wconf 86' lang='lat' dir='ltr'><strong>caeteris</strong></span> <span class='ocrx_word' id='word_1_598' title='bbox 2670 2397 2977 2469; x_wconf 81' lang='lat' dir='ltr'><strong>praphetis.</strong></span> 
     </span>
    </p>
   </div>
   <div class='ocr_carea' id='block_1_68' title="bbox 1955 2487 3485 2560">
    <p class='ocr_par' dir='ltr' id='par_1_68' title="bbox 1955 2487 3485 2560">
     <span class='ocr_line' id='line_1_68' title="bbox 1955 2487 3485 2560; baseline -0.003 -8"><span class='ocrx_word' id='word_1_599' title='bbox 1955 2497 2044 2553; x_wconf 78' lang='lat'><strong>&#39;50.</strong></span> <span class='ocrx_word' id='word_1_600' title='bbox 2088 2495 2145 2552; x_wconf 89' lang='lat' dir='ltr'><strong>In</strong></span> <span class='ocrx_word' id='word_1_601' title='bbox 2167 2492 2420 2551; x_wconf 88' lang='lat' dir='ltr'><strong>eumdem</strong></span> <span class='ocrx_word' id='word_1_602' title='bbox 2446 2505 2667 2548; x_wconf 90' lang='lat' dir='ltr'><strong>sensum</strong></span> <span class='ocrx_word' id='word_1_603' title='bbox 2691 2488 3018 2546; x_wconf 88' lang='lat' dir='ltr'><strong>Prudentius</strong></span> <span class='ocrx_word' id='word_1_604' title='bbox 3037 2487 3342 2560; x_wconf 88' lang='lat' dir='ltr'><strong>generatim</strong></span> <span class='ocrx_word' id='word_1_605' title='bbox 3366 2487 3485 2547; x_wconf 62' lang='lat' dir='ltr'><strong>haec</strong></span> 
     </span>
    </p>
   </div>
   <div class='ocr_carea' id='block_1_69' title="bbox 1886 2588 2179 2661">
    <p class='ocr_par' dir='ltr' id='par_1_69' title="bbox 1886 2588 2179 2661">
     <span class='ocr_line' id='line_1_69' title="bbox 1886 2588 2179 2661; baseline -0.024 -11"><span class='ocrx_word' id='word_1_606' title='bbox 1886 2590 2047 2649; x_wconf 86' lang='lat' dir='ltr'><strong>docet</strong></span> <span class='ocrx_word' id='word_1_607' title='bbox 2074 2588 2179 2661; x_wconf 87' lang='lat' dir='ltr'><strong>(c):</strong></span> 
     </span>
    </p>
   </div>
   <div class='ocr_carea' id='block_1_70' title="bbox 1980 2701 3367 2818">
    <p class='ocr_par' dir='ltr' id='par_1_70' title="bbox 1980 2701 3367 2818">
     <span class='ocr_line' id='line_1_70' title="bbox 1980 2701 3367 2818; baseline 0 -63"><span class='ocrx_word' id='word_1_608' title='bbox 1980 2705 2084 2818; x_wconf 47' lang='grc' dir='ltr'><strong>ἔθει</strong></span> <span class='ocrx_word' id='word_1_609' title='bbox 2107 2709 2274 2755; x_wconf 86' lang='lat' dir='ltr'><strong>tamen</strong></span> <span class='ocrx_word' id='word_1_610' title='bbox 2296 2707 2351 2753; x_wconf 89' lang='lat' dir='ltr'><strong>et</strong></span> <span class='ocrx_word' id='word_1_611' title='bbox 2369 2702 2535 2753; x_wconf 86' lang='lat' dir='ltr'><strong>Patris</strong></span> <span class='ocrx_word' id='word_1_612' title='bbox 2551 2702 2826 2763; x_wconf 85' lang='lat' dir='ltr'><strong>specimen,</strong></span> <span class='ocrx_word' id='word_1_613' title='bbox 2845 2714 2946 2764; x_wconf 89' lang='lat' dir='ltr'><strong>quo</strong></span> <span class='ocrx_word' id='word_1_614' title='bbox 2967 2714 3183 2752; x_wconf 85' lang='lat' dir='ltr'><strong>cernere</strong></span> <span class='ocrx_word' id='word_1_615' title='bbox 3206 2701 3281 2753; x_wconf 73' lang='lat' dir='ltr'><strong>Ias</strong></span> <span class='ocrx_word' id='word_1_616' title='bbox 3300 2705 3367 2755; x_wconf 79' lang='lat' dir='ltr'><strong>sit</strong></span> 
     </span>
     <span class='ocr_line' id='line_1_71' title="bbox 2031 2762 3318 2818; baseline -0.002 -2"><span class='ocrx_word' id='word_1_617' title='bbox 2031 2766 2223 2816; x_wconf 89' lang='lat' dir='ltr'><strong>umanis</strong></span> <span class='ocrx_word' id='word_1_618' title='bbox 2243 2764 2499 2818; x_wconf 83' lang='lat' dir='ltr'><strong>aliquando</strong></span> <span class='ocrx_word' id='word_1_619' title='bbox 2521 2762 2677 2813; x_wconf 90' lang='lat' dir='ltr'><strong>oculis</strong></span> <span class='ocrx_word' id='word_1_620' title='bbox 2699 2776 2997 2814; x_wconf 84' lang='lat' dir='ltr'><strong>concurrere</strong></span> <span class='ocrx_word' id='word_1_621' title='bbox 3021 2768 3318 2818; x_wconf 82' lang='lat' dir='ltr'><strong>promptum.</strong></span> 
     </span>
    </p>
   </div>
   <div class='ocr_carea' id='block_1_71' title="bbox 2031 2762 3318 2840">
    <p class='ocr_par' dir='ltr' id='par_1_71' title="bbox 2031 2762 3318 2840">
     <span class='ocr_line' id='line_1_72' title="bbox 2031 2762 3318 2840; baseline -0.001 -24"><span class='ocrx_word' id='word_1_622' title='bbox 2031 2766 2223 2840; x_wconf 73' lang='lat' dir='ltr'><strong>omanis</strong></span> <span class='ocrx_word' id='word_1_623' title='bbox 2243 2764 2499 2840; x_wconf 63' lang='lat' dir='ltr'><strong>aliquando</strong></span> <span class='ocrx_word' id='word_1_624' title='bbox 2521 2762 2997 2840; x_wconf 65' lang='lat' dir='ltr'><strong>oculisconcurrere</strong></span> <span class='ocrx_word' id='word_1_625' title='bbox 3021 2768 3318 2840; x_wconf 64' lang='lat' dir='ltr'><strong>promptum,</strong></span> 
     </span>
    </p>
   </div>
   <div class='ocr_carea' id='block_1_72' title="bbox 1982 2824 3356 2889">
    <p class='ocr_par' dir='ltr' id='par_1_72' title="bbox 1982 2824 3356 2889">
     <span class='ocr_line' id='line_1_73' title="bbox 1982 2824 3356 2889; baseline -0.001 -10"><span class='ocrx_word' id='word_1_626' title='bbox 1982 2829 2125 2889; x_wconf 83' lang='lat' dir='ltr'><strong>Quod</strong></span> <span class='ocrx_word' id='word_1_627' title='bbox 2148 2824 2371 2885; x_wconf 78' lang='lat' dir='ltr'><strong>quamvis</strong></span> <span class='ocrx_word' id='word_1_628' title='bbox 2394 2826 2555 2875; x_wconf 83' lang='lat' dir='ltr'><strong>hebes</strong></span> <span class='ocrx_word' id='word_1_629' title='bbox 2576 2824 3139 2889; x_wconf 66' lang='lat' dir='ltr'><strong>intuitusspeculamine</strong></span> <span class='ocrx_word' id='word_1_630' title='bbox 3163 2824 3356 2889; x_wconf 78' lang='lat' dir='ltr'><strong>glauco,</strong></span> 
     </span>
    </p>
   </div>
   <div class='ocr_carea' id='block_1_73' title="bbox 1985 2886 3101 2953">
    <p class='ocr_par' dir='ltr' id='par_1_73' title="bbox 1985 2886 3101 2953">
     <span class='ocr_line' id='line_1_74' title="bbox 1985 2886 3101 2953; baseline -0.005 -10"><span class='ocrx_word' id='word_1_631' title='bbox 1985 2886 2325 2953; x_wconf 77' lang='lat' dir='ltr'><strong>Humentiquo</strong></span> <span class='ocrx_word' id='word_1_632' title='bbox 2347 2890 2454 2939; x_wconf 83' lang='lat' dir='ltr'><strong>acie</strong></span> <span class='ocrx_word' id='word_1_633' title='bbox 2478 2888 2635 2953; x_wconf 76' lang='lat' dir='ltr'><strong>potuit</strong></span> <span class='ocrx_word' id='word_1_634' title='bbox 2654 2886 2923 2953; x_wconf 66' lang='lat' dir='ltr'><strong>nebulosus</strong></span> <span class='ocrx_word' id='word_1_635' title='bbox 2945 2888 3101 2945; x_wconf 80' lang='lat' dir='ltr'><strong>adire,</strong></span> 
     </span>
    </p>
   </div>
   <div class='ocr_carea' id='block_1_74' title="bbox 1960 2948 3427 3017">
    <p class='ocr_par' dir='ltr' id='par_1_74' title="bbox 1960 2948 3427 3017">
     <span class='ocr_line' id='line_1_75' title="bbox 1960 2948 3427 3017; baseline 0.003 -16"><span class='ocrx_word' id='word_1_636' title='bbox 1960 2958 1965 2962; x_wconf 86' lang='lat'><strong><em>&#39;</em></strong></span> <span class='ocrx_word' id='word_1_637' title='bbox 1986 2953 2206 3017; x_wconf 78' lang='lat' dir='ltr'><strong>Quisque</strong></span> <span class='ocrx_word' id='word_1_638' title='bbox 2232 2948 2684 3017; x_wconf 38' lang='lat' dir='ltr'><strong>hominum‘vidisse</strong></span> <span class='ocrx_word' id='word_1_639' title='bbox 2705 2948 2866 3017; x_wconf 82' lang='lat' dir='ltr'><strong>I)_e_um</strong></span> <span class='ocrx_word' id='word_1_640' title='bbox 2890 2956 3210 3017; x_wconf 82' lang='lat' dir='ltr'><strong>memoratur,</strong></span> <span class='ocrx_word' id='word_1_641' title='bbox 3234 2951 3298 3005; x_wconf 82' lang='lat' dir='ltr'><strong>ab</strong></span> <span class='ocrx_word' id='word_1_642' title='bbox 3317 2953 3427 3016; x_wconf 90' lang='lat' dir='ltr'><strong>ipso</strong></span> 
     </span>
    </p>
   </div>
   <div class='ocr_carea' id='block_1_75' title="bbox 1987 3008 3102 3075">
    <p class='ocr_par' dir='ltr' id='par_1_75' title="bbox 1987 3008 3102 3075">
     <span class='ocr_line' id='line_1_76' title="bbox 1987 3008 3102 3075; baseline -0.004 -10"><span class='ocrx_word' id='word_1_643' title='bbox 1987 3008 2205 3065; x_wconf 75' lang='lat' dir='ltr'><strong>Infusum</strong></span> <span class='ocrx_word' id='word_1_644' title='bbox 2229 3013 2353 3063; x_wconf 78' lang='lat' dir='ltr'><strong>vidit</strong></span> <span class='ocrx_word' id='word_1_645' title='bbox 2370 3012 2559 3075; x_wconf 78' lang='lat' dir='ltr'><strong>natum,</strong></span> <span class='ocrx_word' id='word_1_646' title='bbox 2590 3024 2699 3059; x_wconf 85' lang='lat' dir='ltr'><strong>nam</strong></span> <span class='ocrx_word' id='word_1_647' title='bbox 2726 3008 2875 3059; x_wconf 84' lang='lat' dir='ltr'><strong>Filius</strong></span> <span class='ocrx_word' id='word_1_648' title='bbox 2892 3012 2988 3075; x_wconf 87' lang='lat' dir='ltr'><strong>hoc</strong></span> <span class='ocrx_word' id='word_1_649' title='bbox 3008 3017 3102 3069; x_wconf 73' lang='lat' dir='ltr'><strong>est,</strong></span> 
     </span>
    </p>
   </div>
   <div class='ocr_carea' id='block_1_76' title="bbox 1984 3074 3343 3183">
    <p class='ocr_par' dir='ltr' id='par_1_76' title="bbox 1984 3074 3343 3183">
     <span class='ocr_line' id='line_1_77' title="bbox 1984 3074 3343 3183; baseline -0.001 -57"><span class='ocrx_word' id='word_1_650' title='bbox 1984 3077 2127 3136; x_wconf 87' lang='lat' dir='ltr'><strong>Quod</strong></span> <span class='ocrx_word' id='word_1_651' title='bbox 2147 3077 2212 3125; x_wconf 91' lang='lat' dir='ltr'><strong>de</strong></span> <span class='ocrx_word' id='word_1_652' title='bbox 2239 3076 2389 3125; x_wconf 87' lang='lat' dir='ltr'><strong>Patre</strong></span> <span class='ocrx_word' id='word_1_653' title='bbox 2411 3075 2595 3123; x_wconf 85' lang='lat' dir='ltr'><strong>micans</strong></span> <span class='ocrx_word' id='word_1_654' title='bbox 2615 3084 2672 3122; x_wconf 88' lang='lat' dir='ltr'><strong>se</strong></span> <span class='ocrx_word' id='word_1_655' title='bbox 2698 3074 2926 3135; x_wconf 82' lang='lat' dir='ltr'><strong>praestitit</strong></span> <span class='ocrx_word' id='word_1_656' title='bbox 2961 3074 3343 3183; x_wconf 41' lang='lat' dir='ltr'><strong>inspiciendum,</strong></span> 
     </span>
     <span class='ocr_line' id='line_1_78' title="bbox 1984 3135 3343 3183; baseline 0 0"><span class='ocrx_word' id='word_1_657' title='bbox 1984 3138 2084 3183; x_wconf 70' lang='lat' dir='ltr'><strong>Per</strong></span> <span class='ocrx_word' id='word_1_658' title='bbox 2104 3138 2317 3183; x_wconf 84' lang='lat' dir='ltr'><strong>snecies.</strong></span> <span class='ocrx_word' id='word_1_659' title='bbox 2341 3149 2463 3183; x_wconf 85' lang='lat' dir='ltr'><strong>uuas</strong></span> <span class='ocrx_word' id='word_1_660' title='bbox 2488 3146 2654 3183; x_wconf 84' lang='lat' dir='ltr'><strong>nosset</strong></span> <span class='ocrx_word' id='word_1_661' title='bbox 2672 3135 2818 3183; x_wconf 87' lang='lat' dir='ltr'><strong>homo</strong></span> <span class='ocrx_word' id='word_1_662' title='bbox 2842 3147 3038 3183; x_wconf 69' lang='lat' dir='ltr'><strong>comere</strong></span> <span class='ocrx_word' id='word_1_663' title='bbox 3079 3136 3270 3183; x_wconf 76' lang='lat' dir='ltr'><strong>endem</strong></span> <span class='ocrx_word' id='word_1_664' title='bbox 3288 3139 3343 3183; x_wconf 66' lang='lat' dir='ltr'><strong>vi</strong></span> 
     </span>
    </p>
   </div>
   <div class='ocr_carea' id='block_1_77' title="bbox 1982 3135 3429 3200">
    <p class='ocr_par' dir='ltr' id='par_1_77' title="bbox 1982 3135 3429 3200">
     <span class='ocr_line' id='line_1_79' title="bbox 1982 3135 3429 3200; baseline 0.001 -11"><span class='ocrx_word' id='word_1_665' title='bbox 1982 3135 2084 3200; x_wconf 80' lang='lat' dir='ltr'><strong>Per</strong></span> <span class='ocrx_word' id='word_1_666' title='bbox 2104 3138 2317 3200; x_wconf 86' lang='lat' dir='ltr'><strong>species,</strong></span> <span class='ocrx_word' id='word_1_667' title='bbox 2341 3149 2463 3200; x_wconf 81' lang='lat' dir='ltr'><strong>quas</strong></span> <span class='ocrx_word' id='word_1_668' title='bbox 2488 3146 2656 3200; x_wconf 75' lang='lat' dir='ltr'><strong>posset</strong></span> <span class='ocrx_word' id='word_1_669' title='bbox 2672 3135 2818 3200; x_wconf 68' lang='lat' dir='ltr'><strong>homo</strong></span> <span class='ocrx_word' id='word_1_670' title='bbox 2842 3135 3270 3200; x_wconf 71' lang='lat' dir='ltr'><strong>comprehendere</strong></span> <span class='ocrx_word' id='word_1_671' title='bbox 3288 3139 3429 3189; x_wconf 83' lang='lat' dir='ltr'><strong>visu:</strong></span> 
     </span>
    </p>
   </div>
   <div class='ocr_carea' id='block_1_78' title="bbox 1984 3196 3146 3259">
    <p class='ocr_par' dir='ltr' id='par_1_78' title="bbox 1984 3196 3146 3259">
     <span class='ocr_line' id='line_1_80' title="bbox 1984 3196 3146 3259; baseline -0.003 -9"><span class='ocrx_word' id='word_1_672' title='bbox 1984 3199 2108 3251; x_wconf 87' lang='lat' dir='ltr'><strong>Nam</strong></span> <span class='ocrx_word' id='word_1_673' title='bbox 2130 3196 2273 3249; x_wconf 75' lang='lat' dir='ltr'><strong>mera</strong></span> <span class='ocrx_word' id='word_1_674' title='bbox 2295 3196 2528 3259; x_wconf 77' lang='lat' dir='ltr'><strong>maiestas</strong></span> <span class='ocrx_word' id='word_1_675' title='bbox 2547 3201 2624 3247; x_wconf 84' lang='lat' dir='ltr'><strong>est</strong></span> <span class='ocrx_word' id='word_1_676' title='bbox 2645 3196 2851 3259; x_wconf 79' lang='lat' dir='ltr'><strong>inﬁnita,</strong></span> <span class='ocrx_word' id='word_1_677' title='bbox 2875 3196 2969 3259; x_wconf 81' lang='lat' dir='ltr'><strong>nec</strong></span> <span class='ocrx_word' id='word_1_678' title='bbox 2995 3196 3146 3248; x_wconf 80' lang='lat' dir='ltr'><strong>intrat</strong></span> 
     </span>
    </p>
   </div>
   <div class='ocr_carea' id='block_1_79' title="bbox 1984 3258 3140 3323">
    <p class='ocr_par' dir='ltr' id='par_1_79' title="bbox 1984 3258 3140 3323">
     <span class='ocr_line' id='line_1_81' title="bbox 1984 3258 3140 3323; baseline -0.004 -8"><span class='ocrx_word' id='word_1_679' title='bbox 1984 3262 2219 3323; x_wconf 87' lang='lat' dir='ltr'><strong>Obtutus,</strong></span> <span class='ocrx_word' id='word_1_680' title='bbox 2241 3258 2405 3322; x_wconf 87' lang='lat' dir='ltr'><strong>aliquo</strong></span> <span class='ocrx_word' id='word_1_681' title='bbox 2428 3260 2559 3310; x_wconf 87' lang='lat' dir='ltr'><strong>nise</strong></span> <span class='ocrx_word' id='word_1_682' title='bbox 2580 3258 2920 3310; x_wconf 77' lang='lat' dir='ltr'><strong>moderamine</strong></span> <span class='ocrx_word' id='word_1_683' title='bbox 2944 3258 3140 3310; x_wconf 80' lang='lat' dir='ltr'><strong>formet.</strong></span> 
     </span>
    </p>
   </div>
   <div class='ocr_carea' id='block_1_80' title="bbox 1964 3342 2544 3416">
    <p class='ocr_par' dir='ltr' id='par_1_80' title="bbox 1964 3342 2544 3416">
     <span class='ocr_line' id='line_1_82' title="bbox 1964 3342 2544 3416; baseline -0.012 -12"><span class='ocrx_word' id='word_1_684' title='bbox 1964 3347 2231 3416; x_wconf 87' lang='lat' dir='ltr'><strong>Deinceps</strong></span> <span class='ocrx_word' id='word_1_685' title='bbox 2256 3358 2386 3400; x_wconf 84' lang='lat' dir='ltr'><strong>vero</strong></span> <span class='ocrx_word' id='word_1_686' title='bbox 2417 3342 2499 3416; x_wconf 77' lang='grc' dir='ltr'><strong>(ά)</strong></span> <span class='ocrx_word' id='word_1_687' title='bbox 2530 3361 2544 3397; x_wconf 91' lang='lat'><strong>:</strong></span> 
     </span>
    </p>
   </div>
   <div class='ocr_carea' id='block_1_81' title="bbox 1985 3433 3151 3553">
    <p class='ocr_par' dir='ltr' id='par_1_81' title="bbox 1985 3433 3151 3553">
     <span class='ocr_line' id='line_1_83' title="bbox 1985 3433 3151 3553; baseline -0.004 -63"><span class='ocrx_word' id='word_1_688' title='bbox 1985 3441 2118 3553; x_wconf 56' lang='lat' dir='ltr'><strong>gain</strong></span> <span class='ocrx_word' id='word_1_689' title='bbox 2141 3439 2302 3502; x_wconf 84' lang='lat' dir='ltr'><strong>potius</strong></span> <span class='ocrx_word' id='word_1_690' title='bbox 2324 3440 2547 3509; x_wconf 74' lang='lat' dir='ltr'><strong>scrutare</strong></span> <span class='ocrx_word' id='word_1_691' title='bbox 2570 3433 2668 3483; x_wconf 85' lang='lat' dir='ltr'><strong>Dei</strong></span> <span class='ocrx_word' id='word_1_692' title='bbox 2691 3434 2944 3509; x_wconf 75' lang='lat' dir='ltr'><strong>signacula</strong></span> <span class='ocrx_word' id='word_1_693' title='bbox 2966 3435 3151 3508; x_wconf 68' lang='lat' dir='ltr'><strong>iulpso</strong></span> 
     </span>
     <span class='ocr_line' id='line_1_84' title="bbox 2028 3507 3100 3553; baseline -0.006 -2"><span class='ocrx_word' id='word_1_694' title='bbox 2028 3508 2145 3551; x_wconf 84' lang='lat' dir='ltr'><strong>onte</strong></span> <span class='ocrx_word' id='word_1_695' title='bbox 2168 3507 2450 3553; x_wconf 80' lang='lat' dir='ltr'><strong>vetustatis.</strong></span> <span class='ocrx_word' id='word_1_696' title='bbox 2476 3509 2736 3553; x_wconf 83' lang='lat' dir='ltr'><strong>percurras</strong></span> <span class='ocrx_word' id='word_1_697' title='bbox 2757 3509 2931 3547; x_wconf 80' lang='lat' dir='ltr'><strong>scrinia</strong></span> <span class='ocrx_word' id='word_1_698' title='bbox 2958 3510 3100 3553; x_wconf 83' lang='lat' dir='ltr'><strong>prum</strong></span> 
     </span>
    </p>
   </div>
   <div class='ocr_carea' id='block_1_82' title="bbox 2028 3497 3100 3561">
    <p class='ocr_par' dir='ltr' id='par_1_82' title="bbox 2028 3497 3100 3561">
     <span class='ocr_line' id='line_1_85' title="bbox 2028 3497 3100 3561; baseline -0.006 -10"><span class='ocrx_word' id='word_1_699' title='bbox 2028 3497 2450 3556; x_wconf 47' lang='lat' dir='ltr'><strong>onte’vetustatis,</strong></span> <span class='ocrx_word' id='word_1_700' title='bbox 2475 3497 2931 3561; x_wconf 43' lang='lat' dir='ltr'><strong>pereurras’sqinia</strong></span> <span class='ocrx_word' id='word_1_701' title='bbox 2958 3498 3100 3558; x_wconf 86' lang='lat' dir='ltr'><strong>primi</strong></span> 
     </span>
    </p>
   </div>
   <div class='ocr_carea' id='block_1_83' title="bbox 1988 3557 3431 3625">
    <p class='ocr_par' dir='ltr' id='par_1_83' title="bbox 1988 3557 3431 3625">
     <span class='ocr_line' id='line_1_86' title="bbox 1988 3557 3431 3625; baseline -0.003 -11"><span class='ocrx_word' id='word_1_702' title='bbox 1988 3563 2270 3625; x_wconf 84' lang='lat' dir='ltr'><strong>Scriptoris,</strong></span> <span class='ocrx_word' id='word_1_703' title='bbox 2297 3572 2445 3623; x_wconf 86' lang='lat' dir='ltr'><strong>quem</strong></span> <span class='ocrx_word' id='word_1_704' title='bbox 2471 3557 2567 3625; x_wconf 74' lang='lat' dir='ltr'><strong>non</strong></span> <span class='ocrx_word' id='word_1_705' title='bbox 2588 3559 2769 3607; x_wconf 84' lang='lat' dir='ltr'><strong>bardus</strong></span> <span class='ocrx_word' id='word_1_706' title='bbox 2791 3557 2966 3616; x_wconf 83' lang='lat' dir='ltr'><strong>Pater,</strong></span> <span class='ocrx_word' id='word_1_707' title='bbox 2987 3563 3071 3625; x_wconf 78' lang='lat' dir='ltr'><strong>aut</strong></span> <span class='ocrx_word' id='word_1_708' title='bbox 3088 3557 3221 3625; x_wconf 78' lang='lat' dir='ltr'><strong>Avu&#39;s</strong></span> <span class='ocrx_word' id='word_1_709' title='bbox 3244 3559 3431 3624; x_wconf 82' lang='lat' dir='ltr'><strong>Augur,</strong></span> 
     </span>
    </p>
   </div>
   <div class='ocr_carea' id='block_1_84' title="bbox 1990 3618 3240 3682">
    <p class='ocr_par' dir='ltr' id='par_1_84' title="bbox 1990 3618 3240 3682">
     <span class='ocr_line' id='line_1_87' title="bbox 1990 3618 3240 3682; baseline -0.005 -6"><span class='ocrx_word' id='word_1_710' title='bbox 1990 3618 2177 3681; x_wconf 82' lang='lat' dir='ltr'><strong>Fabula</strong></span> <span class='ocrx_word' id='word_1_711' title='bbox 2201 3618 2299 3673; x_wconf 82' lang='lat' dir='ltr'><strong>nec</strong></span> <span class='ocrx_word' id='word_1_712' title='bbox 2317 3618 2513 3673; x_wconf 60' lang='lat' dir='ltr'><strong>&quot;veteris</strong></span> <span class='ocrx_word' id='word_1_713' title='bbox 2530 3620 2691 3682; x_wconf 68' lang='lat' dir='ltr'><strong>famae,</strong></span> <span class='ocrx_word' id='word_1_714' title='bbox 2716 3632 2809 3669; x_wconf 89' lang='lat' dir='ltr'><strong>nec</strong></span> <span class='ocrx_word' id='word_1_715' title='bbox 2835 3618 3032 3682; x_wconf 80' lang='lat' dir='ltr'><strong>garrula</strong></span> <span class='ocrx_word' id='word_1_716' title='bbox 3056 3620 3240 3681; x_wconf 83' lang='lat' dir='ltr'><strong>nutrix,</strong></span> 
     </span>
    </p>
   </div>
   <div class='ocr_carea' id='block_1_85' title="bbox 1989 3681 3208 3750">
    <p class='ocr_par' dir='ltr' id='par_1_85' title="bbox 1989 3681 3208 3750">
     <span class='ocr_line' id='line_1_88' title="bbox 1989 3681 3208 3750; baseline -0.007 -12"><span class='ocrx_word' id='word_1_717' title='bbox 1989 3688 2095 3738; x_wconf 84' lang='lat' dir='ltr'><strong>Nec</strong></span> <span class='ocrx_word' id='word_1_718' title='bbox 2116 3699 2235 3750; x_wconf 78' lang='lat' dir='ltr'><strong>sago</strong></span> <span class='ocrx_word' id='word_1_719' title='bbox 2253 3684 2487 3750; x_wconf 67' lang='lat' dir='ltr'><strong>clangore</strong></span> <span class='ocrx_word' id='word_1_720' title='bbox 2514 3681 2712 3750; x_wconf 63' lang='lat' dir='ltr'><strong>loquax,</strong></span> <span class='ocrx_word' id='word_1_721' title='bbox 2741 3686 2793 3730; x_wconf 92' lang='lat' dir='ltr'><strong>et</strong></span> <span class='ocrx_word' id='word_1_722' title='bbox 2815 3681 3015 3750; x_wconf 72' lang='lat' dir='ltr'><strong>stridula</strong></span> <span class='ocrx_word' id='word_1_723' title='bbox 3037 3683 3208 3750; x_wconf 73' lang='lat' dir='ltr'><strong>cornix</strong></span> 
     </span>
    </p>
   </div>
   <div class='ocr_carea' id='block_1_86' title="bbox 1991 3698 3193 3855">
    <p class='ocr_par' dir='ltr' id='par_1_86' title="bbox 1991 3698 3193 3855">
     <span class='ocr_line' id='line_1_89' title="bbox 1991 3698 3193 3750; baseline -0.007 -12"><span class='ocrx_word' id='word_1_724' title='bbox 1991 3698 2095 3738; x_wconf 76' lang='lat' dir='ltr'><strong>Nec</strong></span> <span class='ocrx_word' id='word_1_725' title='bbox 2116 3699 2235 3750; x_wconf 87' lang='lat' dir='ltr'><strong>sago</strong></span> <span class='ocrx_word' id='word_1_726' title='bbox 2253 3698 2357 3734; x_wconf 87' lang='lat' dir='ltr'><strong>clan</strong></span> <span class='ocrx_word' id='word_1_727' title='bbox 2398 3698 2487 3732; x_wconf 86' lang='lat' dir='ltr'><strong>ore</strong></span> <span class='ocrx_word' id='word_1_728' title='bbox 2514 3698 2712 3744; x_wconf 78' lang='lat' dir='ltr'><strong>loquax,</strong></span> <span class='ocrx_word' id='word_1_729' title='bbox 2741 3698 2793 3730; x_wconf 85' lang='lat' dir='ltr'><strong>et.</strong></span> <span class='ocrx_word' id='word_1_730' title='bbox 2815 3698 3015 3731; x_wconf 74' lang='lat' dir='ltr'><strong>SLI&#39;IUUla</strong></span> <span class='ocrx_word' id='word_1_731' title='bbox 3037 3698 3193 3731; x_wconf 78' lang='lat' dir='ltr'><strong>COI&#39;IIU</strong></span> 
     </span>
     <span class='ocr_line' id='line_1_90' title="bbox 1991 3698 3193 3855; baseline -0.005 -57"><span class='ocrx_word' id='word_1_732' title='bbox 1991 3750 2117 3798; x_wconf 81' lang='lat' dir='ltr'><strong>Rem</strong></span> <span class='ocrx_word' id='word_1_733' title='bbox 2136 3698 2476 3795; x_wconf 64' lang='lat' dir='ltr'><strong>docueregDei</strong></span> <span class='ocrx_word' id='word_1_734' title='bbox 2494 3779 2508 3804; x_wconf 90' lang='lat'><strong>,</strong></span> <span class='ocrx_word' id='word_1_735' title='bbox 2529 3742 2618 3791; x_wconf 86' lang='lat' dir='ltr'><strong>sed</strong></span> <span class='ocrx_word' id='word_1_736' title='bbox 2641 3754 2805 3792; x_wconf 87' lang='lat' dir='ltr'><strong>coram</strong></span> <span class='ocrx_word' id='word_1_737' title='bbox 2831 3743 3048 3804; x_wconf 80' lang='lat' dir='ltr'><strong>proditus</strong></span> <span class='ocrx_word' id='word_1_738' title='bbox 3066 3744 3193 3855; x_wconf 44' lang='lat' dir='ltr'><strong>i‘pse,</strong></span> 
     </span>
     <span class='ocr_line' id='line_1_91' title="bbox 1992 3804 3154 3855; baseline 0 0"><span class='ocrx_word' id='word_1_739' title='bbox 1992 3812 2105 3855; x_wconf 71' lang='lat' dir='ltr'><strong>[me</strong></span> <span class='ocrx_word' id='word_1_740' title='bbox 2130 3809 2269 3855; x_wconf 85' lang='lat' dir='ltr'><strong>Deus</strong></span> <span class='ocrx_word' id='word_1_741' title='bbox 2290 3807 2536 3855; x_wconf 78' lang='lat' dir='ltr'><strong>trepidum</strong></span> <span class='ocrx_word' id='word_1_742' title='bbox 2561 3804 2820 3855; x_wconf 87' lang='lat' dir='ltr'><strong>mortalem</strong></span> <span class='ocrx_word' id='word_1_743' title='bbox 2842 3806 2976 3855; x_wconf 85' lang='lat' dir='ltr'><strong>mitis</strong></span> <span class='ocrx_word' id='word_1_744' title='bbox 2997 3819 3074 3855; x_wconf 88' lang='lat' dir='ltr'><strong>am</strong></span> <span class='ocrx_word' id='word_1_745' title='bbox 3095 3819 3154 3855; x_wconf 90' lang='lat' dir='ltr'><strong>co</strong></span> 
     </span>
    </p>
   </div>
   <div class='ocr_carea' id='block_1_87' title="bbox 1992 3804 3154 3871">
    <p class='ocr_par' dir='ltr' id='par_1_87' title="bbox 1992 3804 3154 3871">
     <span class='ocr_line' id='line_1_92' title="bbox 1992 3804 3154 3871; baseline -0.005 -9"><span class='ocrx_word' id='word_1_746' title='bbox 1992 3812 2105 3870; x_wconf 85' lang='lat' dir='ltr'><strong>Ipse</strong></span> <span class='ocrx_word' id='word_1_747' title='bbox 2130 3809 2269 3871; x_wconf 85' lang='lat' dir='ltr'><strong>Deus</strong></span> <span class='ocrx_word' id='word_1_748' title='bbox 2290 3807 2536 3871; x_wconf 86' lang='lat' dir='ltr'><strong>trepidum</strong></span> <span class='ocrx_word' id='word_1_749' title='bbox 2561 3804 2820 3855; x_wconf 88' lang='lat' dir='ltr'><strong>mortalem</strong></span> <span class='ocrx_word' id='word_1_750' title='bbox 2842 3806 2976 3857; x_wconf 84' lang='lat' dir='ltr'><strong>mitis</strong></span> <span class='ocrx_word' id='word_1_751' title='bbox 2997 3804 3154 3856; x_wconf 84' lang='lat' dir='ltr'><strong>amico</strong></span> 
     </span>
    </p>
   </div>
   <div class='ocr_carea' id='block_1_88' title="bbox 1993 3869 3248 3933">
    <p class='ocr_par' dir='ltr' id='par_1_88' title="bbox 1993 3869 3248 3933">
     <span class='ocr_line' id='line_1_93' title="bbox 1993 3869 3248 3933; baseline -0.005 -9"><span class='ocrx_word' id='word_1_752' title='bbox 1993 3869 2175 3924; x_wconf 84' lang='lat' dir='ltr'><strong>lmbuit</strong></span> <span class='ocrx_word' id='word_1_753' title='bbox 2191 3869 2422 3933; x_wconf 75' lang='lat' dir='ltr'><strong>alloquio,</strong></span> <span class='ocrx_word' id='word_1_754' title='bbox 2446 3880 2626 3933; x_wconf 76' lang='lat' dir='ltr'><strong>segne,</strong></span> <span class='ocrx_word' id='word_1_755' title='bbox 2654 3879 2709 3916; x_wconf 90' lang='lat' dir='ltr'><strong>ac</strong></span> <span class='ocrx_word' id='word_1_756' title='bbox 2732 3879 2818 3933; x_wconf 77' lang='lat' dir='ltr'><strong>sua</strong></span> <span class='ocrx_word' id='word_1_757' title='bbox 2842 3880 3027 3933; x_wconf 75' lang='lat' dir='ltr'><strong>summa</strong></span> <span class='ocrx_word' id='word_1_758' title='bbox 3043 3869 3248 3933; x_wconf 71' lang='lat' dir='ltr'><strong>retexit.</strong></span> 
     </span>
    </p>
   </div>
   <div class='ocr_carea' id='block_1_89' title="bbox 1990 3928 3158 3989">
    <p class='ocr_par' dir='ltr' id='par_1_89' title="bbox 1990 3928 3158 3989">
     <span class='ocr_line' id='line_1_94' title="bbox 1990 3928 3158 3989; baseline -0.005 -4"><span class='ocrx_word' id='word_1_759' title='bbox 1990 3934 2231 3985; x_wconf 85' lang='lat' dir='ltr'><strong>Nimirum</strong></span> <span class='ocrx_word' id='word_1_760' title='bbox 2253 3928 2478 3980; x_wconf 70' lang='lat' dir='ltr'><strong>meminit</strong></span> <span class='ocrx_word' id='word_1_761' title='bbox 2502 3928 2720 3989; x_wconf 88' lang='lat' dir='ltr'><strong>Scriptor</strong></span> <span class='ocrx_word' id='word_1_762' title='bbox 2743 3928 3055 3979; x_wconf 81' lang='lat' dir='ltr'><strong>doctissimus</strong></span> <span class='ocrx_word' id='word_1_763' title='bbox 3074 3928 3158 3979; x_wconf 81' lang='lat' dir='ltr'><strong>illo</strong></span> 
     </span>
    </p>
   </div>
   <div class='ocr_carea' id='block_1_90' title="bbox 1994 3991 3190 4058">
    <p class='ocr_par' dir='ltr' id='par_1_90' title="bbox 1994 3991 3190 4058">
     <span class='ocr_line' id='line_1_95' title="bbox 1994 3991 3190 4058; baseline -0.005 -10"><span class='ocrx_word' id='word_1_764' title='bbox 1994 3997 2142 4049; x_wconf 84' lang='lat' dir='ltr'><strong>Orbis</strong></span> <span class='ocrx_word' id='word_1_765' title='bbox 2166 3995 2407 4058; x_wconf 84' lang='lat' dir='ltr'><strong>principio</strong></span> <span class='ocrx_word' id='word_1_766' title='bbox 2425 4004 2523 4042; x_wconf 89' lang='lat' dir='ltr'><strong>non</strong></span> <span class='ocrx_word' id='word_1_767' title='bbox 2541 3992 2725 4058; x_wconf 77' lang='lat' dir='ltr'><strong>solum,</strong></span> <span class='ocrx_word' id='word_1_768' title='bbox 2751 4002 2845 4058; x_wconf 72' lang='lat' dir='ltr'><strong>nec</strong></span> <span class='ocrx_word' id='word_1_769' title='bbox 2866 3992 2975 4041; x_wconf 88' lang='lat' dir='ltr'><strong>sine</strong></span> <span class='ocrx_word' id='word_1_770' title='bbox 2995 3991 3190 4058; x_wconf 75' lang='lat' dir='ltr'><strong>Christo</strong></span> 
     </span>
    </p>
   </div>
   <div class='ocr_carea' id='block_1_91' title="bbox 1994 4051 3185 4112">
    <p class='ocr_par' dir='ltr' id='par_1_91' title="bbox 1994 4051 3185 4112">
     <span class='ocr_line' id='line_1_96' title="bbox 1994 4051 3185 4112; baseline -0.007 -3"><span class='ocrx_word' id='word_1_771' title='bbox 1994 4051 2290 4109; x_wconf 72' lang='lat' dir='ltr'><strong>Infonn&#39;asse</strong></span> <span class='ocrx_word' id='word_1_772' title='bbox 2315 4051 2509 4104; x_wconf 81' lang='lat' dir='ltr'><strong>Patrem</strong></span> <span class='ocrx_word' id='word_1_773' title='bbox 2536 4051 2734 4103; x_wconf 75' lang='lat' dir='ltr'><strong>facturae</strong></span> <span class='ocrx_word' id='word_1_774' title='bbox 2759 4051 2938 4112; x_wconf 82' lang='lat' dir='ltr'><strong>plasma</strong></span> <span class='ocrx_word' id='word_1_775' title='bbox 2961 4053 3185 4102; x_wconf 56' lang='lat' dir='ltr'><strong>novellae.</strong></span> 
     </span>
    </p>
   </div>
   <div class='ocr_carea' id='block_1_92' title="bbox 1994 4112 3291 4178">
    <p class='ocr_par' dir='ltr' id='par_1_92' title="bbox 1994 4112 3291 4178">
     <span class='ocr_line' id='line_1_97' title="bbox 1994 4112 3291 4178; baseline -0.006 -7"><span class='ocrx_word' id='word_1_776' title='bbox 1994 4120 2157 4178; x_wconf 86' lang='lat' dir='ltr'><strong>Fecit,</strong></span> <span class='ocrx_word' id='word_1_777' title='bbox 2184 4120 2270 4178; x_wconf 80' lang='lat' dir='ltr'><strong>ait,</strong></span> <span class='ocrx_word' id='word_1_778' title='bbox 2295 4116 2513 4166; x_wconf 85' lang='lat' dir='ltr'><strong>condens</strong></span> <span class='ocrx_word' id='word_1_779' title='bbox 2530 4115 2776 4178; x_wconf 78' lang='lat' dir='ltr'><strong>hominem</strong></span> <span class='ocrx_word' id='word_1_780' title='bbox 2800 4112 3036 4178; x_wconf 83' lang='lat' dir='ltr'><strong>Deus,__et</strong></span> <span class='ocrx_word' id='word_1_781' title='bbox 3052 4113 3189 4163; x_wconf 86' lang='lat' dir='ltr'><strong>dedit</strong></span> <span class='ocrx_word' id='word_1_782' title='bbox 3206 4114 3291 4178; x_wconf 82' lang='lat' dir='ltr'><strong>olli</strong></span> 
     </span>
    </p>
   </div>
   <div class='ocr_carea' id='block_1_93' title="bbox 1995 4173 3302 4242">
    <p class='ocr_par' dir='ltr' id='par_1_93' title="bbox 1995 4173 3302 4242">
     <span class='ocr_line' id='line_1_98' title="bbox 1995 4173 3302 4242; baseline -0.004 -11"><span class='ocrx_word' id='word_1_783' title='bbox 1995 4183 2094 4242; x_wconf 83' lang='lat' dir='ltr'><strong>Ora</strong></span> <span class='ocrx_word' id='word_1_784' title='bbox 2113 4173 2237 4242; x_wconf 84' lang='lat' dir='ltr'><strong>Dei,</strong></span> <span class='ocrx_word' id='word_1_785' title='bbox 2257 4173 2502 4242; x_wconf 67' lang='lat' dir='ltr'><strong>quidnam</strong></span> <span class='ocrx_word' id='word_1_786' title='bbox 2522 4183 2599 4224; x_wconf 85' lang='lat' dir='ltr'><strong>est</strong></span> <span class='ocrx_word' id='word_1_787' title='bbox 2601 4173 2767 4242; x_wconf 50' lang='lat' dir='ltr'><strong>gliud,</strong></span> <span class='ocrx_word' id='word_1_788' title='bbox 2786 4185 2931 4242; x_wconf 81' lang='lat' dir='ltr'><strong>quam</strong></span> <span class='ocrx_word' id='word_1_789' title='bbox 2942 4174 3137 4242; x_wconf 75' lang='lat' dir='ltr'><strong>dicere,</strong></span> <span class='ocrx_word' id='word_1_790' title='bbox 3165 4174 3302 4242; x_wconf 83' lang='lat' dir='ltr'><strong>solus</strong></span> 
     </span>
    </p>
   </div>
   <div class='ocr_carea' id='block_1_94' title="bbox 1995 4220 3250 4303">
    <p class='ocr_par' dir='ltr' id='par_1_94' title="bbox 1995 4220 3250 4303">
     <span class='ocr_line' id='line_1_99' title="bbox 1995 4220 3250 4303; baseline -0.008 -8"><span class='ocrx_word' id='word_1_791' title='bbox 1995 4220 2103 4295; x_wconf 57' lang='lat' dir='ltr'><strong>ﬁt;</strong></span> <span class='ocrx_word' id='word_1_792' title='bbox 2113 4220 2734 4303; x_wconf 53' lang='grc' dir='ltr'><strong>ῐῑέίσῖεῑίιῑιῑεῇῡέδῇέιιέ</strong></span> <span class='ocrx_word' id='word_1_793' title='bbox 2756 4220 3250 4303; x_wconf 36' lang='lat' dir='ltr'><strong>sunanegam;</strong></span> 
     </span>
    </p>
   </div>
   <div class='ocr_carea' id='block_1_95' title="bbox 1999 4290 3433 4365">
    <p class='ocr_par' dir='ltr' id='par_1_95' title="bbox 1999 4290 3433 4365">
     <span class='ocr_line' id='line_1_100' title="bbox 1999 4290 3433 4365; baseline 0.018 -2"><span class='ocrx_word' id='word_1_794' title='bbox 1999 4290 2155 4365; x_wconf 58' lang='lat' dir='ltr'><strong>dixiin}</strong></span> <span class='ocrx_word' id='word_1_795' title='bbox 2180 4290 2627 4365; x_wconf 54' lang='lat' dir='ltr'><strong>DominuSIaCt‘Fei</strong></span> <span class='ocrx_word' id='word_1_796' title='bbox 2644 4290 3192 4365; x_wconf 57' lang='lat' dir='ltr'><strong>Dominisnaim’éine</strong></span> <span class='ocrx_word' id='word_1_797' title='bbox 3212 4290 3401 4365; x_wconf 49' lang='lat' dir='ltr'><strong>eam</strong></span> <span class='ocrx_word' id='word_1_798' title='bbox 3421 4336 3433 4349; x_wconf 89' lang='grc'><strong>·</strong></span> 
     </span>
    </p>
   </div>
   <div class='ocr_carea' id='block_1_96' title="bbox 2000 4358 3407 4427">
    <p class='ocr_par' dir='ltr' id='par_1_96' title="bbox 2000 4358 3407 4427">
     <span class='ocr_line' id='line_1_101' title="bbox 2000 4358 3407 4427; baseline -0.004 -10"><span class='ocrx_word' id='word_1_799' title='bbox 2000 4358 2221 4419; x_wconf 70' lang='lat' dir='ltr'><strong>Christus</strong></span> <span class='ocrx_word' id='word_1_800' title='bbox 2244 4362 2396 4427; x_wconf 76' lang='lat' dir='ltr'><strong>forma</strong></span> <span class='ocrx_word' id='word_1_801' title='bbox 2420 4360 2603 4427; x_wconf 50' lang='lat' dir='ltr'><strong>Patris,</strong></span> <span class='ocrx_word' id='word_1_802' title='bbox 2631 4358 2921 4427; x_wconf 28' lang='lat' dir='ltr'><strong>nos‘Qhristi</strong></span> <span class='ocrx_word' id='word_1_803' title='bbox 2947 4358 3096 4409; x_wconf 73' lang='lat' dir='ltr'><strong>forma</strong></span> <span class='ocrx_word' id='word_1_804' title='bbox 3122 4366 3176 4409; x_wconf 90' lang='lat' dir='ltr'><strong>et</strong></span> <span class='ocrx_word' id='word_1_805' title='bbox 3210 4358 3373 4427; x_wconf 77' lang='lat' dir='ltr'><strong>imago</strong></span> <span class='ocrx_word' id='word_1_806' title='bbox 3394 4379 3407 4415; x_wconf 90' lang='lat'><strong>:</strong></span> 
     </span>
    </p>
   </div>
   <div class='ocr_carea' id='block_1_97' title="bbox 1999 4420 3230 4484">
    <p class='ocr_par' dir='ltr' id='par_1_97' title="bbox 1999 4420 3230 4484">
     <span class='ocr_line' id='line_1_102' title="bbox 1999 4420 3230 4484; baseline -0.005 -8"><span class='ocrx_word' id='word_1_807' title='bbox 1999 4427 2261 4480; x_wconf 87' lang='lat' dir='ltr'><strong>Condimur</strong></span> <span class='ocrx_word' id='word_1_808' title='bbox 2280 4426 2330 4473; x_wconf 89' lang='lat' dir='ltr'><strong>in</strong></span> <span class='ocrx_word' id='word_1_809' title='bbox 2350 4420 2524 4472; x_wconf 82' lang='lat' dir='ltr'><strong>faciem</strong></span> <span class='ocrx_word' id='word_1_810' title='bbox 2542 4420 2736 4484; x_wconf 81' lang='lat' dir='ltr'><strong>Domini</strong></span> <span class='ocrx_word' id='word_1_811' title='bbox 2760 4421 2982 4469; x_wconf 84' lang='lat' dir='ltr'><strong>bonitate</strong></span> <span class='ocrx_word' id='word_1_812' title='bbox 3005 4429 3230 4484; x_wconf 72' lang='lat' dir='ltr'><strong>paterna,</strong></span> 
     </span>
    </p>
   </div>
   <div class='ocr_carea' id='block_1_98' title="bbox 2000 4481 3282 4545">
    <p class='ocr_par' dir='ltr' id='par_1_98' title="bbox 2000 4481 3282 4545">
     <span class='ocr_line' id='line_1_103' title="bbox 2000 4481 3282 4545; baseline -0.004 -5"><span class='ocrx_word' id='word_1_813' title='bbox 2000 4489 2225 4540; x_wconf 75' lang='lat' dir='ltr'><strong>Ventnro</strong></span> <span class='ocrx_word' id='word_1_814' title='bbox 2243 4488 2291 4537; x_wconf 89' lang='lat' dir='ltr'><strong>in</strong></span> <span class='ocrx_word' id='word_1_815' title='bbox 2315 4495 2527 4535; x_wconf 82' lang='lat' dir='ltr'><strong>nostram</strong></span> <span class='ocrx_word' id='word_1_816' title='bbox 2548 4482 2719 4533; x_wconf 81' lang='lat' dir='ltr'><strong>faciem</strong></span> <span class='ocrx_word' id='word_1_817' title='bbox 2744 4489 2851 4545; x_wconf 86' lang='lat' dir='ltr'><strong>post</strong></span> <span class='ocrx_word' id='word_1_818' title='bbox 2873 4481 3048 4532; x_wconf 60' lang='lat' dir='ltr'><strong>saecla</strong></span> <span class='ocrx_word' id='word_1_819' title='bbox 3073 4481 3282 4535; x_wconf 83' lang='lat' dir='ltr'><strong>Christo.</strong></span> 
     </span>
    </p>
   </div>
   <div class='ocr_carea' id='block_1_99' title="bbox 1981 4567 3498 4643">
    <p class='ocr_par' dir='ltr' id='par_1_99' title="bbox 1981 4567 3498 4643">
     <span class='ocr_line' id='line_1_104' title="bbox 1981 4567 3498 4643; baseline -0.011 -12"><span class='ocrx_word' id='word_1_820' title='bbox 1981 4576 2070 4632; x_wconf 77' lang='lat' dir='ltr'><strong>3t.</strong></span> <span class='ocrx_word' id='word_1_821' title='bbox 2114 4575 2195 4628; x_wconf 84' lang='lat' dir='ltr'><strong>An</strong></span> <span class='ocrx_word' id='word_1_822' title='bbox 2216 4584 2346 4626; x_wconf 85' lang='lat' dir='ltr'><strong>vero</strong></span> <span class='ocrx_word' id='word_1_823' title='bbox 2371 4568 2441 4625; x_wconf 86' lang='lat' dir='ltr'><strong>ad</strong></span> <span class='ocrx_word' id='word_1_824' title='bbox 2473 4569 2591 4624; x_wconf 67' lang='lat' dir='ltr'><strong>haec</strong></span> <span class='ocrx_word' id='word_1_825' title='bbox 2618 4567 2841 4639; x_wconf 84' lang='lat' dir='ltr'><strong>respicit</strong></span> <span class='ocrx_word' id='word_1_826' title='bbox 2868 4567 3129 4635; x_wconf 84' lang='lat' dir='ltr'><strong>Ecclesia,</strong></span> <span class='ocrx_word' id='word_1_827' title='bbox 3170 4584 3289 4624; x_wconf 89' lang='lat' dir='ltr'><strong>cum</strong></span> <span class='ocrx_word' id='word_1_828' title='bbox 3338 4569 3498 4643; x_wconf 82' lang='lat' dir='ltr'><strong>hym-</strong></span> 
     </span>
    </p>
   </div>
   <div class='ocr_carea' id='block_1_100' title="bbox 1912 4658 2954 4732">
    <p class='ocr_par' dir='ltr' id='par_1_100' title="bbox 1912 4658 2954 4732">
     <span class='ocr_line' id='line_1_105' title="bbox 1912 4658 2954 4732; baseline -0.011 -7"><span class='ocrx_word' id='word_1_829' title='bbox 1912 4683 2040 4726; x_wconf 90' lang='lat' dir='ltr'><strong>num</strong></span> <span class='ocrx_word' id='word_1_830' title='bbox 2066 4665 2213 4721; x_wconf 85' lang='lat' dir='ltr'><strong>hunc</strong></span> <span class='ocrx_word' id='word_1_831' title='bbox 2240 4662 2543 4721; x_wconf 85' lang='lat' dir='ltr'><strong>canendum</strong></span> <span class='ocrx_word' id='word_1_832' title='bbox 2571 4660 2813 4731; x_wconf 65' lang='lat' dir='ltr'><strong>praecipit</strong></span> <span class='ocrx_word' id='word_1_833' title='bbox 2843 4658 2954 4732; x_wconf 83' lang='lat' dir='ltr'><strong>(e)?</strong></span> 
     </span>
    </p>
   </div>
   <div class='ocr_carea' id='block_1_101' title="bbox 2065 4747 2769 4817">
    <p class='ocr_par' dir='ltr' id='par_1_101' title="bbox 2065 4747 2769 4817">
     <span class='ocr_line' id='line_1_106' title="bbox 2065 4747 2769 4817; baseline -0.014 -10"><span class='ocrx_word' id='word_1_834' title='bbox 2065 4757 2175 4817; x_wconf 66' lang='lat' dir='ltr'><strong>Rex</strong></span> <span class='ocrx_word' id='word_1_835' title='bbox 2197 4754 2498 4817; x_wconf 74' lang='lat' dir='ltr'><strong>sempiterno</strong></span> <span class='ocrx_word' id='word_1_836' title='bbox 2522 4747 2769 4817; x_wconf 76' lang='lat' dir='ltr'><strong>Cceiiturn,</strong></span> 
     </span>
    </p>
   </div>
   <div class='ocr_carea' id='block_1_102' title="bbox 2159 4813 2888 4877">
    <p class='ocr_par' dir='ltr' id='par_1_102' title="bbox 2159 4813 2888 4877">
     <span class='ocr_line' id='line_1_107' title="bbox 2159 4813 2888 4877; baseline -0.008 -10"><span class='ocrx_word' id='word_1_837' title='bbox 2159 4813 2346 4869; x_wconf 81' lang='lat' dir='ltr'><strong>Rerum</strong></span> <span class='ocrx_word' id='word_1_838' title='bbox 2370 4820 2566 4865; x_wconf 87' lang='lat' dir='ltr'><strong>creator</strong></span> <span class='ocrx_word' id='word_1_839' title='bbox 2588 4813 2819 4877; x_wconf 81' lang='lat' dir='ltr'><strong>omnium,</strong></span> <span class='ocrx_word' id='word_1_840' title='bbox 2885 4866 2888 4869; x_wconf 59' lang='grc'>,</span> 
     </span>
    </p>
   </div>
   <div class='ocr_carea' id='block_1_103' title="bbox 2164 4872 2719 4943">
    <p class='ocr_par' dir='ltr' id='par_1_103' title="bbox 2164 4872 2719 4943">
     <span class='ocr_line' id='line_1_108' title="bbox 2164 4872 2719 4943; baseline -0.02 -12"><span class='ocrx_word' id='word_1_841' title='bbox 2164 4877 2381 4943; x_wconf 66' lang='lat' dir='ltr'><strong>[Equalis</strong></span> <span class='ocrx_word' id='word_1_842' title='bbox 2397 4880 2517 4943; x_wconf 67' lang='lat' dir='ltr'><strong>ante</strong></span> <span class='ocrx_word' id='word_1_843' title='bbox 2540 4872 2719 4943; x_wconf 58' lang='lat' dir='ltr'><strong>saecula</strong></span> 
     </span>
    </p>
   </div>
   <div class='ocr_carea' id='block_1_104' title="bbox 2163 4934 2791 5003">
    <p class='ocr_par' dir='ltr' id='par_1_104' title="bbox 2163 4934 2791 5003">
     <span class='ocr_line' id='line_1_109' title="bbox 2163 4934 2791 5003; baseline -0.019 -10"><span class='ocrx_word' id='word_1_844' title='bbox 2163 4934 2373 5003; x_wconf 77' lang='lat' dir='ltr'><strong>Semper</strong></span> <span class='ocrx_word' id='word_1_845' title='bbox 2397 4935 2598 5003; x_wconf 66' lang='lat' dir='ltr'><strong>Parenti</strong></span> <span class='ocrx_word' id='word_1_846' title='bbox 2620 4934 2791 5003; x_wconf 68' lang='lat' dir='ltr'><strong>Filius.</strong></span> 
     </span>
    </p>
   </div>
   <div class='ocr_carea' id='block_1_105' title="bbox 2071 4995 2813 5065">
    <p class='ocr_par' dir='ltr' id='par_1_105' title="bbox 2071 4995 2813 5065">
     <span class='ocr_line' id='line_1_110' title="bbox 2071 4995 2813 5065; baseline -0.016 -9"><span class='ocrx_word' id='word_1_847' title='bbox 2071 4995 2320 5065; x_wconf 66' lang='lat' dir='ltr'><strong>Nascent&#39;e</strong></span> <span class='ocrx_word' id='word_1_848' title='bbox 2342 5001 2428 5065; x_wconf 88' lang='lat' dir='ltr'><strong>qui</strong></span> <span class='ocrx_word' id='word_1_849' title='bbox 2450 4998 2629 5065; x_wconf 74' lang='lat' dir='ltr'><strong>Mundo</strong></span> <span class='ocrx_word' id='word_1_850' title='bbox 2650 4995 2813 5065; x_wconf 68' lang='lat' dir='ltr'><strong>Faber</strong></span> 
     </span>
    </p>
   </div>
   <div class='ocr_carea' id='block_1_106' title="bbox 2167 5058 2718 5124">
    <p class='ocr_par' dir='ltr' id='par_1_106' title="bbox 2167 5058 2718 5124">
     <span class='ocr_line' id='line_1_111' title="bbox 2167 5058 2718 5124; baseline -0.015 -10"><span class='ocrx_word' id='word_1_851' title='bbox 2167 5058 2439 5124; x_wconf 73' lang='lat' dir='ltr'><strong>Imaginem</strong></span> <span class='ocrx_word' id='word_1_852' title='bbox 2466 5060 2625 5124; x_wconf 67' lang='lat' dir='ltr'><strong>rultus</strong></span> <span class='ocrx_word' id='word_1_853' title='bbox 2648 5058 2718 5107; x_wconf 89' lang='lat' dir='ltr'><strong>tui</strong></span> 
     </span>
    </p>
   </div>
   <div class='ocr_carea' id='block_1_107' title="bbox 2169 5115 2874 5177">
    <p class='ocr_par' dir='ltr' id='par_1_107' title="bbox 2169 5115 2874 5177">
     <span class='ocr_line' id='line_1_112' title="bbox 2169 5115 2874 5177; baseline -0.014 -1"><span class='ocrx_word' id='word_1_854' title='bbox 2169 5115 2393 5177; x_wconf 44' lang='lat' dir='ltr'><strong>&#39;l‘rad&#39;ens</strong></span> <span class='ocrx_word' id='word_1_855' title='bbox 2417 5122 2601 5171; x_wconf 82' lang='lat' dir='ltr'><strong>Adamo</strong></span> <span class='ocrx_word' id='word_1_856' title='bbox 2612 5157 2625 5177; x_wconf 92' lang='lat'><strong>,</strong></span> <span class='ocrx_word' id='word_1_857' title='bbox 2660 5115 2874 5168; x_wconf 86' lang='lat' dir='ltr'><strong>nobilem</strong></span> 
     </span>
    </p>
   </div>
   <div class='ocr_carea' id='block_1_108' title="bbox 2174 5182 2769 5248">
    <p class='ocr_par' dir='ltr' id='par_1_108' title="bbox 2174 5182 2769 5248">
     <span class='ocr_line' id='line_1_113' title="bbox 2174 5182 2769 5248; baseline -0.012 -11"><span class='ocrx_word' id='word_1_858' title='bbox 2174 5182 2315 5238; x_wconf 89' lang='lat' dir='ltr'><strong>Limo</strong></span> <span class='ocrx_word' id='word_1_859' title='bbox 2334 5186 2514 5248; x_wconf 67' lang='lat' dir='ltr'><strong>iugasti</strong></span> <span class='ocrx_word' id='word_1_860' title='bbox 2530 5183 2769 5245; x_wconf 84' lang='lat' dir='ltr'><strong>spiritum.</strong></span> 
     </span>
    </p>
   </div>
   <div class='ocr_carea' id='block_1_109' title="bbox 205 5003 1815 5091">
    <p class='ocr_par' dir='ltr' id='par_1_109' title="bbox 205 5003 1815 5091">
     <span class='ocr_line' id='line_1_114' title="bbox 205 5003 1815 5091; baseline -0.016 -11"><span class='ocrx_word' id='word_1_861' title='bbox 205 5020 354 5079; x_wconf 71' lang='lat' dir='ltr'><strong>ma‘m</strong></span> <span class='ocrx_word' id='word_1_862' title='bbox 380 5017 639 5091; x_wconf 85' lang='lat' dir='ltr'><strong>speciem,</strong></span> <span class='ocrx_word' id='word_1_863' title='bbox 667 5022 721 5069; x_wconf 88' lang='lat' dir='ltr'><strong>et</strong></span> <span class='ocrx_word' id='word_1_864' title='bbox 747 5012 997 5069; x_wconf 83' lang='lat' dir='ltr'><strong>formam.</strong></span> <span class='ocrx_word' id='word_1_865' title='bbox 1027 5009 1200 5078; x_wconf 90' lang='lat' dir='ltr'><strong>Quam</strong></span> <span class='ocrx_word' id='word_1_866' title='bbox 1228 5005 1449 5079; x_wconf 87' lang='lat' dir='ltr'><strong>quidem</strong></span> <span class='ocrx_word' id='word_1_867' title='bbox 1472 5003 1734 5073; x_wconf 87' lang='lat' dir='ltr'><strong>speciem,</strong></span> <span class='ocrx_word' id='word_1_868' title='bbox 1758 5010 1815 5056; x_wconf 91' lang='lat' dir='ltr'><strong>et</strong></span> 
     </span>
    </p>
   </div>
   <div class='ocr_carea' id='block_1_110' title="bbox 203 5094 1816 5185">
    <p class='ocr_par' dir='ltr' id='par_1_110' title="bbox 203 5094 1816 5185">
     <span class='ocr_line' id='line_1_115' title="bbox 203 5094 1816 5185; baseline -0.015 -14"><span class='ocrx_word' id='word_1_869' title='bbox 203 5117 442 5185; x_wconf 76' lang='lat' dir='ltr'><strong>formam</strong></span> <span class='ocrx_word' id='word_1_870' title='bbox 475 5104 768 5181; x_wconf 69' lang='lat' dir='ltr'><strong>humanam</strong></span> <span class='ocrx_word' id='word_1_871' title='bbox 800 5106 966 5160; x_wconf 79' lang='lat' dir='ltr'><strong>fuisse</strong></span> <span class='ocrx_word' id='word_1_872' title='bbox 994 5096 1193 5158; x_wconf 81' lang='lat' dir='ltr'><strong>indicat</strong></span> <span class='ocrx_word' id='word_1_873' title='bbox 1236 5100 1327 5155; x_wconf 90' lang='lat' dir='ltr'><strong>ille</strong></span> <span class='ocrx_word' id='word_1_874' title='bbox 1353 5109 1407 5154; x_wconf 88' lang='lat' dir='ltr'><strong>et</strong></span> <span class='ocrx_word' id='word_1_875' title='bbox 1451 5094 1542 5152; x_wconf 87' lang='lat' dir='ltr'><strong>hic</strong></span> <span class='ocrx_word' id='word_1_876' title='bbox 1571 5096 1668 5168; x_wconf 82' lang='lat' dir='ltr'><strong>(in</strong></span> <span class='ocrx_word' id='word_1_877' title='bbox 1715 5110 1816 5166; x_wconf 86' lang='lat' dir='ltr'><strong>qua</strong></span> 
     </span>
    </p>
   </div>
   <div class='ocr_carea' id='block_1_111' title="bbox 207 5189 1820 5280">
    <p class='ocr_par' dir='ltr' id='par_1_111' title="bbox 207 5189 1820 5280">
     <span class='ocr_line' id='line_1_116' title="bbox 207 5189 1820 5280; baseline -0.014 -15"><span class='ocrx_word' id='word_1_878' title='bbox 207 5200 376 5280; x_wconf 67' lang='lat' dir='ltr'><strong>efﬁgie</strong></span> <span class='ocrx_word' id='word_1_879' title='bbox 403 5224 417 5262; x_wconf 91' lang='lat'><strong>:</strong></span> <span class='ocrx_word' id='word_1_880' title='bbox 451 5205 624 5274; x_wconf 80' lang='lat' dir='ltr'><strong>utique</strong></span> <span class='ocrx_word' id='word_1_881' title='bbox 652 5202 707 5255; x_wconf 76' lang='lat' dir='ltr'><strong>in</strong></span> <span class='ocrx_word' id='word_1_882' title='bbox 737 5199 843 5254; x_wconf 83' lang='lat' dir='ltr'><strong>alia</strong></span> <span class='ocrx_word' id='word_1_883' title='bbox 873 5196 963 5272; x_wconf 92' lang='lat' dir='ltr'><strong>(id</strong></span> <span class='ocrx_word' id='word_1_884' title='bbox 984 5206 1070 5254; x_wconf 87' lang='lat' dir='ltr'><strong>est</strong></span> <span class='ocrx_word' id='word_1_885' title='bbox 1100 5192 1322 5251; x_wconf 90' lang='lat' dir='ltr'><strong>alterius</strong></span> <span class='ocrx_word' id='word_1_886' title='bbox 1349 5189 1569 5264; x_wconf 83' lang='lat' dir='ltr'><strong>generis</strong></span> <span class='ocrx_word' id='word_1_887' title='bbox 1595 5230 1609 5257; x_wconf 95' lang='lat'><strong>,</strong></span> <span class='ocrx_word' id='word_1_888' title='bbox 1644 5201 1820 5259; x_wconf 90' lang='lat' dir='ltr'><strong>neque</strong></span> 
     </span>
    </p>
   </div>
   <div class='ocr_carea' id='block_1_112' title="bbox 285 5305 3518 5420">
    <p class='ocr_par' dir='ltr' id='par_1_112' title="bbox 285 5305 3518 5420">
     <span class='ocr_line' id='line_1_117' title="bbox 285 5305 3518 5420; baseline -0.014 -18"><span class='ocrx_word' id='word_1_889' title='bbox 285 5345 370 5420; x_wconf 70' lang='grc' dir='ltr'><strong>(ο)</strong></span> <span class='ocrx_word' id='word_1_890' title='bbox 408 5345 533 5402; x_wconf 75' lang='lat' dir='ltr'><strong>Lib.</strong></span> <span class='ocrx_word' id='word_1_891' title='bbox 561 5357 657 5399; x_wconf 66' lang='lat' dir='ltr'><strong>sm</strong></span> <span class='ocrx_word' id='word_1_892' title='bbox 683 5340 747 5396; x_wconf 81' lang='lat' dir='ltr'><strong>ds</strong></span> <span class='ocrx_word' id='word_1_893' title='bbox 768 5338 1042 5403; x_wconf 68' lang='lat' dir='ltr'><strong>Trinitate,</strong></span> <span class='ocrx_word' id='word_1_894' title='bbox 1065 5350 1186 5407; x_wconf 85' lang='lat' dir='ltr'><strong>cap.</strong></span> <span class='ocrx_word' id='word_1_895' title='bbox 1218 5331 1277 5401; x_wconf 79' lang='lat'><strong>2,</strong></span> <span class='ocrx_word' id='word_1_896' title='bbox 1308 5344 1365 5386; x_wconf 90' lang='lat' dir='ltr'><strong>n.</strong></span> <span class='ocrx_word' id='word_1_897' title='bbox 1389 5328 1447 5396; x_wconf 83' lang='lat'><strong>5,</strong></span> <span class='ocrx_word' id='word_1_898' title='bbox 1476 5334 1532 5383; x_wconf 85' lang='lat' dir='ltr'><strong>et</strong></span> <span class='ocrx_word' id='word_1_899' title='bbox 1556 5341 1673 5398; x_wconf 87' lang='lat' dir='ltr'><strong>seq.</strong></span> <span class='ocrx_word' id='word_1_900' title='bbox 1700 5333 1815 5381; x_wconf 86' lang='lat' dir='ltr'><strong>toto</strong></span> <span class='ocrx_word' id='word_1_901' title='bbox 1922 5322 2266 5420; x_wconf 51' lang='lat' dir='ltr'><strong>disposuerﬁ,</strong></span> <span class='ocrx_word' id='word_1_902' title='bbox 2307 5312 2483 5420; x_wconf 44' lang='lat' dir='ltr'><strong>iam</strong></span> <span class='ocrx_word' id='word_1_903' title='bbox 2504 5305 3029 5420; x_wconf 48' lang='grc' dir='ltr'><strong>ῗξωξῖιῃῗίςεὶιαηιὶαε,</strong></span> <span class='ocrx_word' id='word_1_904' title='bbox 3064 5316 3112 5362; x_wconf 81' lang='lat' dir='ltr'><strong>et</strong></span> <span class='ocrx_word' id='word_1_905' title='bbox 3161 5308 3353 5381; x_wconf 63' lang='lat' dir='ltr'><strong>specie:</strong></span> <span class='ocrx_word' id='word_1_906' title='bbox 3395 5327 3518 5370; x_wconf 64' lang='lat' dir='ltr'><strong>sua.</strong></span> 
     </span>
    </p>
   </div>
   <div class='ocr_carea' id='block_1_113' title="bbox 1926 5377 2857 5455">
    <p class='ocr_par' dir='ltr' id='par_1_113' title="bbox 1926 5377 2857 5455">
     <span class='ocr_line' id='line_1_118' title="bbox 1926 5377 2857 5455; baseline -0.019 -6"><span class='ocrx_word' id='word_1_907' title='bbox 1926 5377 2076 5450; x_wconf 74' lang='lat' dir='ltr'><strong>cdere</strong></span> <span class='ocrx_word' id='word_1_908' title='bbox 2106 5389 2124 5455; x_wconf 94' lang='lat'><strong>(</strong></span> <span class='ocrx_word' id='word_1_909' title='bbox 2151 5402 2273 5455; x_wconf 89' lang='lat' dir='ltr'><strong>cap.</strong></span> <span class='ocrx_word' id='word_1_910' title='bbox 2307 5384 2361 5455; x_wconf 17' lang='lat'><strong>67</strong></span> <span class='ocrx_word' id='word_1_911' title='bbox 2394 5381 2638 5455; x_wconf 59' lang='lat' dir='ltr'><strong>ejusdem</strong></span> <span class='ocrx_word' id='word_1_912' title='bbox 2667 5377 2787 5455; x_wconf 68' lang='lat' dir='ltr'><strong>libri</strong></span> <span class='ocrx_word' id='word_1_913' title='bbox 2813 5378 2857 5450; x_wconf 93' lang='lat'><strong>).</strong></span> 
     </span>
    </p>
   </div>
   <div class='ocr_carea' id='block_1_114' title="bbox 209 5418 3523 5537">
    <p class='ocr_par' dir='ltr' id='par_1_114' title="bbox 209 5418 3523 5537">
     <span class='ocr_line' id='line_1_119' title="bbox 209 5418 2857 5514; baseline -0.019 -33"><span class='ocrx_word' id='word_1_914' title='bbox 1926 5418 2076 5450; x_wconf 68' lang='lat' dir='ltr'><strong>suae</strong></span> <span class='ocrx_word' id='word_1_915' title='bbox 2106 5418 2121 5455; x_wconf 70' lang='grc' dir='ltr'>ι</span> <span class='ocrx_word' id='word_1_916' title='bbox 2151 5418 2273 5514; x_wconf 61' lang='lat' dir='ltr'><strong>“IX.</strong></span> <span class='ocrx_word' id='word_1_917' title='bbox 2308 5418 2342 5440; x_wconf 86' lang='grc' dir='ltr'><strong>υ</strong></span> <span class='ocrx_word' id='word_1_918' title='bbox 2394 5418 2638 5450; x_wconf 47' lang='lat' dir='ltr'><strong>ult-suun</strong></span> <span class='ocrx_word' id='word_1_919' title='bbox 2669 5418 2787 5433; x_wconf 78' lang='grc' dir='ltr'><strong>ι-υ..</strong></span> <span class='ocrx_word' id='word_1_920' title='bbox 2813 5418 2857 5450; x_wconf 81' lang='lat'><strong>,.</strong></span> 
     </span>
     <span class='ocr_line' id='line_1_120' title="bbox 2000 5447 3523 5537; baseline -0.009 -20"><span class='ocrx_word' id='word_1_921' title='bbox 2000 5458 2079 5537; x_wconf 62' lang='lat' dir='ltr'><strong>lc)</strong></span> <span class='ocrx_word' id='word_1_922' title='bbox 2119 5459 2176 5537; x_wconf 70' lang='lat' dir='ltr'><strong>l_n</strong></span> <span class='ocrx_word' id='word_1_923' title='bbox 2257 5454 2501 5525; x_wconf 84' lang='lat' dir='ltr'><strong>putheos.</strong></span> <span class='ocrx_word' id='word_1_924' title='bbox 2529 5449 2719 5537; x_wconf 61' lang='lat' dir='ltr'><strong>(latura</strong></span> <span class='ocrx_word' id='word_1_925' title='bbox 2739 5447 2996 5537; x_wconf 44' lang='lat' dir='ltr'><strong>haeresim,</strong></span> <span class='ocrx_word' id='word_1_926' title='bbox 3019 5466 3137 5522; x_wconf 60' lang='lat' dir='ltr'><strong>qua</strong></span> <span class='ocrx_word' id='word_1_927' title='bbox 3159 5449 3370 5509; x_wconf 80' lang='lat' dir='ltr'><strong>Patrem</strong></span> <span class='ocrx_word' id='word_1_928' title='bbox 3399 5469 3523 5526; x_wconf 67' lang='lat' dir='ltr'><strong>pas-</strong></span> 
     </span>
    </p>
   </div>
   <div class='ocr_carea' id='block_1_115' title="bbox 290 5518 3068 5629">
    <p class='ocr_par' dir='ltr' id='par_1_115' title="bbox 290 5518 3068 5629">
     <span class='ocr_line' id='line_1_121' title="bbox 290 5518 3068 5629; baseline 0 0"><span class='ocrx_word' id='word_1_929' title='bbox 290 5552 369 5629; x_wconf 70' lang='lat' dir='ltr'><strong>to</strong></span> <span class='ocrx_word' id='word_1_930' title='bbox 406 5548 665 5629; x_wconf 44' lang='lat' dir='ltr'><strong>omne</strong></span> <span class='ocrx_word' id='word_1_931' title='bbox 698 5546 887 5629; x_wconf 66' lang='grc' dir='ltr'><strong>νεεδυ</strong></span> <span class='ocrx_word' id='word_1_932' title='bbox 912 5547 1099 5629; x_wconf 57' lang='lat' dir='ltr'><strong>mino</strong></span> <span class='ocrx_word' id='word_1_933' title='bbox 1145 5541 1234 5629; x_wconf 61' lang='lat' dir='ltr'><strong>te</strong></span> <span class='ocrx_word' id='word_1_934' title='bbox 1277 5539 1578 5629; x_wconf 61' lang='grc' dir='ltr'><strong>ωπηάεεπδε</strong></span> <span class='ocrx_word' id='word_1_935' title='bbox 1606 5546 1825 5629; x_wconf 63' lang='lat' dir='ltr'><strong>creante</strong></span> <span class='ocrx_word' id='word_1_936' title='bbox 1931 5518 3068 5629; x_wconf 47' lang='lat' dir='ltr'><strong>widthﬂéﬁ:9?ﬁ‘1flz.l&#39;3.193%...</strong></span> 
     </span>
    </p>
   </div>
   <div class='ocr_carea' id='block_1_116' title="bbox 216 5590 3529 5686">
    <p class='ocr_par' dir='ltr' id='par_1_116' title="bbox 216 5590 3529 5686">
     <span class='ocr_line' id='line_1_122' title="bbox 216 5590 3529 5686; baseline -0.011 0"><span class='ocrx_word' id='word_1_937' title='bbox 216 5590 1829 5686; x_wconf 47' lang='grc' dir='ltr'><strong>εθιδῖιίοῗιιέίῖίυιιξὶθέῖῇἶιῖιίίίζίῖιιεξ</strong></span> <span class='ocrx_word' id='word_1_938' title='bbox 1940 5590 1945 5591; x_wconf 14' lang='lat'><em>7</em></span> <span class='ocrx_word' id='word_1_939' title='bbox 2010 5604 2091 5675; x_wconf 80' lang='grc' dir='ltr'><strong>(ά)</strong></span> <span class='ocrx_word' id='word_1_940' title='bbox 2109 5590 2328 5686; x_wconf 63' lang='lat' dir='ltr'><strong>&quot;Dontra</strong></span> <span class='ocrx_word' id='word_1_941' title='bbox 2348 5590 2648 5686; x_wconf 47' lang='lat' dir='ltr'><strong>IIIo-ignitus,</strong></span> <span class='ocrx_word' id='word_1_942' title='bbox 2676 5590 2730 5647; x_wconf 89' lang='lat' dir='ltr'><strong>id</strong></span> <span class='ocrx_word' id='word_1_943' title='bbox 2751 5600 2836 5649; x_wconf 89' lang='lat' dir='ltr'><strong>est</strong></span> <span class='ocrx_word' id='word_1_944' title='bbox 2872 5590 3196 5649; x_wconf 79' lang='lat' dir='ltr'><strong>Sabellianoa</strong></span> <span class='ocrx_word' id='word_1_945' title='bbox 3222 5592 3490 5659; x_wconf 76' lang='lat' dir='ltr'><strong>hwreticos</strong></span> <span class='ocrx_word' id='word_1_946' title='bbox 3514 5636 3529 5666; x_wconf 87' lang='lat'><strong>,</strong></span> 
     </span>
    </p>
   </div>
   <div class='ocr_carea' id='block_1_117' title="bbox 217 5666 2509 5769">
    <p class='ocr_par' dir='ltr' id='par_1_117' title="bbox 217 5666 2509 5769">
     <span class='ocr_line' id='line_1_123' title="bbox 217 5666 2509 5769; baseline 0.017 -35"><span class='ocrx_word' id='word_1_947' title='bbox 316 5666 1428 5769; x_wconf 47' lang='grc' dir='ltr'><strong>ξῖιξειίςιῑηῖξξῑιῖιιῑξῑιῖθεξῇ-ςῖέέῇιῖ-ςιεί</strong></span> <span class='ocrx_word' id='word_1_948' title='bbox 1446 5666 1487 5737; x_wconf 63' lang='grc' dir='ltr'><em>ῑ</em></span> <span class='ocrx_word' id='word_1_949' title='bbox 1504 5666 1573 5769; x_wconf 63' lang='grc' dir='ltr'><strong>ῦς</strong></span> <span class='ocrx_word' id='word_1_950' title='bbox 1589 5666 1833 5769; x_wconf 65' lang='lat' dir='ltr'><strong>&#39;m’m</strong></span> <span class='ocrx_word' id='word_1_951' title='bbox 1937 5666 2509 5769; x_wconf 57' lang='grc' dir='ltr'><strong>νοὲεξιοξο,,ιιξ.1.·..ἓίῖί</strong></span> 
     </span>
    </p>
   </div>
   <div class='ocr_carea' id='block_1_118' title="bbox 219 5733 3215 5837">
    <p class='ocr_par' dir='ltr' id='par_1_118' title="bbox 219 5733 3215 5837">
     <span class='ocr_line' id='line_1_124' title="bbox 219 5733 3215 5837; baseline -0.011 -10"><span class='ocrx_word' id='word_1_952' title='bbox 219 5733 578 5827; x_wconf 57' lang='grc' dir='ltr'><strong>Εἶῗῖἓῖἇὲἰ</strong></span> <span class='ocrx_word' id='word_1_953' title='bbox 598 5733 687 5822; x_wconf 75' lang='grc' dir='ltr'><em>’ἴᾶ</em></span> <span class='ocrx_word' id='word_1_954' title='bbox 700 5733 1583 5837; x_wconf 48' lang='lat' dir='ltr'><strong>7,353.5?szma‘}2mi.‘a</strong></span> <span class='ocrx_word' id='word_1_955' title='bbox 1602 5733 1833 5815; x_wconf 46' lang='lat' dir='ltr'><strong>arma</strong></span> <span class='ocrx_word' id='word_1_956' title='bbox 1942 5733 1958 5750; x_wconf 91' lang='lat'><strong>&#39;</strong></span> <span class='ocrx_word' id='word_1_957' title='bbox 1989 5733 2088 5818; x_wconf 66' lang='grc' dir='ltr'><strong>(ο)</strong></span> <span class='ocrx_word' id='word_1_958' title='bbox 2128 5742 2212 5803; x_wconf 80' lang='lat' dir='ltr'><strong>Ad</strong></span> <span class='ocrx_word' id='word_1_959' title='bbox 2240 5733 2427 5801; x_wconf 63' lang='lat' dir='ltr'><strong>latnt.</strong></span> <span class='ocrx_word' id='word_1_960' title='bbox 2457 5734 2677 5797; x_wconf 18' lang='lat' dir='ltr'><strong>Domini.</strong></span> <span class='ocrx_word' id='word_1_961' title='bbox 2699 5751 2719 5794; x_wconf 73' lang='grc' dir='ltr'>ε</span> <span class='ocrx_word' id='word_1_962' title='bbox 2745 5733 3001 5807; x_wconf 60' lang='lat' dir='ltr'><strong>tempore</strong></span> <span class='ocrx_word' id='word_1_963' title='bbox 3019 5735 3215 5796; x_wconf 84' lang='lat' dir='ltr'><strong>Pasch.</strong></span> 
     </span>
    </p>
   </div>
  </div>
