3978 6196
167 289 284 346 849
884 287 950 345 ΙΝ
989 287 1246 345 ιιιιΑιιιι
1285 286 1501 346 EPIST.
1544 287 1676 345 SEU
1716 286 1789 347 LII

1909 323 1935 344 ι.
1967 288 2417 348 DISSERTATIO
2454 290 2793 350 SECUNDA.
3367 295 3475 352 850

167 406 256 462 sui
285 404 447 461 nobis
467 403 659 461 indidit
682 404 844 470 Deus,
872 405 982 462 sint
1000 404 1109 461 duo
1128 405 1373 476 quaedam
1396 419 1428 460 a
1454 419 1515 462 se
1537 405 1772 475 diversa,
1801 409 1858 470 Α
1879 406 2156 464 vocabulis
2191 407 2502 476 denotatur,
2549 408 2653 464 nisi
2701 415 2964 479 praestans
2998 407 3245 480 quaedam
3285 411 3478 468 simili-

165 513 238 552 an
275 513 445 552 unum
475 504 706 552 tantum.
737 497 1053 566 Quzcremus
1082 497 1347 562 secundo,
1387 497 1440 552 in
1468 513 1577 568 quo
1601 498 1776 568 posita
1879 499 2030 555 tudo.
2082 499 2222 556 Audi
2251 542 2266 566 ,
2313 515 2441 556 num
2473 515 2596 556 vera
2625 499 2871 572 eloquar.
2921 499 3066 556 Vixit
3106 511 3276 558 autem
3309 502 3474 557 Adam

168 590 246 644 sit
280 589 404 645 huic
445 589 624 661 imago
653 599 706 645 et
732 589 1048 645 similitudo.
1076 590 1282 658 Quibus
1310 589 1618 646 constitutis
1637 632 1652 656 ,
1691 604 1779 646 se-
1879 593 1972 666 (en
1995 610 2114 665 qua:
2143 594 2406 650 habemus
2441 594 2494 650 in
2517 595 2739 668 Genesi)
2759 605 2960 650 centum
2985 596 3198 665 triginta
3226 598 3397 663 annis,
3429 608 3480 651 et

173 689 386 753 quetur
413 682 581 738 veluti
605 681 949 738 cnrollariunt
991 683 1192 737 solutio
1222 683 1398 738 tertite
1436 683 1772 754 qumstionis,
1879 687 2054 757 genuit
2079 686 2149 741 ad
2169 687 2446 758 imaginem
2481 696 2529 742 et
2559 688 2952 743 similitudinem
2979 703 3127 742 suam
3145 729 3161 754 ,
3187 688 3481 759 necabitque

168 774 224 830 in
253 790 369 846 qua
395 774 630 830 hominis
659 784 811 846 parte
839 774 1013 844 posita
1035 776 1106 830 sit
1137 775 1312 844 imago
1338 774 1474 840 haec,
1497 787 1551 830 et
1582 773 1774 829 simili-
1880 795 2063 834 nomen
2087 782 2203 852 ejus
2231 779 2360 835 Seth
2380 778 2534 851 (Gen.
2568 795 2626 843 v,
2659 778 2736 852 5).

167 866 345 933 tudo;
388 881 457 922 an
484 867 693 922 scilicet
718 867 772 920 in
807 880 1062 936 corpore,
1093 882 1158 921 an
1184 866 1240 922 in
1270 868 1473 922 anima.
1509 867 1778 937 Sequetur
1951 870 2008 926 6.
2038 870 2192 937 Quod
2234 871 2279 926 si
2311 871 2498 928 Patres
2539 871 2758 943 adjungi
2809 871 2916 938 vis,
2967 872 3197 927 libenter
3222 872 3476 944 adiungi-

173 974 400 1032 quoque
429 959 631 1015 solutio
675 969 882 1030 quarta
920 959 1273 1029 quaestionis,
1317 975 1385 1015 an
1417 960 1516 1015 stili
1549 960 1774 1027 homini,
1883 977 2025 1018 mus.
2057 962 2264 1017 Prteeat
2300 961 2632 1034 Augustinus
2671 964 2786 1016 haec
2824 961 3046 1018 tradens
3076 962 3296 1032 (Quaest.
3330 977 3382 1017 tv
3421 963 3480 1016 in

167 1068 268 1109 seu
287 1094 304 1115 ,
340 1061 401 1108 ut
428 1052 742 1124 expressius
783 1052 955 1107 dicam
978 1092 993 1114 ,
1035 1067 1102 1106 an
1135 1053 1237 1106 soli
1261 1053 1406 1118 viro,
1435 1069 1501 1108 an
1543 1053 1778 1109 immixtae
1882 1052 2121 1124 Denter.)
2147 1072 2160 1107 :
2194 1073 2213 1108 ι
2240 1054 2378 1122 Quid
2407 1055 2616 1110 intersit
2646 1055 2790 1109 inter
2809 1054 3237 1119 similitudinem,
3265 1062 3321 1111 et
3343 1053 3480 1108 ima-

170 1146 343 1202 etiam
375 1145 700 1216 imaginem,
740 1144 811 1201 de
844 1159 950 1216 qua
978 1144 1333 1210 disserimus,
1379 1155 1432 1201 et
1471 1145 1778 1200 similitudi-
1879 1146 2080 1218 ginem,
2106 1146 2274 1217 quaeri
2295 1147 2451 1202 solet.
2483 1147 2590 1202 Sed
2615 1147 2702 1201 hic
2727 1162 2834 1201 non
2857 1146 3034 1211 video,
3059 1147 3188 1216 quid
3213 1146 3480 1203 interesse

171 1254 299 1294 nem
331 1236 592 1294 indiderit
624 1237 782 1292 Deus.
821 1236 1089 1307 Sequetur
1128 1236 1362 1305 denique
1388 1237 1588 1293 solutio
1623 1238 1779 1308 quin-
1883 1240 2138 1303 voluerit,
2175 1239 2276 1294 nisi
2307 1248 2402 1294 aut.
2441 1239 2656 1296 duobus
2700 1240 2820 1296 istis
2846 1239 3124 1295 vocabulis
3154 1255 3315 1296 unam
3360 1255 3475 1296 rem

171 1338 264 1396 tua,
296 1346 370 1384 an
395 1331 633 1401 Angelus
655 1329 818 1387 etiam
844 1329 912 1386 ad
937 1329 1371 1398 similitudinem,
1394 1339 1451 1388 et
1479 1331 1774 1403 imaginem
1881 1330 2286 1401 signiﬁcaverit,
2319 1341 2425 1386 etc.
2461 1351 2482 1384 ι

174 1423 272 1478 Dei
303 1422 482 1478 factus
503 1421 595 1480 sit.
1953 1422 2095 1479 Alibi
2142 1424 2303 1478 etiam
2355 1438 2472 1478 eam
2519 1422 2808 1494 imaginem
2865 1423 2957 1480 Dei
2990 1438 3088 1494 pro
3115 1438 3183 1480 eo
3223 1432 3476 1494 usurpat,

1880 1515 2025 1586 quod
2053 1516 2210 1586 vulgo
2237 1515 2579 1572 similitudini
2605 1517 2892 1586 imputant,
2922 1523 2982 1570 ut
2999 1513 3258 1585 deinceps
3280 1514 3477 1579 dicam;

1879 1609 1997 1665 haec
2023 1610 2223 1680 quippe
2251 1610 2327 1663 ait
2355 1608 2431 1680 (in
2467 1618 2616 1663 tract.
2647 1609 2702 1663 in
2732 1625 2812 1678 ps.
2851 1623 2979 1675 Lm,
3007 1624 3062 1662 ιι.
3098 1606 3146 1677 ι)
3177 1625 3191 1660 :
3228 1626 3249 1660 ι
3277 1606 3480 1663 Omnes

1881 1703 2002 1759 lacti
2030 1702 2099 1757 ad
2147 1701 2435 1773 imaginem
2481 1702 2609 1768 Dei,
2662 1702 2766 1757 nisi
2816 1701 3047 1756 terrenis
3096 1700 3482 1772 cupiditatibus

1807 1792 1856 1852 B
1881 1804 2187 1861 conterunt,
2215 1795 2357 1865 quod
2390 1796 2480 1850 ille
2509 1795 2881 1850 formavit.....
2911 1796 3078 1867 (num.
3105 1795 3184 1864 '5).
3215 1793 3284 1849 Et
3312 1808 3482 1865 quare

245 1881 302 1936 4.
340 1879 401 1947 li,
443 1880 633 1951 quibus
667 1881 840 1950 placet
863 1882 1076 1936 unicam
1109 1891 1316 1937 tantum
1352 1885 1515 1937 modo
1544 1897 1657 1937 rem
1689 1882 1776 1938 liie
1880 1888 2166 1959 imaginem
2209 1885 2440 1942 Caesaris
2466 1888 2698 1943 creatori
2743 1895 2924 1942 vestro
2973 1885 3380 1954 ostendebatis,
3427 1894 3484 1940 et

175 1972 433 2038 indicari,
465 1987 574 2029 non
599 1973 752 2037 duas,
783 1973 1012 2030 adhunc
1038 1974 1255 2030 modum
1285 1975 1579 2045 disputant.
1613 1973 1774 2030 Reci-
1879 1980 1998 2051 ejus
2027 1971 2314 2051 imaginem
2346 1981 2400 2034 in
2433 1981 2628 2034 vestris
2658 1978 2914 2034 cordibus
2937 1978 3234 2035 delebatis?
3271 1996 3292 2029 ι

745 1548 988 1599 ρυιετιο
1013 1550 1173 1591 PRIIA
1183 1577 1196 1590 .

174 1675 257 1727 An
291 1688 353 1727 ea
378 1672 573 1743 imago,
606 1681 654 1726 et
686 1670 1004 1738 similitudo,
1031 1687 1186 1743 quam
1211 1672 1357 1727 nobis
1385 1671 1573 1726 indidit
1595 1669 1736 1727 Deus
1756 1712 1772 1740 ,

177 1767 280 1820 sint
306 1766 416 1820 duo
442 1766 678 1836 quietiam
703 1784 737 1821 a
763 1783 816 1822 se
840 1765 1059 1832 diversa,
1086 1783 1154 1819 an
1186 1783 1346 1821 unum
1376 1776 1593 1821 tantum.

178 2073 358 2119 temus
377 2106 396 2132 ,
428 2064 686 2127 obsecro.
717 2065 898 2120 statim
929 2067 1093 2122 verba
1115 2081 1210 2131 ea,
1243 2080 1407 2136 super
1427 2065 1620 2136 quibus
1646 2079 1777 2122 con-

177 2158 426 2213 stituitur
456 2159 702 2228 quaestio.
734 2158 934 2215 Genes.
974 2177 988 2213 l
1017 2159 1163 2216 Deus
1197 2160 1460 2216 Adamum
1492 2169 1779 2218 creaturus

174 2250 293 2307 hzec
339 2252 421 2306 ait
471 2253 560 2324 (υ.
591 2252 685 2317 26,
718 2251 830 2324 27)
864 2271 878 2308 :
923 2252 1200 2309 Faciamus
1233 2254 1493 2310 hominem
1524 2255 1592 2309 ad
1639 2257 1774 2310 inta-

172 2350 380 2420 ginem,
429 2359 475 2404 et
516 2350 905 2405 similitudinem
933 2362 1160 2406 nostram
1191 2369 1210 2407 :
1249 2362 1299 2408 et
1335 2355 1512 2423 praesit
1551 2354 1778 2422 piscibus

174 2440 408 2495 maris...
440 2438 508 2496 Et
529 2441 715 2494 creavit
736 2439 881 2495 Deus
902 2442 1158 2496 hominem
1188 2444 1256 2498 ad
1284 2443 1561 2515 imaginem
1581 2460 1729 2498 suam
1759 2459 1780 2499 :

175 2531 242 2585 ad
262 2531 544 2602 imaginem
569 2530 669 2587 Dei
700 2533 889 2588 creavit
911 2533 1058 2587 illum
1083 2550 1102 2587 :
1132 2535 1435 2603 masculum,
1457 2544 1506 2589 et
1519 2535 1779 2606 [seminam

177 2626 297 2695 fecit
323 2641 437 2680 eos.
471 2625 642 2681 Porro
662 2665 678 2691 ,
710 2641 832 2682 cum
863 2628 980 2683 haec
1009 2629 1250 2684 narratio
1279 2630 1558 2696 recolitur,
1586 2639 1679 2685 aut
1706 2631 1780 2686 si-

178 2717 504 2774 militudinis
530 2727 762 2786 tantum,
789 2727 880 2774 aut
904 2719 1152 2790 imaginis
1174 2722 1378 2776 mentio
1398 2720 1479 2787 lit,
1503 2735 1603 2778 nec
1629 2722 1776 2778 dein-

181 2824 310 2878 ceps
342 2825 410 2865 ea
438 2807 758 2881 junguntur.
792 2825 888 2866 seu
917 2820 1253 2881 repetuntur.
1297 2810 1406 2868 Cur
1436 2813 1637 2883 porro?
1678 2813 1779 2868 nisi

179 2903 300 2972 quia
341 2917 572 2959 necesse
611 2917 717 2959 non
746 2913 861 2959 erat
901 2918 1212 2973 expressam
1243 2905 1524 2975 utriusque
1551 2905 1783 2961 mentio-

185 3010 308 3050 nem
345 2994 490 3057 ﬁeri.
517 3010 640 3050 cum
665 2996 823 3049 uuii-a
847 2995 1218 3050 tantummodo
1245 3011 1334 3051 res
1360 2997 1448 3051 sit.
1480 2997 1562 3051 An
1591 2995 1660 3051 de
1687 3011 1784 3052 an-

143 3115 148 3120 -
184 3086 493 3148 tecedente,
527 3100 623 3141 seu
651 3097 930 3156 assumpto
956 3074 1204 3141 dubitas?
1231 3085 1365 3141 Illud
1390 3087 1570 3141 statim
1601 3096 1784 3144 osten-

1951 2073 2005 2126 7.
2037 2070 2364 2128 Severianus
2389 2084 2604 2140 quoque
2624 2069 2976 2126 Gabalitanus
3001 2069 3055 2124 in
3078 2067 3329 2124 eumdem
3353 2082 3484 2124 sen-

1879 2177 1997 2218 sum
2018 2181 2032 2218 :
2054 2181 2072 2214 t
2084 2162 2220 2230 Quid
2244 2171 2347 2228 est,
2373 2162 2564 2232 inquit,
2586 2162 2664 2232 (a)
2691 2161 2987 2217 secundum
3003 2159 3328 2232 imaginem?
3345 2158 3489 2215 Deus

1881 2264 1965 2311 est
1993 2263 2235 2311 sanctus.
2278 2254 2336 2309 Si
2378 2269 2479 2308 nos
2522 2254 2698 2309 sancti
2727 2268 2948 2320 sumus,
2977 2254 3046 2309 ad
3074 2253 3359 2323 imaginem
3393 2268 3486 2308 su-

1881 2363 2002 2404 mus
2030 2348 2145 2404 Dei.
2180 2348 2360 2404 Sancti
2393 2347 2539 2402 enim
2563 2386 2580 2412 ,
2613 2346 2822 2416 inquit,
2851 2354 3046 2412 estote,
3081 2347 3204 2418 quia
3231 2360 3334 2418 ego
3360 2359 3486 2401 san-

1881 2453 2003 2494 ctus
2025 2453 2167 2494 sum.
2197 2439 2339 2494 Deus
2366 2447 2452 2493 est
2473 2437 2671 2508 justus.
2707 2436 2766 2493 Si
2793 2437 3055 2507 justitiam
3080 2436 3482 2508 persequimur,

1882 2530 2061 2601 imago
2084 2528 2181 2583 Dei
2211 2543 2416 2584 sumus.
2457 2547 2477 2580 ι

1955 2613 2011 2679 8.
2032 2621 2294 2678 Similiter
2316 2621 2636 2678 Ambrosius
2665 2621 2978 2692 imaginem,
2997 2629 3056 2677 et
3077 2619 3484 2678 similitudinem

1889 2714 1982 2770 Dei
2010 2714 2164 2770 nobis
2193 2712 2416 2768 inditam
2446 2714 2500 2768 in
2529 2712 3034 2782 supernaturalibus
3053 2754 3070 2778 ,
3089 2726 3154 2768 ac
3179 2711 3482 2768 moralibus

1883 2804 2418 2861 virtutibuscollocat
2445 2801 2536 2876 (In
2555 2802 2650 2858 Ps.
2679 2817 2842 2859 cxvut
2873 2814 3042 2857 octon.
3061 2791 3303 2874 '22),sed
3331 2803 3404 2857 ita
3427 2811 3488 2857 ut

1883 2894 2181 2952 similitudo
2201 2894 2269 2950 ab
2292 2894 2525 2964 imagine
2552 2892 2773 2948 minime
2793 2892 3026 2948 dili'erat.

1959 2991 2012 3045 9.
2037 2990 2230 3045 Petrus
2248 2988 2374 3043 item
2397 2987 2762 3059 Cbrysologus
2785 2985 2982 3054 (Serm.
3016 2983 3176 3055 l20):
3207 3002 3226 3036 ι
3251 2982 3374 3050 Ubi,
3397 2984 3482 3039 in-

1886 3083 2032 3153 quit,
2061 3080 2380 3136 delictorum
2413 3078 2615 3133 morbis
2653 3077 2833 3148 imago
2867 3076 2978 3146 ipsa
3028 3075 3205 3130 ablata
3235 3073 3486 3129 condito-

182 3177 388 3233 dimus.
442 3177 814 3235 Similitudinis
863 3177 1236 3234 tantummodo
1275 3177 1480 3233 mentio
1526 3176 1585 3232 ﬁt
1612 3179 1783 3234 versi-
1811 3169 1858 3233 C
1891 3175 2105 3231 ris......
2141 3172 2432 3243 Apostolus
2469 3171 2665 3225 Paulus
2707 3168 2773 3224 ad
2817 3167 3228 3226 similitudinem
3269 3175 3488 3222 revocat

187 3271 308 3327 culo
341 3285 361 3324 ι
400 3271 592 3336 capitis
621 3286 689 3335 v;
719 3272 770 3324 in
806 3285 914 3341 quo
943 3269 1159 3340 quidem
1191 3269 1309 3324 loco
1343 3269 1655 3324 recoluntur
1683 3284 1745 3324 ea
1766 3308 1782 3337 ,

183 3378 302 3433 quae
340 3361 631 3418 versiculis
667 3361 737 3415 27
772 3373 828 3418 et
876 3360 948 3416 28
978 3375 1098 3431 cap.
1135 3361 1324 3417 tdicta
1353 3371 1526 3416 erant.
1569 3359 1788 3416 Scilicet

187 3455 300 3511 bvec
343 3455 403 3510 in
441 3469 530 3519 eo,
561 3469 722 3525 quem
748 3455 984 3510 diximus
1006 3496 1022 3521 ,
1070 3455 1265 3522 capitis
1300 3469 1332 3508 v
1360 3453 1627 3510 versiculo
1657 3454 1790 3524 legi-

188 3563 305 3603 mus
355 3565 372 3600 :
420 3545 521 3600 Hic
545 3556 621 3602 est
665 3547 792 3602 liber
819 3545 1161 3619 generationis
1203 3545 1392 3600 Adam.
1436 3545 1505 3598 In
1531 3547 1641 3612 die,
1688 3561 1789 3616 qua

189 3641 383 3695 creavit
408 3638 546 3694 Deus
566 3637 845 3703 hominem,
873 3639 942 3692 ad
965 3637 1348 3692 similitudinem
1372 3635 1465 3691 Dei
1487 3639 1604 3707 fecit
1621 3637 1791 3692 illum:

187 3735 519 3794 masculum,
549 3742 598 3786 et
619 3733 876 3805 {catinum
911 3733 1096 3786 creavit
1127 3747 1209 3785 eos
1232 3773 1246 3797 ,
1284 3740 1331 3786 et
1371 3732 1624 3786 benedixit
1659 3732 1788 3788 illis.

190 3825 394 3880 Contra
426 3823 625 3880 Genes.
659 3839 777 3895 cap.
810 3839 891 3888 lx,
919 3821 981 3889 6,
1017 3821 1382 3877 Ecclesiastici
1411 3836 1532 3892 cap.
1561 3837 1669 3876 xvn
1690 3861 1705 3886 ,
1737 3830 1795 3876 et

191 3918 315 3974 alibi
342 3916 508 3973 etiam
531 3917 710 3989 imago
732 3916 1104 3972 tantummodo
1134 3923 1483 3971 memoratur.
1516 3916 1606 3972 Sic
1631 3929 1794 3986 porro

194 4009 359 4067 habet
387 4011 454 4075 is,
479 4025 640 4080 quem
670 4010 898 4078 primum
927 4009 1174 4078 allegavi,
1199 4009 1489 4077 Scriptura:
1518 4008 1688 4073 locus,
1717 4007 1797 4062 vi-

196 4099 398 4155 delicet
425 4100 724 4156 versiculus
748 4109 932 4154 sextus
959 4101 1150 4168 capitis
1182 4115 1230 4152 ix
1254 4097 1480 4154 Genesis
1506 4116 1518 4152 :
1548 4100 1795 4166 Quicum-

193 4208 290 4260 que
309 4190 554 4258 eﬂ'uderit
579 4193 856 4244 humanum
882 4193 1202 4263 sanguinem,
1230 4190 1474 4258 fundetur
1499 4191 1706 4262 sanguis
1733 4189 1798 4243 il-

197 4284 294 4338 lius
323 4301 345 4338 :
371 4284 440 4337 ad
459 4284 734 4354 imaginem
760 4284 952 4353 quippe
983 4282 1076 4337 Dei
1105 4282 1271 4349 [actus
1299 4289 1372 4334 est
1390 4280 1561 4335 homo.
1598 4279 1678 4335 En
1705 4296 1798 4337 au-

199 4385 302 4431 tent
331 4392 394 4431 ea
418 4417 434 4443 ,
467 4393 586 4448 quia
617 4378 761 4442 dixi,
795 4375 1160 4432 Ecclesiastici
1196 4378 1361 4430 verba
1396 4373 1534 4444 (cap.
1559 4391 1668 4429 xvn
1690 4415 1706 4442 ,
1742 4377 1794 4443 1,

134 4493 139 4498 ·
198 4467 268 4539 2)
307 4489 319 4522 :
376 4467 516 4523 Deus
550 4469 738 4523 creavit
808 4469 872 4521 de
913 4477 1047 4520 terra
1083 4464 1368 4530 hominem,
1408 4473 1457 4518 et
1510 4465 1790 4519 secundum

1889 3266 2114 3331 Christi,
2138 3273 2195 3318 et
2217 3272 2382 3318 tutam
2414 3258 2688 3334 (formam)
2717 3258 2924 3316 reducit
2951 3258 3018 3312 ad
3043 3258 3329 3327 imaginem
3359 3271 3489 3312 con-

1892 3357 2083 3412 ditoris
2103 3374 2115 3408 :
2139 3373 2160 3407 ›
2195 3354 2355 3424 idque
2377 3352 2568 3424 probat
2583 3367 2652 3406 ex
2675 3349 2937 3418 Apostulo
2953 3350 3170 3406 dicente
3187 3346 3365 3419 (Rom.
3391 3361 3491 3414 xu,

1898 3450 1993 3523 2):
2029 3447 2212 3503 Nolite
2244 3446 2560 3518 conﬁgurari
2589 3443 2707 3498 huic
2729 3443 2940 3508 swculo,
2968 3452 3074 3497 etc.
3103 3440 3254 3495 Alios
3273 3440 3317 3495 si
3335 3448 3489 3508 optas

1894 3546 2136 3617 ejusdem
2181 3542 2466 3599 sententiae
2496 3539 2722 3603 Patres,
2758 3552 2853 3593 eos
2897 3535 2994 3620 tibi
3032 3535 3292 3606 praebebit
3333 3533 3488 3589 Peta-

1894 3640 2014 3694 vius
2041 3637 2156 3710 (De
2179 3634 2326 3705 Opif.
2357 3649 2427 3698 ιι,
2455 3631 2520 3697 2,
2571 3629 2661 3693 10,
2721 3629 2825 3698 15)
2867 3643 2897 3682 a
2933 3641 3042 3698 quo
3082 3640 3214 3681 sane
3256 3623 3494 3696 Cyrillus

1894 3727 2299 3786 Alexandrinus
2355 3726 2408 3779 in
2465 3721 2713 3778 eamdem
2755 3718 3078 3776 sententiam
3123 3717 3347 3774 aﬂertur
3392 3715 3490 3789 (b).

1896 3824 2132 3880 Joannes
2161 3822 2290 3875 item
2319 3816 2674 3886 Pliiloponus,
2696 3820 2752 3868 et
2765 3812 3025 3881 Origenes
3045 3808 3150 3881 (De
3178 3809 3385 3879 opificio
3407 3824 3498 3862 sex

1899 3915 2096 3969 dierum
2127 3912 2215 3966 lib.
2249 3927 2308 3976 ιι,
2339 3924 2460 3979 cap.
2489 3906 2548 3970 2,
2577 3921 2629 3959 ιι.
2669 3902 2784 3973 15).
2813 3901 3024 3970 Quibus
3053 3899 3243 3971 positis
3277 3898 3498 3954 conclu-

1899 4007 1997 4074 dit,
2037 4024 2056 4058 ι
2080 4002 2409 4076 probabilius
2436 4013 2560 4055 esse
2587 3997 2790 4052 Mosem
2823 3983 3112 4050 anihoista
3151 3993 3367 4047 nomina
3399 4007 3496 4062 pro

1901 4113 2010 4152 uno
2049 4095 2350 4164 eodemque
2379 4091 2698 4161 sumpsisse,
2739 4095 2901 4156 atque
2946 4088 3001 4138 ἐκ
3043 4084 3406 4156 παραλλήλου,
3438 4091 3498 4138 ιιι

1902 4189 2172 4262 posterior
2201 4185 2396 4258 prioris
2417 4183 2486 4237 sit
2509 4180 2818 4251 explicatio.
2858 4197 2878 4231 ι

1975 4280 2062 4336 10.
2092 4277 2386 4334 Praeiverat
2436 4273 2626 4326 horum
2682 4268 2886 4324 monita
2935 4267 3090 4323 Philo
3135 4265 3253 4336 (De
3277 4264 3497 4335 Opiﬁc.,

1902 4391 1956 4442 p.
1993 4372 2078 4436 14,
2109 4369 2231 4424 edit.
2261 4364 2504 4436 Lugdun.
2546 4379 2671 4416 ann.
2701 4359 2865 4430 1561)
2912 4376 2928 4415 :
2979 4359 3178 4431 quippe
3205 4358 3322 4414 haec
3368 4357 3444 4412 ait
3483 4374 3497 4410 :

1909 4483 1928 4516 ι
1949 4461 2057 4519 Sed
2087 4459 2341 4530 quoniam
2364 4470 2468 4511 non
2492 4453 2696 4525 quaevis
2723 4453 2900 4522 imago
2929 4451 3095 4507 refert
3113 4449 3392 4520 exemplar
3410 4461 3501 4504 ar-

197 4563 475 4632 tmaginem
497 4578 643 4615 suam
675 4561 794 4633 fecit
819 4560 986 4614 illum.
1019 4559 1084 4613 Et
1107 4561 1291 4612 iterum
1310 4559 1552 4611 convertit
1572 4557 1722 4612 illum
1741 4558 1795 4612 in
1818 4553 1873 4613 D
1899 4555 2208 4625 chetypum.
2237 4559 2468 4619 suntque
2485 4546 2667 4602 multa:
2688 4544 3014 4609 dissimiles;
3041 4554 3161 4612 post
3178 4543 3294 4596 haec
3314 4540 3500 4633 verba,

200 4654 400 4723 ipsam,
433 4664 479 4707 et
510 4653 789 4706 secundum
820 4669 874 4706 se
909 4652 1102 4706 vestivit
1127 4650 1273 4704 illum
1301 4650 1505 4703 uirtute.
1536 4650 1799 4706 Similiter

1895 4650 2050 4721 juxta
2070 4644 2362 4715 imaginem,
2398 4639 2636 4696 additum
2657 4646 2740 4694 est
2761 4635 3170 4706 signiﬁcantius,
3192 4644 3241 4688 et
3262 4631 3507 4687 similitu-

203 4722 366 4815 epist.
401 4745 508 4799 tad
539 4743 850 4800 Corinthios
885 4747 1027 4814 (cap.
1054 4759 1145 4810 XI,
1189 4741 1245 4813 7)
1276 4758 1289 4794 :
1333 4739 1425 4795 Vir
1462 4743 1667 4812 quidem
1696 4759 1801 4797 non
1905 4741 2072 4795 dinem
2105 4779 2119 4800 ,
2144 4749 2200 4791 ut
2229 4734 2557 4803 intelligatur
2594 4738 2840 4786 exactum
2881 4726 3117 4798 sigillum
3146 4726 3375 4781 formam
3412 4722 3511 4778 ha-

206 4840 350 4892 debet
382 4838 550 4892 velare
596 4849 749 4909 caput
795 4855 968 4903 suum,
1017 4838 1262 4907 quoniam
1309 4839 1501 4910 imago,
1548 4848 1596 4892 et
1637 4837 1803 4906 gloria
1906 4833 2041 4889 bens
2072 4826 2556 4886 evidentissimum.
2591 4841 2608 4874 ι
3279 4844 3286 4850 ·

207 4928 304 4982 Dei
331 4941 424 4986 est.
457 4930 662 4986 Rursus
689 4931 741 4985 in
773 4931 946 5003 Epist.
978 4933 1045 4986 ait
1077 4931 1289 4986 Cnloss.
1323 4946 1445 5000 cap.
1476 4946 1533 4985 ιιι
1561 4931 1634 5001 (υ.
1668 4928 1759 5000 10)
1788 4946 1802 4983 :

208 5031 256 5073 et
285 5022 556 5076 induentes
593 5038 781 5076 nouum
810 5039 946 5088 eum,
984 5023 1071 5094 qui
1097 5033 1370 5077 renouatur
1389 5023 1443 5076 in
1469 5021 1803 5094 agnitionem,

211 5112 494 5167 secundum
517 5115 791 5185 imaginem
817 5115 952 5184 eius,
979 5113 1066 5182 qui
1089 5113 1278 5168 creavit
1303 5113 1472 5167 illum.

1984 4924 2073 4978 11.
2096 4919 2296 4978 Contra
2319 4918 2560 4975 sentiunt
2581 4915 2696 4980 alii,
2725 4920 3056 4981 monentque
3079 4910 3183 4967 boe
3201 4909 3343 4966 inter
3361 4923 3506 4976 eam,

1913 5017 1982 5073 de
2006 5030 2109 5085 qua
2137 5013 2371 5083 agimus,
2395 5007 2706 5077 imaginem,
2730 5014 2786 5060 et
2813 5001 3219 5058 similitudinem
3248 5015 3513 5072 apparere

1913 5105 2204 5163 discrimen
2235 5119 2248 5154 :
2275 5101 2360 5157 vel
2380 5098 2523 5170 quod
2550 5095 2944 5166 expressiorem
2988 5104 3151 5165 atque
3182 5093 3514 5148 exactiorem

282 5210 337 5261 5.
364 5205 545 5273 Quid?
571 5211 714 5276 quod
741 5206 1155 5275 expressissime
1185 5205 1237 5260 in
1272 5203 1564 5272 Scripturis
1595 5204 1809 5259 tametsi
1916 5196 2322 5255 similitudinem
2340 5200 2599 5260 exposcat
2623 5190 2820 5258 imago,
2851 5187 2905 5243 id
2948 5187 3210 5243 innuente
3254 5185 3514 5276 Augusti-

217 5295 413 5368 imago,
446 5309 501 5354 et
541 5273 835 5354 simiiitudo
871 5299 1184 5369 jungantur,
1217 5313 1322 5353 non
1355 5297 1498 5352 aliud
1536 5304 1718 5352 tamen
1743 5297 1813 5354 iis
1918 5273 3516 5363 no(c),etexpressissimetradenteHieronymoAreno(d):

292 5465 372 5535 (a)
400 5464 549 5535 Orat.
578 5481 612 5516 v
633 5465 702 5520 de
726 5464 906 5519 Mundi
957 5464 1186 5535 Opilicio
1213 5480 1276 5535 ιι.
1296 5465 1352 5526 4.
1385 5477 1510 5534 pag.
1543 5461 1652 5518 284
1683 5463 1814 5518 tomi
1923 5468 2026 5535 tem
2050 5457 2093 5512 si
2110 5455 2173 5535 Et
2195 5449 2500 5516 similitudo,
2524 5450 2767 5505 continuo
2790 5446 2849 5516 ﬁt
2873 5454 2921 5501 et
2947 5445 3140 5516 imago,
3169 5451 3302 5508 etc.,
3323 5447 3519 5511 quaest.

222 5551 273 5590 ιιι
302 5533 467 5608 Oper.
494 5534 777 5606 Chrysoat.
817 5535 1069 5608 editionis
1108 5533 1511 5608 Muntfaucomi.

295 5602 370 5679 (ὁ)
403 5607 481 5661 Ex
515 5602 818 5679 libfcontra
855 5606 1459 5676 Anthropomorpbitas,
1493 5613 1545 5660 et
1567 5619 1634 5659 ex
1662 5602 1821 5659 Cate-

227 5678 712 5749 lia;ma_nuscript:i.

298 5746 368 5818 (ε)
401 5745 501 5801 Ubi
517 5743 706 5819 imago,
739 5748 978 5802 continuo
1023 5755 1073 5801 et
1097 5743 1381 5800 similitudo
1429 5755 1518 5800 est.
1561 5743 1681 5800 Non
1724 5761 1823 5800 att-

1927 5546 1980 5587 tv
2013 5530 2064 5583 in
2110 5527 2403 5580 Denteron.

2001 5599 2082 5670 (d)
2106 5595 2162 5670 lu
2206 5595 2270 5670 iis
2301 5591 2655 5649 Sermonibus
2679 5603 2886 5670 ,“quos
2916 5585 3151 5668 nondum
3176 5583 3381 5670 ‘editos
3413 5595 3519 5670 ex:

1932 5653 2098 5726 scribi
2119 5666 2252 5737 jussi
2282 5679 2351 5721 ex
2370 5671 2590 5737 vetusto
2615 5653 2837 5716 codice:
2859 5659 2976 5737 b_aac
2998 5658 3141 5737 enim
3159 5653 3396 5737 docetin‘
3410 5665 3528 5737 ser:

1932 5723 2197 5797 mon'e'in
2226 5735 2563 5792 Dominican.
2613 5747 2686 5787 xx
2729 5739 2853 5800 post
2879 5729 3277 5786 Pentecostem.
3317 5723 3532 5778 (Sacra
