3978 6196
534 285 631 341 851

537 510 702 562 mam,
755 502 816 548 ut
864 493 1116 562 opinatur
1161 491 1396 548 lremeus
1454 495 1606 564 (Lib.
1646 510 1713 558 v,
1746 510 1860 564 cap.
1894 491 1960 561 6)
2001 491 2128 547 :vel

536 589 678 660 quod
709 585 968 642 naturalia
990 585 1130 640 dona
1155 583 1362 641 Adamo
1391 587 1588 642 collata
1612 587 1789 655 imago
1811 583 2030 650 indicet,
2055 584 2130 638 si-

534 677 781 734 militudo
805 692 934 731 vero
965 678 1417 746 supernaturalia.
1446 679 1581 734 iiine
1612 678 1924 748 imaginem,
1957 676 2001 730 si
2029 675 2130 731 hos

533 769 802 834 audimus,
835 769 1056 824 retinuit
1089 769 1328 822 admisso
1357 778 1614 838 peccato;
1639 777 1694 822 at.
1721 766 2128 822 'similitudinem

532 862 770 916 Adamns
791 861 990 915 amisit.
1009 860 1079 915 Ut
1107 860 1158 914 in
1178 862 1452 917 veteribus
1478 860 1725 917 Patribus
1749 859 2126 926 consistamus,

530 954 1010 1023 Chrysostomum,
1043 953 1394 1009 Severianum
1433 954 1832 1018 Gabalitanum,
1863 950 2130 1023 Cyrillum

536 1045 1004 1112 Alexandrinum,
1054 1047 1410 1117 Augustinum
1477 1047 1713 1116 denique
1776 1047 1912 1099 libro
1963 1061 2014 1100 vt
2063 1045 2132 1100 de

539 1139 675 1196 Gen.
731 1139 799 1195 ad
862 1140 1096 1195 litteram
1155 1153 1275 1207 cap.
1333 1140 1404 1194 27
1456 1140 1651 1210 allegat
1691 1137 1963 1192 Calmetus
2013 1135 2132 1208 (In

539 1235 708 1288 locum
762 1234 896 1286 hunc
952 1233 1202 1287 Geneseos
1226 1233 1269 1303 ).
1320 1233 1537 1288 Addere
1585 1240 1798 1302 paterat
1836 1239 1946 1284 tum
1997 1230 2132 1286 alios

536 1325 760 1389 multos,
812 1333 920 1378 tum
973 1333 1122 1378 certe
1170 1324 1497 1394 Origenem,
1545 1332 1601 1378 et
1653 1322 1988 1392 Seriptorem
2033 1335 2132 1376 no-

538 1426 731 1481 strum,
765 1432 903 1487 quos
934 1416 1190 1486 deinceps
1211 1415 1572 1478 adducemus;
1607 1414 1894 1468 Paulinum
1919 1428 2134 1484 quoque

536 1508 822 1574 Nolanum,
856 1507 1181 1580 Nyssenum,
1218 1507 1507 1562 Maximum
1541 1508 1861 1577 Martyrem,
1889 1506 2135 1572 aliosque

537 1617 644 1656 non
676 1617 897 1672 paucos,
927 1618 1063 1672 quos
1092 1613 1374 1670 recenset,
1399 1618 1587 1657 eorum
1621 1601 1736 1656 loca
1767 1601 2006 1670 allegans
2035 1601 2134 1655 Pe-

531 1697 704 1750 tavius
731 1694 850 1765 (De
887 1694 1061 1766 0pi[.,
1089 1695 1177 1749 lib.
1211 1711 1269 1761 ιι,
1297 1712 1410 1763 cap.
1443 1695 1500 1757 2,
1533 1712 1586 1748 ιι.
1617 1694 1726 1762 13).
1761 1693 1817 1747 In
1857 1691 2044 1759 primis
2083 1691 2132 1745 id

1215 280 1282 336 IN
1321 281 1579 338 HILARII
1619 277 1839 336 EPIST.
1881 277 2015 333 SEU
2054 273 2135 333 LII

2249 311 2277 330 ι.
2325 271 2775 331 ItiSSERTATIO
2809 269 3144 331 SECUNDA.

536 405 620 458 vel
675 403 818 474 quod
889 403 1061 471 imago
1107 413 1302 469 corpus
1365 411 1602 473 spectet,
1653 400 1949 457 similitudo
2003 398 2123 453 ani-
2153 402 2202 462 Α
2229 397 2556 453 credendum
2583 405 2698 463 est,
2729 396 3014 466 imaginem
3047 397 3100 450 in
3145 394 3365 450 homine
3410 393 3662 464 reperiri,
3695 400 3815 451 utin
3917 332 3919 458 i

3724 279 3813 334 sse

2233 497 2346 544 toto
2394 487 2667 552 maxime,
2730 501 2830 542 nec
2877 486 3194 556 simpliciter
3245 485 3500 541 resideat.
3555 485 3816 542 Caeterum

2232 580 2450 637 ubinam
2479 580 2568 634 illa
2617 579 2849 635 maxime
2879 578 2986 647 sit,
3032 587 3086 635 et
3111 593 3212 650 qna
3255 587 3409 648 parte
3446 579 3819 648 compleatur,
3920 638 3921 656 χ

2231 674 2374 744 quod
2399 672 2600 728 dictum
2627 681 2737 736 est,
2767 672 2836 725 ad
2872 672 3147 744 imaginem
3175 713 3188 737 ,
3225 671 3366 726 Deus
3398 672 3564 739 novit,
3600 673 3697 742 qui
3726 671 3822 725 sin-

2233 766 2400 837 gulari
2431 765 2534 820 hoc
2570 765 2818 836 imaginis
2867 779 2980 819 suae
3037 763 3301 819 beneﬂcio
3333 764 3608 818 hominum
3663 777 3824 834 genus

2233 855 2448 914 afﬁcere
2480 858 2670 911 voluit.
2703 877 2721 910 ι

2309 952 2395 1007 15.
2429 948 2714 1020 Epiphanii
2741 947 2927 1019 opinio
2961 946 3144 1018 paucis
3174 945 3414 1018 placuit,
3445 947 3677 1017 ideoque
3704 945 3824 1001 diii-

2235 1043 2448 1111 gentius
2486 1041 2855 1110 exquisierunt
2886 1082 2901 1106 ,
2953 1041 3003 1093 in
3061 1053 3170 1108 quo
3215 1039 3516 1095 consultius
3560 1039 3826 1094 videretur

2235 1135 2520 1205 imaginem
2553 1150 2694 1202 eam,
2727 1141 2782 1189 et
2807 1131 3216 1188 similitudinem
3256 1134 3545 1188 collocare.
3584 1131 3642 1188 In
3673 1147 3823 1202 supe-

2237 1227 2381 1282 riore
2409 1227 2706 1296 quaestione
2733 1225 2985 1290 diximus,
3023 1225 3314 1280 nonnullos
3353 1225 3544 1280 Patres
3581 1225 3821 1279 eamdem

2238 1318 2524 1387 imaginem
2552 1319 2604 1370 in
2633 1315 2790 1370 donis
2814 1315 3147 1370 naturalibus
3191 1316 3347 1370 nobis
3377 1315 3594 1370 tributis
3633 1316 3822 1371 consti-

2239 1409 2405 1462 tuisse
2427 1450 2439 1472 ,
2470 1407 2877 1462 similitudinem
2915 1421 3046 1461 vero
3076 1407 3127 1460 iu
3169 1407 3690 1475 supernaturalibus.
3739 1408 3821 1462 His

2238 1498 2515 1568 adjungite
2536 1514 2640 1552 non
2666 1498 2826 1552 modo
2849 1513 2997 1563 eum,
3019 1512 3178 1567 quem
3206 1497 3562 1565 illustramus,
3587 1497 3819 1567 Scripto-

2238 1608 2392 1658 rem;
2426 1593 2622 1648 etenim
2660 1591 2944 1648 manifesto
2975 1591 3024 1646 id
3069 1591 3231 1656 tradit
3267 1591 3319 1645 in
3353 1591 3418 1646 iis
3442 1633 3456 1658 ,
3490 1607 3608 1662 qua:
3636 1592 3822 1646 disser-

2241 1685 2429 1739 tationi
2463 1685 2586 1740 huic
2608 1687 2874 1756 prmposui
2899 1727 2912 1750 ,
2956 1685 3165 1740 Verbis:
3199 1704 3216 1735 ι
3255 1685 3536 1740 Concessit
3557 1686 3743 1752 etiam,
3776 1697 3823 1742 ut

535 1788 912 1860 copiosissime
933 1789 1247 1857 exsequitur
1277 1795 1466 1842 auctor
1490 1786 1611 1842 libri
1630 1786 1694 1838 de
1711 1784 1987 1848 Spiritu,et
2009 1783 2134 1838 Ani-
2167 1801 2212 1862 Β
2241 1777 2403 1831 homo
2436 1777 2525 1831 Dei
2559 1777 2842 1846 imaginem
2879 1783 3117 1847 portaret
3147 1779 3200 1832 in
3234 1779 3416 1842 terris,
3446 1778 3672 1834 daturus
3716 1790 3825 1848 post

536 1897 620 1934 ma
645 1877 740 1950 (a),
773 1880 862 1949 qui
883 1888 1060 1934 exstat
1081 1879 1224 1933 inter
1248 1892 1413 1948 opera
1438 1875 1742 1947 Augustini.
1767 1874 1880 1930 Nec
1909 1883 2134 1944 praeter-

538 1987 631 2028 eas
681 1973 805 2027 volo
835 1972 1218 2039 Alehuvinum,
1242 1971 1334 2042 qui
1363 1971 1662 2026 luculenter
1691 1972 1804 2039 ipse
1829 1982 2042 2039 quoque
2071 1981 2137 2024 ea

542 2063 612 2119 de
633 2079 694 2120 re
719 2064 828 2134 agit
852 2062 950 2134 (b).

993 2194 1316 2265 QUJESTIO
1357 2191 1693 2251 SECUNDA.

655 2312 722 2368 In
747 2328 848 2383 quo
875 2312 1043 2383 posita
1070 2313 1135 2364 sit
1163 2311 1295 2377 hwc,
1324 2310 1389 2364 de
1417 2325 1520 2378 qua
1555 2308 1791 2379 agimus,
1822 2307 1990 2377 imago
2015 2346 2029 2371 ,

1152 2411 1199 2456 et
1231 2399 1538 2456 similitudo.

615 2515 703 2570 12.
743 2515 914 2582 Quam
966 2523 1173 2569 vetusta
1227 2513 1298 2567 sit
1350 2512 1578 2582 quaestio
1627 2511 1778 2576 haec,
1835 2511 2146 2581 pariterque

545 2624 704 2680 quam
731 2608 970 2663 difficilis
1001 2607 1071 2662 sit
1102 2607 1168 2662 ad
1204 2607 1554 2673 solvendum,
1588 2621 1656 2661 ex
1683 2607 1748 2660 iis
1773 2649 1787 2673 ,
1822 2621 1943 2676 qua:
1987 2605 2148 2660 tradit

550 2701 904 2772 Epiphanius,
954 2701 1111 2756 facile
1165 2701 1525 2770 assequimur.
1579 2699 1800 2755 Scilicet
1844 2698 2040 2753 tamin
2086 2696 2150 2752 li-

551 2794 672 2860 bro,
711 2793 764 2847 in
817 2807 924 2862 quo
973 2793 1232 2847 adversus
1274 2790 1511 2846 barreses
1559 2791 1796 2860 disputat.
1835 2789 1930 2860 (ε),
1988 2803 2148 2858 quam

547 2886 601 2940 in
657 2887 930 2940 Ancorato
984 2899 1048 2940 ea
1096 2884 1164 2940 de
1215 2899 1274 2956 re
1316 2885 1448 2953 agit,
1487 2894 1540 2938 et
1587 2882 1874 2937 doctorum
1929 2891 2149 2935 senten-

552 2979 653 3033 tias
689 2993 750 3033 ea
790 2993 956 3047 super
984 2977 1354 3033 controversia
1391 2977 1702 3030 summatim
1733 2973 1984 3043 exponit,
2021 2972 2151 3028 illud

550 3069 900 3136 concludens,
926 3089 944 3121 ι
967 3083 1072 3124 non
1102 3082 1224 3124 esse
1247 3068 1357 3122 ullo
1379 3067 1542 3123 modo
1559 3067 1940 3133 definiendum,
1963 3076 2052 3120 aut
2070 3063 2153 3119 af-

2239 1884 2301 1925 ea
2333 1869 2763 1933 similitudinem,
2797 1871 2839 1923 si
2871 1867 3050 1940 imago
3078 1878 3387 1925 servaretur
3427 1870 3613 1936 illaesa,
3642 1890 3660 1922 ι
3688 1880 3823 1936 etc.;

2242 1979 2434 2019 verum
2460 1963 2622 2018 etiam
2664 1963 2951 2033 Origenem
2979 2005 2993 2027 ,
3027 1978 3182 2033 quem
3228 1962 3388 2034 plane
3425 1964 3574 2036 sequi
3630 1963 3828 2018 videtur

2241 2057 2474 2126 scriptor
2504 2063 2722 2121 noster;
2749 2059 2947 2126 quippe
2973 2054 3090 2110 haec
3124 2055 3426 2110 litterarum
3473 2058 3829 2111 monumentis

2243 2148 2463 2204 tradidit
2492 2148 2574 2220 (ά)
2605 2165 2617 2203 :
2654 2168 2673 2202 ι
2711 2149 2825 2204 Hoc
2857 2163 3086 2217 namque
3109 2149 3309 2204 indicat
3331 2153 3543 2220 Moyses
3566 2159 3692 2205 ante
3718 2165 3828 2203 om-

2244 2256 2342 2296 nes
2372 2283 2385 2305 ,
2413 2255 2536 2295 cum
2568 2242 2796 2310 primam
2825 2241 3189 2295 conditionem
3235 2241 3470 2296 hominis
3500 2249 3716 2296 enarrat
3759 2240 3830 2295 di-

2244 2345 2405 2387 cens:
2426 2340 2475 2385 et
2513 2330 2649 2384 dixit
2677 2329 2850 2385 Deus:
2881 2329 3159 2385 Faciamus
3185 2330 3440 2384 hominem
3458 2332 3526 2384 ad
3545 2331 3827 2401 imaginem,

2247 2433 2295 2478 et
2327 2425 2717 2479 similitudinem
2765 2433 3009 2479 nostram.
3044 2423 3196 2479 Tunc
3237 2424 3434 2480 deinde
3463 2424 3645 2478 addit:
3675 2422 3742 2478 Et
3770 2427 3834 2494 fe-

2247 2517 2316 2570 cit
2345 2515 2485 2569 Deus
2513 2516 2790 2577 hominem,
2822 2517 2890 2568 ad
2921 2515 3014 2568 Dei
3045 2516 3320 2586 imaginem
3349 2518 3468 2588 fecit
3496 2516 3647 2570 illum
3674 2559 3687 2580 ,
3710 2532 3831 2569 mas-

2247 2604 2425 2658 culum
2445 2614 2492 2658 et
2523 2606 2782 2674 {laminam
2804 2605 2922 2676 fecit
2951 2620 3056 2666 eos.
3084 2615 3130 2659 et
3156 2605 3412 2660 benedixit
3432 2621 3538 2660 eos.
3570 2605 3684 2660 Hoc
3718 2619 3831 2672 ergo

2248 2699 2392 2769 quod
2419 2699 2590 2763 dixit,
2615 2698 2683 2752 ad
2703 2699 2978 2769 imaginem
3012 2697 3104 2752 Dei
3138 2699 3261 2770 fecit
3296 2714 3408 2752 eum
3439 2741 3452 2763 ,
3483 2707 3534 2754 et
3563 2697 3634 2754 de
3661 2699 3832 2752 simili-

2252 2789 2436 2844 tudine
2466 2789 2635 2855 siluit,
2666 2805 2772 2843 non
2799 2788 2948 2842 aliud
3000 2787 3198 2843 indicat
3226 2829 3241 2853 ,
3277 2788 3383 2843 nisi
3410 2789 3558 2859 quod
3598 2789 3834 2858 imaginis

2252 2883 2466 2953 quidem
2499 2882 2818 2952 dignitatem
2846 2881 2900 2935 in
2932 2883 3105 2951 prima
3128 2881 3446 2937 conditione
3473 2883 3740 2953 percepit,
3771 2883 3833 2936 si-

2252 2976 2572 3031 militudinis
2599 2989 2728 3029 vero
2755 2974 3016 3043 perfectio
3043 2974 3094 3028 in
3133 2974 3602 3028 consummatione
3636 2983 3832 3028 servata

2253 3077 2335 3122 est
2361 3085 2373 3120 :
2399 3065 2606 3122 scilicet
2635 3075 2695 3120 ut
2724 3066 2838 3133 ipse
2869 3066 2973 3120 sibi
2998 3081 3115 3120 eam
3148 3066 3382 3134 propria:
3422 3067 3704 3121 industriae
3735 3079 3834 3119 stu-

548 3160 870 3214 iirmandum
901 3202 916 3223 ,
945 3176 1178 3229 quanam
1211 3160 1261 3214 in
1305 3167 1456 3229 parte
1489 3159 1664 3228 imago
1712 3158 1802 3212 illa
1851 3159 2146 3212 consistat:
2177 3176 2221 3239 ρ
2255 3158 2360 3213 diis
2387 3174 2454 3212 ex
2496 3158 2590 3210 Dei
2630 3158 2929 3211 imitatione
2966 3155 3374 3221 conscisceret,
3406 3171 3529 3211 cum
3580 3157 3833 3225 possibili-

549 3250 644 3305 sed
675 3259 852 3304 tamen
887 3251 1158 3305 latendum
1190 3264 1311 3305 esse
1334 3250 1512 3306 inesse
1540 3251 1592 3306 in
1631 3249 1880 3314 homine,
1911 3265 1980 3304 ne
2005 3250 2145 3303 divi-

552 3356 678 3394 num
713 3340 1028 3395 beneﬁcium
1063 3341 1312 3394 tollamus
1340 3357 1370 3393 e
1402 3340 1603 3405 medio,
1633 3355 1696 3395 ac
1717 3341 1811 3394 Dei
1840 3341 2144 3394 auctoritati

544 3432 850 3486 diliidamus
896 3430 1123 3502 (Hier-es.
1151 3432 1218 3484 70
1246 3449 1298 3484 n.
1351 3430 1464 3502 2).»
1505 3431 1639 3485 Hinc
1668 3471 1684 3496 ,
1717 3445 1782 3484 eo
1804 3430 2005 3499 judice,
2036 3430 2147 3486 Au-

547 3525 691 3579 diani
715 3541 857 3589 eam,
891 3525 957 3579 de
983 3540 1084 3594 qua
1115 3525 1322 3595 agimus
1345 3566 1358 3590 ,
1384 3525 1669 3594 imaginem
1697 3525 1748 3578 in
1778 3539 2006 3594 corpore
2035 3528 2146 3580 col-

549 3615 789 3668 iocantes
811 3657 824 3677 .
864 3634 883 3667 ι
907 3632 1027 3669 cum
1056 3616 1108 3669 in
1135 3617 1236 3669 hac
1282 3624 1431 3684 parte
1476 3615 1701 3684 majore,
1734 3629 1894 3684 quam
1927 3631 2022 3684 par
2051 3617 2142 3683 sit,

548 3708 909 3762 contentionis
938 3707 1118 3763 studio
1146 3707 1412 3762 ducantur
1432 3748 1445 3772 ,
1475 3707 1542 3761 ab
1570 3707 1950 3763 Ecclesiastica
1981 3709 2148 3763 tradi-

552 3801 699 3851 tione
727 3813 791 3852 ae
829 3798 1072 3852 doctrina
1120 3797 1397 3853 recedunt.
1424 3799 1555 3867 Quae
1584 3815 1706 3854 cum
1740 3815 1931 3854 omnes
1974 3801 2150 3856 homi-

556 3902 654 3942 nes
676 3929 690 3954 ,
721 3888 814 3942 Dei
846 3888 910 3940 ad
939 3877 1224 3957 imaginem
1267 3900 1480 3943 creatos
1501 3903 1621 3944 esse
1652 3890 1910 3954 fateatur.
1946 3892 2145 3947 nullam

549 3991 728 4035 tamen
779 3989 985 4050 partem
1033 3979 1257 4045 definit,
1293 3981 1342 4034 in
1374 3996 1475 4050 qua
1524 3981 1680 4036 istius
1702 3982 1846 4036 modi
1899 3983 2148 4052 imaginis

547 4072 686 4127 ratio
700 4071 1015 4127 collocanda
1033 4071 1294 4126 videatur.
1315 4090 1334 4124 ι
1354 4071 1548 4141 liejieit
1564 4071 1761 4128 deinde
1777 4087 1891 4139 eos,
1918 4091 1937 4124 ι
1949 4075 2143 4143 quibus

545 4164 741 4232 placet,
791 4177 889 4218 nec
912 4162 962 4216 in
985 4162 1184 4226 anima,
1207 4177 1308 4218 nec
1328 4163 1381 4218 in
1403 4179 1630 4233 corpore
1651 4164 1806 4218 sitam
1833 4165 2142 4234 imaginem,

545 4258 640 4315 sed
672 4259 784 4314 sola
801 4260 998 4313 virtute
1024 4259 1322 4314 contineri:
1341 4278 1360 4312 ι
1391 4273 1732 4330 eosqueque,
1754 4276 1774 4311 ι
1799 4259 1888 4330 qui
1909 4275 2015 4312 non
2032 4260 2143 4313 vir-

544 4361 737 4416 tutem,
770 4351 863 4406 sed
887 4351 1209 4420 baptismum
1239 4393 1254 4416 ,
1281 4361 1336 4406 et
1375 4367 1492 4422 qua:
1541 4353 1591 4405 in
1622 4367 1684 4407 ea
1712 4351 1988 4406 confertur
2016 4366 2143 4423 gra-

542 4447 672 4502 tiam
702 4458 825 4502 esse
851 4442 1060 4498 aiunt.»
1098 4444 1163 4498 Et
1189 4443 1304 4498 haec
1331 4443 1548 4498 demum
1579 4444 1794 4498 statuit:
1829 4461 1848 4496 ι
1872 4442 1948 4498 ita
1977 4457 2142 4513 porro

536 4648 751 4706 quoque
778 4631 1052 4706 Scriptura
1086 4635 1268 4706 narrat
1294 4669 1309 4693 ,
1345 4625 1513 4680 Deum
1556 4625 1738 4706 fecisse
1779 4626 2038 4681 hominem
2065 4628 2134 4681 ad

535 4696 850 4776 imaginem,
904 4696 954 4758 et
999 4699 1401 4776 similitudinem-
1437 4696 1604 4776 suam.
1663 4696 1789 4776 Plus
1819 4705 1998 4751 autem
2050 4709 2134 4754 est

537 4767 714 4845 imago
743 4816 757 4836 ,
798 4787 958 4845 quam
991 4771 1328 4845 simi_l_ituclo._
1363 4769 1457 4822 Est
1482 4767 1625 4822 enim
1670 4767 1847 4845 imago
1878 4783 2132 4845 expressa

533 4849 612 4902 rei
643 4838 936 4904 similitudo
962 4881 976 4904 ,
1009 4853 1063 4896 et
1089 4841 1288 4895 dicitur
1317 4839 1526 4906 imago,
1554 4839 1708 4908 quasi
1732 4853 1854 4891 vera
1891 4838 2128 4908 imitago.

537 4915 842 4973 Similitudo
863 4923 946 4966 est
973 4927 1152 4966 rerum
1191 4911 1369 4978 aliqua
1400 4910 1814 4974 reprmsentatio
1841 4948 1856 4972 ,
1888 4910 2034 4963 velut
2068 4910 2132 4962 il-

536 4989 625 5044 lud
664 5005 678 5042 :
713 4985 960 5040 Videbam
1003 4983 1230 5036 homines
1263 4980 1394 5036 velut
1419 4979 1627 5038 arbores
1657 4979 1996 5034 alitbulantes.
2044 4979 2134 5034 Fi-

533 5060 634 5124 lius
661 5057 839 5124 itaque
872 5055 961 5108 Dei
994 5054 1166 5122 imago
1195 5063 1274 5124 est
1317 5052 1660 5124 Patris,_qnia
1696 5065 1790 5124 per
1820 5051 1999 5124 omnia
2033 5049 2132 5124 Pa-

532 5119 596 5182 tri
630 5119 838 5188 similis,
861 5135 912 5177 et
948 5125 997 5176 in
1033 5119 1178 5175 nuilo
1223 5119 1362 5175 Patri
1397 5119 1697 5174 dis'situilis.
1729 5121 1876 5174 Sicut
1930 5119 2124 5176 Paitlus

531 5201 600 5253 :tit
625 5218 638 5252 ε
672 5202 756 5261 qui
783 5206 852 5248 est
881 5194 1059 5263 Imago
1085 5192 1177 5245 Dei
1207 5192 1494 5245 invisibilis.
1543 5189 1682 5263 Nam
1727 5189 2079 5263 qualis_Pa_ter
2107 5235 2122 5256 ,

530 5271 650 5324 talis
679 5260 862 5320 Filius.
889 5260 1246 5332 Omnipotens
1292 5263 1448 5316 Pater
1478 5302 1494 5324 .
1523 5261 1871 5328 omnipotens
1902 5260 2070 5316 Filius
2103 5303 2117 5327 ,

534 5351 586 5393 et
618 5342 694 5392 sic
722 5338 788 5390 de
836 5335 1057 5404 reliquis
1083 5377 1096 5398 ,
1128 5350 1247 5401 ιιιιςε
1293 5333 1656 5404 przedicautur
1698 5332 1750 5385 in
1797 5333 2118 5404 substantia.

539 5401 967 5478 iisti-rgitFilitts
991 5421 1115 5478 rere
1141 5406 1342 5472 imago,
1371 5402 1423 5478 id
1448 5412 1526 5478 est
1553 5416 1810 5478 expressa
1839 5404 1927 5478 llei
1947 5401 2125 5478 Patris

534 5467 848 5532 similiﬁtdo.
883 5467 925 5530 U
955 5477 1035 5528 uie
1063 5467 1276 5527 dielum'
1303 5467 1417 5526 est;
1455 5467 1731 5525 Faciamus
1774 5471 2030 5526 hominem
2057 5473 2125 5526 (id

531 5551 802 5622 imaginem
823 5555 1071 5622 nostram.
1105 5545 1212 5622 _Sed
1260 5543 1531 5622 hominem
1570 5544 1635 5598 ad
1668 5543 1974 5622 ituagiuem,
2000 5543 2123 5610 quia

532 5609 679 5672 Solii's
708 5613 954 5672 Christus
984 5621 1066 5670 est
1105 5614 1281 5682 imago
1310 5656 1321 5672 .
1351 5614 1445 5668 sed
1497 5609 1660 5667 homo
1688 5609 2070 5680 adimagiuciu
2103 5654 2119 5679 ,

538 5687 587 5739 id
620 5696 701 5740 est
731 5695 786 5736 ιιι
813 5684 997 5740 tendat
1026 5683 1090 5739 ad
1120 5683 1425 5752 imaginem.
1465 5704 1481 5736 ι
1521 5683 1696 5752 ΡοΓΓΟ
1741 5683 2122 5752 ilierouymum

539 5698 587 5739 td
620 5698 701 5740 est
731 5698 786 5736 ul
813 5698 997 5740 tundat.
1026 5698 1090 5739 au
1121 5699 1425 5752 tmagtnetn.
1465 5704 1481 5736 ι
1521 5698 1687 5737 Porro
1741 5698 1933 5737 tlteron
1979 5698 2122 5738 mum

536 5754 817 5806 Aretinum
853 5767 919 5804 ne
943 5753 1178 5818 ignotu‘m
1207 5761 1380 5820 putes.
1415 5753 1488 5806 Ea
1512 5751 1757 5818 c0nsule,
1787 5768 1905 5824 quae
1929 5698 2125 5823 agnel-

2257 3263 2364 3305 tate
2391 3251 2490 3305 sibi
2525 3249 2872 3320 perfuctionis
2899 3250 2954 3303 in
2996 3250 3162 3305 initiis
3206 3249 3331 3304 data
3363 3265 3463 3320 per
3488 3251 3734 3320 imaginis
3759 3250 3830 3302 di-

2252 3345 2508 3413 gnitatem
2541 3385 2554 3407 ,
2588 3343 2640 3397 in
2671 3342 2775 3398 line
2818 3342 3034 3396 demum
3093 3357 3186 3410 per
3216 3356 3443 3410 operum
3493 3343 3830 3411 expletionem

2254 3433 2544 3502 perlectam
2572 3433 2672 3487 sibi
2705 3433 2818 3502 ipse
2843 3431 3245 3487 similitudinem
3271 3444 3696 3488 consummaret.
3741 3433 3830 3486 Sed

2250 3525 2488 3593 apertius
2515 3525 2650 3592 haec,
2675 3534 2730 3579 et
2753 3524 3058 3580 evidentius
3110 3526 3181 3579 ita
3213 3539 3272 3579 se
3321 3525 3525 3581 habere
3550 3569 3564 3592 ,
3609 3527 3829 3582 Joannes

2253 3618 2547 3687 Apostolus
2575 3615 2765 3673 definit
2821 3617 2923 3672 hoc
2975 3615 3138 3670 modo
3181 3619 3548 3686 pronuntians
3581 3635 3593 3672 :
3629 3617 3825 3678 Filioli,

2253 3709 2481 3762 nondum
2503 3713 2712 3769 scimus,
2745 3708 2869 3778 quid
2911 3709 3072 3777 futuri
3107 3709 3269 3762 simus
3307 3724 3325 3760 :
3351 3710 3397 3762 si
3426 3725 3547 3762 uero
3569 3711 3826 3763 revelatum

2253 3799 2398 3853 nobis
2424 3800 2580 3870 fuerit
2605 3799 2667 3878 de
2694 3797 2962 3853 Saluatore
2983 3841 2996 3860 ,
3023 3798 3134 3852 sine
3157 3799 3313 3852 dubio
3334 3799 3552 3854 dicetis:
3581 3801 3767 3853 similes
3792 3801 3829 3852 ei

2251 3891 2454 3944 erimus.
2484 3888 2588 3943 Per
2605 3889 2746 3958 quod
2767 3889 3069 3944 certissime
3093 3888 3290 3944 indicat
3311 3898 3366 3944 et
3389 3891 3550 3944 tinem
3573 3892 3797 3945 omnium
3812 3929 3824 3951 ,

2253 3997 2412 4050 quem
2439 3980 2616 4036 adhuc
2643 3981 2744 4035 sibi
2766 3980 2897 4036 dicit
2937 3981 3197 4050 ignotum,
3228 3989 3282 4035 et
3306 3981 3718 4036 similitudinem
3751 3980 3826 4033 Dei

2247 4074 2738 4143 sperandam,qu
2783 4072 3203 4142 promeritorutn
3248 4074 3583 4142 perfectione
3623 4080 3826 4144 praesta-

2245 4165 2410 4220 bitur.
2443 4165 2561 4236 Ipse
2586 4178 2798 4235 quoque
2824 4163 3085 4218 Dominus
3107 4164 3159 4218 in
3191 4163 3486 4233 Evangelio
3519 4165 3635 4218 haec
3657 4164 3826 4219 eadem

2247 4273 2356 4312 non
2382 4257 2555 4313 solum
2588 4257 2788 4323 futura,
2815 4271 2998 4312 verum
3029 4258 3190 4312 etiam
3220 4260 3302 4311 sui
3336 4257 3725 4314 intercessione
3749 4255 3821 4310 fu-

2249 4361 2386 4416 tura,
2417 4352 2661 4422 designat
2685 4393 2700 4418 ,
2724 4351 2852 4406 dum
2889 4352 3006 4422 ipse
3036 4351 3136 4406 hoc
3165 4365 3194 4406 a
3225 4351 3386 4407 Patre
3411 4351 3689 4423 discipulis
3730 4350 3826 4404 suis

2245 4444 2534 4514 impetrare
2559 4443 2810 4514 dignatur
2848 4443 3068 4500 dicens:
3105 4443 3298 4510 Pater,
3331 4444 3445 4498 volo
3476 4486 3492 4510 ,
3545 4445 3708 4498 utubi
3746 4453 3846 4512 ego

2160 4634 2214 4695 Ι)
2239 4627 2345 4696 lus,
2371 4637 2521 4681 tomo
2548 4641 2563 4680 ι
2597 4625 2771 4679 Italiae
2797 4624 2983 4696 Same
3003 4641 3126 4696 pag.
3166 4626 3294 4691 467,
3321 4635 3375 4681 et
3403 4641 3468 4682 ex
3521 4642 3589 4684 eo
3613 4627 3746 4684 Cave
3767 4627 3823 4682 ad

2236 4714 2436 4755 annum
2467 4696 2606 4752 1144
2636 4713 2754 4764 pag.
2775 4695 2884 4750 22:2.
2915 4695 3041 4750 tomi
3066 4695 3103 4751 ιι
3131 4697 3368 4752 tradunt.

2311 4769 2385 4842 (a)
2419 4767 2550 4842 gap.
2599 4765 2687 4842 55.
2707 4765 2888 4842 Porro
2921 4767 3062 4821 hunc
3116 4767 3310 4842 librum
3361 4770 3413 4824 in
3445 4768 3686 4826 editione
3719 4767 3819 4842 Pa-

2238 4837 2380 4894 tru'm
2416 4839 2474 4894 S.
2505 4837 2673 4894 Mauri
2707 4837 2947 4893 invenies
2980 4853 3100 4909 pag.
3145 4837 3216 4894 55
3275 4846 3329 4893 et
3373 4854 3488 4910 seq.
3525 4840 3818 4911 appendicis

2240 4912 2370 4964 tomi
2403 4926 2477 4964 iv.

2309 4980 2386 5052 (ὁ)
2419 4981 2472 5034 In
2495 4994 2561 5034 eo
2600 4978 2864 5052 opusculo
2886 5019 2902 5043 ,
2933 4978 3074 5052 quod
3123 4980 3191 5035 ad
3221 4979 3363 5035 hunc
3395 4981 3616 5052 modum
3650 4979 3817 5036 inseri-

2309 4995 2386 5052 to)
2419 4995 2472 5034 ιιι
2495 4995 2561 5034 eo
2600 4995 2864 5102 (giuseuto
2886 5019 2902 5043 ,
2933 4995 3074 5044 quoa
3123 4995 3191 5035 aa
3221 4995 3363 5035 nunc
3395 4995 3616 5036 mouum
3651 4996 3813 5036 Inscri-

2238 5049 2412 5105 bitur:
2444 5053 2583 5106 dicta
2665 5089 2677 5104 .
2729 5050 2902 5104 Albini
2933 5049 3120 5106 Levila:
3163 5067 3316 5116 super
3353 5051 3486 5106 illud
3543 5051 3813 5108 Geacseos:

2237 5121 2498 5176 faciamus
2530 5123 2826 5185 hominem,
2853 5131 2982 5188 etc.,
3015 5137 3136 5192 pag.
3163 5120 3230 5176 54
3259 5124 3496 5190 Upcrum
3522 5121 3810 5178 Alciiuvini.

2233 5194 2410 5257 Atque
2439 5193 2519 5262 (ut
2547 5194 2726 5245 obiter
2755 5203 2956 5256 notem,
2988 5194 3110 5246 licet
3139 5192 3189 5245 id
3215 5203 3344 5247 ante
3372 5208 3460 5247 me
3499 5195 3813 5262 adverterint

2233 5261 2337 5317 PP.
2367 5266 2424 5317 ὃ.
2449 5260 2626 5317 ’Μιιιιιὶ
2661 5277 2779 5331 pag.
2811 5263 2909 5316 6H
2957 5262 3285 5331 Appendicis
3316 5273 3447 5316 tom.
3479 5280 3518 5317 ιι
3545 5260 3812 5332 Ambrosii)

2233 5335 2422 5387 eadem
2453 5333 2607 5402 plane
2632 5340 2845 5385 exstant
2867 5347 2988 5401 cap.
3015 5334 3173 5387 tertio
3224 5333 3344 5387 libri
3397 5335 3488 5402 qui
3523 5334 3817 5388 inscribitur

2231 5403 2562 5478 dedignitate
2597 5402 2906 5478 conditionis
2957 5403 3228 5467 humanm,
3275 5405 3366 5473 qui
3396 5404 3538 5466 liber
3582 5407 3708 5462 olim
3735 5405 3814 5458 tri-

2233 5471 2498 5528 buebatur
2530 5471 2838 5532 Ambrosio.
3296 5471 3306 5473 ’
3621 5533 3626 5540 _

2305 5545 2375 5628 (ε)
2408 5545 2613 5628 ilmresi
2643 5545 2786 5628 LVEJ
2821 5553 2942 5615 quis
2971 5551 3056 5600 est
3083 5541 3455 5606 Audianorum
3482 5587 3496 5612 ,
3528 5563 3582 5604 ιι.
3615 5543 3652 5602 2
3676 5556 3728 5603 et
3750 5545 3809 5609 5,

2234 5624 2286 5670 et
2313 5613 2363 5668 in
2396 5613 2596 5667 Aneor.
2632 5631 2685 5665 ιι.
2717 5613 2804 5667 55.

2302 5683 2384 5756 (d)
2410 5683 2527 5756 ω).
2584 5699 2641 5738 ιιι
2671 5683 2791 5756 Peri
2821 5685 3012 5744 archon
3038 5725 3055 5754 ,
3096 5700 3190 5756 seu
3241 5685 3304 5742 de
3345 5683 3652 5756 Principiis,
3679 5704 3732 5744 ιι.
3763 5687 3809 5752 i,

2302 5703 2384 5756 ta)
2410 5703 2527 5742 ut).
2584 5703 2641 5738 ιιι
2671 5703 2791 5746 reri
2821 5703 3012 5744 arcnon
3038 5725 3055 5754 ,
3096 5703 3190 5748 seu
3241 5703 3304 5742 ae
3345 5703 3474 5746 rrm
3567 5703 3629 5744 ns

2241 5767 2360 5827 pag.
2390 5753 2491 5812 152
2521 5756 2647 5810 tomi
2675 5769 2690 5810 l
2721 5754 2971 5812 editionis
3011 5757 3070 5813 Ρ.
3104 5753 3284 5814 Caroli
3310 5756 3380 5814 de
3410 5757 3458 5813 la
3479 5703 3634 5815 ciae.
