3978 6196
124 260 234 319 853

867 264 932 320 IN
973 263 1228 320 lliLARII
1269 263 1483 318 EPIST.
1530 262 1657 319 SEU
1704 261 1927 320 LIBEL.
1973 260 2428 319 DISSERTATIO
2465 262 2806 323 SECUNDA.

3370 270 3474 324 855

114 397 248 445 sum,
274 388 326 435 et
351 380 447 434 isti
475 383 595 437 sint
635 397 840 437 mecum
867 420 882 441 ,
907 391 956 435 et
1000 381 1130 435 sicut
1153 395 1246 451 ego
1271 421 1287 447 ,
1321 388 1369 435 et
1411 388 1466 432 tu
1495 393 1654 433 unum
1683 393 1772 433 sn-
1799 388 1854 449 Α
1955 395 1974 429 ι
2013 376 2084 433 Ut
2120 391 2335 450 semper
2366 378 2664 449 respiciens
2705 392 2920 435 sursum
2946 422 2962 447 ,
3001 390 3304 440 creatorem
3328 391 3473 438 tuum

119 488 255 540 mur,
283 470 365 524 ita
394 480 451 526 et
481 473 583 526 isti
618 474 684 527 in
710 473 854 527 nobis
881 487 1040 526 unum
1065 471 1187 526 sint.
1215 469 1273 526 In
1297 484 1404 540 quo
1425 469 1538 539 jam
1561 468 1775 524 videtur

118 563 237 632 ipsa
268 560 619 619 similitudo
652 563 722 633 (si
751 561 862 618 diei
888 560 1098 634 potest)
1126 560 1415 631 proﬁcere;
1445 566 1502 616 et
1520 574 1588 616 ex
1613 559 1774 615 simili

117 671 287 712 unum
308 655 437 728 jam
472 655 640 725 ﬁeri,
677 672 772 728 pro
799 672 865 712 eo
891 657 1008 712 sine
1051 655 1218 711 dubio
1243 653 1388 726 quod
1422 653 1477 709 in
1515 667 1773 710 consum-

120 753 390 818 matione,
422 752 521 807 vel
577 753 699 808 line
721 752 899 806 omnia
924 791 940 816 ,
975 759 1029 806 et
1064 750 1118 805 in
1163 748 1412 804 omnibus
1439 748 1582 804 Deus
1611 756 1714 803 est.
1745 763 1766 800 ι

191 843 282 898 l4.
303 841 536 898 Volunt
559 844 752 915 itaque
781 842 836 898 hi
859 842 968 898 duo
987 841 1318 912 Scriptores,
1339 839 1769 906 similitudinem,

125 937 191 992 de
212 951 319 1005 qua
347 936 810 1003 loquimur,esse
825 934 1208 990 beatitudinem
1232 949 1329 1003 per
1350 934 1603 988 virtutum
1619 947 1773 987 exse-

123 1029 404 1082 cutionem
423 1027 485 1082 in
509 1027 687 1084 caelis
703 1026 1048 1083 obtinendam
1060 1068 1074 1092 ,
1089 1041 1189 1098 qua
1204 1026 1443 1096 quidem,
1464 1031 1507 1081 si
1515 1026 1605 1096 jus
1618 1039 1772 1095 spec-

127 1130 230 1186 tes,
248 1135 312 1175 se
340 1121 603 1190 privavit
618 1121 891 1190 peccando
903 1121 1096 1186 Adam;
1120 1135 1442 1190 quamquam
1457 1119 1634 1175 divina
1655 1121 1769 1189 pie-

127 1221 234 1267 tate
257 1213 578 1280 excitatus,
612 1212 747 1268 illttd
784 1213 961 1282 ipsum
983 1212 1073 1282 jus
1119 1213 1380 1281 deinceps
1407 1213 1766 1282 recuperavit.

201 1305 290 1359 45.
323 1302 442 1359 Alii
467 1318 653 1374 porro
680 1304 846 1374 (quod
861 1303 973 1373 jam
1014 1304 1121 1358 dixi
1153 1302 1473 1375 (Quwstione
1500 1319 1539 1369 ι,
1568 1321 1620 1357 η.
1649 1303 1767 1376 11))

131 1399 270 1454 hanc
294 1396 484 1468 ipsam
517 1398 944 1454 similitudinem
965 1439 981 1464 ,
1012 1412 1120 1452 non
1177 1397 1230 1450 in
1263 1396 1607 1453 beatitudinis
1647 1406 1768 1467 post

132 1501 365 1548 mortem
420 1493 789 1547 assecutione
815 1532 831 1557 ,
861 1505 1050 1546 verum
1094 1489 1147 1544 in
1175 1489 1463 1544 virtutibus
1491 1531 1507 1557 ,
1539 1505 1673 1559 quas
1709 1489 1766 1546 in

135 1584 232 1637 hac
253 1583 375 1653 ipsa
405 1583 776 1652 possidemus
802 1624 817 1651 ,
841 1582 1138 1640 collocant:
1171 1581 1313 1652 quod
1345 1581 1566 1651 rigidior
1591 1581 1764 1637 SCIIO-

137 1677 362 1732 lasticus
393 1690 641 1732 suorum
661 1675 1044 1732 vocabulorum
1083 1675 1332 1730 libertate
1371 1689 1500 1730 usus
1530 1674 1614 1728 liis
1643 1689 1766 1728 ver-

1881 471 1934 525 in
1955 479 2136 526 mente
2164 469 2416 538 haberes,
2451 481 2506 528 et
2532 470 2801 542 originem
2831 482 2976 528 tuam
3036 475 3377 532 incessanter
3406 475 3474 530 ad

1874 563 2114 618 animum
2145 579 2454 620 revocares.
2494 564 2645 621 Fecit
2674 567 2820 622 enim
2843 573 2916 633 te,
2950 577 3007 622 ut
3031 567 3238 624 dictum
3267 576 3373 634 est,
3405 568 3474 625 ad

1875 655 2165 726 imaginem
2195 671 2344 711 suam
2373 698 2390 724 ,
2420 665 2476 714 et
2516 657 2929 714 similitudinem
2960 659 3140 716 Deus:
3171 659 3240 716 ad
3286 661 3472 731 imagi-

1874 764 2021 814 nem,
2048 758 2105 804 ut
2124 748 2355 805 haberes
2386 751 2706 806 memoriam
2730 793 2746 818 ,
2778 751 3117 809 intellectum
3139 793 3155 819 ,
3182 752 3471 809 discretio-

1875 857 2019 908 nem,
2052 853 2104 898 et
2132 850 2326 897 caetera
2368 844 2662 907 naturalia;
2695 843 2762 897 ad
2807 843 3216 899 similitudinem
3243 884 3260 911 ,
3292 852 3349 899 ut
3378 844 3474 897 lia-

1875 932 2031 987 beres
2077 934 2440 989 innocentiam
2474 977 2489 1001 ,
2518 934 2782 1005 justitiam
2815 975 2830 1001 ,
2858 943 2915 990 et
2951 937 3053 989 alia
3107 937 3371 1006 gratuita;
3402 936 3470 991 ad

1874 1026 2160 1095 imaginem
2210 1028 2261 1080 in
2292 1028 2603 1097 cognitione
2631 1027 2876 1082 veritatis
2904 1067 2920 1092 ,
2949 1027 3016 1082 ad
3064 1028 3473 1084 similitudinem

1872 1119 1926 1175 in
1951 1135 2138 1175 amore
2170 1120 2404 1175 virtutis.
2455 1119 2552 1176 Vel
2583 1131 2733 1176 certe
2773 1120 2948 1175 factus
2994 1135 3054 1176 es
3093 1120 3160 1176 ad
3189 1121 3473 1192 imaginem

1873 1213 1969 1269 Dei
1991 1213 2204 1269 collatis
2229 1215 2322 1270 tibi
2363 1212 2617 1270 omnibus
2645 1214 2798 1282 istis;
2830 1215 2898 1270 ad
2925 1214 3334 1272 similitudinem
3382 1232 3472 1271 se-

1869 1305 2103 1360 cundum
2144 1305 2436 1362 essentiam
2465 1305 2682 1362 deitatis
2722 1306 2897 1362 factus
2933 1320 2994 1363 es
3021 1307 3345 1365 immortalis
3374 1350 3387 1375 ,
3419 1318 3474 1365 et

1868 1399 2234 1456 indivisibilis.
2285 1418 2305 1453 ι

1943 1512 2030 1565 17.
2062 1511 2140 1567 Ex
2170 1512 2365 1582 quibus
2398 1511 2685 1581 postremis
2715 1511 2895 1568 verbis
2927 1513 3106 1580 palam
3139 1515 3470 1585 assequeris,

1871 1603 2172 1672 approbare
2217 1602 2370 1658 illum
2419 1601 2639 1674 quidem
2698 1602 3024 1658 sententiam
3088 1617 3277 1658 eorum
3311 1645 3328 1670 ,
3381 1604 3473 1674 qui

1869 1696 2156 1767 imaginem
2182 1697 2275 1751 Dei
2299 1695 2510 1751 homini
2551 1697 2877 1766 impressam
2923 1695 2978 1750 in
3007 1695 3344 1751 naturalibus
3372 1697 3472 1752 do-

137 1769 216 1824 δίε
237 1769 402 1824 facile
429 1769 814 1839 θιιπίωθτειε
839 1765 1411 1859 ‘Simi'il'fdineliioei
1439 1765 1599 1859 "om?
1623 1763 1764 1818 indi'
1795 1799 1843 1859 Β
1870 1790 1954 1844 nis
1984 1763 2266 1846 collocant
2294 1831 2308 1855 ,
2355 1763 2762 1845 similitudinem
2798 1803 2928 1844 vero
2976 1789 3029 1844 in
3073 1790 3473 1859 supernaturali

143 1871 247 1919 tam
274 1875 388 1917 non
430 1863 754 1917 consistere
785 1858 839 1915 in
864 1857 1196 1914 beatitudine
1219 1855 1482 1920 ultimata,
1507 1864 1562 1910 et
1588 1856 1640 1910 in
1670 1869 1761 1925 pa-

141 1955 267 2008 tria:
299 1953 400 2009 sed
425 1953 730 2020 inchoata,
759 1962 813 2008 et
844 1952 897 2006 in
929 1951 1046 2016 via;
1078 1965 1176 2005 seu
1197 1991 1212 2016 ,
1245 1949 1289 2004 si
1330 1949 1440 2016 vis,
1467 1948 1521 2003 in
1554 1950 1763 2005 semine

145 2036 382 2102 caelestis
430 2045 830 2100 beatitudinis:
867 2043 970 2113 (sic
1014 2042 1156 2097 enim
1180 2042 1407 2096 virtutes
1437 2040 1758 2110 appellant),

147 2151 251 2192 non
281 2137 338 2192 in
362 2135 490 2207 ipsa
519 2135 884 2202 beatitudine,
917 2134 1084 2189 veluti
1115 2134 1167 2188 in
1207 2132 1406 2188 fructu.
1444 2131 1552 2188 Sed
1579 2132 1634 2186 hi
1658 2132 1762 2202 ipsi

152 2245 252 2283 non
275 2230 512 2284 omnino
541 2228 918 2284 conveniunt:
952 2225 1117 2296 aliqui
1166 2224 1310 2280 enim
1351 2222 1517 2294 (quod
1545 2233 1670 2278 ante
1695 2238 1763 2278 ex

149 2320 456 2390 Epiphanio
496 2317 839 2388 notavimus)
868 2319 920 2372 in
941 2319 1129 2371 virtute
1163 2317 1241 2386 (id
1269 2323 1354 2371 est
1382 2315 1436 2370 in
1465 2314 1680 2380 morali,
1708 2323 1764 2370 et

151 2412 378 2467 naturali
411 2413 634 2467 virtute
660 2410 737 2483 (α)
759 2412 800 2482 ),
829 2409 920 2464 alii
950 2409 1004 2464 in
1034 2409 1322 2478 baptismo,
1349 2415 1405 2464 et
1429 2408 1482 2462 in
1507 2407 1678 2477 gratia
1709 2407 1764 2461 in

152 2521 212 2560 eo
237 2505 434 2562 collata
455 2547 471 2571 ,
505 2497 750 2576 ideoque
790 2505 845 2558 in
886 2501 1286 2572 supernaturali
1315 2501 1516 2556 virtute
1537 2540 1554 2567 ,
1595 2501 1767 2555 collo--

155 2609 273 2654 cant
324 2599 428 2671 (ὁ).
457 2599 615 2666 Quin
669 2597 832 2654 etiam
876 2593 1122 2651 nonnulli
1172 2595 1575 2650 similitudinem
1627 2593 1766 2649 hanc

158 2693 572 2761 angustioribus
603 2690 862 2745 limitibus
883 2697 1162 2743 coarctare
1185 2687 1462 2752 videntur,
1485 2685 1612 2740 dum
1642 2701 1762 2742 eam

159 2783 490 2854 restringunt
514 2783 593 2837 ad
615 2784 868 2836 virtutum
891 2794 1083 2851 genus,
1113 2779 1256 2848 quod
1275 2778 1566 2850 negatiuum
1593 2777 1764 2834 Scho-

161 2874 328 2928 iastici
355 2875 685 2944 appellant,
715 2873 769 2927 id
798 2881 883 2928 est
912 2871 978 2925 ad
993 2870 1157 2932 illud.
1191 2869 1336 2940 quod
1372 2872 1638 2925 malorum
1687 2870 1767 2924 lu-

119 2965 122 2968 ’
159 2978 272 3034 gam
301 2965 405 3020 sibi
437 2966 642 3020 statuit
665 2978 762 3034 pro
793 2964 1007 3033 objecto
1033 2979 1047 3028 ;
1076 2961 1206 3016 illud
1233 2977 1361 3016 vero
1391 2961 1649 3015 virtutum
1675 2976 1768 3031 ge-

166 3072 290 3123 nus,
316 3059 463 3129 quod
495 3060 646 3114 bona
683 3058 1028 3128 prosequitur
1051 3098 1065 3122 ,
1110 3056 1321 3126 imagini
1363 3056 1653 3110 vindicant.
1683 3054 1767 3110 Ad

168 3150 301 3207 hunc
326 3163 482 3209 certe
511 3152 738 3208 modum
770 3152 1193 3219 interpretantur
1225 3148 1466 3203 nonnulli
1491 3149 1651 3202 verba
1675 3149 1763 3202 illa

169 3241 430 3298 Ambrosii
465 3241 580 3316 (De
598 3244 730 3297 bono
759 3242 936 3296 mortis
964 3258 1081 3310 cap.
1112 3238 1166 3306 5,
1200 3257 1254 3295 n.
1294 3241 1412 3312 l7):
1436 3257 1455 3292 ι
1476 3239 1768 3308 Fugiamus

167 3346 288 3403 ergo
320 3334 436 3391 inec
468 3335 621 3390 mala
648 3375 661 3400 ,
691 3344 746 3390 et
777 3333 1220 3389 transformemus
1247 3333 1480 3386 animam
1526 3341 1769 3386 nostram

170 3423 232 3478 ad
256 3425 398 3482 illam
430 3428 727 3498 imaginem
757 3426 889 3491 Dei,
921 3433 978 3480 et
1002 3423 1432 3479 similitudmem.
1464 3421 1610 3493 Fuga
1644 3438 1763 3477 ma-

173 3517 335 3573 lorum
365 3520 676 3576 similitudo
711 3521 803 3575 Dei
820 3531 902 3575 est
921 3561 934 3586 ,
961 3526 1016 3574 ct
1044 3519 1328 3574 virtutibus
1349 3517 1527 3589 imago
1553 3518 1647 3572 Dei
1674 3532 1768 3572 ac-

175 3610 416 3680 quiritur.
453 3615 587 3669 ideo
617 3615 706 3685 qui
732 3629 827 3670 nos
866 3615 1059 3683 pinxit,
1086 3611 1240 3683 quasi
1260 3619 1446 3668 auctor
1471 3610 1642 3682 pinxit
1662 3612 1772 3665 vir-

179 3710 337 3760 tutum
358 3708 661 3764 coloribus.
711 3726 732 3761 ι

250 3796 333 3851 16.
358 3799 417 3854 ln
446 3800 741 3856 virtutibus
761 3813 979 3870 quoque
1007 3800 1506 3865 supernaturalibus
1521 3799 1770 3856 eamdem

182 3890 588 3949 similitudinem
618 3894 806 3948 statuit
850 3892 1305 3965 Clirysostomus,
1333 3892 1486 3962 cujus
1511 3893 1685 3948 locum
1716 3893 1769 3949 in

185 3983 381 4050 pagina:
421 3987 579 4042 calce
623 3995 750 4040 noto
808 3984 904 4058 (c).
929 3986 1258 4041 Severianus
1305 4001 1518 4057 quoque
1551 3985 1629 4058 (ά)
1658 4027 1674 4054 ,
1715 3995 1773 4044 et

185 4085 361 4130 auctor
388 4078 564 4134 libelli
593 4120 606 4146 ,
631 4079 720 4148 qui
760 4079 1030 4133 instructio
1079 4077 1376 4133 Sacerdotis
1409 4079 1720 4136 inscribitur
1749 4122 1764 4147 ,

186 4163 292 4221 sive
321 4168 633 4226 Bernartius
663 4172 709 4226 is
752 4170 862 4237 sit,
893 4171 1008 4227 sive
1035 4171 1170 4226 alius
1201 4172 1608 4240 probatissimos
1640 4188 1771 4228 sane

188 4273 391 4320 auctor:
415 4270 616 4324 etenim
644 4266 762 4323 haec
787 4267 979 4321 litteris
994 4267 1393 4322 commendavit
1415 4266 1521 4337 (c):
1559 4285 1579 4319 ι
1608 4267 1773 4322 Crea-

193 4353 262 4408 vit
278 4364 359 4424 te,
380 4374 501 4414 cum
529 4375 640 4415 non
665 4373 845 4423 esses;
879 4360 1161 4426 recreavit,
1193 4375 1312 4414 cum
1335 4360 1580 4430 perditus
1599 4373 1768 4415 esses:

190 4450 400 4515 creavit,
433 4463 490 4506 ut
516 4465 668 4507 esses
696 4452 970 4522 particeps
1001 4451 1346 4506 beatitudinis
1377 4467 1522 4517 suae;
1558 4467 1772 4507 recrea-

1871 1882 2100 1947 virtute;
2151 1896 2256 1937 non
2290 1895 2480 1937 eorum
2533 1890 2713 1936 tamen
2744 1881 3055 1950 improbare
3094 1881 3421 1936 sententiam
3452 1918 3470 1945 ,

1864 1974 1954 2044 qui
1985 1975 2037 2028 in
2069 1973 2172 2027 alia
2207 1988 2268 2028 re
2294 1981 2556 2027 statuunt.
2592 1975 2661 2027 At
2686 1973 2926 2042 priorem
2969 1971 3118 2026 illam
3149 1973 3470 2026 sententiam

1865 2067 2206 2134 apertissime
2248 2064 2556 2120 Bernardus
2608 2063 2811 2134 excipit
2837 2063 2907 2133 (si
2959 2071 3139 2117 tamen
3191 2061 3470 2118 Bernardo

1867 2155 2264 2211 Meditationum
2284 2155 2481 2210 librum
2499 2155 2735 2225 tribuis),
2752 2155 2879 2209 dum
2899 2153 3017 2210 haec
3043 2155 3117 2208 ait
3137 2151 3211 2225 (Ι)
3233 2170 3248 2209 :
3277 2153 3474 2209 «Utere

1866 2249 2027 2318 igitur
2058 2259 2108 2302 te
2135 2249 2254 2318 ipso
2301 2249 2449 2303 velut
2497 2248 2590 2302 Dei
2623 2249 2824 2317 templo
2854 2256 3080 2317 propter
3107 2247 3240 2303 illud
3269 2289 3282 2313 ,
3326 2246 3470 2316 quod

1869 2345 1921 2398 in
1951 2352 2002 2398 te
2024 2351 2108 2399 est
2144 2343 2322 2398 simile
2357 2343 2486 2396 Deo.
2531 2341 2718 2396 Honor
2759 2340 3025 2410 siquidem
3072 2341 3186 2396 Deo
3222 2354 3470 2396 summus

1867 2443 1970 2498 est,
1986 2434 2135 2489 illum
2151 2434 2421 2499 venerari,
2440 2440 2496 2488 et
2512 2432 2732 2487 imitari.
2752 2431 3006 2498 imitaris,
3025 2431 3070 2486 si
3094 2432 3214 2500 pius
3228 2445 3342 2497 es,r
3359 2441 3466 2487 etc.

1941 2545 2028 2602 18,
2063 2545 2341 2616 Allegatos
2371 2544 2579 2600 videbis
2608 2545 2660 2598 in
2695 2544 2834 2598 hanc
2863 2542 3192 2598 sententiam
3229 2544 3464 2597 nonnul-

1867 2642 1948 2697 los
1978 2642 2272 2712 Scripturae
2327 2642 2496 2707 locos,
2529 2638 2696 2694 veluti
2727 2637 2878 2693 illum
2926 2634 3150 2691 Levitiei
3182 2631 3332 2708 (Cap.
3369 2652 3424 2690 xi
3451 2677 3466 2702 ,

1867 2731 1996 2806 44):
2029 2732 2208 2788 Sancti
2234 2741 2393 2786 estote
2419 2773 2434 2798 ,
2467 2731 2711 2800 quoniam
2739 2745 2830 2800 ego
2859 2727 3084 2783 Sanctus
3109 2741 3225 2780 sum
3255 2767 3271 2795 ,
3303 2727 3469 2781 alios-

1870 2843 1976 2898 que
2007 2831 2191 2883 etiam.
2218 2826 2324 2882 Sed
2358 2833 2615 2896 praestare
2641 2815 2774 2878 mihi
2803 2823 3016 2878 videtur
3035 2822 3185 2876 locus
3216 2821 3308 2875 ille
3329 2820 3467 2874 Mat-

1869 2919 1993 2974 thtei
2027 2921 2166 2990 (cap.
2219 2935 2274 2986 v,
2303 2919 2392 2981 44,
2424 2915 2549 2987 45):
2593 2913 2812 2986 Diligite
2852 2913 3085 2967 inimicas
3122 2921 3356 2976 uestros;
3385 2911 3472 2963 be-

1871 3009 2088 3079 nefacite
2109 3011 2208 3074 liis,
2236 3010 2326 3080 qui
2349 3007 2564 3061 oderunt
2591 3023 2675 3061 vos
2693 3023 2711 3060 :
2740 3014 2787 3060 et
2821 3015 2963 3058 orate
3001 3021 3094 3074 pro
3121 3002 3470 3074 persequenti-

1873 3102 1984 3166 bus,
2009 3113 2056 3155 et
2081 3098 2512 3155 calumniantibus
2552 3113 2676 3163 vos;
2698 3107 2755 3150 ut
2796 3097 2907 3150 sitis
2939 3096 3036 3165 lilii
3067 3094 3243 3148 Patris
3275 3095 3464 3158 vestri,

1792 3183 1836 3246 C
1869 3196 1956 3265 qui
1978 3195 2030 3247 in
2057 3195 2194 3248 caelis
2220 3204 2291 3248 est
2303 3210 2323 3259 ;
2343 3194 2392 3246 id
2411 3201 2512 3258 est,
2538 3201 2593 3244 ut
2624 3200 2770 3245 recte
2800 3189 3188 3258 interpretatur
3213 3187 3465 3243 Petavius

1873 3286 1976 3357 (De
2002 3285 2193 3356 Opiﬁc.
2233 3284 2322 3339 lib.
2352 3301 2412 3345 ιι,
2445 3283 2498 3353 2,
2529 3281 2651 3355 10),
2684 3301 2704 3335 t
2726 3282 2912 3339 utsitis
2932 3281 3140 3338 similes
3157 3280 3332 3337 Patris
3349 3293 3469 3335 vcs-

1873 3381 1964 3448 tri,
1987 3381 2077 3450 qui
2101 3380 2153 3434 in
2178 3378 2329 3434 caelis
2346 3385 2482 3434 est.)

1947 3494 2011 3548 Et
2041 3495 2091 3548 in
2120 3493 2256 3548 banc
2281 3492 2496 3563 quidem
2545 3491 2853 3562 opinionem
2884 3491 2918 3545 ii
2945 3505 3135 3546 omnes
3179 3490 3294 3546 fere
3331 3505 3465 3546 con-

1873 3587 2151 3653 sentiunt,
2181 3586 2273 3656 qui
2319 3584 2726 3641 similitudinem
2779 3585 2848 3640 ab
2886 3582 3120 3656 imagine
3167 3584 3259 3640 Dei
3311 3572 3468 3640 nobis

1873 3678 2134 3748 impressa
2157 3687 2430 3748 separant.

1946 3791 2035 3847 l9.
2074 3791 2144 3846 Ut
2179 3791 2247 3846 ad
2296 3791 2585 3862 imaginem
2621 3790 2718 3845 Dei
2752 3789 2907 3845 nobis
2933 3789 3159 3846 inditam
3207 3790 3422 3846 veniam
3454 3831 3472 3857 ,

1874 3897 1971 3938 sex
2001 3896 2066 3936 ea
2094 3881 2162 3936 de
2191 3897 2254 3936 re
2284 3882 2601 3951 opinionum
2652 3895 2855 3951 genera
2885 3921 2901 3946 ,
2933 3891 2987 3936 et
3021 3881 3190 3936 veluti
3217 3895 3474 3953 suprema

1873 3975 2047 4042 capita
2072 3971 2247 4028 video.
2291 3972 2546 4028 Nonnulli
2595 3973 2803 4028 scilicet
2849 3972 2905 4027 in
2970 3987 3238 4043 corporeo
3286 3974 3469 4043 aliquo

1874 4077 1994 4118 eam
2052 4063 2340 4134 imaginem
2389 4061 2622 4132 positam
2675 4063 2912 4117 voluere.
2957 4063 3064 4116 Alii
3113 4063 3166 4117 in
3210 4063 3475 4120 attributo

1874 4155 2053 4225 aliquo
2075 4153 2340 4224 spirituali
2371 4192 2387 4219 ,
2415 4168 2523 4223 quo
2571 4152 2737 4207 homo
2758 4167 2879 4206 cum
2909 4151 3020 4207 Deo
3045 4154 3353 4219 conveniat,
3381 4168 3473 4210 en-

1875 4263 1980 4318 que
2005 4247 2072 4302 de
2122 4260 2284 4301 causa
2333 4243 2402 4298 ad
2429 4243 2720 4312 imaginem
2771 4241 2916 4298 illius
2943 4243 3033 4298 sit.
3081 4241 3139 4298 ld
3183 4242 3471 4314 designare

1875 4339 2002 4394 dum
2035 4339 2301 4402 student,
2350 4337 2732 4406 explicareque
2760 4378 2776 4405 ,
2832 4337 2887 4392 in
2941 4340 3118 4393 varias
3171 4338 3474 4394 sententias

1876 4433 2110 4498 abeunt,
2166 4444 2197 4485 e
2241 4429 2439 4500 quibus
2466 4429 2775 4500 potissimus
2830 4429 3090 4501 deinceps
3142 4431 3468 4501 expendam.

191 4539 279 4606 νὴ,
309 4559 376 4599 ne
413 4556 535 4616 post
563 4547 773 4617 lapsum
827 4561 1178 4617 permanercs
1222 4561 1410 4601 exsors
1442 4548 1626 4616 patria.
1657 4589 1672 4611 ,
1719 4556 1774 4602 ει
1800 4570 1854 4629 D
1879 4525 1982 4626 Alii
2015 4524 2068 4579 in
2097 4523 2450 4629 similitudine
2469 4525 2800 4627 expressiori
2849 4526 3117 4582 collocant
3135 4565 3156 4628 ,υ
3181 4541 3342 4595 quam
3372 4526 3475 4580 lio-

193 4643 366 4690 exsors
395 4637 662 4694 felicitatis
697 4645 943 4692 internis:
967 4640 1172 4693 creavit
1200 4649 1251 4693 te
1281 4638 1349 4693 ad
1379 4640 1684 4709 imaginem,
1719 4648 1773 4694 et

194 4725 582 4789 similitudinem
613 4747 796 4798 suam;
821 4733 886 4786 ad
911 4733 1218 4801 imaginem,
1236 4733 1525 4788 conferens
1549 4734 1638 4788 tibi
1672 4748 1768 4788 na-

197 4819 405 4887 turalia;
432 4824 498 4878 ad
519 4823 956 4886 similitudinem,
984 4822 1216 4893 largiens
1237 4826 1491 4894 gratuita,
1511 4833 1566 4878 ut
1593 4835 1775 4881 mente

195 4909 495 4981 excelleres,
525 4925 577 4969 et
606 4916 786 4970 omnia
813 4915 1142 4969 irrationalia
1168 4917 1376 4970 ratione
1403 4915 1654 4972 vinceres
1683 4933 1697 4970 :

280 5050 543 5122 limusque
558 5071 674 5122 cum,
692 5063 921 5122 Spectent
937 5059 1201 5122 animantia
1221 5069 1400 5109 caetera
1426 5067 1626 5122 terram,

283 5113 349 5183 ()s
369 5113 547 5168 homini
570 5113 781 5169 sublime
805 5121 960 5183 dedit,
983 5120 1259 5183 οωιυιιιῳιε
1287 5122 1455 5171 videre

286 5175 449 5242 iussit,
478 5189 532 5232 et
548 5189 750 5233 erectos
772 5182 830 5231 ad
853 5175 1017 5234 sidera
1039 5175 1216 5233 toller'e
1239 5183 1431 5246 vultus;

208 5371 222 5426 Ι
269 5307 338 5434 (1a.)
371 5313 557 5371 ΜιεΠί
587 5317 726 5372 solet
766 5318 919 5401 iflato
948 5320 1011 5373 de
1038 5319 1231 5393 legibus
1263 5330 1383 5392 post
1407 5317 1642 5404 medium
1671 5363 1686 5388 ,
1719 5328 1776 5404 et

209 5389 259 5462 nit
319 5383 564 5462 hesitate.
593 5385 728 5462 Vide
753 5402 871 5460 ejus
927 5391 1043 5445 loca
1072 5393 1216 5462 apud
1244 5393 1522 5448 l’etavtum
1553 5393 1622 5448 de
1649 5392 1776 5462 Opi-

209 5444 286 5500 lic.
319 5453 348 5500 li

276 5453 890 5606 iélilgaiiiifus‘lgolanus
917 5545 1096 5606 sane,
1125 5543 1179 5585 ut
1206 5532 1444 5606 reliquos
1488 5533 1730 5606 omittam
1764 5574 1780 5600 ,

213 5582 1441 5672 ite.'sipemaiw_.izVoti.t;“i;.ii..ai'55s:
1478 5582 1781 5661 sissis:

212 5656 323 5739 olim
434 5671 572 5725 nunc
603 5669 696 5736 24,
727 5687 779 5725 η.
813 5676 868 5737 9,
897 5656 1015 5727 nant
1036 5656 1252 5739 idcirco,
1280 5656 1385 5729 eis;

277 5729 340 5802 (ο)
367 5735 595 5798 Numero
625 5741 660 5796 5
683 5729 929 5800 Ἰιοιηὶῐὶιε
957 5743 1009 5799 in
1038 5730 1194 5800 illud:
1238 5729 1478 5813 Domine,
1505 5762 1606 5800 non
1637 5755 1708 5803 est
1736 5746 1789 5802 in

1882 4618 2086 4672 minem
2117 4617 2276 4684 inter,
2307 4624 2362 4672 et
2392 4616 2556 4672 Deum
2584 4617 2698 4672 sive
2723 4617 2780 4671 in
2806 4631 2903 4672 sua
2926 4628 3114 4672 natura
3145 4617 3472 4686 inspectum,

1881 4711 1998 4766 sive
2015 4720 2280 4779 quatenus
2313 4710 2485 4764 trinus
2509 4719 2616 4773 est,
2637 4719 2731 4762 aut
2750 4719 3016 4778 quatenus
3042 4723 3236 4779 expers
3269 4709 3476 4778 peccati

1882 4815 1990 4869 est,
2020 4814 2114 4857 aut
2137 4804 2354 4858 demum
2401 4811 2668 4871 quatenus
2687 4801 2876 4856 beatus
2917 4811 2999 4857 est
3022 4843 3038 4869 ,
3070 4809 3334 4857 statuunt.
3366 4801 3476 4857 Alii

1886 4897 1938 4951 in
1969 4909 2056 4962 co,
2085 4895 2229 4965 quod
2263 4894 2403 4949 sicut
2431 4894 2572 4948 Deus
2607 4891 3060 4962 perfectissimum
3088 4906 3189 4948 ens
3239 4904 3323 4948 est
3352 4934 3369 4961 ,
3403 4895 3477 4949 ita

1887 4991 2050 5045 homo
2097 4989 2484 5058 perfectissima
2543 4998 2806 5042 creatura.
2854 4987 2958 5041 Alii
3005 4988 3292 5058 imaginem
3336 4989 3476 5044 hanc

1883 5084 1938 5139 in
1977 5084 2194 5139 Christo
2234 5084 2585 5152 perquirunt;
2631 5088 3001 5152 monentque,
3043 5083 3165 5140 ideo
3206 5083 3478 5143 Adatnum

1886 5175 1999 5231 Deo
2025 5175 2243 5229 similem
2265 5214 2280 5241 ,
2311 5183 2368 5229 et
2413 5174 2481 5226 ad
2527 5172 2672 5228 illius
2700 5173 2976 5243 imaginem
3020 5173 3188 5230 fuisse
3229 5174 3432 5234 dictum
3460 5215 3480 5246 ,

1889 5308 2113 5388 homine,
2146 5328 2275 5374 tom.
2301 5335 2350 5373 vn
2375 5317 2630 5388 editionis
2652 5315 2969 5385 Monlfauc.,
2999 5331 3120 5388 pag.
3154 5315 3280 5372 165.

1960 5392 2043 5464 (d)
2073 5387 2362 5464 De‘mundi
2406 5387 2693 5445 Creatione
2722 5389 2867 5444 hom.
2923 5404 2976 5456 v,
3003 5387 3063 5442 in.
3092 5389 3126 5442 4
3152 5429 3167 5455 ,
3203 5402 3324 5460 pag.
3378 5387 3489 5446 484

1897 5461 2027 5518 tom.
2060 5477 2112 5516 vi
2132 5461 2410 5532 Clirysost.

1881 5560 1896 5570 ..
1938 5605 1943 5606 γ
1967 5535 2039 5606 (ε)
2071 5533 2217 5606 Part.
2245 5528 2293 5606 ιλ
2322 5547 2442 5606 cap.
2473 5533 2527 5596 1,
2556 5545 2677 5606 pag.
2700 5529 2956 5606 585itqmi
2987 5544 3045 5584 ιιι
3072 5528 3337 5585 Editionis
3364 5529 3486 5588 Vc-

1896 5598 2034 5659 n'cta-E
2065 5603 2227 5670 Oper.
2261 5602 2318 5658 S.
2354 5598 2610 5657 B'ernartli
2631 5598 2761 5654 anni
2788 5598 2946 5656 4727.

1926 5739 1930 5748 ι
1970 5675 2046 5747 (ί)
2079 5665 2319 5748 Meditat.
2349 5675 2421 5748 de
2441 5670 2990 5748 cegnitionchupia'mr
3021 5665 3328 5748 conditionis
3364 5679 3487 5744 cap.

1898 5739 1952 5815 (ἴ,
1979 5739 2113 5818 pag.
2147 5747 2245 5804 571
2295 5744 2424 5801 tomi
2452 5739 2769 5802 deditionis
2796 5741 2931 5799 Ven.
2957 5743 3080 5800 anni
3106 5743 3265 5800 1727.
