3978 6196
544 259 648 314 835

1215 260 1282 314 IN
1321 258 1581 314 HILARII
1622 258 1841 315 EPIST.
1886 257 2018 314 SEU
2060 258 2284 316 LIBEL.
2329 260 2786 318 DISSERTATIO
2821 261 3160 319 SECUNDA.

3727 267 3818 319 83.8

542 378 668 447 quia
695 375 946 431 conditus
969 383 1055 430 est
1083 372 1278 428 similis
1321 372 1535 429 Christo
1560 413 1577 441 ,
1606 372 1838 443 ideoque
1868 373 1979 428 Deo
2027 388 2132 429 non
2164 375 2210 435 A
2239 374 2499 430 adducam
2524 377 2602 449 (τι.
2628 375 2722 446 47)
2741 415 2757 443 ,
2803 391 2867 432 ac
2893 376 3281 435 Damascenum
3318 378 3533 451 (Eclog.
3587 378 3732 436 liuer.
3759 385 3819 449 Α,

542 470 599 524 in
631 484 725 525 sua
748 477 937 524 natura
964 465 1229 536 spirituali
1256 465 1501 536 inspecto
1529 506 1546 531 ,
1577 465 1673 521 sed
1719 476 1985 536 quatenus
2015 480 2138 521 car-

542 576 668 616 nem
698 559 988 626 assumpsit
1016 598 1030 623 ,
1059 566 1155 612 aut
1207 567 1558 626 apparentem
1586 597 1602 620 ,
1657 574 1822 627 quum
1862 558 2134 613 hominem

543 651 804 706 condidit.
839 647 1024 716 illique
1053 651 1338 716 deinceps,
1368 659 1420 702 et
1450 648 1797 717 Patriarchis,
1825 658 1880 703 et
1904 649 2136 718 prophe-

545 743 613 796 tis
649 741 894 810 apparuit
919 762 932 803 ,
962 749 1055 793 aut
1077 740 1280 794 realem
1311 781 1324 803 ,
1356 755 1419 793 ac
1463 740 1898 806 substantialem,
1927 755 2048 796 cum
2080 741 2133 795 in

542 833 832 902 purissimo
861 831 1042 886 Maria:
1095 831 1332 902 Virginis
1360 841 1512 888 utero
1537 833 1835 886 incarnatus
1882 843 1975 887 est.
2030 831 2132 886 Alii

539 926 758 980 demum
793 925 931 979 hanc
960 923 1250 993 imaginem
1307 923 1542 978 fatentur
1583 924 1800 993 quidem
1834 923 1885 978 in
1916 923 2134 978 homine

538 1031 662 1071 esse
687 1059 701 1080 ,
732 1016 828 1071 sed
870 1018 924 1076 in
951 1031 1057 1085 quo
1081 1016 1250 1084 pesita
1274 1017 1382 1082 sit,
1418 1031 1477 1071 se
1506 1016 1757 1086 ignorare
1785 1026 2058 1070 asserunt.
2091 1039 2100 1047 -

615 1132 706 1186 90.
742 1129 812 1185 Ut
855 1145 884 1182 a
929 1129 1102 1198 primo
1132 1128 1522 1183 sententiarum
1555 1129 1729 1197 capite
1757 1129 2129 1194 exordiantur,

539 1225 768 1280 Audiani
796 1267 811 1291 ,
869 1224 1139 1278 referente
1187 1222 1489 1290 Epiphanio
1518 1221 1750 1294 (liazres.
1779 1222 1848 1276 70
1877 1239 2018 1275 num.
2051 1221 2130 1294 Ξ),

544 1319 714 1388 «quod
761 1317 825 1370 ad
872 1317 1159 1387 imaginem
1221 1315 1316 1369 Dei
1355 1326 1572 1368 creatus
1619 1314 1857 1368 Adamns
1911 1313 2128 1379 dicitur,

535 1408 821 1476 praefracte
844 1406 1190 1461 referendum
1223 1405 1289 1458 ad
1320 1420 1516 1474 corpus
1542 1404 1944 1458 existimabant.
1998 1403 2132 1458 Cum

538 1499 683 1552 enim
713 1499 974 1568 scriptum
1007 1498 1115 1550 sit:
1151 1495 1436 1550 Faciamus
1454 1495 1728 1549 hominem
1747 1495 1814 1549 ad
1845 1495 2130 1564 imaginem

534 1602 776 1644 noswam
806 1630 820 1654 ,
848 1600 902 1642 et
932 1587 1341 1642 similitudinem
1369 1627 1385 1652 ,
1415 1586 1595 1640 statim
1643 1586 1774 1639 illud
1807 1585 2091 1654 subjicitur
2116 1603 2128 1637 :

539 1681 709 1736 Deum
735 1690 948 1750 sumpto
972 1679 1040 1734 de
1079 1680 1468 1749 terra'pulvcre
1500 1679 1772 1733 hominem
1816 1678 2128 1734 fabricasse.

2240 485 2294 522 η.
2328 467 2439 538 72).

2309 561 2398 621 22.
2435 561 2506 617 Ut
2533 561 2598 616 ad
2621 577 2715 617 eos
2741 562 2965 632 gradum
2993 563 3185 620 faciam
3211 607 3228 633 ,
3273 565 3367 637 qui
3413 566 3657 623 eamdem
3695 569 3820 624 ia-

2237 651 2415 722 ginem
2446 652 2502 707 in
2531 653 2791 708 attribqu
2810 655 2993 722 aliquo
3023 656 3288 725 spirituali
3313 698 3328 721 ,
3380 672 3489 726 quo
3527 657 3686 714 homo
3707 675 3821 715 cum

2240 744 2352 800 Deo
2373 747 2678 810 conveniat,
2708 761 2880 816 eaque
2909 746 2979 803 de
3001 761 3164 803 causa
3189 749 3265 803 illi
3293 749 3490 804 similis
3520 751 3588 804 sit
3614 793 3629 817 ,
3675 753 3822 806 sitam

2240 838 2445 898 volunt.
2476 854 2595 893 eam
2625 839 2676 894 in
2707 839 2908 896 virtute
2931 855 3036 896 non
3069 841 3222 909 pauci
3253 842 3564 908 collocant,
3593 854 3746 911 atque
3774 847 3823 900 in

2239 929 2377 985 hanc
2401 930 2708 999 opinionem
2740 929 2901 986 facile
2925 945 3020 986 eos
3043 931 3280 988 dedoces
3302 933 3512 998 Patres,
3545 949 3680 1004 quos
3697 936 3827 990 alle-

2235 1030 2326 1094 gat
2355 1023 2623 1088 Petavius,
2651 1039 2879 1079 numero
2906 1025 2973 1080 10
2994 1035 3050 1080 et
3075 1026 3138 1080 ll
3172 1025 3365 1094 capitis
3392 1028 3429 1082 ‘2
3455 1026 3576 1081 libri
3599 1027 3826 1098 "acopi-

2237 1114 2357 1181 ﬁcio
2376 1130 2466 1168 sea:
2483 1113 2707 1170 dferam.
2743 1115 2882 1171 Sunt
2904 1131 3065 1184 porro
3088 1115 3408 1172 Ambrosius
3426 1116 3529 1190 (De
3557 1121 3682 1173 bono
3693 1136 3822 1174 mor-

2237 1207 2302 1260 tis
2334 1224 2447 1278 cap.
2483 1207 2540 1272 5,
2568 1225 2621 1262 η.
2657 1207 2748 1278 17)
2806 1218 2914 1262 tum
2946 1209 3000 1263 in
3029 1225 3094 1264 eo
3125 1251 3139 1273 ,
3179 1227 3338 1280 quem
3359 1211 3471 1279 jam
3502 1212 3718 1282 allegavi
3741 1215 3819 1285 (ιι.

2236 1297 2305 1353 l5
2334 1298 2351 1367 )
2383 1340 2398 1364 ,
2434 1299 2554 1353 loco
2575 1341 2589 1366 ,
2621 1309 2729 1354 ιιιιιι
2759 1300 2922 1355 etiam
2949 1301 3074 1356 alibi
3105 1302 3219 1357 hmc
3245 1303 3468 1357 tradens
3498 1302 3590 1376 (In
3611 1322 3718 1373 cap.
3749 1323 3820 1360 xu

2234 1391 2391 1446 Luca:
2420 1393 2510 1446 lib.
2559 1392 2617 1462 ι)
2644 1411 2657 1448 :
2718 1394 2912 1451 «Solus
2933 1395 3076 1450 enim
3104 1395 3353 1452 Christus
3380 1407 3464 1453 est
3488 1398 3642 1468 plena
3657 1399 3821 1469 imago

2235 1486 2372 1551 Dei,
2424 1497 2644 1558 propter
2693 1505 3006 1557 expressam
3039 1492 3092 1546 in
3125 1507 3185 1547 se
3214 1503 3458 1561 paterna:
3497 1492 3818 1548 claritudinis

2237 1579 2516 1633 unitatem.
2558 1579 2747 1635 Justus
2771 1592 2948 1637 autem
2983 1582 3146 1636 homo
3177 1582 3246 1638 ad
3290 1584 3581 1655 imaginem
3605 1585 3692 1638 Dei
3719 1594 3816 1644 est.

2237 1671 2282 1724 si
2314 1680 2535 1740 propter
2557 1672 2872 1728 imitandam
2899 1673 3102 1728 divina:
3126 1676 3558 1730 conversationis
3579 1676 3818 1730 similitu-

530 1771 666 1826 Cum
701 1773 862 1842 igitur
889 1773 1162 1827 hominem
1195 1771 1262 1826 de
1297 1781 1434 1826 terra
1463 1770 1751 1825 formatum
1782 1780 2025 1832 asserat,
2055 1771 2132 1824 vi-
2163 1753 2211 1812 Β
2237 1762 2418 1818 dinem
2441 1805 2455 1828 ,
2516 1765 2774 1819 mundum
2823 1765 2966 1820 hunc
2998 1767 3090 1821 Dei
3135 1767 3446 1837 cos"ilione
3476 1777 3775 1823 οοηιεηιῐιᾶι
3802 1785 3815 1831 ς

534 1863 632 1918 des
659 1872 829 1917 totum
861 1863 988 1918 illud
1018 1879 1049 1918 e
1075 1872 1217 1918 terra
1241 1862 1535 1917 conﬂatum
1553 1861 1832 1917 verissime
1859 1862 2131 1918 hominem

533 1957 737 2009 vocari.
807 1953 888 2008 Ex
915 1969 1023 2024 quo
1049 1955 1295 2022 sequitur
1321 1953 1388 2008 de
1416 1961 1636 2008 terreno
1659 1952 1754 2007 illo
1783 1952 2128 2022 praedictum,

539 2047 676 2113 fore,
709 2057 764 2100 ut
785 2048 852 2101 ad
883 2047 1171 2115 imaginem
1190 2047 1296 2101 ‘Dei
1326 2047 1673 2102 conderetur.

610 2137 884 2192 Audianos
911 2138 1012 2192 hac
1039 2139 1092 2192 in
1123 2153 1182 2192 re
1221 2138 1393 2192 secuti
1441 2147 1567 2192 sunt
1598 2138 2130 2210 AnthrOpomorphi-

541 2244 608 2288 tm
637 2248 700 2287 ca
728 2232 1082 2286 similitudine
1111 2231 1300 2292 innixi,
1325 2247 1487 2301 quam
1507 2232 1747 2286 divinum
1770 2233 1930 2299 inter,
1951 2244 2007 2289 et
2026 2234 2126 2289 hu-

531 2339 749 2380 manum
777 2338 971 2392 corpus
999 2323 1178 2377 inesse
1208 2321 1503 2394 fingebant.
1867 2332 1874 2337 '

599 2417 691 2471 21.
717 2418 824 2472 Sed
855 2417 970 2471 hmc
1001 2418 1120 2486 quis
1147 2415 1320 2471 ferat?
1371 2418 1454 2472 An
1482 2417 1621 2472 Dens
1651 2417 1704 2471 in
1733 2417 1969 2473 humano
2007 2434 2128 2475 cor-

531 2525 662 2579 pore
682 2509 766 2564 sui
797 2509 1084 2579 imaginem
1117 2508 1389 2577 imprimet
1415 2549 1429 2573 ,
1459 2509 1549 2579 qui
1575 2523 1798 2578 prorsus
1829 2510 2126 2580 spiritualis

534 2612 642 2671 est,
676 2612 733 2658 et
757 2617 1017 2672 corporea
1041 2603 1231 2672 quavis
1261 2602 1404 2656 mole
1428 2603 1663 2657 carens?
1693 2602 1766 2657 Ea
1788 2619 1907 2674 qua:
1937 2605 2129 2660 adver-

529 2713 621 2754 sus
646 2695 1234 2767 Anthropomorphitas
1257 2695 1516 2765 Theolugi
1542 2695 1819 2764 disputant
1842 2737 1856 2760 ,
1903 2706 2125 2753 senten-

535 2790 664 2844 tiam
697 2790 835 2844 hanc
858 2801 964 2842 tam
995 2788 1342 2843 vehementer
1365 2795 1650 2852 evertunt,
1707 2796 1764 2840 ιιι
1792 2786 1844 2842 in
1873 2803 1934 2841 ea
1964 2789 2125 2844 refel-

526 2880 684 2934 lenda
706 2879 1006 2934 consistere
1034 2894 1141 2932 non
1175 2878 1244 2936 sit
1289 2892 1450 2945 Opus.
1496 2876 1892 2931 Tantummodo
1942 2877 2127 2949 itaque

524 2969 616 3026 hic
636 2971 996 3040 Augustinum
1020 2969 1244 3025 afferam
1270 3010 1285 3034 ,
1341 2985 1412 3024 ne
1438 2969 1624 3024 videar
1647 2968 1852 3039 Optimi
1878 2970 2126 3026 Doctoris

527 3063 908 3117 auctoritatem
929 3072 1315 3116 contemnere:
1343 3059 1484 3116 «Vos
1511 3069 1689 3116 autem
1713 3061 1926 3124 fratres,
1951 3063 2126 3134 inquit

2239 1855 2653 1926 voluntatesque
2676 1867 2918 1912 terrenas
2947 1857 3101 1913 verbi
3150 1860 3496 1928 perceptione
3542 1859 3811 1928 despiciat,

2241 1963 2350 2018 quo
2378 1949 2574 2004 alimur
2597 1950 2650 2003 in
2673 1951 2835 2004 vitam
2859 1967 2874 2014 ;
2908 1949 3049 2005 unde
3069 1959 3121 2004 et
3142 1965 3339 2020 corpus
3370 1951 3571 2006 ChriSIi
3599 1951 3816 2016 edimus,

2236 2049 2294 2094 ut
2321 2040 2448 2094 vita:
2476 2049 2693 2094 aeterna:
2744 2041 3009 2110 possimus
3037 2055 3158 2096 esse
3189 2041 3479 2112 participes
3505 2060 3518 2095 :
3553 2060 3572 2093 ι
3599 2039 3818 2113 Chryso-

2233 2138 2441 2185 stomus
2469 2173 2484 2198 ,
2528 2131 2855 2188 Severianus
2899 2132 3250 2189 Gabalitanus
3305 2131 3486 2204 (Orat.
3515 2149 3542 2184 v
3576 2133 3639 2186 de
3654 2134 3819 2186 mundi

2233 2223 2489 2277 creatione
2511 2241 2565 2277 η.
2586 2223 2645 2289 4,
2672 2241 2794 2296 pag.
2818 2224 2925 2280 48b
2945 2234 3066 2278 tom.
3094 2241 3144 2280 v1
3169 2225 3385 2280 edition.
3412 2224 3813 2296 Montfattcou.),

2232 2323 2423 2369 auctor
2445 2313 2704 2379 humilitc,
2736 2331 2857 2385 qua:
2881 2315 2959 2370 sic
2981 2317 3294 2371 inscribitur
3318 2335 3331 2370 :
3364 2317 3503 2382 quod
3527 2317 3676 2371 homo
3699 2321 3818 2369 ima-

2233 2407 2404 2477 ginem
2434 2406 2529 2461 Det'
2551 2423 2642 2476 per
2659 2417 2918 2475 peccatum
2938 2409 3144 2478 abjecit,
3164 2406 3812 2480 CyrillusAlexandrinus,

2233 2508 2290 2552 et
2309 2497 2562 2554 Gelasius
2605 2499 2842 2553 historiw
2866 2498 3065 2554 Nicaeni
3088 2499 3317 2554 Concilii
3345 2511 3544 2554 auctor
3567 2498 3663 2572 (a).
3697 2500 3816 2554 Dili—

2231 2590 2546 2659 gentissime
2577 2605 2758 2660 porro.
2789 2602 2843 2646 et
2868 2592 3088 2660 copiose
3109 2591 3354 2647 eamdem
3383 2596 3703 2648 sententiam
3721 2607 3814 2648 ex-

2230 2681 2420 2751 ponit,
2471 2690 2529 2738 et
2549 2683 2811 2752 approbat
2835 2683 3240 2754 Theodoretus,
3295 2700 3457 2755 quem
3517 2685 3661 2756 legas
3683 2693 3802 2754 opto

2237 2773 2463 2844 (Quaest.
2490 2790 2564 2828 xx
2586 2775 2641 2828 in
2671 2773 2954 2847 Genesim).

2301 2886 2391 2941 25.
2444 2886 2538 2941 His
2586 2888 2816 2958 adjunge
2854 2888 3240 2961 Hieronymum
3277 2890 3564 2945 Aretinum
3593 2931 3608 2956 ,
3661 2906 3807 2960 quem

2231 2989 2388 3034 antea
2411 2981 2572 3034 etiam
2601 2981 2850 3051 allegavi.
2897 2983 2977 3037 En
3010 2998 3138 3038 vero
3157 2998 3278 3054 quae
3310 2982 3473 3038 tradit
3495 2984 3570 3055 (b)
3611 2983 3694 3039 hic
3719 2999 3810 3038 au-

2233 3080 2371 3132 ctor.
2397 3080 2454 3126 ut
2480 3073 2636 3128 nobis
2659 3074 3002 3144 persuadeat,
3031 3075 3320 3146 imaginem
3338 3076 3497 3131 Deiin
3525 3079 3812 3132 rem0tione

523 3153 619 3209 ille
649 3153 991 3228 (Enarrat.in
1004 3170 1084 3225 ps.
1120 3168 1310 3218 XLVIII,
1335 3169 1388 3206 n.
1422 3151 1535 3225 ll).
1557 3153 1901 3209 considerate
1916 3170 2010 3210 vos
2029 3154 2127 3210 ho-
2157 3130 2202 3194 C
2235 3183 2264 3219 ει
2290 3167 2543 3236 peccatis,
2574 3177 2657 3232 et,
2697 3178 2751 3222 nt
2794 3169 2925 3238 ipsis
2952 3168 3176 3238 hujusce
3202 3170 3440 3225 auctoris
3474 3171 3652 3226 verbis
3680 3181 3808 3236 utar,

525 3245 704 3299 mines
746 3244 913 3300 factos
958 3245 1025 3299 ad
1063 3245 1390 3315 imaginem,
1439 3251 1494 3298 et
1547 3244 1955 3300 similitudinem
2008 3247 2122 3302 Dei.

527 3337 708 3407 Imago
734 3337 829 3391 Dei
861 3337 1004 3391 intus
1025 3346 1110 3391 est
1136 3380 1150 3403 ,
1185 3352 1290 3391 non
1323 3347 1406 3391 est
1437 3338 1742 3406 incorpore
1768 3378 1780 3401 ,
1815 3353 1924 3391 non
1955 3347 2040 3392 est
2071 3339 2123 3393 in

528 3429 755 3484 auribus
786 3428 925 3495 istis,
953 3442 1088 3498 quas
1113 3427 1338 3490 videtis,
1363 3436 1418 3483 et
1446 3429 1640 3493 oculis,
1673 3437 1730 3482 et
1757 3428 1978 3482 naribus
2008 3467 2023 3493 ,
2069 3438 2125 3483 et

531 3521 733 3592 palato,
765 3530 820 3575 et
848 3519 1120 3584 manibus,
1153 3528 1207 3574 et
1225 3517 1452 3588 pedibus
1477 3533 1492 3582 ;
1517 3517 1611 3572 sed
1641 3527 1725 3572 est
1756 3517 1894 3572 facta
1919 3526 2119 3584 tamen;

527 3612 620 3667 ubi
657 3621 743 3666 est
769 3612 1074 3666 intellectus
1101 3652 1116 3675 .
1155 3611 1243 3665 ubi
1273 3622 1354 3664 est
1383 3624 1535 3664 mens
1558 3651 1573 3674 ,
1630 3609 1718 3663 ubi
1743 3611 1878 3664 ratio
1906 3611 2125 3666 investi-

524 3702 716 3774 gandae
744 3704 987 3758 veritatis
1010 3743 1026 3769 ,
1078 3703 1164 3757 ubi
1204 3715 1287 3758 est
1316 3702 1448 3757 fides
1471 3743 1487 3769 ,
1534 3701 1623 3756 ubi
1647 3710 1730 3757 est
1768 3717 1894 3771 spes
1921 3712 2117 3769 vestra,

524 3794 616 3849 ubi
648 3794 881 3848 charitas
913 3803 1112 3860 vestra,
1137 3793 1210 3848 ibi
1240 3793 1399 3848 habet
1430 3794 1568 3848 Deus
1598 3793 1880 3864 imaginem
1906 3809 2114 3849 suam.»

604 3887 673 3941 Et
701 3887 829 3940 alibi
877 3885 1151 3958 (Euan-at.
1174 3887 1228 3940 in
1257 3902 1334 3954 ps.
1362 3901 1471 3948 Ltv,
1500 3902 1551 3938 η.
1577 3886 1635 3956 5)
1656 3903 1668 3937 :
1693 3885 1894 3940 «Porro
1915 3898 2118 3954 autem,

523 3979 866 4044 Cbarissimi,
883 3980 1194 4034 meminisse
1209 3979 1484 4044 debemus,
1503 3979 1569 4032 ad
1593 3977 1880 4049 imaginem
1902 3981 1996 4036 Dei
2019 3997 2119 4037 nos

521 4084 644 4126 esse
671 4069 842 4125 factos
875 4111 888 4134 ,
923 4084 1024 4124 nec
1063 4069 1186 4124 alibi
1215 4085 1375 4139 quam
1411 4069 1464 4124 in
1497 4070 1616 4139 ipso
1638 4068 1938 4125 intellectu.
1981 4070 2115 4126 Nam

516 4162 570 4216 in
594 4161 776 4215 multis
799 4163 964 4217 rebus
993 4177 1022 4214 a
1046 4161 1234 4216 bestiis
1263 4175 1610 4230 superamur:
1639 4161 1727 4217 ubi
1751 4174 1930 4218 autem
1955 4163 2117 4218 homo

519 4253 586 4308 ad
630 4254 915 4322 'nnaginem
949 4253 1045 4309 Dei
1085 4253 1284 4308 factum
1327 4269 1384 4308 se
1433 4255 1582 4309 novit
1613 4297 1628 4322 ,
1657 4254 1734 4311 ibi
1757 4255 1958 4326 aliquid
1985 4256 2116 4311 inse

514 4345 762 4416 agnoscit
787 4345 1019 4413 amplius
1039 4359 1160 4399 esse
1188 4387 1202 4410 ,
1256 4361 1416 4414 quam
1456 4345 1638 4400 datum
1687 4357 1769 4402 est
1800 4346 2112 4416 pecoribus.

512 4435 885 4491 Consideratis
919 4449 1049 4489 vero
1072 4435 1323 4490 omnibus
1346 4438 1538 4504 rebus,
1571 4452 1706 4508 quas
1734 4438 1896 4493 habet
1926 4439 2112 4504 homo,

515 4528 722 4583 invenit
749 4542 810 4583 se
835 4542 902 4583 eo
935 4530 1152 4598 proprie
1178 4528 1469 4584 discretum
1499 4546 1527 4583 a
1558 4505 1775 4600 pecore,
1819 4531 1963 4601 quod
1995 4532 2112 4600 ipse
2143 4505 2193 4563 Ῑ)

517 4620 714 4675 habeat
746 4621 1096 4676 intellectum.
1123 4641 1143 4673 ι
1176 4621 1282 4678 Sed
1329 4631 1382 4677 et
1413 4622 1556 4676 illam
1582 4625 1890 4692 opinionem
1915 4623 2111 4678 adver-

512 4728 605 4769 sus
636 4713 911 4769 Audianos
931 4714 1205 4770 disserens
1224 4716 1554 4786 Epiphanius
1586 4733 1616 4771 ιι
1642 4715 2111 4772 verisimilitudine

511 4805 932 4860 remotissimam
960 4805 1197 4861 ostendit
1223 4805 1449 4878 (Hier-es.
1477 4807 1568 4871 70,
1604 4823 1656 4859 η.
1705 4804 1785 4874 9.).
1817 4806 1873 4860 Id
1896 4803 2115 4876 quoque

514 4895 721 4966 peragit
752 4895 1122 4951 Theodoretus
1149 4896 1373 4966 (Qiiazst.
1400 4895 1473 4950 20
1522 4897 1574 4950 in
1603 4895 1862 4964 Genes.),
1897 4907 1951 4952 et
1983 4898 2105 4950 bre-

510 4987 731 5041 vissime
778 4986 922 5040 Zeno
974 4987 1088 5060 (lib.
1152 5003 1212 5052 Il,
1268 4997 1417 5041 tract.
1473 4988 1581 5053 l9,
1629 4987 1722 5053 ‘20,
1784 5005 1904 5059 pag.
1956 4988 2104 5055 206,

507 5075 616 5133 207
658 5077 804 5132 Edit.
869 5077 1060 5134 Veron.
1113 5076 1416 5149 Ballerim).
1486 5079 1654 5135 Posse
1697 5088 1873 5134 tamen
1926 5080 2108 5150 aliquo

507 5168 672 5223 modo
723 5169 886 5224 etiam
926 5185 1122 5239 corpus
1149 5169 1442 5225 humanum
1489 5169 1556 5224 ad
1585 5173 1870 5242 imaginem
1897 5171 1994 5227 Dei
2026 5171 2107 5225 fa-

508 5268 656 5314 ctum
683 5260 854 5315 videri
882 5300 896 5325 ,
942 5261 1100 5316 docet
1123 5261 1375 5316 Petavius
1395 5261 1500 5333 (De
1531 5260 1676 5332 Opif.
1709 5262 1801 5316 lib.
1827 5278 1887 5327 ιι,
1928 5263 1987 5329 2,
2017 5260 2098 5334 3),

507 5360 565 5407 et
590 5351 782 5408 vadem
810 5353 1166 5424 Augustinum
1189 5351 1379 5420 affert,
1433 5353 1588 5423 cujus
1629 5355 1792 5409 verba
1834 5355 2097 5428 deinceps

566 5548 644 5623 (α)
690 5549 746 5623 lu
781 5549 925 5623 locis
965 5549 1032 5605 ab
1071 5549 1270 5623 eodem
1308 5549 1532 5605 Petavio
1561 5550 1802 5622 allegatis
1833 5590 1848 5616 ,
1900 5565 2020 5623 cap.
2045 5552 2084 5606 2

495 5618 588 5672 libi
619 5620 743 5688 uide
770 5619 985 5688 ορενῖε..
1016 5635 1070 5674 ιι.
1101 5621 1305 5684 10,11.

494 5736 503 5754 ἱ
566 5688 640 5755 (bl
667 5687 722 5742 ln
754 5687 1016 5746 sermone
1044 5691 1444 5762 infestivitatem
1469 5693 1703 5747 omnium
1731 5691 2074 5751 Sanctorum.

2229 3258 2282 3313 in
2309 3258 2564 3313 munditia
2592 3275 2712 3314 eSse
2741 3261 2995 3330 positam.
3035 3259 3323 3332 Explicans
3352 3262 3517 3317 verba
3551 3263 3641 3317 illa
3669 3261 3812 3317 Chri-

2227 3349 2295 3404 sti
2318 3369 2331 3404 :
2369 3351 2501 3406 beati
2528 3351 2706 3405 mundi
2729 3352 2883 3406 corde
2909 3393 2924 3419 ,
2951 3353 3190 3420 quoniam
3212 3354 3316 3423 ipsi
3343 3353 3511 3408 Deum
3531 3355 3763 3408 videbunt
3787 3371 3800 3414 :

2227 3441 2344 3496 hzcc
2375 3441 2444 3496 de
2489 3443 2720 3512 imagine
2745 3444 2837 3496 Dei
2866 3443 3068 3498 homini
3112 3443 3375 3514 impressa
3401 3445 3562 3501 docet
3591 3463 3605 3498 :
3641 3445 3811 3500 «Mun-

2226 3532 2356 3586 ditia
2387 3533 2569 3588 cordis
2595 3542 2752 3589 sexto
2776 3533 2893 3588 loco
2925 3536 3141 3604 ponitur
3161 3577 3174 3599 ,
3203 3537 3328 3606 quia
3354 3547 3515 3592 sexto
3544 3536 3633 3592 die
3659 3537 3809 3593 homo

2224 3624 2472 3679 conditus
2497 3633 2582 3680 est
2605 3626 2671 3679 ad
2697 3627 2980 3697 imaginem
3015 3627 3149 3692 Dei;
3201 3627 3316 3683 hanc
3365 3631 3509 3684 enim
3564 3630 3808 3686 munditia

2225 3727 2309 3772 est
2330 3717 2506 3787 imago
2532 3719 2664 3784 Dei,
2708 3735 2811 3790 qua
2856 3721 3002 3776 clare
3033 3721 3196 3775 Deum
3248 3722 3502 3777 omnibus
3527 3723 3807 3792 perturba-

2225 3807 2458 3862 tionibus
2487 3811 2740 3875 remotis,
2775 3820 2830 3866 et
2878 3811 3022 3865 omni
3065 3812 3294 3883 caligine
3322 3813 3578 3868 vitiorum
3609 3824 3802 3869 remota

2224 3899 2507 3966 videmus;
2552 3902 2807 3971 quoniam
2859 3905 2933 3958 illi
2966 3904 3219 3960 dicuntur
3248 3905 3448 3962 mundo
3475 3907 3642 3963 corde
3665 3951 3679 3973 ,
3723 3908 3802 3978 qui

2223 3994 2400 4047 exutis
2438 3995 2690 4049 omnibus
2712 3997 2963 4052 medullis
2989 3996 3064 4069 (c)
3107 3999 3430 4053 secularium
3467 4013 3652 4056 rerum
3677 4042 3692 4064 ,
3734 4000 3808 4054 in-

2224 4083 2412 4138 tuitum
2442 4086 2637 4140 mentis
2661 4087 2714 4140 in
2746 4089 2862 4142 solo
2894 4088 3002 4142 Deo
3031 4089 3449 4160 contemplando
3471 4090 3660 4162 figunt.
3694 4091 3806 4146 Hac

2221 4174 2399 4244 imago
2425 4176 2772 4233 obtenebrata
2801 4189 2920 4234 erat
2963 4181 3013 4234 in
3039 4181 3257 4237 homine
3285 4197 3381 4252 per
3405 4183 3624 4252 culpam
3645 4227 3660 4250 ,
3715 4185 3798 4239 sed

2222 4267 2384 4321 modo
2409 4270 2695 4323 reformata
2721 4278 2805 4326 est
2824 4287 2918 4341 per
2939 4273 3163 4342 gratiam
3191 4274 3304 4328 Dei.
3351 4275 3417 4328 Et
3433 4292 3578 4330 nunc
3596 4277 3648 4330 in
3662 4287 3803 4332 sexta

2219 4357 2306 4411 die
2330 4400 2344 4421 ,
2388 4358 2439 4413 id
2463 4368 2548 4414 est
2574 4363 2625 4414 in
2659 4373 2807 4416 sexta
2831 4372 2991 4418 aetate
3018 4364 3208 4418 iterum
3239 4365 3412 4421 factus
3431 4377 3520 4423 est
3551 4369 3712 4424 homo
3739 4369 3798 4424 ad

2221 4450 2506 4520 imaginem
2551 4452 2663 4507 Dei.
2708 4453 2833 4509 Haec
2887 4457 3305 4526 contemplatio,
3358 4460 3454 4516 Dei
3495 4460 3674 4533 imago
3709 4470 3801 4526 est,

2219 4543 2342 4612 quia
2366 4559 2462 4613 per
2490 4561 2608 4600 eam
2640 4547 2795 4601 nobis
2825 4547 2992 4603 Deum
3030 4550 3408 4620 imaginamur,
3440 4563 3496 4609 et
3526 4556 3681 4624 quasi
3713 4569 3799 4624 per

2215 4633 2502 4706 imaginem
2529 4637 2772 4694 videmus
2794 4639 2961 4695 Deum
2993 4684 3008 4710 ,
3060 4643 3276 4714 quando
3300 4647 3494 4700 merito
3525 4646 3650 4716 plus
3687 4647 3800 4701 aliis

2218 4725 2494 4794 sequimur
2514 4743 2528 4792 ;
2551 4729 2674 4799 quia
2693 4730 2790 4784 nisi
2816 4733 3082 4801 pnecedat
3101 4735 3360 4788 mundum
3382 4751 3479 4792 cor
3501 4740 3556 4792 in
3573 4737 3799 4802 homine.

2215 4833 2323 4873 non
2354 4834 2570 4876 creatur
2613 4823 2852 4896 (imago).
2891 4845 2911 4878 ι
2937 4825 3272 4882 Sententiam
3299 4827 3439 4884 hanc
3461 4829 3687 4886 minime
3715 4832 3801 4884 im-

2216 4910 2386 4979 probo
2415 4929 2429 4966 :
2459 4915 2656 4968 etenim
2688 4916 2740 4969 in
2771 4915 2834 4969 iis
2855 4917 3263 4984 quaestionibus,
3285 4919 3336 4972 in
3369 4919 3563 4988 quibus
3587 4923 3798 4976 multum

2215 5002 2575 5073 ambiguitatis
2607 5007 2657 5059 in
2675 5007 2959 5075 voceipsa,
2991 5008 3242 5079 illiusque
3272 5011 3795 5080 usurpationeinest,

2215 5091 2633 5160 significationes
2663 5097 2818 5153 valde
2837 5098 3055 5154 dissitas
3076 5099 3252 5155 eidem
3277 5103 3393 5155 voci
3422 5102 3662 5161 tribuere
3683 5119 3796 5172 pos-

2214 5195 2418 5237 sumus.
2462 5185 2576 5241 Hoc
2597 5195 2780 5244 tamen
2810 5190 3022 5245 videtur
3051 5193 3341 5261 explicatio
3366 5193 3460 5247 illa
3500 5195 3700 5253 habere
3725 5198 3796 5250 in-

2212 5275 2506 5341 commodi,
2538 5280 2678 5348 quod
2701 5281 2913 5352 imagini
2944 5284 3147 5349 tribuit,
3181 5288 3323 5354 quod
3357 5285 3468 5341 Viri
3491 5287 3794 5353 clarissimi,

2211 5363 2454 5436 adeoque
2485 5367 2600 5438 ipse
2629 5369 2992 5443 Hieronymus
3020 5374 3298 5442 Aretinus,
3329 5375 3681 5434 Similitudiui
3707 5380 3792 5434 tri-

2264 5559 2336 5630 (c)
2359 5559 2413 5614 In
2442 5561 2627 5643 codice
2652 5581 2666 5618 :
2691 5566 2920 5643 midull.,
2946 5583 3071 5643 qua:
3099 5568 3315 5638 quidem
3337 5587 3446 5643 vos
3467 5572 3598 5643 quid
3624 5573 3785 5630 deno-

2191 5634 2284 5695 tet,
2320 5645 2538 5700 prorsus
2563 5634 2750 5703 ignoro
2781 5655 2794 5692 :
2828 5640 2923 5694 sed
2940 5634 3172 5696 fortasse
3199 5644 3392 5700 sordes
3416 5634 3658 5700 denotat.
