3978 6196
85 307 176 358 εζητ

736 301 803 358 IN
842 300 1096 357 HILARII
1135 297 1355 356 EPIST.
1399 297 1533 356 SEU
1575 299 1792 356 LIBEL.
1839 299 2290 358 DISSERTATIO
2327 296 2667 358 SECUNDA.

3263 296 3367 353 858

86 425 262 478 buunt.
306 419 377 475 Et
407 430 606 490 paucos
634 431 766 473 sane
805 417 1055 486 invenies
1083 458 1099 485 ,
1131 417 1224 486 qui
1259 417 1352 472 Dei
1384 416 1669 487 imaginem
1698 420 1754 480 Α
1775 418 1899 489 gine
1929 418 2042 474 Dei.
2098 417 2200 476 Ubi
2229 419 2406 490 imago
2440 417 2577 473 Dei?
2607 417 2660 472 In
2687 425 2868 472 mente
2896 458 2913 484 ,
2944 416 2999 472 in
3033 414 3362 472 intellectu.»

83 522 143 575 ab
165 518 316 573 initio
345 515 558 572 homini
593 516 910 585 impressam
930 553 946 579 ,
981 527 1078 584 per
1108 523 1389 584 peccatum
1418 511 1671 568 abolitam

83 611 362 666 aﬂirtnent.

147 703 277 757 Hinc
302 701 646 771 Augustinus
683 699 825 772 quod
872 699 927 754 in
978 699 1152 768 capite
1176 698 1246 752 9.7
1289 705 1345 752 et
1388 696 1460 752 28
1491 696 1582 752 lib.
1616 711 1670 750 Vl

86 795 140 849 de
164 793 342 848 Genesi
371 795 444 848 ad
473 794 691 848 litteram
730 793 798 848 de
847 793 1077 861 imagine
1107 791 1199 845 Dei
1247 805 1344 860 per
1390 800 1667 860 peccatum

85 889 346 960 deperdita
377 889 611 954 dixerat,
636 887 703 944 ad
729 887 872 944 hunc
887 887 1102 943 modum
1123 885 1407 950 imminuit,
1430 893 1484 938 et
1502 883 1667 939 veluti

86 983 322 1040 emendat
366 983 486 1057 (lib.
541 997 578 1037 ιι
628 990 844 1038 retract.
895 997 942 1034 c.
994 976 1094 1052 24)
1133 996 1145 1032 :
1193 996 1213 1031 ι
1246 976 1302 1032 1η
1330 984 1490 1032 sexto
1531 975 1668 1031 libro

86 1075 212 1148 quod
232 1074 323 1130 dix
336 1077 375 1141 i,
399 1075 570 1130 Adam
594 1075 865 1145 imaginem
885 1071 1003 1138 Dei,
1025 1069 1304 1126 secundum
1323 1085 1475 1138 quam
1495 1068 1667 1138 {actus

86 1183 166 1234 est,
188 1168 476 1239 perdidisse
503 1178 729 1239 peccato,
782 1182 888 1222 non
911 1168 989 1221 sic
1007 1163 1376 1234 accipiendum
1399 1171 1482 1217 est
1497 1203 1510 1225 ,
1543 1173 1664 1216 tan-

83 1277 226 1333 quam
250 1264 302 1315 in
343 1276 414 1315 eo
447 1261 592 1314 nulla
619 1259 938 1314 remanserit
962 1297 977 1319 ,
1024 1256 1121 1312 sed
1166 1255 1309 1327 quod
1343 1265 1448 1310 tam
1484 1251 1661 1308 defor-

88 1354 176 1408 mis
201 1363 255 1408 ut
280 1352 668 1407 reformatione
693 1365 828 1421 opus
845 1350 1087 1405 haberet.
1137 1366 1157 1400 »

149 1447 423 1501 Rationem
455 1460 584 1499 vero
611 1443 835 1513 hujusce
864 1458 974 1498 sua:
1019 1439 1380 1511 persuasionis
1424 1438 1658 1505 adducit,

84 1556 190 1596 cum
213 1549 399 1595 monet
441 1541 498 1594 in
525 1539 708 1610 aliquo
733 1538 1005 1608 perenni,
1050 1547 1104 1592 et
1148 1551 1364 1605 semper
1406 1536 1662 1590 duraturo

83 1651 187 1690 eam
213 1677 228 1700 ,
271 1634 337 1690 de
386 1649 494 1704 qua
520 1633 728 1704 agimus
751 1675 766 1697 ,
818 1631 1103 1702 imaginem
1133 1644 1254 1686 esse
1286 1629 1658 1684 collocandum

85 1729 195 1799 (lib.
219 1743 304 1783 XIV
325 1727 393 1784 de
408 1727 603 1782 Trinit.
633 1745 748 1797 cap.
769 1727 984 1790 5,1mm.
1006 1727 1039 1780 4
1059 1724 1108 1795 );
1137 1743 1157 1776 t
1181 1725 1330 1780 Absit
1352 1731 1553 1787 autem,
1579 1724 1660 1775 in-

1847 510 1938 567 26.
1965 509 2313 566 Prudentium
2341 551 2356 578 ,
2384 525 2545 581 quem
2567 507 2825 579 deinceps
2854 506 3208 579 allegabimus
3240 548 3254 573 ,
3313 505 3368 562 in

1777 603 2020 659 eamdem
2053 604 2371 660 sententiam
2417 603 2611 659 merito
2655 600 2917 666 adduces;
2969 599 3367 656 'l‘heodoretum

1775 710 2009 766 quoque,
2039 711 2156 762 seu,
2184 707 2242 750 ut
2265 701 2440 765 aptius
2467 695 2691 764 loquar,
2722 708 2818 749 eos
2841 735 2857 758 ,
2885 707 3024 762 quos
3052 691 3368 747 Theodore-

1777 796 1861 842 tus
1884 787 2098 858 allegat,
2129 789 2220 858 qtti
2247 786 2585 843 collocabant
2608 788 2662 841 in
2691 795 2937 855 potestate
2960 784 3239 859 judicandi
3270 785 3366 840 ho-

1776 881 1906 936 mini
1939 880 2135 936 tributa
2160 924 2175 946 ,
2204 895 2322 936 eam
2355 921 2371 946 ,
2428 880 2495 936 de
2529 895 2634 952 qua
2665 879 3020 950 disputamus,
3053 877 3360 948 imaginem.

1771 974 2032 1031 Nimirum
2058 975 2103 1030 si
2133 976 2346 1043 penitus
2371 988 2559 1030 eorum
2607 987 2764 1032 sensa
2806 970 3110 1043 perpendes
3133 1012 3149 1038 ,
3204 968 3364 1026 facile

1769 1067 1837 1122 ad
1861 1067 2294 1138 intelligentiam,
2322 1081 2416 1122 seu
2442 1065 2509 1121 ad
2533 1064 2888 1137 intelligendi,
2908 1063 3361 1135 discernendique

1771 1168 2092 1231 potestatem
2120 1177 2184 1216 ac
2209 1162 2316 1216 vim
2345 1161 2528 1232 opinio
2555 1175 2618 1216 ea
2645 1159 2947 1216 deducitur.
2993 1158 3144 1228 Quod
3167 1159 3215 1214 si
3241 1174 3362 1230 pro-

1774 1255 1990 1311 nuntiat
2016 1256 2388 1311 Theodoretus
2409 1297 2423 1319 ,
2471 1270 2578 1310 non
2617 1268 2739 1310 esse
2769 1255 2927 1321 plane
2947 1253 3182 1309 similem
3218 1252 3362 1308 Divi-

1769 1365 1851 1404 nae
1880 1349 2249 1419 intelligentiae
2284 1348 2570 1402 humanam
2621 1346 3030 1418 intelligentiam
3064 1345 3141 1416 (α)
3167 1386 3183 1412 ,
3239 1345 3359 1414 quis

1766 1458 1829 1499 ea
1857 1443 1925 1498 de
1952 1457 2010 1498 re
2041 1442 2322 1512 ambigat?
2364 1439 2469 1496 Sed
2497 1439 2640 1494 aliud
2670 1449 2753 1494 est
2779 1454 2899 1495 esse
2927 1446 3216 1507 utcumque
3243 1437 3354 1492 Deo
3430 1443 3431 1446 ‘

1767 1535 1997 1590 similem
2041 1536 2095 1590 in
2136 1533 2489 1605 intelligentia
2534 1534 2647 1602 ipsa
2690 1532 2997 1597 hominem,
3043 1529 3189 1586 aliud
3236 1544 3360 1587 esse

1768 1642 1989 1695 prorsus
2019 1626 2268 1681 similem.
2287 1626 2628 1680 Postremum
2649 1625 2769 1691 hoc,
2791 1623 2936 1694 quod
2967 1624 3163 1680 merito
3183 1624 3359 1692 rejicit

1767 1719 2161 1784 'l‘heodoretus,
2193 1728 2248 1773 et
2261 1733 2359 1772 nos
2376 1717 2647 1788 rejicimus
2663 1734 2677 1782 ;
2696 1716 2924 1784 primum
2949 1716 3106 1772 facile
3122 1714 3362 1770 admitti-

83 1822 212 1889 quit,
253 1831 308 1876 ut
355 1835 480 1876 cum
513 1820 707 1876 animm
737 1829 926 1874 natura
957 1817 1025 1873 sit
1060 1817 1413 1882 immortalis,
1465 1831 1564 1871 nec
1585 1815 1652 1870 ab
1683 1816 1731 1875 B
1759 1826 1900 1866 mus.
1923 1809 2026 1867 Sed
2041 1824 2393 1880 quaecumque
2413 1806 3182 1872 senseritTheodoretus,eam
3203 1821 3355 1874 sane,

84 1910 216 1966 initio
243 1926 349 1982 quo
368 1920 554 1966 creata
581 1919 683 1975 est,
715 1925 949 1980 unquam
972 1910 1231 1979 deinceps
1253 1924 1374 1963 esse
1404 1907 1654 1970 desistat,

82 2004 124 2056 id
149 2019 247 2074 quo
267 2004 402 2058 nihil
434 2004 630 2058 melius
665 2004 859 2068 habet,
909 2017 1013 2057 non
1041 2017 1164 2057 cum
1196 2003 1315 2071 ejus
1340 2003 1657 2057 immortali-

84 2106 174 2151 tate
197 2097 477 2167 perduret.
520 2096 655 2165 Quid
685 2111 816 2151 vero
842 2095 1034 2150 melius
1056 2093 1108 2148 in
1135 2094 1254 2163 ejus
1280 2101 1468 2148 natura
1499 2108 1655 2147 crea-

82 2200 175 2241 tum
196 2198 293 2253 est,
324 2203 488 2257 quam
518 2186 660 2257 quod
691 2186 757 2240 ad
787 2185 870 2241 sui
897 2183 1171 2240 Creatoris
1202 2185 1487 2254 imaginem
1520 2184 1653 2237 facta

82 2279 180 2334 est?
225 2279 336 2334 Non
360 2280 528 2350 igitur
549 2281 602 2332 in
636 2277 761 2332 lidei
783 2279 1086 2332 retentione
1115 2317 1128 2338 ,
1168 2275 1650 2344 contemplatione,

81 2372 370 2438 dilemione,
395 2388 520 2441 quin
547 2387 650 2426 non
673 2371 774 2425 erit
807 2384 1042 2438 semper,
1068 2371 1161 2422 sed
1193 2369 1324 2423 ineo
1351 2367 1490 2438 quod
1515 2383 1656 2420 seni-

81 2480 161 2534 per
187 2464 305 2531 erit,
339 2463 667 2519 invenienda
699 2471 802 2528 est,
834 2477 994 2532 quam
1022 2460 1126 2515 dici
1151 2470 1435 2530 oporteat,
1468 2459 1657 2528 imagi-

81 2572 180 2615 nem
209 2558 352 2613 Dei.»

137 2671 219 2727 24.
251 2671 354 2727 Sed
383 2670 478 2726 alii
509 2686 614 2725 non
641 2670 691 2724 in
714 2668 1158 2730 accidentalibus,
1191 2677 1248 2722 ut
1273 2668 1340 2721 ita
1365 2666 1654 2736 appellem,

78 2765 402 2832 qualitatibus
437 2763 524 2818 his
555 2763 847 2824 collocant,
874 2761 968 2817 sed
991 2762 1042 2815 in
1069 2758 1657 2824 essentialibus;dilfe—

80 2865 186 2909 runt
211 2866 408 2920 autem,
436 2855 565 2909 dum
600 2855 700 2909 hoc
727 2855 901 2924 ipsum
930 2854 1154 2908 delinire
1177 2853 1389 2908 student
1415 2893 1430 2919 ,
1459 2861 1511 2906 et
1541 2859 1653 2905 sta-

81 2946 232 3002 bilire.
275 2950 452 3019 Atque
487 2949 537 3001 in
559 2949 752 3017 Spiritu
784 2947 899 3016 ipso
924 2987 938 3010 ,
962 2961 1058 3000 seu
1085 2944 1262 2998 anima
1294 2944 1524 2997 hominis
1549 2957 1655 2996 non

81 3041 213 3110 pauci
256 3056 372 3096 eam
406 3040 695 3111 imaginem
741 3048 1005 3095 statuunt.
1057 3037 1130 3092 At
1183 3037 1405 3091 minime
1451 3051 1652 3090 conve-

81 3133 232 3198 aiunt,
264 3148 386 3187 num
423 3135 478 3186 in
513 3131 889 3200 intelligentia,
911 3145 1036 3184 unm
1057 3131 1110 3183 in
1138 3128 1580 3195 voluntatc,num
1602 3128 1653 3181 in

80 3235 282 3297 utroque
312 3227 506 3282 eadem
536 3227 712 3296 imago
739 3225 808 3278 sit
833 3225 1169 3278 collocanda.

140 3321 253 3376 ilice
280 3322 442 3378 docet
468 3362 483 3384 ,
546 3319 771 3375 Geleuio
793 3318 1089 3382 interprete
1110 3358 1124 3384 ,
1161 3315 1316 3370 Philo
1345 3313 1447 3388 (De
1477 3315 1651 3385 opiﬁc.

78 3430 181 3484 pag.
205 3415 267 3468 l5
315 3415 444 3468 edit.
477 3411 719 3482 Lttgdutt.
762 3412 886 3463 anni
917 3407 1079 3480 1561)
1132 3424 1143 3460 :
1194 3407 1433 3461 tDicitur
1473 3406 1652 3477 imago

73 3504 204 3573 juxta
233 3516 472 3562 mentem
511 3505 792 3560 rectricem
832 3503 1065 3556 animae;
1112 3499 1179 3554 ad
1219 3499 1345 3554 illud
1377 3500 1520 3553 enim
1546 3500 1655 3553 sin-

76 3597 257 3665 gulare,
277 3613 373 3653 ceu
403 3596 756 3665 archetypum
790 3594 840 3647 iu
863 3606 1189 3662 unoquoque
1218 3604 1371 3646 mens
1397 3590 1651 3660 efﬁgiata,

78 3701 149 3746 est
175 3687 568 3760 quodammodo
595 3689 735 3742 Deus
764 3687 880 3755 ejus
911 3727 926 3752 ,
956 3687 1043 3755 qui
1079 3687 1247 3754 ipsam
1281 3683 1649 3738 circumfert.»

80 3783 332 3838 Philonem
380 3781 534 3850 sequi
584 3779 794 3832 videtur
824 3778 1077 3832 Clemens
1105 3773 1502 3829 Alexandrinus
1534 3773 1649 3844 (lib.

79 3892 122 3930 rt
164 3877 376 3948 Strom.)
418 3874 725 3928 «hominem
760 3885 984 3924 monens
1006 3870 1070 3921 ad
1098 3868 1187 3922 Ι)θὶ
1216 3867 1501 3937 imaginem
1533 3880 1654 3920 esse

79 3966 278 4032 factum,
311 3984 419 4023 non
451 3975 669 4036 propter
695 3973 980 4017 structura:
1004 3977 1113 4015 sua:
1133 3959 1374 4029 ﬁgurant,
1399 3959 1493 4014 sed
1516 3973 1653 4028 quo-

80 4064 204 4113 niam
227 4061 296 4114 ttti
323 4061 468 4115 Deus
494 4059 706 4112 ratione
737 4055 954 4111 molitur
984 4053 1163 4108 omnia
1189 4093 1202 4115 ,
1254 4052 1331 4106 sic
1363 4049 1527 4105 homo
1562 4050 1651 4120 qui

81 4149 290 4217 perfecta
312 4149 643 4222 cogitatione
667 4146 923 4218 praeditus
951 4154 1056 4210 est,
1098 4159 1163 4198 ex
1196 4143 1443 4198 rationali
1479 4142 1648 4196 iacul-

83 4252 176 4296 tate
200 4242 387 4310 b0nas,
415 4251 471 4298 et
500 4241 757 4296 honestas
787 4242 1028 4293 actiones
1058 4238 1425 4306 exsequitur.»
1461 4235 1652 4290 At’linia

89 4334 231 4390 tradit
255 4335 402 4390 Zeno
431 4333 546 4407 (lib.
576 4349 634 4396 tt,
667 4343 765 4385 ινα.
795 4331 883 4395 l9,
925 4329 1042 4400 20).

139 4445 225 4502 25.
256 4448 443 4504 Eidem
475 4446 716 4518 opinioni
759 4445 968 4500 accedit
990 4443 1322 4514 Augustinus
1352 4441 1464 4515 (lib.
1487 4458 1560 4496 xu
1585 4440 1653 4494 de

80 4535 287 4595 Civitate
321 4557 438 4611 cap.
500 4537 630 4610 2'5);
679 4537 880 4608 quippe
934 4549 1213 4606 ptiStqllam
1262 4533 1446 4588 retulit
1490 4533 1651 4587 verba

82 4627 196 4684 illa:
234 4630 392 4686 tfecit
418 4647 548 4701 ergo
592 4629 730 4683 Deus
756 4628 1025 4682 hominem
1057 4625 1122 4680 ad
1142 4627 1450 4695 imaginem,
1503 4635 1555 4678 et
1581 4625 1653 4677 si-

84 4719 420 4776 tuilitudincm
443 4736 651 4786 suam,»
688 4720 804 4773 haec
829 4717 1036 4786 sultjicit
1070 4735 1081 4770 :
1121 4735 1140 4769 ι
1179 4717 1337 4771 talem
1363 4716 1657 4786 quippeilli

84 4811 299 4868 animam
328 4813 533 4867 creavit
560 4852 575 4876 ,
626 4826 729 4881 qua
760 4825 856 4880 per
883 4809 1147 4864 rationem
1171 4817 1332 4878 atque
1356 4809 1658 4877 intelligen-

86 4902 196 4957 tiam
225 4907 476 4960 omnibus
499 4912 646 4961 esset
674 4906 1020 4974 praestantior
1040 4903 1366 4957 animalibus
1390 4902 1657 4956 terrestri-

83 4989 191 5058 bus,
223 5007 276 5050 et
303 4997 633 5061 uatatililius,
664 5008 717 5051 et
741 4995 1046 5051 volatilibus
1077 5036 1092 5061 ,
1122 5010 1240 5065 qua:
1287 5003 1524 5051 mentem
1551 4994 1653 5048 hu-

79 5083 291 5150 jusmodi
325 5103 429 5143 non
458 5088 741 5143 haberent.

144 5179 277 5236 Alibi
300 5182 517 5237 brevius
540 5223 556 5248 ,
600 5180 695 5236 sed
735 5195 842 5236 non
873 5180 1051 5234 minus
1079 5193 1337 5248 expresse
1367 5177 1561 5250 (Tract.
1597 5194 1653 5232 ιιι

83 5267 128 5320 in
145 5268 321 5341 lotm.)
346 5291 362 5327 :
399 5273 546 5327 «Non
573 5271 743 5328 distas
763 5286 793 5326 a
820 5286 1045 5342 pecore,
1070 5271 1173 5325 nisi
1199 5270 1504 5326 intellectu:
1539 5269 1652 5325 noli

84 5359 280 5420 aliunde
302 5364 544 5436 gloriari.
566 5405 579 5418 .
600 5403 615 5418 .
639 5403 653 5418 .
702 5363 859 5420 Unde
901 5378 1031 5434 ergo
1057 5364 1250 5419 melior
1270 5362 1364 5418 es?
1412 5361 1490 5418 Ex
1514 5361 1651 5416 ima-

143 5543 215 5610 (a)
246 5544 473 5598 Rursum
496 5542 562 5598 ad
585 5543 754 5598 instar
783 5542 876 5597 Dei
905 5541 1144 5597 omnium
1170 5541 1483 5598 conditoris.
1517 5553 1643 5611 reg-

82 5621 165 5666 nat
186 5613 363 5680 homo,
392 5625 446 5669 et
462 5613 685 5683 judicat.
717 5613 912 5668 Verum
944 5614 1084 5667 Deus
1103 5612 1527 5672 accusatoribus.
1555 5618 1649 5683 aut

83 5685 292 5764 testibus
330 5681 549 5764 minime
576 5685 788 5764 _indiget
817 5724 832 5747 ,
867 5683 1080 5764 quando
1100 5683 1326 5764 judicat.
1348 5753 1360 5764 .
1385 5683 1474 5737 Sic
1503 5681 1648 5736 enim

84 5751 203 5809 Cain
239 5755 616 5812 condemnavit
656 5751 905 5824 tauquam
942 5751 1161 5812 sceleris
1185 5754 1302 5823 ejus
1346 5753 1639 5823 inspector.

1761 1918 1922 1974 quam
1949 1902 2034 1958 hic
2063 1902 2436 1972 proposuimus
2463 1901 2767 1969 Opinionem
2791 1900 2837 1952 si
2853 1899 2975 1968 quis
2996 1897 3236 1962 alterius,
3261 1911 3359 1952 nec

1766 1997 2022 2061 recentis,
2042 2008 2141 2049 nec
2164 1991 2545 2049 contemnendi
2569 1991 2862 2058 Scriptoris
2890 1989 3212 2044 auctoritate
3231 2000 3360 2042 con-

1766 2089 1981 2143 ﬁrmare
2004 2087 2208 2157 cupiat,
2237 2096 2399 2153 atque
2430 2087 2724 2149 illustrare,
2757 2082 2936 2150 adeat,
2961 2081 3212 2142 obsecro.
3241 2094 3360 2149 quin

1766 2192 1961 2238 auctor
1990 2180 2111 2234 libri
2138 2179 2200 2232 de
2227 2179 2450 2248 Spiritu,
2481 2188 2528 2230 et
2550 2176 2735 2231 Anima
2760 2192 2820 2229 ea
2851 2173 2919 2228 de
2945 2188 3005 2227 re
3025 2172 3188 2228 tradit
3214 2174 3357 2241 (cap.

1760 2273 1877 2343 56).
1921 2270 2180 2326 Consulat
2201 2280 2383 2324 autem
2403 2282 2536 2337 rogo
2554 2267 2849 2322 editionem
2872 2264 3094 2320 Patrum
3117 2263 3174 2318 S.
3191 2261 3359 2316 Mauri

1763 2365 1869 2438 (In
1902 2364 2121 2435 append.
2149 2363 2271 2416 tomi
2310 2377 2360 2414 Vl
2388 2360 2660 2430 Augustin.
2692 2373 2812 2428 pag.
2833 2355 2964 2426 35);
2995 2368 3120 2409 nam
3139 2354 3192 2408 itt
3216 2368 3360 2408 mar-

1760 2459 1886 2531 gine
1930 2458 2120 2527 capitis
2173 2456 2265 2518 56,
2320 2455 2464 2524 quod
2522 2451 2721 2521 allego,
2752 2451 2916 2503 citata
2947 2445 3185 2501 inveniet
3213 2460 3353 2498 non-

1759 2551 1908 2608 nulla
1938 2549 2192 2607 Bernardi
2226 2548 2364 2608 loca,
2384 2562 2450 2600 ex
2482 2545 2676 2612 quibus
2702 2542 2946 2610 Scriptor
2970 2539 3073 2596 iste
3101 2538 3350 2608 exscrip-

1760 2643 1898 2698 sisse
1925 2642 2135 2697 videtur
2164 2656 2283 2710 qua:
2308 2655 2369 2693 ea
2403 2639 2470 2692 tle
2493 2652 2551 2691 re
2582 2636 2760 2689 docet.

1829 2759 1921 2813 27.
1952 2756 2010 2812 lu
2032 2755 2326 2810 Voluntate
2351 2766 2510 2820 porro
2535 2749 2866 2805 constituunt
2890 2744 3136 2800 eamdem
3165 2741 3356 2813 imagi-

1762 2866 1882 2906 nem
1910 2848 2000 2919 qui
2032 2848 2086 2901 in
2111 2845 2360 2901 libertate
2388 2841 2680 2897 collocant.
2721 2842 2894 2908 Atque
2933 2836 3019 2892 his
3051 2835 3194 2891 favet
3217 2834 3354 2889 Ter-

1761 2943 2017 2999 tullianus
2044 2939 2160 2995 haec
2180 2938 2382 2993 docens
2407 2934 2522 3005 (lib.
2546 2950 2583 2988 tt
2606 2942 2793 2988 contra
2810 2927 3068 2985 Marcion.
3092 2943 3208 2996 cap.
3243 2926 3315 2996 5)
3339 2941 3351 2976 :

1767 3056 1785 3091 t
1817 3036 2095 3100 Liberum,
2123 3041 2179 3087 et
2205 3030 2288 3084 sui
2315 3027 2564 3091 arbitrii,
2596 3035 2650 3080 et
2681 3039 2794 3078 suae
2823 3021 3105 3090 potestatis
3137 3017 3354 3072 invenio

1760 3131 2032 3186 hominem
2062 3143 2091 3181 a
2114 3128 2222 3180 Deo
2238 3123 2544 3178 institutum
2569 3136 2581 3172 :
2614 3117 2814 3173 nullam
2843 3114 3012 3185 magis
3038 3111 3350 3181 imaginem,

1759 3234 1815 3281 et
1839 3218 2249 3279 similitudinem
2285 3213 2377 3271 Dei
2430 3213 2483 3266 in
2530 3211 2624 3265 illo
2650 3207 3089 3263 animadvertens
3114 3244 3128 3266 ,
3189 3215 3350 3272 quam

1760 3312 2206 3387 ejusmodistatus
2227 3306 2511 3361 formam.»
2532 3302 2598 3358 Et
2615 3301 2870 3366 deinceps
2890 3299 3030 3370 (cap.
3058 3293 3352 3387 6):tDpor-
3421 3341 3432 3348 _

1761 3383 1909 3462 lebat
1934 3403 2224 3473 imaginem
2251 3441 2267 3466 ,
2296 3406 2351 3454 et
2384 3394 2787 3451 similitudinem
2818 3390 2912 3445 Dei
2940 3387 3091 3443 liberi
3114 3383 3348 3448 arbitrii,

1759 3511 1814 3556 et
1843 3513 1955 3553 suae
1978 3494 2258 3568 potestatis
2288 3488 2498 3558 institui
2525 3529 2538 3552 ,
2593 3486 2646 3541 in
2676 3499 2778 3555 qua
2821 3483 2924 3538 hoc
2949 3480 3121 3550 ipsum
3146 3477 3342 3545 imago,

1758 3603 1813 3650 et
1841 3589 2136 3648 similitudo
2167 3587 2258 3641 Dei
2290 3585 2676 3654 deputaretur;
2716 3574 2922 3632 arbitrii
2951 3571 3159 3628 scilicet
3191 3569 3353 3624 liber-

1761 3696 1842 3740 tas
1867 3727 1883 3752 ,
1917 3693 1971 3738 et
2001 3690 2293 3754 pmestas.»

1826 3777 1919 3833 ‘28.
1950 3753 2308 3844 Hieronymus
2339 3780 2552 3839 quoque
2580 3764 2696 3818 haec
2715 3761 2958 3816 scribens
2981 3760 3061 3828 (b)
3087 3773 3101 3811 :
3150 3753 3344 3811 tSolus

1759 3870 1901 3924 Deus
1924 3878 2008 3922 est
2037 3907 2051 3930 ,
2085 3869 2139 3918 in
2165 3877 2323 3933 quem
2355 3867 2630 3929 peccatum
2657 3869 2761 3908 non
2791 3851 2952 3907 cadit.
2981 3851 3187 3904 Caetera
3220 3861 3345 3901 cum

1757 3960 1866 4014 sint
1893 3958 2047 4013 liberi
2066 3954 2272 4009 arbitrii
2301 3951 2470 4024 (justa
2502 3947 2642 4017 quod
2666 3953 2721 4001 et
2749 3946 2910 4000 homo
2934 3942 3000 3997 ad
3028 3940 3341 4010 imaginem,

1757 4062 1811 4108 et
1836 4048 2241 4104 similitudinem
2270 4044 2362 4098 Dei
2389 4041 2556 4096 factus
2579 4038 2705 4107 est),
2738 4037 3089 4103 inutramque
3119 4041 3347 4100 partem,

1757 4159 1908 4200 suam
1943 4149 2169 4214 possunt
2197 4138 2416 4192 ﬂectere
2444 4133 2826 4186 voluntatem.»

1829 4259 1982 4314 Titus
2012 4250 2317 4310 Bostrensis
2341 4245 2588 4300 similiter
2609 4242 2725 4295 hirc
2755 4238 2998 4294 elocutus
3028 4234 3143 4307 (lib.
3164 4248 3202 4287 ιι
3229 4248 3353 4286 cou-

1758 4364 1838 4406 tra
1872 4348 2161 4416 Manich.):
2198 4341 2512 4397 «Hominem
2547 4336 2687 4390 Deus
2710 4329 2995 4388 honoravit
3018 4371 3033 4394 ,
3079 4327 3351 4381 fabricatis

1757 4459 1880 4500 eum
1920 4442 1986 4496 ad
2026 4437 2314 4508 imaginem
2357 4447 2542 4486 suam:
2580 4427 2805 4482 utsicut
2837 4426 2951 4494 ipse
2981 4421 3234 4477 libertate
3261 4433 3358 4472 na-

1761 4547 1894 4592 turae
1916 4533 2085 4589 bonus
2107 4537 2209 4592 est,
2239 4527 2318 4581 sic
2361 4525 2522 4578 homo
2551 4521 2798 4575 libertate
2829 4513 3089 4587 propositi
3120 4512 3358 4566 imitator

1766 4627 1859 4682 Dei
1881 4633 2048 4689 esset,
2079 4635 2185 4676 non
2209 4617 2489 4673 abstinens
2509 4630 2540 4668 a
2569 4618 2810 4682 peccato,
2835 4607 2958 4674 quia
2983 4604 3123 4659 desit
3149 4609 3353 4655 natura:

1763 4720 1862 4789 ipsi
1895 4724 2130 4788 potestas
2156 4755 2170 4780 ,
2212 4710 2306 4768 sed
2343 4709 2595 4764 libertate
2625 4698 2881 4773 propositi
2902 4699 3152 4752 virtutem
3186 4694 3356 4747 hono-

1762 4826 1910 4867 rans.
1936 4829 1956 4862 ι

1831 4903 1923 4957 ‘29.
1949 4902 2030 4955 An
2059 4913 2164 4954 non
2190 4909 2323 4950 vero
2349 4893 2634 4962 imaginem
2663 4886 2780 4950 Dei,
2798 4885 2865 4939 de
2887 4897 2984 4952 qua
3009 4879 3350 4942 disserimus,

1762 4995 1816 5049 in
1836 4994 2082 5048 libertate
2101 4988 2280 5044 statuit
2301 4985 2583 5048 Macarius,
2610 4977 2824 5048 quando
2853 4975 2968 5030 haec
2988 4973 3148 5027 docet
3166 4967 3352 5043 (Hom.

1763 5083 1899 5155 15)?
1930 5102 1948 5135 t
1999 5083 2079 5136 Tu
2111 5095 2236 5134 vero
2270 5085 2552 5146 pr0pterea
2572 5088 2630 5127 es
2652 5071 2717 5125 ad
2747 5069 3060 5138 imaginem,
3090 5075 3143 5119 et
3165 5060 3357 5118 simili-

1764 5173 1999 5229 tudinem
2032 5170 2148 5236 Dei,
2175 5167 2429 5238 quoniatn
2465 5165 2538 5218 uti
2568 5162 2708 5216 Deus
2735 5159 2818 5213 sui
2839 5156 2998 5227 juris,
3031 5169 3095 5209 ac
3122 5157 3358 5222 potesta-

1763 5269 1829 5323 tis
1857 5276 1972 5329 est,
2009 5273 2063 5319 et
2096 5261 2238 5333 quod
2266 5260 2377 5314 vult
2404 5257 2533 5313 facit
2699 5255 2768 5309 ita
2797 5253 2961 5309 etiam
2990 5262 3044 5305 tu
3073 5245 3356 5318 potcSlalis

1762 5375 1822 5417 es
1843 5370 1969 5423 tute,
1999 5375 2019 5409 ι
2053 5364 2158 5411 etc.

1756 5537 1927 5593 Homo
1955 5548 2085 5590 vero
2113 5534 2166 5587 in
2188 5530 2480 5603 judicando
2503 5527 2729 5585 testibus
2747 5540 2883 5594 opus
2905 5522 3094 5586 habet,
3117 5529 3174 5576 et
3195 5533 3354 5574 accu-

1754 5607 2046 5670 satoribus,
2075 5619 2240 5674 quum
2269 5604 2592 5674 ignoretea,
2611 5613 2732 5674 qtae
2754 5603 3061 5674 perpetrata
3089 5603 3236 5674 stunt.

1827 5659 1986 5751 (ib—)ln
2016 5659 2174 5746 epist.
2193 5659 2324 5751 olim
2347 5673 2470 5730 H6.
2494 5671 2549 5727 lu
2571 5659 2809 5726 editione
2837 5659 3352 5734 VeronensiEp.21

1757 5743 2141 5806 ad'D'amasitm
2162 5760 2220 5802 ιι.
2245 5743 2340 5801 40.
