3978 6196
621 271 726 327 859

1297 273 1360 328 ΙΝ
1406 274 1660 331 lllLARll
1704 265 1916 332 EPIST.
1958 275 2094 334 εει]
2135 278 2360 337 LIBEL.
2408 279 2857 336 lllSSEliTATlO
2896 278 3239 339 SECUNDA.
3775 292 3852 340 Hal

689 391 776 447 ὅθ.
808 389 1001 446 Marius
1029 389 1212 445 Victor
1238 389 1426 443 horum
1470 405 1694 448 numero
1737 392 2022 448 sociandus
2071 402 2192 450 est:
2222 397 2273 456 Α
2300 409 2449 448 suam
2472 393 2697 450 Creator
2725 397 2963 451 omnium
2995 412 3115 452 eum
3149 397 3379 464 creavit,
3409 398 3555 470 quod
3579 399 3702 455 nulli
3739 402 3860 459 alteri

620 487 819 558 quippe
846 486 958 540 haec
990 484 1158 540 Deum
1187 484 1494 555 loquentem
1525 484 1728 541 inducit
1754 504 1768 539 :

709 617 850 687 Eone
870 617 1114 687 hominem
1129 617 1390 687 iaciamus,
1412 622 1498 687 ait;
1520 622 1603 684 qui
1624 628 1805 684 regnet
1827 620 1876 671 in
1903 623 2047 687 orbe,

705 682 768 732 Et
786 683 850 731 sit
872 683 1031 742 imago
1048 680 1140 731 Dei
1165 695 1177 730 :
1195 680 1406 733 similem
1431 680 1580 733 decet
1603 680 1715 733 esse
1734 685 1924 734 creanti

707 743 858 794 Liber
873 744 934 792 ad
958 745 1212 796 arbitrium
1231 744 1408 796 {ruitur
1431 749 1518 808 qui
1541 753 1711 797 mente
1736 747 1931 797 creatis.

687 874 776 930 5i.
828 873 937 930 Hos
980 886 1278 946 sequuntur
1323 878 1727 946 Damascenos,
1783 888 1836 934 et
1875 879 2200 937 Bernardus.

617 969 816 1025 Horum
849 971 1050 1038 primus
1085 971 1198 1026 hare
1221 973 1293 1026 ait
1323 973 1463 1044 (Lib.
1515 989 1570 1028 ιιι
1593 974 1660 1029 de
1701 973 1804 1029 ﬁde
1831 974 2056 1029 Orthod.
2087 992 2201 1045 cap.

619 1060 709 1132 l2)
738 1079 751 1115 :
781 1060 943 1117 (Cum
973 1063 1038 1118 ad
1074 1064 1359 1141 imaginem
1382 1065 1572 1133 δεξιαί»,
1600 1074 1654 1121 et
1675 1067 2206 1136 supersobstantialis

621 1155 916 1210 divinitatis
948 1153 1108 1209 homo
1135 1158 1204 1210 sit
1232 1155 1438 1224 factus,
1478 1160 1547 1212 sit
1585 1170 1763 1214 autem
1804 1160 1979 1215 divina
2018 1170 2208 1217 natura

619 1259 714 1316 per
749 1260 808 1300 se
849 1247 1015 1302 libera
1042 1289 1056 1312 ,
1104 1249 1293 1317 suique
1319 1250 1456 1318 juris
1483 1291 1498 1314 ,
1546 1266 1607 1306 ac
1635 1253 1910 1308 voluntate
1941 1254 2162 1324 praedita
2189 1295 2205 1323 ,

618 1354 956 1411 consequens
983 1349 1066 1396 est
1085 1341 1354 1396 hominem
1385 1344 1530 1399 velut
1559 1345 1724 1416 ipsius
1754 1345 2040 1418 imaginem
2074 1346 2210 1404 libe-

626 1449 744 1488 rum
761 1450 882 1490 esse
897 1444 1085 1490 natura
1109 1450 1225 1503 sua,
1250 1446 1301 1492 et
1327 1439 1598 1493 voluntate
1623 1439 1924 1508 prmditom.
1943 1460 1960 1493 ι
1980 1441 2210 1495 Bernar-

618 1527 716 1582 dtts
738 1545 865 1582 vero
893 1530 998 1603 (de
1027 1529 1172 1584 Grut.
1199 1541 1247 1585 et
1275 1531 1387 1586 Lib.
1431 1533 1647 1586 arbitrio
1675 1551 1790 1603 cap.
1833 1536 1887 1598 9,
1938 1552 2079 1588 num.
2115 1533 2208 1604 i8)

618 1631 800 1675 monet
830 1659 845 1688 ,
897 1622 949 1674 in
993 1621 1227 1677 libertate
1251 1624 1448 1678 arbitrii
1490 1626 1765 1696 imaginem
1792 1624 1889 1680 Dei
1915 1641 2036 1681 esse
2061 1626 2207 1697 posi-

621 1720 749 1769 tam.

689 1809 777 1863 52.
824 1806 879 1862 1n
914 1809 1262 1880 intelligentia
1290 1824 1450 1879 porro
1491 1810 1870 1880 potissimum;
1914 1811 2006 1865 sed
2054 1819 2108 1866 et
2153 1811 2205 1866 in

619 1903 872 1958 libertate
916 1907 1077 1958 etiam
1123 1902 1367 1958 eamdem
1414 1902 1699 1969 imaginem
1746 1916 1946 1972 ponere
2002 1901 2211 1958 videtur

620 1995 936 2050 Ambrosius
971 1995 1086 2049 haec
1134 1995 1348 2062 scriptis
1398 1993 1655 2048 mandans
1696 1992 1962 2067 (ﬂexam.
1994 2009 2105 2065 cap.
2143 1995 2210 2064 8,

619 2087 751 2140 alias
783 2105 837 2139 η.
871 2085 965 2158 43)
1002 2105 1014 2140 :
1044 2104 1062 2138 ι
1109 2085 1221 2141 Non
1251 2101 1378 2156 ergo
1415 2100 1541 2140 caro
1570 2093 1746 2155 potest
1775 2100 1896 2140 esse
1924 2086 2211 2156 ad-imagi-

622 2193 744 2234 nem
775 2179 886 2247 Dei,
920 2178 1012 2233 sed
1039 2179 1217 2233 anima
1261 2187 1462 2244 nastra,
1492 2193 1610 2246 qua:
1642 2177 1808 2230 libera
1846 2188 1949 2241 est,
1982 2184 2037 2231 et
2055 2175 2214 2232 diffu-

623 2272 698 2326 sis
723 2271 1160 2342 cogitationibus,
1189 2281 1349 2340 atque
1375 2269 1613 2324 consiliis
1642 2267 1750 2323 huc
1769 2274 1930 2338 atque
1961 2267 2086 2323 illuc
2123 2283 2214 2322 va-

623 2375 778 2438 gatur
802 2408 816 2433 ,
849 2380 969 2436 quae
996 2363 1391 2419 considerando
1417 2369 1623 2432 spectat
1652 2363 1850 2416 omnia.
1896 2360 2036 2416 Ecce
2071 2375 2213 2417 nunc

623 2471 810 2514 sumus
833 2457 883 2512 in
915 2455 1063 2511 Italia
1085 2498 1098 2522 ,
1124 2465 1178 2510 et
1196 2458 1492 2525 cogitamus
1527 2468 1621 2521 ea,
1644 2467 1764 2522 quae
1789 2453 1854 2506 ad
1885 2453 2210 2520 Orientales,

622 2561 714 2606 aut
755 2551 1126 2606 Occidentales
1153 2559 1328 2620 partes
1365 2557 1610 2618 Spectare
1659 2546 1910 2601 videntur
1934 2588 1948 2610 ,
1996 2556 2049 2601 et
2089 2559 2212 2601 cum

622 2642 727 2700 illis
750 2642 952 2699 versari
981 2643 1224 2698 videmur
1245 2683 1258 2707 ,
1292 2641 1379 2710 qni
1411 2640 1464 2695 in
1499 2639 1718 2694 Perside
1747 2647 1871 2693 sunt
1896 2639 2210 2706 constituti,

623 2742 681 2791 et
707 2735 825 2789 illos
853 2733 1121 2800 videmus,
1152 2733 1241 2802 qui
1264 2732 1463 2803 degunt
1492 2732 1543 2787 in
1575 2730 1777 2796 Africa,
1804 2733 1848 2785 si
1876 2745 2011 2800 quos
2031 2731 2216 2800 cogni-

623 2835 710 2882 tos
737 2827 892 2882 nobis
915 2840 976 2881 ea
1007 2835 1149 2881 terra
1173 2825 1473 2894 susceperit
1497 2841 1510 2878 :
1555 2825 1833 2896 sequimur
1863 2823 2212 2893 proﬁciscen-

626 2933 728 2987 tes,
763 2921 1087 2975 inhaeremus
1112 2917 1599 2990 peregrinantibus,
1627 2918 1944 2988 copulamur
1976 2917 2218 2972 absenti-

626 3013 746 3081 bus,
780 3013 1104 3083 alloquimur
1133 3023 1430 3082 separatos,
1455 3009 1741 3066 defunctos
1767 3024 1980 3080 quoque
2008 3008 2072 3063 ad
2103 3008 2215 3063 col-

627 3105 866 3175 loquium
891 3104 1294 3168 resuscitamus,
1325 3119 1545 3174 eosque,
1568 3112 1631 3158 ut
1651 3104 1912 3168 viventes,
1944 3104 2215 3174 complec-

627 3197 788 3251 timur
810 3237 826 3263 ,
855 3207 909 3251 et
930 3206 1179 3252 tenemus
1204 3237 1218 3262 ,
1251 3204 1306 3250 et
1330 3195 1453 3250 vitae
1477 3194 1652 3250 ofﬁcia
1685 3195 1768 3249 his
1791 3235 1805 3260 ,
1833 3208 2095 3265 usumque
2119 3196 2214 3250 de-

627 3289 868 3344 ferimus.
901 3289 973 3343 Ea
998 3290 1157 3359 igitur
1183 3299 1265 3343 est
1293 3289 1360 3341 ad
1386 3289 1659 3359 imaginem
1680 3286 1800 3354 Dei,
1823 3303 1942 3359 quae
1965 3303 2070 3342 non
2093 3302 2213 3343 cor-

627 3398 794 3453 poreo
821 3381 1148 3448 aestimatur,
1173 3381 1266 3435 sed
1291 3381 1487 3435 mentis
1528 3382 1749 3451 vigore:
1795 3395 1915 3449 quae
1961 3381 2213 3436 absentes

626 3475 814 3538 videt,
866 3474 1221 3529 transmarina
1260 3473 1376 3526 viso
1412 3472 1559 3534 obit,
1612 3472 1872 3541 percurrit
1915 3472 2210 3542 adspectu,

627 3576 899 3624 scrutatur
919 3566 1096 3622 abdita
1122 3607 1137 3633 ,
1175 3564 1296 3631 huc,
1327 3575 1487 3636 atque
1508 3565 1636 3621 illoc
1661 3580 1766 3619 uno
1795 3574 2068 3620 momento
2093 3582 2214 3621 sen-

629 3675 720 3715 sus
750 3677 876 3716 suos
903 3676 998 3730 per
1023 3661 1186 3714 totius
1215 3659 1374 3714 Orbis
1402 3659 1560 3727 lines,
1584 3668 1639 3715 et
1665 3659 1847 3714 mundi
1874 3671 2079 3716 secreta
2099 3662 2215 3720 .cir-

629 3751 891 3807 cumfert:
916 3769 1034 3822 quae
1063 3754 1174 3808 Dco
1197 3753 1458 3823 jungitur,
1484 3750 1699 3808 Christo
1726 3753 2213 3821 adh:eret,descen-

628 3845 707 3899 dit
729 3845 779 3898 in
802 3843 1073 3900 Inl‘ernum
1095 3887 1110 3911 ,
1154 3855 1312 3916 atque
1337 3846 1648 3910 adscendit,
1693 3846 1860 3902 libera
1885 3859 2129 3905 versatur
2159 3851 2212 3906 in

627 3937 788 3992 casio.
823 3937 1063 4006 Denique
1087 3936 1210 3992 audi
1236 3935 1540 3993 dicentem:
1585 3949 1761 3994 nostra
1788 3953 1961 3995 autem
2002 3958 2206 3997 conver-

628 4029 759 4082 satio
786 4028 842 4083 in
869 4029 1011 4084 cretis
1039 4039 1133 4083 est.
1165 4047 1184 4081 ι

698 4119 756 4176 In
792 4122 1036 4176 eamdem
1088 4122 1397 4193 opinionem
1449 4122 1604 4180 facile
1655 4121 1890 4180 dedoces
1938 4135 2212 4182 auctorem

627 4215 985 4270 instructioni:
1019 4217 1328 4284 sacerdotis,
1373 4217 1486 4274 sive
1525 4218 1828 4274 Bernardos
1875 4220 1919 4274 is
1944 4220 2052 4287 sit,
2102 4223 2216 4279 sive

627 4307 762 4361 alios
783 4308 1068 4378 quispiam,
1101 4325 1262 4380 quem
1285 4326 1435 4365 num.
1461 4310 1530 4366 lli
1549 4311 1798 4383 allegavi.
1824 4312 1903 4368 Ad
1920 4314 2212 4385 imaginem,

628 4409 683 4455 ut
714 4401 924 4455 [ruberes
953 4405 1269 4467 memoriam,
1299 4412 1402 4459 etc.

699 4495 788 4550 55.
814 4496 869 4551 ln
896 4496 1088 4551 eximia
1115 4499 1407 4553 exsistendi
1453 4499 1504 4554 in
1530 4514 1788 4568 corpore.
1822 4501 2057 4572 illudque
2101 4504 2216 4558 ani-
2243 4540 2297 4601 D

629 4587 832 4654 mandi,
857 4597 910 4642 et
941 4590 1351 4659 prmclarissime
1369 4591 1560 4662 agendi
1588 4593 1796 4648 ratione
1820 4595 2066 4650 eamdem
2087 4595 2220 4649 ima-

628 4681 804 4752 ginem
835 4682 1038 4736 invenit
1062 4691 1248 4737 auctor
1275 4683 1395 4737 libri
1429 4684 1492 4738 de
1517 4684 1745 4754 Spiritu,
1793 4695 1840 4739 et
1866 4685 2086 4752 Anima,
2127 4687 2217 4756 qui

630 4773 836 4843 pridem
863 4773 1162 4844 Augustino
1193 4775 1546 4830 tribuebatur.
1607 4779 1781 4847 Atque
1815 4777 1958 4832 illius
1999 4780 2213 4848 quidem

628 4864 903 4934 ingeniosa
927 4865 1126 4920 monita
1152 4865 1356 4921 referre
1377 4868 1571 4936 placet,
1598 4877 1653 4922 ut
1677 4883 1738 4924 ea
1775 4869 1984 4925 scilicet
2016 4886 2216 4941 expen-

629 4954 718 5009 dat
748 4956 935 5019 lector,
960 4955 1310 5027 conl’eratque
1337 4972 1458 5013 cum
1498 4959 1565 5014 iis
1590 4961 1971 5028 scriptoribus,
1999 4979 2135 5032 quos
2163 4963 2216 5022 in

631 5046 790 5117 hujus
806 5047 1047 5118 opusculi
1065 5050 1304 5119 margine
1318 5049 1424 5104 PP.
1442 5049 1673 5106 S.Mauri
1687 5051 1920 5122 allegant
1939 5052 2216 5128 (διψῶ).

635 5156 653 5189 ι
685 5137 794 5193 Nec
819 5139 888 5194 ob
912 5138 1012 5195 hoc
1034 5140 1208 5195 solum
1237 5142 1477 5210 quidem,
1511 5142 1652 5212 quod
1674 5143 1739 5198 ad
1757 5146 2042 5200 consilium
2065 5161 2222 5203 sanc-

628 5239 698 5284 tze
719 5230 996 5287 Trinitatis
1017 5234 1094 5287 sic
1105 5234 1432 5290 excellenter
1445 5250 1472 5288 a
1489 5233 1783 5293 Conditore
1799 5239 2052 5296 conditus
2071 5241 2222 5296 Immo

631 5331 715 5378 est
739 5365 754 5390 ,
797 5323 892 5380 sed
921 5322 1082 5380 etiam
1110 5325 1252 5394 quod
1280 5324 1346 5379 ad
1379 5325 1667 5397 imaginem
1693 5367 1710 5394 ,
1736 5339 1789 5384 et
1814 5331 2220 5388 similitudinem

709 5497 784 5568 (α)
824 5497 882 5553 In
938 5499 1075 5556 libro
1124 5503 1190 5558 de
1226 5502 1296 5557 Di
1334 5505 1427 5560 nit.
1459 5507 1653 5561 condit.
1695 5507 1966 5577 humanm,
2021 5527 2080 5567 ca
2128 5553 2140 5567 .
2171 5512 2228 5568 2.

714 5570 800 5636 de,
835 5571 1085 5633 obsecro.
1115 5590 1233 5640 qua-
1279 5521 1348 5632 εἴθ
1389 5575 1489 5633 hoc
1516 5577 1792 5640 Scriptore
1819 5581 2010 5637 docent
2041 5527 2141 5637 με.
2173 5581 2228 5640 S.

640 5568 1233 5648 Yide,_ohsecro,_qoa:
1279 5568 1348 5632 de
1389 5575 1489 5633 hoc
1516 5577 1792 5648 Scriptore
1819 5568 2010 5637 docent
2041 5584 2076 5637 P

2304 500 2370 540 ex
2397 487 2660 541 creaturis
2687 486 2931 542 donavit.
2960 487 3094 556 Quae
3125 489 3301 560 imago
3329 489 3647 562 diligentius
3681 491 3732 548 in
3753 494 3860 550 intc-

2305 578 2466 634 rioris
2491 577 2724 634 hominis
2755 580 3035 652 dignitate,
3057 589 3112 636 et
3133 582 3412 637 nobilitate
3441 593 3526 639 est
3543 585 3859 642 consideran-

2309 668 2396 724 da.
2425 669 2607 724 Primo
2633 671 2850 741 quidem
2881 672 3022 742 quod
3052 672 3208 727 sicuti
3232 673 3374 728 Deus
3395 688 3533 730 unus
3558 690 3766 746 semper
3781 677 3868 732 ubi-

2305 775 2411 830 que
2439 771 2579 816 totos
2607 771 2690 818 est
2717 805 2732 830 ,
2763 765 2944 819 omnia
2974 764 3546 830 viviﬁcaris,-movens
3571 808 3588 833 ,
3625 777 3679 821 et
3703 768 3869 838 guber-

2308 871 2463 920 nans,
2492 858 2631 912 sicut
2660 858 2950 927 Apostolus
2979 859 3052 913 ait
3083 860 3284 927 (Actor.
3312 876 3428 929 cap.
3452 876 3585 926 xm,
3613 861 3730 934 ‘28),
3754 864 3871 931 quod

2307 947 2361 1000 in
2391 965 2451 1003 eo
2479 949 2690 1003 vivimus
2717 990 2731 1015 ,
2762 965 3022 1006 movemur
3047 993 3060 1015 ,
3092 961 3136 1004 et
3164 968 3344 1006 sanius
3363 993 3377 1017 ,
3409 953 3489 1008 sic
3514 955 3692 1008 anima
3721 955 3770 1008 in
3794 971 3874 1010 suo

2309 1055 2538 1110 corpore
2563 1042 2757 1110 ubique
2785 1052 2895 1096 tota
2920 1043 3098 1112 viget,
3125 1043 3403 1098 viviﬁcans
3435 1043 3568 1099 illud
3595 1086 3609 1109 ,
3638 1060 3842 1101 movens
3861 1087 3875 1111 ,

2311 1143 2362 1186 et
2393 1133 2719 1201 gubernans.
2771 1133 2879 1190 Nec
2919 1135 3061 1188 enim
3097 1135 3151 1189 in
3195 1135 3492 1205 majoribus
3535 1139 3772 1206 corporis
3809 1139 3875 1194 sui

2310 1224 2566 1280 membris
2599 1225 2769 1294 major
2799 1236 2880 1280 est
2907 1268 2919 1290 ,
2943 1235 2997 1281 et
3030 1228 3080 1281 in
3124 1228 3422 1284 minoribus
3450 1229 3671 1296 minor;
3713 1230 3800 1286 sed
3835 1233 3875 1285 in

2319 1315 2555 1369 minimis
2585 1324 2693 1369 tota
2727 1327 2810 1371 est
2835 1358 2850 1382 ,
2881 1327 2936 1372 et
2963 1316 3016 1371 in
3044 1319 3292 1374 maximis
3322 1328 3454 1374 tota.
3509 1319 3600 1376 Sic
3625 1321 3786 1376 infusa
3811 1331 3877 1376 est

2312 1406 2526 1473 corpori
2553 1445 2569 1471 ,
2616 1418 2671 1461 ut
2703 1423 2808 1462 non
2842 1423 2938 1478 per
2966 1410 3327 1464 membrorum
3359 1422 3542 1479 partes
3565 1413 3794 1482 partibus
3818 1415 3876 1465 sit

2313 1497 2502 1552 divisa.
2534 1498 2668 1554 Nam
2691 1499 2743 1554 in
2767 1501 3007 1570 quolibet
3032 1503 3151 1558 loco
3180 1519 3302 1573 pars
3324 1506 3569 1574 corporis
3590 1507 3876 1576 percutitur,

2315 1600 2424 1645 tota
2448 1593 2614 1646 dolet.
2653 1593 2786 1648 Miro
2817 1604 2994 1650 autem
3025 1597 3184 1651 modo
3225 1612 3328 1653 una
3356 1597 3658 1669 eademque
3678 1599 3876 1654 vivifica-

2316 1684 2461 1738 tione
2488 1685 2744 1740 membris
2769 1687 3082 1756 praesidens,
3109 1703 3229 1743 cum
3259 1689 3376 1760 ipsa
3403 1706 3500 1761 per
3527 1701 3763 1746 naturam
3791 1706 3877 1745 non

2237 1787 2286 1847 Β
2313 1776 2382 1829 sit
2409 1774 2642 1844 diversa,
2674 1791 2768 1846 per
2788 1791 2984 1846 corpus
3013 1789 3190 1834 tamen
3215 1781 3320 1850 agit
3343 1781 3584 1836 diversa.
3614 1782 3726 1851 ipsa
3745 1783 3873 1852 quip-

2317 1881 2382 1936 pe
2409 1876 2511 1934 est,
2531 1883 2647 1935 qua:
2672 1883 2764 1937 per
2790 1869 2978 1924 oculos
3003 1871 3165 1935 videt,
3191 1871 3339 1927 audit
3358 1887 3454 1942 per
3483 1889 3667 1940 aures,
3691 1889 3780 1944 per
3806 1888 3880 1928 na-

2313 1975 2399 2014 res
2431 1961 2712 2025 adorator,
2749 1977 2842 2030 per
2868 1977 2929 2016 os
2948 1972 3143 2032 gustat,
3182 1980 3277 2034 per
3305 1966 3554 2020 membra
3585 1967 3758 2020 onmia
3787 1974 3881 2020 tau-

2313 2051 2388 2120 git
2415 2066 2430 2114 ;
2475 2060 2530 2105 et
2567 2051 2836 2122 tangendo
2863 2093 2878 2118 ,
2908 2052 3029 2107 lene
3055 2053 3122 2106 ab
3156 2067 3350 2123 aspero
3373 2054 3636 2110 discernit
3660 2072 3676 2120 ;
3705 2064 3877 2110 etcum

2313 2157 2419 2198 non
2448 2145 2520 2198 sit
2541 2143 2754 2198 diversa
2777 2185 2791 2209 ,
2824 2160 2917 2214 per
2942 2160 3135 2200 sensus
3163 2154 3341 2202 tamen
3364 2156 3625 2217 aperatur
3671 2149 3878 2204 diversa.

2316 2237 2395 2292 Ex
2425 2253 2528 2308 qua
2556 2253 2613 2294 re
2639 2238 2986 2308 intelligitur,
3018 2239 3160 2309 quod
3203 2241 3272 2293 ita
3295 2251 3380 2295 est
3402 2242 3584 2296 anima
3615 2242 3880 2297 secundum

2314 2344 2469 2384 suum
2500 2330 2714 2384 modum
2746 2331 2797 2385 in
2824 2346 2923 2386 suo
2952 2346 3180 2402 corpore
3208 2373 3221 2396 ,
3272 2335 3411 2389 sicut
3443 2335 3585 2390 Deus
3623 2347 3706 2390 est
3735 2336 3783 2389 in
3802 2348 3882 2388 sua

2316 2423 2531 2480 Mondo.
2588 2423 2818 2478 interius
2844 2423 3144 2492 siquidem,
3193 2433 3247 2478 et
3290 2425 3566 2490 exterius;
3616 2426 3874 2495 superius,

2317 2524 2369 2569 et
2401 2513 2624 2568 inferius
2649 2524 2762 2569 est:
2792 2515 3026 2584 regendo
3065 2517 3331 2584 superior,
3363 2517 3627 2585 portando
3657 2518 3879 2580 inferior,

2316 2605 2573 2676 replenda
2600 2606 2843 2672 interior,
2887 2606 3272 2661 circumdanda
3301 2607 3561 2663 exterior.
3612 2609 3704 2664 Sic
3725 2621 3800 2664 est
3819 2610 3884 2662 in-

2317 2711 2422 2768 tus,
2457 2710 2513 2755 ut
2541 2710 2689 2755 extra
2709 2700 2796 2766 sit;
2830 2700 2908 2756 sic
2924 2699 3242 2769 circumdat,
3274 2711 3330 2756 ot
3357 2711 3634 2772 penetret;
3665 2705 3741 2758 sic
3763 2719 3877 2772 prte-

2315 2794 2455 2849 sidet
2477 2836 2490 2860 ,
2522 2803 2579 2848 ut
2610 2804 2824 2863 portet;
2859 2794 2936 2849 sic
2960 2802 3168 2865 portat,
3225 2805 3282 2850 ut
3321 2796 3624 2866 praesideat.
3683 2795 3747 2850 Et
3772 2796 3886 2849 sicut

2322 2888 2458 2942 Deus
2487 2902 2583 2940 nec
2615 2887 2982 2942 crescentibus
3013 2887 3276 2943 creaturis
3301 2890 3532 2954 crescit,
3573 2904 3675 2944 nec
3700 2889 3886 2944 decres-

2321 2979 2568 3036 centibus
2617 2978 2911 3034 decrescit:
2958 2981 3035 3033 sic
3066 2979 3242 3034 anima
3273 2995 3372 3036 nec
3403 2981 3621 3035 minutis
3660 2981 3885 3035 membris

2318 3071 2594 3133 minuitur,
2627 3086 2727 3126 nec
2746 3069 2988 3125 adauctis
3035 3082 3280 3141 augetur.
3318 3072 3444 3126 Haec
3465 3083 3548 3128 est
3571 3073 3760 3143 imago,
3788 3073 3878 3126 sive

2240 3161 2286 3224 C
2320 3160 2618 3217 similitudo
2647 3161 3031 3231 omnipotentis
3063 3161 3200 3228 Dei,
3240 3179 3400 3234 quam
3445 3163 3624 3218 anima
3664 3163 3810 3218 habet
3843 3163 3880 3215 in

2317 3269 2397 3310 se.
2432 3274 2450 3306 ι

2387 3347 2475 3402 54.
2520 3347 2718 3402 Eadem
2753 3362 2974 3417 prorsus
3011 3347 3221 3402 monuit
3263 3355 3451 3404 auctor
3483 3347 3603 3402 libri
3635 3349 3700 3402 de
3740 3347 3882 3416 digni-

2317 3449 2420 3494 tate
2449 3440 2757 3494 conditionis
2787 3440 3043 3502 humana},
3090 3441 3184 3510 qui
3215 3440 3304 3494 dio
3337 3440 3656 3495 Ambrosius
3679 3440 3883 3495 creditos

2315 3541 2416 3598 est,
2441 3531 2567 3588 dum
2602 3532 2717 3585 bLPC
2747 3531 2959 3602 scriptis
2989 3529 3302 3602 tradidit(a)
3338 3549 3350 3584 :
3388 3550 3406 3583 ι
3438 3530 3589 3588 Sicut
3610 3531 3750 3587 Deus
3777 3541 3884 3584 unus

2317 3639 2531 3694 semper
2573 3622 2768 3694 ubique
2811 3631 2951 3677 totos
2995 3633 3114 3690 est,
3162 3625 3342 3678 omnia
3385 3624 3694 3689 viviﬁcaris,
3739 3622 3883 3678 omnia

2318 3733 2540 3773 movens
2557 3759 2572 3786 ,
2596 3727 2647 3773 et
2677 3718 2984 3788 gubernans
3009 3736 3022 3772 :
3051 3720 3131 3774 sic
3154 3718 3333 3773 anima
3359 3719 3409 3774 in
3437 3733 3536 3773 suo
3557 3733 3781 3788 corpore
3798 3715 3886 3770 obi-

2317 3825 2423 3880 que
2453 3820 2558 3865 tota
2604 3813 2782 3882 viget,
2817 3812 3095 3867 vivilicans
3117 3854 3133 3880 ,
3181 3828 3404 3868 movens
3443 3812 3576 3867 illud
3599 3853 3613 3879 ,
3646 3821 3700 3868 et
3727 3811 3885 3884 guber-

2317 3921 2472 3961 nans.
2515 3924 2534 3957 ι

2389 3995 2494 4052 55.ι
2524 3994 2908 4053 Ᾱέιειιιὶιειῐθιιι
2939 3997 3131 4052 animus
3156 4039 3170 4063 .
3202 3995 3327 4051 dunt
3379 3997 3515 4052 alios
3565 4003 3804 4051 recenset
3833 3993 3886 4045 ti-

2320 4091 2460 4145 tulos
2480 4132 2494 4158 ,
2529 4099 2620 4144 not
2667 4090 2967 4159 ipsissimos
2997 4089 3205 4144 scilicet
3231 4131 3244 4154 ,
3275 4105 3412 4160 quos
3441 4097 3601 4142 antea
3630 4084 3889 4155 descripsi-

2319 4198 2438 4238 mus
2461 4223 2476 4249 ,
2509 4193 2600 4237 aut
2629 4183 2692 4237 iis
2742 4198 2959 4253 prorsus
2988 4181 3211 4248 afﬁnes,
3246 4182 3296 4236 in
3347 4181 3542 4251 quibus
3585 4181 3745 4235 etiam
3792 4191 3889 4231 eam

2320 4291 2478 4346 quam
2520 4275 2749 4329 dicimus
2770 4316 2785 4342 ,
2817 4274 3101 4344 imaginem
3131 4273 3338 4339 statuit,
3369 4281 3756 4329 commemorat
3779 4271 3890 4326 Pro-

2320 4368 2552 4434 dentius,
2584 4368 2699 4421 btec
2728 4369 2945 4436 scriptis
2974 4366 3237 4421 mandans
3265 4366 3338 4437 (ὁ)
3368 4385 3381 4422 :

2412 4459 2500 4510 Est
2522 4457 2694 4509 similis
2717 4457 2874 4522 saaclis
2895 4459 3020 4520 quod
3047 4471 3142 4508 non
3165 4458 3467 4522 consumitur
3489 4455 3622 4522 ollis,

2416 4522 2556 4580 Quod
2579 4522 2799 4583 sapiens,
2819 4521 3037 4582 jnstiqoe
3061 4534 3233 4583 capas.
3253 4521 3527 4582 reginaque
3553 4521 3723 4570 rerum

2418 4581 2654 4646 imperat,
2681 4581 2969 4646 antevidct,’
2985 4581 3265 4646 perpendit,
3287 4581 3553 4644 praecavet,
3576 4583 3744 4646 instat,

2419 4642 2712 4703 Verborum,
2739 4642 3025 4707 morumque
3051 4642 3601 4707 opifex,‘instruc_taque
3625 4643 3756 4693 mille

2417 4707 2642 4769 Artibus,
2670 4715 2722 4755 et
2743 4708 2916 4769 omium
2943 4705 3094 4756 sensu
3123 4705 3600 4769 percurrere‘doc’ta:

2419 4768 2508 4819 His
2530 4767 2736 4818 animam
2763 4767 2971 4818 similem
2995 4769 3088 4818 sibi
3110 4768 3334 4817 conditor
3357 4767 3606 4830 etligiavit.

2395 4873 2572 4946 Atque
2616 4890 2736 4930 cum
2786 4875 2942 4929 laude
2967 4873 3220 4943 quidem,
3249 4888 3313 4928 ac
3359 4873 3550 4927 merito
3590 4871 3705 4926 haec
3742 4865 3894 4940 junxit

2324 4967 2668 5022 Prudentius.
2710 4966 2920 5022 Etenim
2949 4967 2992 5020 si
3025 4964 3443 5034 unumquodque
3467 4963 3656 5018 borum
3701 4960 3895 5015 attribu-

2328 5069 2501 5113 torom
2535 5073 2778 5113 seorsum
2811 5058 3134 5126 sumpseris,
3169 5058 3390 5112 minime
3421 5057 3668 5112 videntur
3695 5053 3892 5112 idonea,

2326 5161 2384 5207 ut
2413 5152 2502 5208 Dei
2529 5153 2810 5222 imaginem
2837 5151 2889 5206 in
2914 5152 3090 5206 anima
3115 5152 3467 5205 constituant.
3496 5148 3567 5204 Et
3591 5162 3721 5202 sane
3739 5146 3776 5200 si
3801 5146 3894 5197 haec

2327 5243 2608 5306 attendas,
2642 5243 2754 5298 Deo
2784 5241 3098 5297 similiorem
3128 5242 3391 5312 Angelom
3433 5256 3544 5310 pra:
3590 5238 3798 5294 homine
3833 5233 3897 5286 di-

2329 5349 2421 5390 ces
2442 5377 2457 5402 ,
2485 5335 2680 5406 quippe
2709 5333 2908 5389 clarius
2938 5333 3148 5389 elucent
3189 5333 3288 5388 ista
3318 5334 3370 5386 in
3405 5333 3641 5402 Angela,
3672 5343 3818 5402 quam
3854 5324 3895 5376 in

2339 5512 2647 5578 inscribitur
2669 5529 2682 5565 :
2707 5511 2844 5565 dicta
2862 5507 2925 5564 Β.
2949 5505 3118 5561 Albini
3141 5504 3330 5578 Limite:
3353 5521 3505 5578 super
3524 5504 3656 5577 illud
3677 5500 3898 5578 Genesis:

2385 5585 2620 5638 aciamus
2651 5583 2919 5636 hominem
2939 5621 2952 5642 ,
2981 5588 3109 5643 etc.,
3138 5571 3270 5631 adeo
3295 5587 3346 5630 ut
3373 5569 3583 5631 constet
3607 5569 3892 5644 opusculum

662 5641 832 5725 μηΠί
852 5682 866 5703 ,
897 5658 1019 5725 pag.
1041 5641 1156 5725 fil?
1205 5649 1492 5725 appendic:
1537 5641 1664 5705 tanti
1694 5667 1728 5706 ιι
1780 5653 2067 5712 Ambrosii.
2099 5653 2236 5709 illud
2343 5653 2407 5706 de
2441 5653 2699 5725 Dignitate
2729 5652 2945 5725 hominis
2974 5641 3318 5717 inscriptum,
3345 5661 3466 5702 esse
3497 5641 3822 5716 potissimum
3847 5653 3896 5693 ex

653 5719 858 5793 cf?“
891 5724 1006 5775 es"
1041 5714 1182 5793 ’Ἐπ’
1227 5714 1434 5793 aliaque
1478 5719 1636 5790 huius
1684 5725 1924 5793 opusculi
1958 5728 2115 5780 verba
2145 5741 2240 5781 ee-
2347 5714 2646 5780 Alcltuuvino
2675 5723 3125 5780 consarcinatum.

663 5775 784 5831 dem
811 5784 1106 5850 SpCClaltlia
1130 5775 1414 5845 esstare'in
1438 5775 1695 5860 opusculo
1716 5775 1806 5849 illo
1828 5775 2134 5866 Xt'ctnfniii,
2149 5775 2242 5869 qui

2427 5795 2502 5868 (ὁ)
2537 5796 2593 5852 In
2620 5779 2915 5867 Apotltcos.
2939 5793 3040 5849 sub
3060 5786 3208 5847 titulo
3231 5787 3294 5846 dc
3321 5787 3502 5845 natura
3531 5784 3736 5856 animm,
3759 5800 3802 5840 γ.
3824 5779 3898 5838 Si.
