3978 6196
82 304 150 355 Si}
165 305 184 358 Ι

789 295 855 355 lN
894 284 1150 354 itit-amt
1192 289 1412 352 Eptsr.
1457 292 1584 350 seu
1628 288 1846 348 LiBEh
1893 289 2345 349 DISSERTATIO
2387 290 2726 350 SECUNDA.
3287 291 3388 346 sci-2

83 417 332 473 homine.
367 415 572 472 Tamen
602 429 728 469 num
760 413 963 483 Angelo
991 411 1250 480 impressa
1278 411 1347 465 sit
1372 424 1434 466 ea
1454 450 1469 474 ,
1499 408 1568 462 de
1587 423 1690 478 qua
1719 409 1771 470 Α
1795 421 1928 477 quas
1971 406 2132 462 habet
2180 407 2357 462 anima
2402 422 2524 462 eum
2555 405 2821 462 Trinitate
2866 405 3238 462 Sanctissima.
3284 405 3388 460 Ρο-

80 511 299 580 agimus
319 553 332 570 ,
371 508 464 564 Dei
510 507 688 577 imago
710 548 724 573 ,
767 504 959 560 merito
989 503 1283 559 dubitatur.
1314 499 1488 570 Quid?
1514 499 1686 570 quod,

77 604 124 659 si
150 602 225 659 de
253 603 560 657 aeternitate
589 600 925 670 disputamus
946 639 961 664 ,
992 612 1100 652 non
1128 611 1191 653 ea
1217 605 1302 652 est
1345 594 1647 666 huiusmodi
1674 635 1688 659 ,

81 706 138 751 ut
170 709 275 766 per
301 709 362 750 se
391 695 506 749 sola
539 692 634 748 Dei
665 693 896 747 similem
927 690 1105 744 iaciat.
1139 689 1221 743 An
1250 703 1356 742 non
1383 685 1686 751 materiam,

79 803 187 859 qua
211 799 534 858 empyreum
554 793 797 848 constat,
823 791 1084 838 aeternum
1103 781 1411 836 duraturam
1431 777 1691 834 facimus?

79 879 217 947 Quis
244 891 428 933 tamen
459 877 553 932 Dei
583 877 816 932 similem
847 875 992 932 illam
1022 874 1198 940 dicat,
1229 883 1320 927 aut
1365 871 1457 926 Dei
1503 870 1691 940 imagi-

80 985 210 1028 nem
261 972 316 1026 in
348 985 410 1025 ea
448 969 718 1025 collocet?
751 968 1034 1022 D:rmones
1084 965 1217 1036 ipsi,
1252 975 1307 1019 et
1347 965 1542 1018 animze
1571 977 1690 1032 quae

82 1069 133 1121 in
164 1065 364 1120 inferis
386 1066 733 1131 cruciantur,
773 1071 1036 1132 perpetuo
1068 1059 1400 1130 perstabunt.
1436 1059 1517 1112 An
1543 1057 1690 1112 simi-

81 1159 160 1213 les
190 1170 486 1228 propterea
510 1155 665 1212 Deo?

151 1249 339 1323 Atque
381 1250 500 1302 haec
528 1246 741 1318 quidem
774 1245 888 1314 ipsa
931 1241 1161 1308 adhibe,
1215 1241 1259 1295 si
1306 1238 1420 1303 vis,
1465 1238 1509 1292 si
1550 1235 1689 1292 forte

80 1344 363 1415 quispiam
407 1341 588 1397 Fausti
619 1339 935 1410 Regiensis,
961 1345 1016 1392 et
1041 1333 1253 1390 Maximi
1296 1331 1546 1403 martyris
1587 1345 1684 1384 au-

81 1438 341 1492 ctoritate
371 1436 622 1492 sulfultus
644 1434 748 1507 (a),
777 1448 924 1500 eam,
954 1446 1112 1502 quam
1137 1429 1400 1495 dicimus,
1433 1425 1522 1480 Dei
1555 1425 1688 1479 ima-

82 1533 267 1599 ginem
299 1530 356 1583 in
390 1529 694 1584 mternitate
723 1526 968 1581 eollocet.

153 1622 248 1676 '56.
298 1622 359 1676 In
384 1621 617 1689 potentia
648 1617 992 1674 construendi
1016 1613 1430 1684 stabiliendique
1458 1609 1681 1674 aedilicia

80 1715 168 1767 alii
200 1713 581 1768 collocarunt:
623 1724 849 1781 quorum
900 1707 1220 1764 sententiain
1253 1715 1308 1761 et
1345 1704 1681 1774 expositam,

1794 509 2051 554 stremum
2079 499 2216 568 hoe,
2260 499 2402 570 quod
2447 499 2616 556 fusius
2659 508 2849 555 auctor
2889 500 2976 554 ille
3013 501 3390 570 prosequitur,

1793 589 1985 645 iisdem
2014 591 2196 647 verbis
2236 605 2510 661 exponere
2551 593 2761 662 placet,
2808 592 3002 662 quibus
3045 591 3132 647 ille
3176 601 3394 649 enarrat

1795 680 1934 753 (cap.
1959 681 2053 753 '55)
2078 699 2091 734 :
2131 699 2148 734 ι
2178 682 2474 750 Quamdam
2505 685 2668 739 etiam
2698 695 2899 740 sanctas
2929 684 3205 740 Trinitatis
3228 685 3391 741 habet

1749 791 1751 793 ί
1794 772 2076 844 imaginem
2103 790 2116 827 :
2143 775 2317 844 primo
2344 776 2484 830 ineo
2510 777 2652 846 quod
2680 778 2820 832 sicut
2851 777 2990 831 Deus
3013 787 3126 842 est,
3151 777 3306 843 vivit,
3333 785 3389 832 et

1793 867 1964 937 sapit,
1995 868 2069 923 ita
2097 867 2274 923 anima
2303 869 2598 924 secundum
2631 886 2784 925 suum
2818 871 3034 926 modum
3067 880 3185 935 est,
3218 871 3381 938 vivit,

1792 968 1847 1012 et
1885 959 2045 1026 sapit.
2079 960 2176 1016 Est
2203 976 2418 1030 quoque
2448 970 2501 1016 et
2545 963 2644 1017 alia
2675 963 2910 1019 Trinitas
2950 965 3000 1018 in
3033 979 3127 1030 ea;
3167 967 3290 1036 quia
3318 964 3385 1020 ad

1793 1051 2076 1121 imaginem
2127 1053 2376 1120 perlecta:
2417 1054 2663 1122 quidem,
2709 1063 2764 1109 et
2804 1070 3030 1110 summie
3073 1056 3381 1122 Trinitatis,

1790 1158 1911 1210 quae
1938 1135 2020 1197 est
2051 1142 2104 1198 in
2151 1143 2344 1211 Patre,
2376 1153 2432 1198 et
2476 1145 2646 1207 Filio,
2677 1157 2732 1202 et
2760 1147 2960 1218 Spiritu
2991 1149 3220 1215 Sancto,
3253 1166 3385 1204 cou-

1790 1235 1898 1289 dita
1926 1247 2030 1291 est.
2065 1236 2134 1291 Et
2164 1237 2289 1292 licet
2309 1241 2466 1292 unius
2495 1239 2565 1293 sit
2605 1250 2806 1296 natura:
2830 1244 3036 1307 anima,
3067 1249 3178 1298 tres
3206 1254 3384 1300 tamen

1790 1325 1935 1404 in.se
1976 1330 2118 1382 vires
2163 1329 2360 1394 habet,
2394 1329 2445 1384 id
2485 1341 2567 1385 est
2610 1331 2974 1397 intellectum,
3012 1335 3340 1390 voluntatem
3364 1378 3379 1402 ,

1788 1429 1841 1474 et
1882 1421 2241 1486 memoriam;
2295 1421 2437 1490 quod
2483 1422 2667 1489 idem,
2719 1425 2842 1480 licet
2899 1425 3018 1480 aliis
3068 1427 3276 1493 verbis,
3329 1428 3382 1484 in

1789 1514 2080 1583 Evangelio
2105 1513 2444 1583 designatur,
2480 1529 2602 1569 cum
2630 1516 2824 1571 dicitur
2850 1535 2862 1570 :
2895 1518 3076 1587 diliges
3107 1516 3381 1572 Dominum

1788 1603 1951 1660 Deum
1981 1615 2123 1659 tuum
2151 1620 2215 1659 ea:
2236 1616 2340 1658 toto
2368 1605 2523 1660 corde
2547 1618 2632 1661 tuo
2656 1649 2668 1670 ,
2697 1617 2744 1661 et
2767 1623 2832 1662 ea:
2855 1617 2960 1662 tota
2984 1610 3160 1662 anima
3185 1619 3274 1664 tua
3294 1651 3307 1672 ,
3335 1620 3382 1664 et

1785 1715 1849 1752 ea:
1875 1708 1979 1751 tota
2001 1708 2165 1752 mente
2191 1705 2319 1763 tua;
2351 1697 2402 1752 id
2431 1707 2514 1753 est
2543 1714 2607 1753 ex
2635 1709 2746 1754 toto
2772 1701 3046 1756 intellectu
3080 1711 3170 1756 tuo
3191 1743 3204 1767 ,
3233 1711 3288 1756 et
3314 1717 3379 1756 ex

82 1803 548 1873 ilescriptamqne,
571 1802 898 1870 etrejectam
929 1802 1128 1871 pariter
1155 1797 1264 1854 vidi
1288 1797 1356 1852 ad
1388 1797 1527 1851 hunc
1559 1809 1678 1849 mo-
1709 1799 1754 1858 Β
1784 1801 1893 1846 tota
1924 1791 2196 1845 voluntate
2225 1796 2333 1855 tua,
2365 1799 2420 1844 et
2440 1805 2504 1845 ex
2537 1792 2647 1846 tota
2677 1792 2938 1848 memoria
2965 1803 3072 1849 tua.
3105 1793 3236 1847 Nam
3274 1794 3380 1848 sic-

80 1897 208 1950 dum
258 1898 384 1966 (b):
434 1913 452 1947 α
489 1895 848 1965 Reperiuntur
893 1903 947 1948 et
989 1892 1128 1956 alia,
1173 1892 1234 1946 in
1282 1890 1476 1960 quibus
1518 1887 1682 1941 homo

82 1991 253 2046 Deum
304 1988 562 2044 imitatur.
605 1987 882 2060 Siquidem
913 1984 978 2039 ad
1009 1982 1362 2040 imitationem
1397 1981 1489 2035 Dei
1520 1981 1680 2034 Crea-

81 2083 218 2136 toris
269 2083 436 2135 bomo
480 2079 746 2134 construit
792 2078 1014 2144 domos,
1070 2076 1334 2146 parietes,
1390 2073 1676 2137 civitates,

79 2180 308 2242 portus,
355 2184 557 2236 naves,
613 2170 854 2236 navalia,
910 2181 1136 2231 currus,
1167 2174 1224 2221 et
1273 2165 1376 2220 alia
1430 2164 1676 2230 inﬁnita,

75 2263 240 2318 veluti
265 2263 560 2332 imagines,
584 2270 639 2316 et
669 2262 866 2332 figuras
895 2261 1015 2316 cmli
1038 2301 1052 2327 ,
1077 2258 1235 2324 solis,
1271 2257 1440 2322 lunae,
1471 2265 1523 2310 et
1546 2255 1676 2309 stel-

77 2355 251 2410 larum
275 2397 291 2420 ,
323 2355 453 2410 item
493 2353 767 2409 hominum
792 2395 805 2419 ,
837 2360 893 2408 et
934 2351 1245 2408 animalium
1289 2348 1676 2406 irrationalium

77 2451 281 2505 formas
308 2467 325 2515 ;
357 2447 563 2504 infinita
588 2460 767 2503 tamen
791 2455 874 2502 est
897 2447 949 2500 in
973 2447 1180 2500 ratione
1206 2443 1471 2500 condendi
1501 2442 1678 2496 diver-

73 2543 226 2596 sitas.
275 2541 412 2595 Nam
443 2541 586 2596 Deus
623 2539 863 2594 omnium
895 2553 958 2594 ex
992 2539 1087 2603 iis,
1129 2547 1248 2606 qua:
1291 2543 1527 2599 annuet
1568 2549 1675 2588 non

71 2643 229 2700 sunt,
255 2643 440 2697 creat,
475 2633 634 2703 idque
661 2633 778 2687 sine
805 2631 988 2686 labore
1009 2672 1022 2694 ,
1051 2639 1106 2684 et
1135 2637 1416 2699 tempore:
1448 2627 1572 2698 quia
1599 2626 1676 2680 si-

74 2727 184 2781 mul
212 2737 380 2795 atque
403 2724 660 2790 voluerit,
693 2722 937 2793 producit
957 2721 1101 2792 quod
1123 2719 1175 2776 ei
1199 2721 1477 2791 placuerit.
1503 2717 1677 2773 Homo

72 2832 202 2873 vero
233 2818 461 2872 materia
489 2819 623 2885 opus
656 2816 816 2871 habet
835 2858 848 2881 ,
881 2813 1084 2885 indiget
1112 2812 1514 2878 instrumentis,
1542 2826 1675 2866 con-

69 2910 194 2963 silio
212 2951 228 2972 ,
264 2916 541 2977 tempore,
570 2915 627 2963 et
656 2906 876 2974 labore,
905 2921 969 2961 ac
998 2905 1187 2960 solidis
1211 2906 1416 2962 artibus
1444 2905 1508 2959 ad
1540 2917 1676 2974 opus

68 3002 518 3058 construendum.
567 2999 843 3071 Siquidem
892 2999 1222 3054 architectus
1272 2998 1475 3070 indiget
1527 2997 1675 3052 labro

70 3097 292 3160 aerario,
324 3095 476 3150 faber
499 3105 679 3148 autem
701 3092 924 3148 maritis
950 3092 1201 3159 metallis,
1229 3101 1283 3146 et
1309 3089 1670 3146 carbonibus:

1787 1897 1844 1942 ut
1872 1902 1940 1943 ex
1986 1888 2142 1944 Patre
2188 1901 2482 1960 generatur
2509 1889 2704 1955 Filius,
2730 1900 2786 1947 et
2811 1907 2880 1947 ex
2915 1891 3104 1959 Patre,
3137 1891 3380 1962 Filioque

1787 1981 2027 2048 procedit
2053 1980 2284 2050 Spiritus
2307 1983 2566 2048 Sanctus,
2597 1983 2668 2037 ita
2695 1998 2762 2038 ex
2783 1983 3063 2062 intellectu
3091 1995 3381 2055 generatur

1781 2075 2030 2130 voluntas
2050 2117 2066 2143 ,
2099 2088 2152 2130 et
2179 2092 2242 2132 ex
2273 2077 2354 2132 his
2376 2077 2641 2134 ambobus
2673 2077 2917 2146 procedit
2963 2076 3242 2142 memoria,
3277 2077 3380 2132 sie-

1783 2176 1839 2221 ut
1888 2166 2041 2222 facile
2088 2182 2120 2222 a
2165 2170 2409 2239 sapiente
2472 2171 2711 2240 quolibet
2761 2181 2936 2240 potest
2979 2170 3225 2239 intelligi.
3273 2169 3383 2224 Nec

1781 2259 1924 2313 enim
1949 2260 2131 2314 anima
2163 2259 2396 2330 perlecta
2428 2272 2604 2330 potest
2629 2276 2751 2316 esse
2783 2262 2900 2315 sine
2934 2262 3015 2315 his
3049 2262 3247 2327 tribus,
3280 2274 3380 2315 nec

1783 2351 1972 2407 horum
2002 2354 2162 2407 trium
2191 2355 2405 2426 aliquod
2431 2354 2548 2410 sine
2576 2355 2694 2410 aliis
2725 2355 2934 2410 duobus
2958 2357 3220 2424 integrum
3248 2370 3382 2408 con-

1781 2452 1907 2512 stat,
1939 2454 2196 2515 quantum
2226 2445 2291 2500 ad
2313 2460 2463 2500 suam
2509 2446 2736 2516 pertinet
2767 2445 3152 2501 habitudinem.
3184 2446 3249 2499 Et
3272 2445 3380 2500 sic-

1781 2544 1839 2590 ut
1870 2536 2011 2591 Deus
2049 2537 2237 2604 Pater,
2279 2541 2422 2593 Deus
2448 2537 2646 2604 Filius,
2678 2536 2821 2592 Deus
2851 2538 3082 2608 Spiritus
3109 2536 3374 2603 Sanetus;

1783 2643 1890 2683 non
1921 2639 2099 2685 tamen
2128 2641 2237 2685 tres
2270 2631 2368 2695 Dii,
2389 2631 2482 2686 sed
2511 2645 2646 2686 unus
2677 2630 2839 2696 Deus,
2869 2637 2922 2686 ct
2951 2639 3061 2685 tres
3093 2643 3368 2699 personre;

1781 2723 1850 2777 ita
1884 2724 2060 2777 anima
2091 2725 2397 2780 intellectus
2419 2766 2432 2790 ,
2462 2724 2637 2780 anima
2662 2723 2930 2790 voluntas,
2961 2723 3139 2778 anima
3168 2737 3373 2776 memo-

1781 2816 1857 2871 ria
1874 2857 1889 2882 ,
1909 2830 2013 2870 non
2043 2823 2220 2872 tamen
2249 2827 2357 2872 tres
2377 2817 2570 2872 anima:
2592 2816 2644 2871 in
2668 2831 2775 2871 uno
2795 2830 3052 2886 corpore,
3081 2815 3175 2871 sed
3196 2815 3374 2870 anima

1779 2925 1882 2964 una
1906 2952 1919 2974 ,
1966 2921 2020 2964 et
2047 2920 2153 2966 tres
2185 2912 2346 2966 vires.
2376 2912 2549 2982 Atque
2577 2912 2630 2966 in
2665 2913 2744 2965 his
2777 2913 2949 2965 tribus‘
2969 2909 3201 2964 divinam
3235 2909 3370 2963 ima-

1777 3003 1955 3073 ginem
1979 3005 2116 3072 gerit
2140 3003 2455 3059 mirabiliter
2485 3004 2535 3058 in
2565 3019 2662 3058 sua
2700 3013 2887 3057 natura
2931 3011 3112 3057 noster
3149 2999 3373 3055 interior

1781 3093 1978 3160 homo,
2020 3102 2073 3150 et
2101 3109 2166 3150 ex
2207 3095 2287 3150 his
2321 3097 2472 3166 quasi
2512 3094 2984 3151 excellentioribus
3020 3096 3214 3150 animm
3244 3094 3372 3148 viri-

68 3188 324 3243 similiter
347 3195 404 3242 et
431 3200 620 3241 omnes
649 3187 738 3256 qui
770 3186 908 3255 ligna
939 3185 1188 3248 caedunt,
1223 3184 1288 3238 iis
1313 3185 1402 3254 qui
1432 3183 1668 3251 plantas,
1699 3185 1745 3247 C
1778 3187 1873 3241 bus
1893 3187 2144 3256 jubemur
2171 3188 2392 3258 diligere
2421 3186 2795 3254 Coxditorem,
2831 3198 2887 3240 ut
2917 3188 2966 3240 in
2996 3195 3251 3256 quantum
3286 3186 3368 3239 in-

67 3291 158 3334 aut
186 3289 390 3334 terram
418 3278 691 3334 excolunt.
715 3277 891 3347 Atque
919 3277 1020 3331 hoc
1047 3285 1205 3346 pacto
1225 3291 1315 3331 ars
1337 3289 1673 3344 unaquaeque

66 3371 133 3424 ab
157 3370 282 3424 aliis
312 3368 520 3424 artibus
549 3383 704 3422 usum
735 3358 920 3422 earum
953 3375 1227 3421 mutuatur
1252 3384 1264 3420 :
1300 3374 1670 3421 verumtamen

68 3468 267 3528 homo,
318 3464 446 3515 dum
488 3465 558 3515 ita
603 3460 875 3530 quippiam
916 3460 1214 3525 construit,
1262 3460 1501 3513 imitatur
1538 3473 1673 3528 quo-

65 3555 365 3609 dammodo
391 3563 726 3618 creatorem,
752 3552 901 3607 velut
927 3552 1104 3622 imago
1131 3550 1504 3620 archetypum.
1535 3549 1672 3602 lina-

64 3663 133 3717 go
154 3649 302 3702 enim
325 3645 603 3716 archetypi
629 3645 850 3711 figuram
873 3643 1070 3698 habet:
1101 3657 1286 3697 verum
1315 3656 1478 3712 quum
1502 3656 1672 3695 ment-

68 3744 288 3796 brorum
320 3741 555 3811 speciem
594 3738 789 3794 habeat
810 3769 828 3800 κ
854 3739 1092 3793 actiones
1138 3746 1316 3791 tamen
1346 3750 1450 3790 non
1484 3734 1666 3789 habet.

65 3834 229 3888 Caret
259 3833 405 3887 enim
436 3830 649 3895 anima,
684 3844 778 3900 per
808 3843 966 3900 quam
999 3837 1247 3884 movetur
1275 3841 1492 3898 corpus.
1537 3847 1556 3880 ι

135 3926 230 3981 57.
271 3924 552 3980 Collocant
594 3923 684 3978 alii
733 3925 787 3977 in
831 3921 1182 3978 similitudine
1231 3936 1354 3976 cum
1404 3921 1668 3976 Trinitate

66 4017 449 4072 Sanctissima.
481 4018 551 4071 At
571 4031 734 4087 quum
761 4015 1006 4070 eamdem
1033 4013 1438 4070 similitudinem
1461 4013 1668 4069 studio-

65 4110 182 4164 sius
231 4109 519 4179 designare
567 4109 941 4177 contendunt,
994 4108 1326 4178 aliquantum
1377 4105 1663 4161 dissident.

66 4201 323 4258 Nonnulli
352 4200 441 4269 qui
484 4200 872 4256 Damascenum
903 4199 1136 4270 allegant
1162 4199 1233 4272 (c)
1263 4200 1446 4269 (quam
1476 4207 1626 4255 recte
1645 4239 1659 4265 ,

64 4293 302 4348 viderint
345 4290 502 4363 alii),
544 4293 679 4348 alias
721 4292 940 4361 quidem
985 4292 1222 4347 rationes
1260 4290 1519 4356 aﬁeruut,
1566 4290 1663 4346 sed

66 4385 208 4438 hanc
248 4385 482 4453 pariter,
529 4383 672 4453 quod
716 4383 928 4438 divinas
971 4383 1345 4453 processiones
1373 4383 1544 4438 Adam
1592 4383 1663 4438 sit

64 4477 347 4532 imitatus:
380 4487 434 4532 et
463 4475 605 4546 quod
635 4477 751 4546 ipse
793 4491 902 4531 non
949 4476 1020 4532 sit
1057 4476 1301 4546 genitus,
1331 4475 1467 4530 Abel
1511 4478 1663 4546 geni-

1777 3279 2062 3349 telligitur,
2093 3280 2369 3350 diligatur,
2398 3291 2452 3334 et
2483 3281 2533 3334 in
2564 3289 2819 3350 quantum
2848 3279 3086 3349 diligitur
3107 3320 3120 3341 ,
3153 3292 3369 3345 semper

1772 3371 1824 3425 in
1856 3373 2110 3426 memoria
2141 3372 2419 3427 habeatur.
2450 3373 2557 3427 Nec
2589 3373 2762 3427 solutn
2793 3371 2988 3427 soflicit
3013 3371 3080 3426 de
3109 3387 3175 3425 eo
3205 3369 3372 3427 intel-

1772 3461 1980 3529 lectus,
2015 3464 2114 3518 nisi
2149 3464 2239 3517 llat
2280 3463 2332 3517 in
2374 3479 2558 3520 amore
2621 3465 2738 3534 ejus
2783 3464 3050 3518 voluntas.
3111 3463 3221 3517 imo
3263 3477 3360 3516 nec

1772 3553 1886 3608 hiIBC
1910 3555 2014 3608 duo
2052 3556 2352 3622 sufficiunt,
2389 3557 2486 3610 nisi
2512 3556 2766 3611 memoria
2797 3557 3049 3622 addatur,
3087 3570 3189 3626 qua
3223 3569 3364 3610 sem-

1772 3662 1867 3717 per
1895 3648 1946 3702 in
1971 3659 2148 3703 mente
2179 3650 2549 3719 intelligentis,
2573 3661 2626 3704 et
2647 3650 2917 3721 diligentis
2947 3659 3160 3705 maneat
3187 3652 3358 3706 Deus:

1771 3737 1841 3793 Ut
1883 3738 2019 3793 sicut
2050 3739 2254 3794 nullum
2287 3751 2464 3810 potest
2491 3753 2611 3796 esse
2656 3752 3019 3808 momentum,
3051 3757 3158 3811 quo
3199 3739 3364 3796 homo

1771 3847 1876 3887 non
1905 3841 2116 3899 utatur,
2151 3834 2234 3888 vel
2275 3834 2482 3889 fruatur
2530 3835 2625 3890 Dei
2659 3835 2928 3902 bonitate,
2961 3844 3015 3890 et
3065 3837 3370 3891 misericor-

1769 3925 1888 3995 dia;
1925 3928 1995 3981 ita
2024 3928 2230 3982 nullum
2269 3929 2334 3984 sit
2363 3941 2692 3985 momentum
2719 3973 2733 3996 ,
2765 3947 2872 4002 quo
2914 3941 3232 4000 praesentem
3266 3947 3371 3987 non

1769 4019 1962 4076 habeat
1989 4035 2111 4076 eum
2153 4023 2204 4077 in
2246 4024 2520 4078 memoria.
2553 4023 2618 4078 Et
2651 4024 2772 4078 ideo
2803 4024 2929 4078 mihi
2971 4024 3116 4092 juste
3158 4025 3367 4079 videtur

1771 4113 1976 4170 dictum
1997 4157 2011 4181 ,
2039 4125 2281 4171 nostrum
2311 4117 2620 4171 interiorem
2647 4116 2914 4170 hominem
2938 4129 3056 4168 esse
3083 4116 3368 4184 imaginem

1767 4203 1883 4259 Dei.
1917 4223 1937 4258 ι
1980 4205 2034 4261 1η
2080 4205 2180 4261 hac
2222 4205 2333 4275 ipsa
2393 4214 2660 4274 postrema
2716 4203 3075 4274 descriptione
3120 4206 3365 4274 congruit

1766 4307 1953 4353 auctor
1995 4298 2194 4364 libelli,
2223 4298 2310 4368 qui
2351 4298 2412 4351 de
2453 4297 2708 4369 Diynitate
2746 4298 2969 4353 hominis
3017 4299 3324 4354 inscribitur
3351 4340 3365 4364 ,

1766 4401 1820 4446 et
1872 4391 2162 4462 aliquando
2193 4390 2476 4445 Ambrosio
2522 4390 2688 4462 (quod
2714 4390 2822 4461 jam
2855 4390 3111 4463 diximus)
3139 4391 3369 4447 tributus

1764 4494 1865 4542 est.
1894 4486 1969 4540 De
1991 4485 2142 4554 cujus
2163 4484 2374 4557 quidem
2400 4483 2567 4540 libelli
2592 4493 2810 4540 auctore
2837 4484 2957 4540 vide
2984 4501 3102 4556 quae
3129 4484 3193 4540 ad
3217 4500 3362 4539 num.

63 4580 181 4638 tus,
211 4571 357 4626 Heva
399 4570 741 4641 processerit.
785 4569 990 4626 Auctor
1017 4586 1144 4625 vero
1175 4571 1294 4627 libri
1325 4571 1386 4625 de
1416 4571 1616 4643 Spiritu
1641 4613 1654 4637 ,
1684 4559 1738 4621 D
1765 4579 1834 4636 34
1871 4577 2204 4634 tradidimus,

63 4674 110 4718 et
153 4664 374 4732 Anima,
411 4678 575 4735 quem
602 4673 758 4720 antea
801 4665 961 4720 etiam
1002 4663 1261 4735 allegavi,
1303 4665 1462 4736 paulo
1505 4665 1662 4721 aliter

66 4773 181 4812 rem
215 4758 498 4828 proponit,
531 4764 818 4828 monetque
843 4757 978 4812 duas
1018 4757 1279 4830 imagines
1305 4759 1514 4815 Sancta:
1541 4758 1661 4814 Tri-

61 4847 250 4902 uitatis
281 4861 443 4916 posse
479 4847 533 4901 in
576 4849 752 4901 anima
781 4847 1154 4904 considerari:
1191 4849 1416 4919 primam
1459 4849 1512 4904 in
1553 4864 1659 4916 eo,

61 4940 205 5010 quod
237 4938 380 4994 sicut
411 4940 550 4994 Dens
595 4951 714 5006 est,
747 4940 906 5008 vivit,
949 4949 1004 4995 et
1045 4942 1216 5011 sapit,
1259 4943 1327 4996 ita
1369 4941 1546 4997 anima
1577 4957 1664 4998 se-

60 5029 296 5085 cundum
329 5043 483 5085 suum
512 5030 728 5085 modum
750 5042 861 5096 est,
891 5031 1017 5085 vivit
1043 5073 1057 5098 ,
1080 5040 1135 5086 et
1163 5032 1320 5102 sapit.
1347 5033 1484 5103 (Qua
1515 5033 1566 5086 in
1603 5049 1660 5088 re

60 5125 315 5180 convenit
355 5138 576 5194 prorsus
616 5135 804 5179 auctor
831 5124 997 5180 libelli
1029 5125 1092 5180 de
1121 5125 1384 5197 Dignitate
1410 5126 1660 5180 conditio-

58 5219 141 5272 nis
167 5217 411 5272 humana:
431 5259 446 5285 ,
477 5217 591 5273 lla-c
631 5220 1043 5287 expressissime
1082 5219 1321 5275 docens:
1350 5220 1496 5278 Sicut
1519 5220 1661 5275 Deus

60 5321 132 5365 ru
151 5351 167 5378 ,
195 5313 347 5377 vivit,
370 5319 420 5364 et
458 5311 624 5379 sapit,
655 5313 729 5365 ita
753 5313 924 5365 anima
949 5312 1229 5366 secundum
1267 5321 1418 5367 suum
1454 5312 1663 5366 modum

59 5413 132 5457 eat
152 5444 167 5469 ,
191 5404 314 5458 vivit
329 5444 345 5472 ,
371 5411 418 5459 ει
435 5403 618 5473 sapit.)
642 5401 945 5460 Secundam
973 5404 1029 5460 in
1051 5406 1211 5462 variis
1233 5405 1658 5474 convenientiis,

134 5584 214 5656 (α)
250 5582 404 5656 page
423 5581 614 5656 _Petav.
647 5583 710 5637 de
742 5583 884 5652 ()pif.
906 5623 924 5648 ,
981 5583 1076 5638 lib.
1107 5599 1177 5656 ιε,
1204 5584 1274 5649 s,
1309 5585 1396 5640 M.

132 5651 578 5727 (b)ATbeodoret.
633 5651 948 5724 quaest.“
1015 5656 1065 5709 in
1112 5651 1399 5725 Genesim,
1456 5657 1665 5716 Joanne

61 5725 193 5780 Pico
230 5725 550 5791 interprete.

133 5796 206 5868 (ι)
248 5795 333 5851 Ex
361 5807 430 5850 eo
451 5793 587 5852 libro
606 5836 622 5864 ,
651 5811 815 5868 quem
840 5797 1113 5869 inscripsit
1140 5815 1154 5853 :
1183 5799 1435 5870 quomodo
1454 5802 1521 5857 ad
1541 5803 1672 5858 ima-

1839 4673 1929 4729 58.
1970 4669 2301 4742 Augustinus
2345 4678 2560 4735 autem,
2597 4677 2652 4724 et
2682 4668 3057 4724 Theodoretus
3097 4666 3186 4722 diu
3230 4675 3356 4722 ante

1768 4762 1870 4818 hos
1901 4763 2204 4833 Scriptores
2235 4762 2376 4817 idem
2407 4761 2581 4832 ipsum
2627 4769 3000 4829 argumentum
3035 4742 3369 4827 persequun-

1771 4868 1876 4913 tur.
1908 4859 1962 4913 In
2004 4873 2070 4912 eo
2111 4872 2240 4912 vero
2277 4856 2458 4918 illam,
2492 4855 2558 4909 de
2597 4869 2700 4923 qua
2749 4854 2992 4923 agimus,
3025 4850 3214 4905 anima:
3243 4865 3364 4904 cuin

1768 4950 2035 5006 Trinitate
2059 4948 2406 5006 Sanctissima
2436 4945 2840 5001 similitudinem
2865 4943 3095 4998 collocat
3122 4943 3369 5013 Augusti-

1764 5060 1867 5100 nus
1897 5044 2012 5112 (d),
2043 5050 2102 5095 ut
2147 5041 2340 5096 divinis
2371 5037 2621 5094 Personis
2662 5037 2776 5091 hinc
2819 5036 2915 5090 tria
2961 5034 3362 5104 respondeant,

1766 5149 1920 5191 mens
1939 5175 1952 5199 ,
1978 5147 2130 5186 amor
2151 5171 2164 5194 ,
2199 5140 2254 5186 et
2280 5129 2471 5184 notitia
2493 5169 2507 5195 ,
2534 5143 2632 5184 seu
2654 5127 2911 5198 cognitio.
2937 5126 3032 5182 Vel
3063 5127 3324 5181 memoria
3345 5166 3360 5192 ,

1765 5222 2116 5294 intelligentia
2143 5264 2158 5287 ,
2188 5222 2458 5276 voluntas.

1838 5317 1928 5374 59.
1973 5316 2134 5381 Eam,
2165 5315 2232 5370 de
2267 5328 2370 5384 qua
2396 5315 2638 5384 agimus,
2669 5310 3075 5367 similitudinem
3099 5352 3113 5378 ,
3162 5323 3258 5380 per
3285 5309 3362 5364 si-

1768 5409 2124 5464 militudinem
2143 5446 2158 5473 ,
2181 5420 2343 5477 quam
2370 5404 2529 5460 habet
2559 5404 2723 5459 homo
2752 5418 2872 5458 cum
2904 5401 3168 5458 Trinitate
3195 5399 3365 5458 Sane-

1771 5589 2096 5676 ginem”!ch
2130 5588 2222 5644 Dei
2257 5603 2454 5645 sumus.
2485 5589 2658 5644 Tomo
2709 5605 2728 5643 I
2779 5589 3033 5645 editionis
3065 5589 3113 5644 le
3151 5588 3321 5658 Quieti
3343 5632 3358 5656 ,

1773 5660 2091 5819 ῗῖώῦίῗίθτ
2118 5748 2172 5788 ¹¹
2203 5733 2288 5819 .99.
2320 5732 2546 5819 Τῗίξιίῑοι
2578 5748 2698 5819 93.2-
2740 5735 2827 5819 ιι
2857 5742 2912 5794 ει
2950 5748 3068 5812 sem
3113 5730 3356 5802 Rursum

1779 5795 1870 5859 lib‘.
1903 5795 2010 5872 im,
2045 5813 2098 5860 et
2127 5795 2298 5876 capite
2320 5795 2598 5878 postremi;
2631 5795 2723 5864 lib.
2779 5795 2888 5867 δᾶνι
