3978 6196
637 285 748 344 865

1298 276 1370 334 ΙΝ
1408 272 1668 333 HILARII
1709 269 1930 328 EPIST.
1969 268 2102 326 SEU
2143 265 2367 323 LIBEL.
2415 260 2872 322 DISSERTATIO
2909 255 3251 319 SECUNDA.

3808 256 3899 312 864

637 400 868 465 tissima,
901 395 1096 467 pariter
1117 391 1350 460 explicat
1373 388 1732 458 Hieronymus
1753 384 2008 440 Aretinus
2035 381 2146 453 (a),
2179 391 2231 435 ct
2257 385 2308 441 Α
2339 377 2498 434 habet
2529 378 2716 439 Pater,
2749 385 3034 448 postquam
3080 373 3315 444 Spiritus
3359 369 3599 429 Sanctus
3640 374 3908 440 processit?

642 494 832 552 eadem
875 490 1016 554 fere,
1049 494 1214 557 atque
1259 481 1620 554 Augustinus,
1673 475 1942 549 praponit.
1986 473 2068 529 Eu
2110 486 2232 544 quae

641 585 803 644 tradit
831 583 922 639 ille
947 579 1041 653 (In
1067 595 1220 635 serm.
1253 579 1309 632 in
1347 575 1555 631 Domin.
1588 589 1658 629 xx
1699 582 1820 643 p05t
1845 564 2180 637 Pentecost.)
2215 582 2229 617 :

643 696 664 732 ι
695 677 828 732 Cum
855 686 1034 730 autem
1063 672 1198 728 dixit
1222 669 1608 726 similitudinem
1625 707 1639 730 ,
1673 665 1761 721 hic
1789 662 1940 719 addit
1967 673 2192 717 nostram
2216 700 2231 726 ,

637 769 883 826 referens
927 764 1331 821 similitudinem
1378 760 1445 816 ad
1485 759 1804 815 Trinitatem
1829 797 1844 823 ,
1873 755 2127 827 quoniam
2179 754 2233 809 in

636 861 857 918 homine
903 869 985 915 est
1027 857 1273 929 quaedam
1317 852 1617 910 similitudo
1663 851 1945 907 Trinitatis
1979 867 1992 902 :
2032 848 2237 904 creavit

639 968 872 1025 namque
909 951 1052 1007 Deus
1089 951 1190 1006 tria
1235 950 1288 1005 in
1332 947 1582 1013 homine,
1609 943 1960 1007 memoriam,
1993 939 2237 996 intellec-

639 1059 786 1114 tum,
828 1046 1191 1110 voluntatem,
1236 1058 1332 1114 per
1376 1056 1536 1111 quam
1583 1054 1706 1095 cum
1731 1037 1997 1093 Trinitate
2043 1032 2238 1089 indivi-

638 1141 799 1198 duam
828 1139 1116 1211 quamdam
1160 1137 1321 1191 habet
1347 1132 1779 1189 similitudinem.
1813 1129 1959 1186 Patri
2007 1141 2238 1196 namque

641 1251 739 1306 per
785 1233 1099 1290 memoriam
1149 1229 1524 1286 assitnilatur:
1576 1225 1716 1281 Filio
1761 1237 1856 1293 per
1906 1221 2236 1277 intellectum

640 1325 1050 1382 conformatur:
1084 1320 1304 1391 Spiritui
1352 1320 1553 1374 Sancto
1597 1331 1692 1385 per
1729 1314 2060 1369 voluntatem
2091 1325 2240 1366 com-

642 1419 937 1488 paginatur.
967 1413 1100 1468 Nam
1131 1413 1270 1467 sicut
1293 1411 1452 1465 Pater
1481 1425 1510 1463 a
1541 1408 1686 1464 nullo
1713 1416 1828 1472 est,
1855 1405 1950 1460 sed
1980 1404 2048 1459 ab
2070 1419 2136 1458 eo
2157 1411 2240 1458 est

642 1510 810 1565 Filius
833 1551 848 1575 ,
877 1509 956 1563 sic
995 1506 1256 1562 memoria
1295 1519 1418 1560 cum
1446 1505 1519 1558 sit
1559 1503 1640 1558 vis
1667 1504 1860 1556 animat
1878 1541 1893 1566 ,
1920 1515 1950 1552 a
1983 1497 2127 1553 nulla
2150 1511 2241 1552 ea-

641 1619 761 1660 rum
790 1610 909 1667 est,
939 1600 1034 1656 sed
1083 1601 1151 1654 ab
1180 1614 1245 1655 ea
1273 1607 1357 1654 est
1397 1596 1725 1652 intellectus.
1758 1593 1908 1647 Sicut
1940 1604 2072 1646 vero
2117 1588 2239 1657 Spi-

641 1695 776 1752 ritus
800 1693 1029 1750 Sanctus
1057 1707 1086 1747 a
1113 1692 1272 1748 Patre
1299 1689 1542 1760 procedit
1561 1731 1574 1750 .
1606 1699 1660 1744 et
1687 1701 1716 1740 a
1745 1685 1915 1750 Filio;
1945 1683 2025 1738 sic
2048 1681 2240 1736 volun-

2333 472 2502 543 Cujus
2541 469 2756 542 quidem
2799 467 3201 540 processionem
3253 480 3346 536 per
3389 463 3740 521 eductionem
3779 463 3912 520 iter:

2333 579 2398 620 ex
2428 574 2578 619 costa
2618 560 2811 618 Adami
2851 558 3078 617 indicari
3111 558 3227 623 vis;
3259 570 3589 628 quamquam
3609 596 3626 621 ,
3657 565 3715 608 ut
3743 565 3908 610 caetera

2334 657 2611 720 omittam,
2639 653 2869 708 formata
2893 661 2977 708 est
3008 651 3152 706 l-leva
3176 665 3242 705 ex
3268 659 3415 704 costa
3443 647 3643 703 Adatni
3667 663 3683 712 ;
3712 646 3915 717 Spiritus

2336 750 2566 808 Sanctus
2592 762 2722 803 vero
2751 748 3013 801 formatus
3041 759 3145 799 non
3173 751 3289 809 est,
3316 742 3411 798 sed
3443 739 3706 797 ineffabili
3743 740 3916 805 modo,

2338 852 2393 898 et
2421 843 2578 911 plane
2599 839 2781 896 divino
2811 836 3072 908 procedit.
3106 851 3186 892 ιιι.
3216 833 3456 891 Adamtts
3487 833 3661 888 filium
3687 833 3847 887 habet
3865 850 3916 889 ex

2339 935 2596 998 muliere,
2630 946 2736 986 non
2768 946 2833 985 ex
2877 945 2937 985 se
2982 936 3210 982 tantum.
3240 926 3325 982 An
3370 925 3424 980 id
3469 925 3730 994 exprimit
3774 923 3921 979 divini

2339 1027 2463 1083 Filii
2486 1023 2921 1096 generationem?
2945 1039 3019 1078 tv.
3049 1020 3214 1076 Filios
3238 1020 3499 1091 plurimos
3521 1017 3713 1074 habuit
3743 1017 3923 1085 Adam,

2338 1133 2540 1188 eosque
2565 1129 2618 1173 et
2650 1131 2860 1184 mares,
2890 1124 2945 1171 et
2991 1114 3270 1176 fmtninas,
3297 1122 3354 1168 et
3393 1110 3629 1181 probos,
3662 1119 3716 1164 et
3745 1110 3926 1175 impro-

2338 1211 2456 1267 bos.
2483 1210 2566 1266 An
2595 1210 2771 1280 imago
2823 1224 2885 1264 ea
2915 1216 2999 1263 est
3043 1205 3408 1278 generationis
3470 1190 3748 1273 Unigeniti
3801 1204 3925 1258 Dei?

2338 1317 2394 1356 v.
2418 1301 2586 1357 lilium
2613 1291 2801 1356 Habuit
2831 1299 3068 1356 Adamus
3089 1313 3155 1354 ex
3186 1297 3350 1362 lleva,
3380 1311 3504 1366 qua:
3534 1311 3603 1351 ex
3626 1311 3692 1351 eo
3714 1295 3921 1350 formata

2341 1404 2452 1463 est,
2500 1405 2661 1465 atque
2708 1393 2867 1462 hujus
2911 1391 3128 1463 quidem
3178 1390 3430 1446 formatio
3477 1389 3716 1459 Spiritus
3761 1387 3924 1444 Sancti

2343 1488 2741 1558 processionem
2774 1486 2999 1540 iunuere
3023 1483 3238 1540 dicitur.
3267 1483 3350 1538 An
3381 1482 3551 1537 filium
3585 1481 3750 1537 habet
3780 1480 3924 1536 Pater

2341 1595 2409 1636 ex
2434 1579 2638 1650 Spiritu
2675 1577 2906 1634 Sancto?
2935 1576 3204 1632 Hactenus
3230 1575 3284 1630 in
3316 1573 3408 1630 ﬁlii
3436 1573 3793 1645 generatione
3815 1587 3922 1643 per-

2343 1670 2599 1726 stitimus.

643 1797 726 1842 tas
751 1803 780 1840 a
803 1786 1064 1841 memoria
1084 1827 1099 1852 ,
1131 1797 1185 1840 et
1210 1758 1520 1839 intelleCtu:
1547 1781 1649 1836 nisi
1675 1780 1820 1835 enim
1845 1777 2104 1832 memoria
2127 1790 2242 1830 rem
2272 1767 2320 1828 B
2417 1764 2508 1820 41.
2550 1762 2834 1818 Processio
2865 1776 3030 1832 porro
3067 1760 3297 1832 Spiritus
3348 1760 3532 1817 Saneti
3579 1758 3792 1815 felicius
3835 1774 3920 1813 non

645 1879 795 1948 prius
823 1879 1147 1948 attingeret,
1196 1891 1297 1932 nec
1345 1873 1648 1930 intellectus
1688 1885 1807 1926 eam
1848 1877 2098 1940 caperet,
2145 1883 2243 1923 nec

642 1984 762 2024 eam
789 1969 1036 2024 voluntas
1057 1976 1453 2036 consequenter
1480 1973 1778 2034 appeteret.
1810 1963 1948 2016 Ecce
1969 1957 2245 2032 quomodo

645 2062 816 2118 factus
843 2071 928 2117 est
954 2060 1116 2116 homo
1143 2061 1211 2114 ad
1235 2059 1622 2114 similitudinem
1648 2056 1765 2111 Dei.
1795 2073 1815 2107 ι

716 2152 833 2208 Non
853 2152 1116 2209 absimilis
1132 2161 1216 2208 est
1237 2151 1561 2207 Theodoreti
1584 2148 1880 2212 sententia;
1907 2147 2022 2202 haec
2047 2146 2247 2216 quippe

650 2246 725 2300 ait
754 2245 971 2316 (Quwst.
990 2261 1058 2300 xx
1087 2247 1139 2298 in
1163 2243 1396 2299 Genesim
1426 2243 1447 2311 )
1479 2258 1495 2297 :
1520 2240 1726 2296 «Habet
1750 2239 1893 2295 enim
1914 2239 2026 2308 ipsa
2052 2237 2248 2306 (anima

645 2338 895 2408 humana)
927 2336 1230 2393 facultatem
1262 2334 1581 2392 rationalem
1602 2372 1618 2399 ,
1645 2343 1702 2390 et
1729 2331 1944 2388 vitalem
1988 2332 2040 2386 in
2067 2345 2127 2386 se
2154 2347 2166 2383 :
2194 2341 2249 2384 et

649 2443 804 2484 Iltelts
831 2429 1046 2497 quidem
1087 2427 1337 2498 producit
1378 2439 1682 2482 sermonem
1705 2465 1720 2491 ,
1749 2421 2024 2478 concurrit
2067 2431 2248 2475 autem

653 2535 778 2576 cum
805 2535 1055 2576 sermone
1085 2520 1327 2589 spiritus,
1345 2534 1452 2574 non
1483 2525 1772 2590 generatus
1800 2515 2249 2587 quidetn,quem-

645 2615 934 2672 admodum
984 2631 1198 2682 sermo,
1255 2613 1350 2670 sed
1385 2625 1644 2684 perpetuo
1671 2624 2015 2681 consequens
2041 2622 2250 2664 sermo-

648 2723 771 2763 nem
795 2749 808 2769 .
837 2717 892 2762 et
918 2722 1040 2762 cum
1069 2721 1169 2774 eo,
1199 2707 1329 2762 dum
1368 2705 1580 2770 editur,
1607 2716 1959 2758 concurrens.
2011 2719 2030 2752 ι

720 2797 1087 2852 Detnascenus
1125 2813 1289 2867 porro
1330 2795 1486 2850 aliam
1525 2793 1728 2848 invenit
1773 2793 1912 2846 inter
1958 2789 2245 2844 humanam

648 2890 880 2945 animam
897 2933 912 2956 ,
937 2900 991 2945 et
1015 2890 1330 2945 Trinitatem
1354 2886 1759 2944 Sanctissimam
1781 2881 2210 2938 convenientiam
2235 2896 2248 2934 :

648 2996 701 3040 et
733 2985 846 3038 haec
871 2996 952 3038 εει
974 2982 1150 3053 (Orat.
1167 2999 1225 3038 ιιι
1243 2981 1310 3037 de
1348 2981 1597 3050 lmagin.,
1620 2995 1672 3031 ιι.
1690 2977 1784 3048 20)
1807 2995 1818 3031 :
1841 2996 1859 3028 ι
1881 2976 2046 3031 Sicuti
2069 2976 2247 3039 Pater,

647 3078 739 3148 qui
773 3087 854 3132 est
892 3093 1074 3144 tuens,
1106 3085 1159 3131 et
1187 3075 1355 3130 Filius
1386 3074 1652 3138 Verbum,
1676 3080 1730 3126 et
1756 3071 1991 3139 Spirittts
2020 3069 2252 3124 Sanctus

2345 1857 2663 1928 exprimitur
2691 1871 2786 1926 per
2814 1854 3214 1926 processionem
3233 1894 3249 1918 ,
3279 1867 3374 1908 seu
3403 1851 3814 1922 productionem
3840 1850 3924 1904 lle-

2347 1964 2427 2002 vte
2455 1963 2522 2003 ex
2572 1946 2765 2003 Adami
2795 1955 2964 2002 costa.
2997 1944 3210 1999 Etenim
3235 1986 3250 2010 ,
3281 1953 3338 1998 ut
3377 1943 3429 1999 id
3474 1944 3724 1998 omittam
3745 1984 3760 2008 ,
3806 1943 3924 2011 quod

2347 2051 2471 2095 ante
2507 2039 2577 2095 de
2603 2039 2791 2094 eadem
2821 2037 3172 2108 proccssione
3196 2035 3310 2090 dixi
3331 2077 3346 2099 ,
3381 2050 3511 2090 sane
3542 2035 3783 2104 Spiritus
3811 2034 3923 2089 San-

2347 2142 2468 2188 ctus
2506 2147 2604 2204 per
2646 2131 2996 2202 spirationem
3029 2127 3301 2198 procedit,
3329 2140 3430 2182 nec
3471 2141 3539 2180 ex
3581 2127 3707 2180 solo
3753 2125 3924 2189 Patre,

2349 2241 2536 2282 verum
2566 2224 2726 2280 etiam
2755 2238 2823 2278 ex
2847 2221 2988 2277 Filio
3018 2219 3299 2292 procedit,
3331 2230 3492 2288 atque
3517 2233 3582 2273 ex
3632 2233 3822 2272 amore
3847 2217 3927 2272 Ps-

2351 2320 2485 2384 tris,
2511 2327 2566 2373 et
2605 2317 2728 2372 Filii
2783 2314 3045 2381 procedit.
3076 2313 3158 2368 Au
3202 2311 3318 2368 haec
3359 2309 3808 2374 similitudinem,
3850 2325 3928 2365 seu

2351 2413 2634 2484 imaginem
2663 2412 2895 2482 aliquam
2924 2410 2977 2464 in
3007 2408 3388 2479 processione.
3420 2421 3518 2461 seu
3547 2406 3724 2475 potius
3752 2405 3803 2459 in
3834 2403 3927 2458 for-

2351 2506 2589 2561 matione
2608 2503 2772 2560 [levae
2798 2518 2862 2558 ex
2889 2513 3039 2558 costa
3060 2501 3252 2556 Atlami
3285 2497 3521 2554 habent?
3547 2497 3740 2552 Restat
3766 2497 3925 2566 itaque

2352 2598 2516 2669 (quod
2541 2599 2652 2668 jam
2683 2595 2814 2668 dixi)
2840 2604 2898 2650 ut
2925 2595 3170 2650 latissime
3197 2593 3519 2664 accipiatur,
3571 2607 3681 2646 non
3721 2592 3930 2661 rigorose

2351 2689 2679 2757 similitudo,
2709 2700 2870 2759 atque
2903 2690 3078 2758 imago
3107 2688 3197 2742 illa
3226 2684 3534 2749 Trinitatis,
3564 2699 3727 2754 quam
3751 2700 3806 2738 ιι.
3831 2682 3919 2743 57,

2353 2798 2419 2838 ex
2447 2783 2621 2836 aliena
2649 2782 2915 2836 sententia
2942 2779 3347 2847 descripsimus.
3375 2776 3562 2848 Neque
3589 2791 3722 2832 vero
3755 2778 3863 2830 hac
3887 2775 3930 2828 in

2353 2880 2717 2946 Damasceno,
2749 2894 2906 2948 quem
2937 2879 2988 2931 in
3037 2877 3175 2930 hanc
3200 2875 3612 2946 explicationem
3659 2871 3926 2942 allegatum

2355 2970 2500 3038 vidi,
2529 2984 2786 3039 eitpresse
2811 2969 3040 3024 invenis.
3068 2966 3203 3022 Num
3236 2965 3289 3020 id
3315 2982 3385 3021 ex
3426 2981 3494 3019 eo
3531 2964 3625 3018 fiat
3644 3003 3660 3029 ,
3689 2964 3827 3035 quod
3854 2978 3926 3018 eoo

2354 3064 2502 3120 dices
2543 3063 2679 3118 alios
2706 3065 2774 3119 ah
2819 3061 2914 3126 iis,
2945 3077 3080 3132 quos
3113 3060 3296 3116 habuit
3325 3059 3378 3114 le
3421 3059 3629 3128 Quien,
3657 3059 3807 3130 cujus
3833 3058 3925 3113 edi-

651 3186 790 3224 unus
821 3171 956 3225 Deus
983 3177 1144 3225 sunt:
1176 3168 1255 3222 sic
1282 3181 1435 3222 mens
1466 3164 1688 3220 verbum
1711 3204 1728 3229 ,
1782 3173 1836 3216 et
1864 3162 2093 3232 Spiritus
2114 3175 2252 3215 unus
2278 3152 2323 3216 C
2358 3158 2504 3212 tione
2531 3164 2686 3222 utor,
2715 3156 2961 3211 diversos
2991 3155 3026 3209 ii
3053 3155 3257 3220 citent,
3291 3155 3475 3208 nescio
3503 3169 3517 3206 :
3550 3151 3658 3208 Sed
3694 3153 3805 3205 inec
3828 3161 3922 3203 tan-

651 3261 836 3315 homo.
871 3279 890 3312 ι
924 3262 1100 3330 Atque
1129 3260 1244 3314 haec
1295 3257 1534 3329 quidem,
1574 3269 1715 3326 quae.
1762 3253 1838 3308 uti
1889 3253 2100 3314 notavi,
2148 3253 2246 3308 de-

651 3359 939 3407 sutnuntur
990 3367 1060 3406 ex
1107 3350 1349 3404 oratione
1415 3364 1470 3402 ιιι
1526 3347 1590 3400 de
1635 3345 1990 3416 Imaginibus,
2027 3343 2140 3398 fere
2166 3360 2250 3398 rc-

652 3453 910 3516 petuntur
960 3445 1011 3497 in
1059 3442 1333 3512 Opus-culo
1387 3441 1646 3510 inscripto
1693 3455 1705 3491 :
1768 3437 2031 3503 Quomodo
2077 3438 2250 3507 imago

653 3533 750 3590 Dei
778 3535 1035 3605 impressa
1061 3535 1125 3588 sit
1155 3532 1372 3587 homini.

722 3626 814 3684 40.
849 3629 929 3682 An
960 3626 1076 3680 haec
1105 3624 1344 3695 rigorose
1369 3621 1665 3678 sumimus?
1693 3619 1833 3676 Nihil
1867 3621 2062 3675 minus.
2092 3619 2248 3674 Enim

652 3735 781 3777 vero
800 3721 843 3775 si
865 3719 1088 3789 primam
1109 3717 1520 3788 explicationem
1545 3714 1876 3784 inquisitioni
1899 3712 2212 3783 subjicitnus
2229 3755 2244 3778 ,

652 3814 830 3880 aliqua
860 3820 1186 3874 occurrunt,
1229 3826 1349 3879 qua:
1390 3808 1695 3864 difficultati
1737 3823 1844 3862 non
1864 3808 1966 3862 levi
1993 3807 2245 3864 subsunt.

654 3904 904 3960 Profecto
923 3918 1273 3972 quacumque
1295 3917 1360 3957 ea
1384 3902 1542 3955 fuerit
1563 3942 1577 3963 .
1601 3902 1716 3955 sive
1740 3905 1934 3971 imago.
1959 3902 2076 3956 sive
2101 3900 2248 3955 sitni-

657 3996 862 4063 litudo,
889 3994 1004 4050 sive
1052 4003 1337 4064 utrumque
1382 3992 1602 4057 horum,
1638 4007 1746 4047 non
1769 4006 1833 4046 ea
1856 4000 1975 4046 erat
2009 3990 2248 4046 desitura

658 4089 712 4143 in
740 4089 974 4152 Adamo,
1001 4086 1096 4142 sed
1127 4085 1192 4140 ad
1226 4086 1370 4141 illius
1396 4095 1641 4155 posteros
1683 4082 2056 4152 producenda,
2088 4082 2135 4138 si
2165 4083 2248 4137 in-

657 4193 859 4236 nocens
887 4177 1228 4248 perstitisset.
1261 4177 1375 4230 Non
1407 4189 1536 4245 ergo
1563 4175 1616 4228 in
1647 4190 1712 4229 eu
1734 4172 1990 4228 collocari
2035 4173 2126 4226 illa
2158 4186 2253 4242 po-

652 4271 809 4337 terit,
840 4269 981 4340 quod
1008 4272 1122 4339 ipse
1147 4283 1252 4324 non
1284 4270 1352 4324 sit
1379 4268 1612 4338 genitus.
1644 4266 1797 4336 Quod
1819 4266 1867 4322 si
1897 4266 2138 4336 rigorose
2162 4281 2252 4320 su-

656 4365 856 4419 mimus
901 4377 1097 4417 nomen
1136 4362 1380 4432 gcttitus,
1426 4363 1548 4433 quis
1591 4361 1829 4432 genitum
1879 4377 1912 4416 a
1956 4359 2068 4416 Deo
2110 4359 2254 4416 dicet

656 4455 962 4510 Adamum?
989 4454 1235 4510 Profecto
1264 4471 1366 4509 vox
1400 4455 1488 4509 illa
1518 4457 1758 4526 rigorose
1783 4464 1992 4525 sumpta
2018 4453 2252 4510 consub-

2355 3261 2465 3307 tutn
2495 3252 2547 3306 in
2575 3266 2643 3308 eo
2676 3251 2927 3320 leguntur
2946 3291 2958 3312 ,
2993 3264 3112 3320 qua:
3139 3247 3369 3302 recitare
3400 3245 3486 3299 ltic
3516 3245 3648 3298 libet
3675 3243 3766 3312 (Et
3794 3242 3915 3295 Orat.

2352 3361 2408 3401 ιιι
2435 3345 2501 3400 de
2533 3345 2754 3414 ltnagiu.
2787 3361 2840 3397 η.
2869 3344 2962 3412 20)
2989 3361 3001 3395 :
3038 3361 3058 3394 ι
3087 3340 3328 3396 Tertiutn
3357 3353 3528 3410 genus
3560 3336 3840 3407 imaginum
3859 3347 3922 3388 εει

2353 3454 2542 3495 eorum
2568 3480 2583 3503 ,
2611 3453 2732 3508 quae
2762 3451 2859 3507 per
2887 3435 3240 3490 imitationem
3269 3449 3298 3485 a
3331 3432 3439 3487 Deo
3472 3429 3610 3484 facta
3634 3439 3760 3482 sunt
3787 3446 3798 3478 :
3825 3438 3921 3494 puta

2355 3529 2614 3586 homo....
2644 3528 2774 3583 Nam
2800 3528 2961 3583 veluti
2991 3526 3184 3590 Pater,
3222 3523 3313 3594 qui
3361 3535 3515 3577 mens
3554 3530 3669 3583 est,
3697 3529 3750 3574 et
3781 3517 3919 3572 Filius

2354 3624 2482 3680 item
2511 3622 2735 3679 verbum
2760 3663 2774 3686 ,
2807 3628 2862 3676 et
2907 3618 3140 3689 Spiritus
3167 3616 3400 3672 Sanctus
3430 3629 3569 3668 unus
3606 3612 3753 3667 Deus
3790 3619 3916 3668 sunt;

2353 3717 2433 3771 sic
2459 3730 2612 3770 mens
2633 3757 2646 3778 ,
2676 3714 2899 3768 verbum
2919 3754 2934 3777 ,
2963 3721 3020 3766 et
3045 3709 3267 3780 spiritus
3296 3722 3435 3762 unus
3459 3707 3620 3760 homo
3645 3713 3788 3759 sunt.
3812 3701 3916 3756 Tum

2354 3809 2517 3864 etiam
2552 3817 2776 3875 propter
2819 3802 3027 3858 arbitrii
3056 3801 3390 3862 libertatem.
3424 3806 3479 3852 ct
3524 3794 3817 3866 imperandi
3841 3808 3916 3846 au—

2354 3899 2659 3955 ctoritatem
2687 3898 2851 3952 Deum
2882 3894 3118 3953 imitatur
3147 3909 3162 3947 z
3189 3891 3262 3944 ait
3292 3889 3490 3959 quippe
3510 3905 3522 3940 :
3541 3885 3819 3942 Faciamus
3843 3883 3918 3936 ho-

2357 4001 2556 4055 minem
2577 3997 2642 4052 ad
2659 3997 2969 4066 imaginem,
2993 4002 3049 4048 et
3075 3989 3482 4046 similitudinem
3515 3995 3755 4040 nostram
3779 3999 3793 4038 :
3818 3980 3918 4034 sub-

2354 4091 2542 4162 ditque
2573 4108 2585 4143 :
2613 4089 2680 4144 Et
2705 4085 3056 4143 dominamini
3082 4083 3316 4153 piscibus
3344 4079 3532 4144 maris,
3555 4096 3574 4130 ι
3607 4087 3715 4133 etc.
3745 4075 3798 4130 In
3819 4087 3918 4140 cpn-

2355 4185 2508 4242 sculo
2538 4197 2696 4249 vero,
2727 4181 2867 4250 quod
2898 4178 3173 4248 inscripsit
3210 4193 3222 4231 :
3255 4173 3512 4245 quomodo
3561 4171 3630 4225 ad
3680 4168 3918 4239 imaginem

2357 4276 2453 4332 Dei
2473 4276 2624 4330 homo
2668 4275 2768 4340 sit,
2814 4285 3058 4343 magnam
3107 4277 3311 4340 partem
3338 4278 3528 4320 eorum
3567 4259 3798 4331 repetit,
3824 4270 3920 4327 qua

2356 4367 2520 4424 modo
2545 4367 2820 4422 attulimus
2841 4405 2856 4430 ,
2885 4375 2998 4418 tum
3024 4362 3140 4417 hmc
3163 4358 3379 4428 subjicit
3405 4354 3569 4428 (Pag.
3616 4352 3725 4407 573
3761 4349 3871 4404 torni
3909 4362 3920 4399 l

2355 4462 2480 4516 edit.
2514 4458 2722 4530 Venet.)
2750 4475 2762 4512 :
2786 4477 2805 4510 ι
2829 4455 3054 4525 Quando
3070 4455 3140 4508 de
3165 4453 3277 4508 Deo
3301 4464 3481 4505 sermo
3506 4456 3612 4510 est,
3639 4459 3779 4500 unus
3807 4442 3920 4496 Deus

658 4551 968 4607 stantialem
1026 4549 1245 4604 indicat.
1272 4549 1354 4606 An
1385 4549 1856 4604 consubstantialis
1878 4550 1990 4616 Deo
2010 4547 2250 4604 Adatnus
2278 4540 2330 4600 D
2355 4551 2692 4616 celebratur,
2715 4557 2771 4604 ct
2818 4547 3072 4602 adoretur
3098 4545 3151 4599 in
3179 4542 3347 4598 tribus
3373 4537 3755 4611 hypostaslbus
3774 4575 3790 4598 ,
3819 4547 3923 4587 una-

656 4646 778 4701 est?
804 4645 884 4699 Ad
917 4644 1068 4700 hzec:
1108 4645 1152 4699 si
1178 4645 1410 4698 animam
1441 4655 1692 4715 spectas,
1721 4659 1752 4699 a
1783 4645 1892 4699 Deo
1923 4653 2138 4699 creatus
2165 4641 2247 4697 di-

655 4740 796 4794 citur
828 4738 992 4795 Adam
1017 4779 1032 4803 ,
1063 4754 1169 4792 non
1195 4739 1411 4808 genitus
1439 4756 1450 4790 :
1480 4739 1523 4791 si
1551 4751 1681 4792 vero
1707 4750 1903 4806 corpus
1924 4777 1939 4801 ,
1967 4751 2073 4790 non
2103 4735 2252 4805 geni-

663 4843 748 4888 tus
771 4874 785 4896 ,
818 4832 912 4887 sed
944 4833 1202 4887 formatus
1246 4831 1483 4887 Adamus
1511 4830 1707 4886 dicitur
1727 4871 1742 4894 ,
1792 4829 1991 4900 quippe
2031 4844 2099 4885 ex
2131 4844 2253 4884 cor-

658 4941 789 4997 pore
813 4936 1058 4992 constat,
1089 4941 1196 4996 quo
1229 4942 1335 4980 non
1377 4935 1591 4980 constat
1637 4925 1778 4978 Deus
1799 4964 1814 4989 ,
1842 4923 2065 4993 ipsaque
2107 4921 2253 4975 illius

657 5021 838 5076 anima
879 5019 1102 5090 spiritus
1125 5026 1209 5074 est
1238 5018 1351 5072 Deo
1378 5017 1536 5088 longe
1585 5015 1837 5081 inferior,
1887 5023 2071 5084 utpote
2100 5029 2251 5069 crea-

659 5126 777 5181 tus,
806 5123 862 5170 et
887 5114 1159 5170 mutabilis
1179 5153 1196 5180 ,
1226 5124 1282 5167 et
1305 5129 1335 5167 a
1362 5111 1542 5167 divina
1581 5109 1879 5167 suhstantia
1919 5107 2128 5163 infinito
2172 5108 2252 5160 in-

661 5206 883 5262 tervallo
909 5205 1137 5260 distans.
1168 5208 1248 5258 An
1279 5204 1458 5273 itaque
1498 5202 1740 5258 Adamus
1768 5201 1934 5255 divini
1966 5199 2131 5254 Verbi
2156 5214 2250 5268 ge-

659 5297 993 5354 nerationem
1022 5296 1310 5367 exprimit?
1337 5295 1506 5363 Quam
1534 5295 1577 5347 si
1623 5303 1804 5349 tamen
1831 5293 2052 5347 omnino
2077 5291 2254 5346 adhuc

660 5391 743 5446 vis
767 5391 1070 5460 exprimere
1089 5430 1103 5454 ,
1131 5387 1379 5443 advertas
1397 5429 1412 5451 ,
1442 5387 1696 5453 obsecro,
1729 5400 1888 5456 quam
1921 5384 2142 5455 pulchre
2162 5399 2255 5438 ex-

657 5484 878 5554 primat.
911 5484 993 5537 An
1022 5497 1128 5536 nou
1178 5479 1374 5535 Filium
1425 5479 1662 5533 Adamus
1708 5477 1922 5544 habuit,
1973 5486 2254 5546 postquam

659 5590 729 5632 ex
775 5575 919 5632 illius
967 5583 1118 5631 costa
1162 5573 1390 5631 formata
1427 5579 1513 5628 est
1561 5569 1744 5627 lleva‘i
1769 5571 1854 5625 An
1887 5584 2017 5625 vero
2059 5567 2254 5624 Filium

732 5754 812 5822 (al
847 5753 982 5812 Vide
1005 5767 1128 5825 quze
1153 5754 1221 5812 de
1246 5767 1312 5809 eo
1336 5751 1572 5810 diximus
1597 5749 1666 5807 ad
1692 5764 1841 5810 num.
1878 5750 1967 5806 Η.

2353 4659 2460 4716 que
2480 4644 2654 4700 deitas
2675 4683 2692 4708 ,
2727 4657 2830 4697 una
2857 4647 3083 4706 natura,
3113 4652 3218 4693 una
3238 4637 3351 4703 vis,
3383 4642 3438 4689 et
3463 4631 3700 4702 potentia
3721 4671 3738 4696 ,
3769 4627 3924 4682 volun-

2357 4749 2440 4794 tas
2467 4753 2574 4793 una
2602 4755 2614 4790 :
2651 4745 2761 4791 tres
2789 4747 3037 4804 personae
3059 4771 3074 4796 ,
3103 4740 3158 4786 et
3188 4742 3298 4785 tres
3323 4727 3672 4799 bypostases,
3706 4734 3925 4790 unaquae-

2355 4845 2458 4902 que
2485 4845 2606 4886 cum
2635 4843 2730 4883 sua
2764 4827 3112 4897 proprietate.
3144 4823 3276 4879 Nam
3323 4821 3626 4892 proprietas
3653 4816 3822 4872 Patris
3858 4821 3922 4867 est

2356 4922 2797 4980 innascibilitas:
2843 4919 3140 4990 proprietas
3186 4914 3338 4978 Filii,
3389 4913 3687 4967 nativitas:
3727 4917 3783 4964 et
3826 4921 3924 4975 pro-

2358 5017 2558 5088 prietas
2586 5014 2852 5086 Spiritus,
2891 5007 3186 5082 processio.
3234 5007 3379 5062 Deus
3402 5014 3489 5060 est
3515 5003 3676 5058 Pater
3698 5041 3713 5063 ,
3743 4998 3829 5070 qui
3852 5011 3921 5049 ca-

2358 5119 2444 5166 ret
2473 5108 2624 5163 initio
2650 5125 2663 5160 :
2699 5108 2840 5161 Deus
2871 5114 2955 5161 est
2985 5103 3184 5169 Filius,
3217 5100 3308 5171 qui
3334 5095 3562 5169 perinde
3609 5092 3815 5150 initium
3843 5103 3924 5143 non

2360 5201 2582 5266 habuit,
2613 5198 2912 5269 quamlibet
2939 5196 3012 5250 sit
3054 5209 3118 5250 ex
3145 5193 3300 5248 Patre
3337 5209 3350 5245 :
3385 5190 3529 5244 Deus
3561 5185 3788 5255 Spiritus
3810 5181 3922 5236 San-

2356 5303 2474 5350 ctus
2495 5334 2508 5355 ,
2540 5292 2818 5361 utriusque
2845 5299 3180 5350 coaeternus,
3230 5285 3500 5352 simulque
3549 5280 3691 5335 initii
3721 5287 3921 5346 expers:

2360 5399 2430 5442 ex
2455 5384 2614 5438 Patre
2655 5381 2906 5452 prodiens
2929 5422 2944 5448 ,
2979 5395 3085 5433 non
3115 5375 3234 5431 Filii
3282 5388 3465 5438 more,
3497 5383 3552 5427 ut
3595 5371 3802 5440 genitus
3837 5365 3920 5422 sit.

2360 5477 2438 5532 nti
2466 5475 2670 5541 Filius,
2713 5473 2808 5529 sed
2851 5471 3214 5542 processione.
3248 5464 3428 5522 Unum
3461 5464 3564 5520 tria
3594 5471 3678 5518 est
3713 5460 3917 5517 deitate.

2361 5567 2524 5638 inque
2550 5566 2720 5622 tribus
2745 5561 3148 5635 hypostasibus.
3182 5577 3202 5610 ι
