3978 6196
25 307 105 363 8755

670 297 738 356 IN
776 295 1039 355 lllLARll
1079 293 1294 353 EPIST.
1339 257 1729 364 SEU_LIBEL.
1774 289 2224 349 DISSERTATIO
2261 287 2597 348 SECUNDA.

3175 285 3282 343 866

77 422 156 474 i1.
197 417 332 472 Aliae
360 414 777 486 explicationes,
807 427 941 484 quas
968 412 1213 484 praebent
1241 421 1431 468 auctor
1460 410 1584 466 libri
1615 416 1665 474 Α
1697 429 1717 463 ‹
1745 410 1862 465 Νοη
1896 419 1979 466 est
2020 423 2152 480 ergo
2176 409 2244 463 ad
2287 408 2576 477 imaginem
2611 404 2725 469 Dei,
2759 404 2810 458 in
2835 418 2938 474 qua
2964 403 3103 459 Deus
3133 416 3284 458 sem-

25 513 72 565 tle
98 509 286 578 Spiritu
310 515 357 561 et
388 506 597 572 Anima,
622 515 809 561 auctor
831 520 1044 575 quoque
1063 503 1231 559 libelli
1248 504 1312 557 de
1330 503 1589 573 Dignitate

26 600 296 657 conditionis
323 598 585 664 humatur,
605 596 959 667 Augustinus,
991 608 1056 649 ac
1083 592 1474 660 Theodoretus,
1508 607 1588 647 ea:

26 693 173 748 minus
186 690 305 744 latae
319 689 590 755 videntur,
612 695 662 741 et
678 684 852 756 excipi
867 683 1156 741 commode
1174 693 1417 755 possunt,
1433 683 1590 738 dum-

26 783 160 839 modo
173 782 342 853 primo
359 780 430 835 ad
453 779 723 835 hominem
739 778 965 833 minime
985 787 1252 842 coaretes,
1273 775 1368 832 sed
1384 774 1588 846 Angela

26 887 306 931 communes
318 873 482 928 facias
498 890 512 928 :
526 871 764 928 secundo
777 871 993 926 fatearis
1011 870 1417 941 processionum
1441 869 1590 924 ordi-

28 985 127 1026 nem
151 967 402 1024 minutius
442 977 715 1023 servatum
749 966 971 1021 minime
1011 966 1181 1022 fuisse
1231 965 1527 1036 aliquando
1558 979 1588 1020 a

31 1060 429 1132 pmclarissimis
475 1061 558 1115 his
603 1059 941 1115 doctoribus.
987 1058 1193 1125 Tertio,
1249 1073 1314 1115 ex
1351 1057 1586 1123 duabus,

29 1170 136 1224 quas
162 1153 543 1223 explicavimus
573 1167 640 1207 ex
675 1151 995 1224 Augustino,
1026 1160 1083 1207 et
1111 1150 1476 1215 Theodoreto,
1518 1152 1592 1204 si-

31 1243 414 1307 militudinibus,
446 1242 624 1316 minus
650 1241 812 1296 latam
839 1255 960 1297 esse
981 1257 1123 1307 eam,
1154 1256 1274 1311 qu:e
1305 1243 1356 1296 in
1385 1250 1586 1307 mente,

31 1335 209 1402 notitia,
240 1345 295 1392 et
320 1350 528 1400 amore,
568 1350 732 1405 quam
753 1350 874 1406 qua:
903 1335 955 1389 in
995 1334 1371 1405 intelligentia,
1397 1334 1592 1389 volun-

31 1439 136 1492 tate,
165 1439 218 1484 et
243 1443 430 1484 amore
466 1428 782 1492 collocatur,
808 1426 974 1482 autin
999 1426 1150 1482 afﬁni
1193 1426 1320 1480 alio.
1360 1425 1423 1480 Et
1461 1439 1594 1480 sane

35 1520 379 1576 Tbeodoretus
413 1519 530 1590 ipse
550 1521 619 1575 de
657 1519 768 1584 illa,
804 1534 963 1589 quam
993 1534 1140 1573 num.
1171 1518 1241 1574 '58
1283 1515 1587 1580 attulimus,

32 1613 255 1680 opinione
276 1611 538 1682 judicium
567 1611 668 1665 hoc
694 1611 937 1682 profert:
970 1627 987 1661 ι
1023 1610 1130 1666 Sed
1163 1609 1470 1679 hujnsmodi
1494 1609 1592 1662 ad-

30 1715 133 1760 sunt
152 1705 345 1760 homini
369 1718 620 1775 tanquam
646 1704 897 1773 imagini:
927 1718 1086 1774 quam
1114 1703 1184 1757 ob
1211 1718 1324 1757 rem
1354 1716 1456 1758 nec
1481 1715 1597 1756 ser-

1691 519 1788 575 per
1809 503 1937 560 est?
1965 503 2059 558 sed
2095 501 2241 567 audi,
2275 501 2398 571 quia
2441 500 2507 554 ad
2539 499 2826 569 imaginem
2860 508 2943 553 est
2988 496 3080 552 l)ei
3109 514 3121 549 :
3154 495 3286 552 dicit
3335 483 3344 492 ’

1691 596 1834 652 enim
1885 594 2175 665 Apostolus
2205 592 2284 665 (ll
2316 590 2549 646 Corinth.
2606 605 2688 658 ιιι,
2741 585 2888 658 18);
2940 587 3048 643 Nos
3101 588 3283 655 itaque

1689 702 1878 743 omnes
1929 686 2164 742 revelata
2215 683 2353 741 facie
2398 682 2622 754 gloriam
2676 681 2768 736 Dei
2814 679 3186 752 speculantes,
3214 677 3283 733 ad

1691 779 1935 836 eamdem
1983 778 2274 850 imaginem
2309 775 2677 832 reformamur
2706 771 2920 845 agloria
2950 771 3004 827 in
3026 770 3277 842 gloriam,

1682 875 1829 929 sicut
1857 889 1885 926 a
1910 864 2122 928 Domini
2153 870 2368 944 spiritu.
2403 891 2421 924 ι

1759 964 1852 1022 45.
1897 968 2006 1037 Ego
2038 981 2199 1036 porro
2224 964 2450 1020 minime
2466 976 2660 1019 vereor
2678 960 2854 1025 fateri,
2879 960 2935 1016 in
2955 957 3285 1015 beatitudine

1691 1057 1945 1114 collocari
1969 1072 2129 1129 posse
2159 1056 2447 1128 imaginem
2482 1055 2749 1125 aliquam;
2791 1067 2953 1124 quam
3000 1060 3180 1106 tamen
3208 1049 3284 1103 si-

1693 1152 2054 1208 militudinem
2099 1151 2311 1222 potius,
2355 1165 2514 1221 quam
2562 1147 2848 1217 imaginem
2901 1143 3175 1214 appellare
3220 1141 3286 1196 li-

1690 1246 1807 1301 bttit
1833 1244 2075 1314 Origeni,
2109 1253 2163 1299 et
2199 1241 2485 1312 Scriptori,
2511 1255 2674 1310 quem
2715 1237 3044 1292 illustramus
3075 1233 3289 1306 (Recole

1694 1357 1748 1393 n.
1786 1336 1897 1408 l3).
1929 1338 2035 1393 Sed
2068 1345 2266 1408 praeter
2307 1351 2450 1398 eam,
2479 1348 2640 1405 quam
2688 1332 2810 1386 vitm
2853 1330 3011 1385 alteri
3052 1325 3290 1384 servavit

1694 1429 1856 1496 Deus,
1888 1428 2050 1483 aliam
2075 1428 2254 1483 adhuc
2285 1429 2336 1482 in
2369 1425 2489 1494 hac,
2519 1441 2681 1497 quam
2708 1424 2957 1488 vivimus,
2988 1421 3123 1488 vita,
3153 1420 3292 1475 ima-

1693 1525 1870 1594 ginem
1897 1521 2104 1578 homini
2125 1521 2443 1591 impressam
2471 1518 2639 1574 fnisse
2666 1535 2692 1570 a
2724 1518 2854 1583 Deo,
2887 1515 3128 1587 plerique
3167 1529 3290 1570 sen-

1695 1615 1856 1669 tiunt.
1912 1614 2272 1682 Quamobrem
2304 1613 2348 1667 si
2375 1611 2688 1675 concedam,
2714 1611 2764 1664 id
2796 1625 2902 1679 quo
2930 1608 3287 1674 contendunt,

1695 1705 1966 1761 Ambrosii
1999 1705 2176 1760 verbis
2208 1705 2458 1777 (tametsi
2509 1701 2751 1758 nonnihil
2789 1701 3016 1756 obscura
3048 1715 3110 1755 ea
3141 1696 3283 1768 sint)

31 1816 119 1863 mo,
149 1815 240 1855 nec
268 1800 492 1870 spiritus
522 1813 618 1867 per
649 1813 709 1854 se
738 1797 999 1852 subsistit.
1044 1799 1107 1851 At
1149 1796 1202 1851 in
1233 1794 1585 1851 Sanctissima
1619 1783 1668 1842 Β
1694 1797 2010 1868 signiﬁcari,
2048 1812 2154 1851 non
2186 1798 2444 1851 continuo
2476 1795 2650 1851 lateor
2678 1793 2742 1847 ad
2774 1793 2960 1859 aliam,
2997 1807 3120 1863 qua:
3142 1805 3288 1845 mor-

29 1893 259 1948 Trinitate
302 1902 415 1948 tres
443 1891 793 1961 intelligimus
833 1888 1184 1962 hypostases,
1225 1902 1429 1958 easque
1470 1888 1618 1950 sine

32 1988 311 2042 confusione
353 1987 554 2051 unitas,
586 1994 642 2040 et
669 1999 766 2055 per
786 1999 846 2039 se
876 1981 1255 2038 subsistentes.
1290 1980 1422 2036 Nam
1462 1991 1590 2036 ante

33 2079 182 2134 secula
219 2077 431 2150 genitus
473 2086 558 2132 est
583 2091 614 2132 a
642 2075 804 2130 Patre
847 2075 986 2129 Deus
1017 2073 1276 2139 Verbum,
1317 2071 1591 2140 insepara-

30 2169 128 2223 bilis
150 2180 323 2224 autt-m
356 2165 448 2223 est
475 2183 506 2223 a
535 2167 777 2238 genitore
809 2185 821 2219 :
854 2165 924 2220 Et
954 2163 1314 2235 proﬁciscitur
1339 2177 1369 2217 a
1400 2161 1512 2217 Deo
1535 2170 1590 2217 et

33 2262 160 2317 Patre
177 2263 403 2333 Spiritus
436 2263 691 2327 Sanctus,
722 2261 812 2331 qui
862 2267 918 2316 et
953 2258 1267 2328 intelligitur
1298 2258 1349 2311 in
1375 2255 1588 2326 propria

35 2354 300 2426 liypostasi.
329 2372 348 2406 ι
383 2353 460 2408 Ea
486 2369 672 2422 purro,
698 2367 858 2423 quam
896 2367 958 2406 ex
993 2351 1324 2421 Hieronymo
1367 2347 1592 2402 Aretino

31 2446 344 2518 subiecimus,
367 2446 660 2516 explicatio
685 2445 788 2501 hoc
814 2443 1036 2512 insuper
1055 2441 1218 2498 habet
1240 2438 1586 2505 incommodi,

31 2538 145 2606 quod
164 2538 286 2593 dum
316 2538 636 2592 memoriam
666 2535 887 2606 reliquis
910 2534 1120 2590 duabus
1146 2533 1408 2605 potentiis
1438 2540 1591 2587 ante-

31 2629 195 2684 riorem
224 2631 371 2695 facit,
404 2644 434 2683 a
465 2629 737 2684 communi
774 2627 1218 2698 pltil050pliorum
1246 2625 1510 2689 omnium,
1540 2633 1595 2679 et

32 2721 399 2793 Theologorum
423 2713 772 2792 persuasione
797 2720 1002 2776 recedit
1029 2718 1296 2792 (statuunt
1313 2718 1456 2773 enim
1477 2733 1594 2772 om-

31 2830 106 2868 nes
129 2815 458 2872 intellectum
482 2815 741 2870 memoria
769 2815 1006 2884 priorem
1029 2811 1196 2882 esse),
1220 2821 1275 2868 et
1300 2813 1418 2881 plus
1438 2826 1596 2882 aequo

32 2917 238 2961 veterum
269 2905 701 2974 Platonicorum,
729 2905 1066 2974 aliorumque
1093 2904 1444 2958 Etlmicorum
1475 2903 1597 2972 plii-

34 2998 349 3066 Iosopborum
397 2998 609 3068 placitis
651 2996 882 3059 accedit,
915 2996 1005 3066 qui
1045 2996 1253 3051 scilicet
1293 2995 1599 3050 statuebant

30 3092 259 3146 memoria
301 3092 542 3147 animam
563 3132 579 3157 ,
608 3101 897 3160 antequam
937 3089 1152 3159 corpori
1181 3088 1557 3143 infunderctur
1577 3128 1592 3153 ,

1695 1901 1803 1947 tem
1853 1900 2092 1947 nostram
2140 1889 2497 1944 subsecutura
2520 1896 2622 1952 est,
2667 1887 2854 1950 vitam,
2887 1901 3028 1949 eam,
3062 1885 3129 1940 de
3184 1899 3293 1953 qua

1693 1983 1923 2054 agimus,
1954 1982 2242 2052 imaginem
2273 1980 2512 2050 protrahi
2555 1978 2776 2034 debere.
2808 1978 2877 2032 Et
2906 1993 3095 2032 revera
3137 1985 3193 2031 ut
3241 1977 3293 2031 in

1691 2075 1982 2131 Ambrosio
2013 2076 2130 2145 ipso
2159 2074 2477 2139 consistam,
2511 2073 2670 2142 paulo
2699 2079 2823 2127 ante
2863 2070 3135 2126 Ambrosii
3171 2084 3301 2127 sen-

1694 2169 1918 2224 tentiam
1965 2167 2191 2236 allegavi
2231 2180 2296 2220 ex
2352 2180 2419 2220 eo
2463 2167 2602 2235 ipso,
2646 2180 2805 2234 quem
2834 2165 3158 2229 citaverunt,
3194 2178 3300 2218 nu-

1695 2275 1847 2317 mero
1878 2260 1947 2315 45
1976 2258 2342 2326 desttmptam,
2389 2256 2440 2310 in
2467 2271 2570 2326 qua
2607 2255 2823 2326 quidem
2852 2257 3051 2311 animae
3075 2267 3297 2322 nostrae,

1693 2369 1807 2422 qua:
1827 2351 1986 2406 libera
2013 2360 2105 2416 est,
2134 2359 2183 2404 et
2208 2349 2420 2421 diffusis
2449 2349 2859 2418 cogitationibus,
2889 2360 3040 2412 atque
3069 2349 3302 2414 consiliis

1695 2445 1795 2500 huc
1822 2454 1972 2514 atque
2007 2443 2134 2497 illuc
2166 2451 2404 2513 vagatur,
2435 2440 2748 2514 imaginem,
2771 2441 2840 2497 dc
2866 2457 2973 2513 qua
3004 2441 3092 2496 ltic
3116 2441 3294 2496 disse-

1695 2537 1888 2600 rimus,
1915 2535 2137 2590 inditam
2168 2534 2351 2590 docet.

1767 2629 1858 2685 46.
1892 2629 2055 2685 Estne
2089 2644 2250 2699 porro
2278 2628 2446 2693 aliud,
2481 2629 2533 2682 in
2565 2643 2674 2700 quo
2714 2627 2962 2685 eamdem
3010 2627 3299 2698 imaginem

1696 2723 1972 2778 colloces?
2005 2722 2100 2777 Est
2130 2723 2335 2793 utique.
2367 2721 2651 2791 Quodnam
2700 2737 2862 2792 porro
2906 2722 2954 2777 si
2995 2738 3292 2793 etposcas,

1698 2817 1879 2872 statim
1905 2815 2174 2871 indicabo.

1775 2911 1852 2964 Ac
1881 2910 2112 2979 primum
2145 2907 2361 2980 quidem
2396 2908 2573 2978 imago
2609 2907 2700 2964 Dei
2731 2907 2838 2964 dici
2882 2916 3171 2979 utcumque
3200 2923 3298 2980 po—

1703 3003 1830 3058 terit
1883 3001 2067 3069 homo,
2100 3009 2370 3072 quatenus
2418 3001 2558 3056 sicut
2600 3002 2738 3056 Deus
2778 2999 2984 3056 entium
3028 3002 3294 3069 omnium,

1703 3109 2095 3165 causarumque
2123 3093 2516 3168 perfectiones,
2552 3101 2709 3163 atque
2742 3093 3094 3148 excellentias
3137 3092 3192 3148 in
3245 3107 3306 3149 se

31 3184 279 3252 praeditam
306 3200 456 3251 esse,
486 3196 538 3241 et
579 3184 848 3239 luculenta
872 3224 888 3248 ,
917 3183 1206 3238 multarum
1237 3197 1439 3245 rerum,
1467 3194 1602 3250 quas
1627 3164 1672 3226 Ο
1705 3164 2118 3253 complectitur;
2152 3165 2311 3256 quam
2338 3187 2409 3242 ob
2436 3201 2551 3242 rem
2581 3201 2738 3240 causa
2768 3201 3044 3240 causarum
3068 3185 3309 3257 appeua-

27 3276 118 3346 jam
142 3278 426 3346 didicerat,
449 3279 635 3334 notitia
661 3276 1016 3350 praedivitem.
1051 3279 1130 3330 An
1156 3273 1466 3330 Catltolicns
1490 3272 1605 3328 haec

32 3371 302 3439 preponet?

87 3463 167 3518 45.
207 3465 287 3518 An
314 3479 452 3518 vero
491 3463 776 3534 imaginem
810 3463 902 3518 Dei
935 3462 1143 3518 homini
1173 3461 1491 3532 impressam
1522 3461 1606 3515 di-

31 3571 122 3622 ces,
137 3557 273 3626 quod
297 3559 444 3612 sicut
472 3557 652 3620 Pater,
670 3558 760 3627 qui
781 3571 934 3611 mens
957 3564 1131 3620 cst,et
1158 3555 1323 3610 Filius
1341 3554 1606 3618 Verbum,

31 3657 75 3702 et
98 3646 319 3720 Spiritus
347 3650 582 3704 Sanctus
623 3665 760 3704 unus
786 3650 930 3705 Deus
966 3658 1114 3714 sunt,
1161 3647 1241 3702 sic
1282 3661 1456 3710 mens,
1491 3661 1610 3700 ver—

31 3741 155 3807 bum,
199 3752 252 3798 et
288 3743 520 3813 spiritus
556 3743 664 3798 sint
703 3757 841 3798 unus
873 3741 1075 3796 h‘nmo?
1123 3743 1204 3796 An
1237 3739 1375 3805 hare,
1409 3754 1528 3810 qua!
1556 3739 1611 3794 in

33 3833 227 3893 homine
247 3838 624 3909 agnoscimus,
648 3851 767 3901 seu,
793 3845 850 3890 ut
881 3834 1200 3905 expressius
1225 3834 1532 3904 loquamur,
1559 3832 1612 3888 in

33 3929 185 3983 anima
226 3929 491 3995 hominis,
542 3938 652 3986 tres
695 3929 1021 4001 hypostases
1073 3936 1231 3993 sunt,
1264 3935 1319 3982 et
1349 3941 1456 3981 una
1486 3925 1615 3980 sub-

32 4024 226 4090 stantia,
247 4041 348 4080 seu
371 4025 625 4091 essentia,
661 4025 802 4079 sicut
818 4024 999 4089 Pater,
1024 4022 1281 4088 Verbum,
1307 4032 1360 4076 et
1382 4019 1616 4091 Spiritus

34 4115 241 4172 Sanctus
271 4131 388 4172 tres
417 4116 735 4188 hypostases
771 4125 919 4181 sunt,
954 4126 1008 4172 et
1039 4128 1177 4170 unus
1210 4115 1386 4168 Deus?
1422 4113 1478 4168 Si
1513 4112 1616 4166 ltu-

33 4205 246 4273 jusmodi
280 4207 660 4265 convenientia
693 4209 974 4265 sufﬁceret
1006 4207 1073 4262 ad
1100 4206 1390 4277 imaginem
1433 4204 1525 4260 Dei
1562 4204 1616 4259 in

37 4298 237 4358 homine
274 4301 681 4368 stabiliendam,
721 4300 866 4357 haud
903 4315 1048 4372 aegre
1077 4301 1262 4371 utique
1292 4301 1344 4354 in
1384 4299 1620 4353 humano

35 4407 243 4465 corpore
271 4410 396 4451 eam
427 4395 749 4451 collocares.
773 4394 991 4451 Scilicet
1015 4406 1212 4463 corpus
1232 4391 1301 4447 ad
1330 4390 1620 4446 essentiam

1709 3293 1795 3336 tus
1823 3290 1907 3337 est
1947 3296 1976 3334 a
2010 3279 2349 3350 pbi1050pltis
2378 3297 2392 3334 :
2423 3282 2493 3333 ita
2528 3278 2690 3332 homo
2724 3277 3111 3347 perlectiones,
3145 3267 3311 3347 atque

1710 3375 2058 3430 cxcellentias
2082 3383 2453 3430 creaturarum
2483 3373 2722 3426 omnium
2746 3373 2798 3426 in
2828 3385 2886 3426 se
2907 3371 3304 3441 complectitur;

1710 3483 1870 3537 quam
1909 3468 1980 3522 ob
2019 3483 2130 3522 rem
2164 3467 2545 3531 microcosmus,
2590 3480 2685 3521 seu
2718 3480 2915 3536 parvus
2955 3464 3205 3529 Mundus,
3251 3473 3310 3521 et

1712 3569 1962 3616 creatura
1989 3561 2230 3616 omnium
2255 3561 2645 3630 perfectissima
2673 3569 2757 3614 est
2781 3559 3098 3629 appellatus.
3147 3559 3215 3614 Et
3242 3559 3312 3614 de

1717 3657 1826 3712 Deo
1857 3654 2073 3726 quidem
2123 3655 2199 3719 id,
2252 3653 2394 3725 quod
2423 3654 2553 3721 dixi,
2579 3653 2940 3709 indubitatum
2979 3662 3085 3710 est.
3120 3652 3311 3711 Restat

1713 3749 1915 3820 itaque,
1948 3746 2169 3819 utquod
2200 3747 2268 3803 de
2299 3748 2515 3802 homine
2539 3747 2754 3811 tradidi.
2787 3747 2971 3818 paucis
2999 3747 3308 3804 ostendam.

1721 3843 2035 3913 Spectemus
2065 3842 2238 3912 primo
2270 3841 2567 3908 hominem,
2593 3851 2652 3896 ut
2677 3841 2750 3896 ita
2777 3841 2987 3913 loquar,
3021 3841 3313 3912 particula-

1719 3938 1836 3991 tim.
1881 3935 2184 3990 Humanum
2207 3950 2402 4002 corpus
2429 3950 2590 4006 quam
2623 3943 2886 4005 praestans
2912 3935 3002 4000 sit,
3026 3942 3083 3991 et
3125 3935 3317 3992 bruto-

1718 4044 1838 4084 rum
1867 4027 2219 4083 animantium
2248 4028 2506 4098 speciem,
2548 4041 2611 4082 ac
2649 4027 2875 4082 formam
2905 4038 3110 4096 quanto
3149 4029 3318 4085 inter-

1721 4120 1863 4176 vallo
1922 4129 2191 4192 superet,
2252 4120 2352 4173 viri
2409 4118 2840 4187 praestantissimi
2911 4119 3026 4187 jam
3098 4118 3308 4189 pridem

1720 4209 2096 4276 ostenderunt,
2124 4225 2158 4266 e
2179 4209 2374 4279 quibus
2424 4208 2512 4263 hic
2542 4207 2724 4263 indico
2761 4207 3125 4275 Lactantium,
3153 4224 3317 4280 quem

1722 4302 1872 4374 legas
1899 4311 2028 4373 opto
2057 4300 2168 4374 (lib.
2188 4301 2281 4355 ide
2309 4297 2579 4370 Opiﬁcio).
2627 4301 2722 4354 Diu
2751 4316 2914 4371 porro
2939 4311 3067 4358 ante
3087 4301 3322 4358 Lactan-

1725 4395 1856 4450 tium
1883 4395 2072 4450 Cicero
2099 4393 2213 4465 (lib.
2248 4408 2264 4447 ι
2295 4392 2360 4448 de
2383 4391 2568 4464 Ofﬁc.)
2594 4411 2606 4446 :
2635 4411 2656 4446 ι
2689 4393 2881 4463 Nobis,
2911 4396 3102 4466 inquit,
3131 4412 3322 4468 perso-

37 4487 251 4544 hominis
283 4491 542 4561 pertinet,
567 4503 669 4545 nec
697 4490 816 4546 sine
841 4502 1070 4558 corpore
1102 4485 1306 4556 percipi
1335 4482 1500 4539 homo
1529 4497 1623 4552 po-
1647 4517 1704 4578 Ι)
1726 4504 1848 4545 nam
1879 4485 2136 4558 imposuit
2156 4487 2271 4555 ipsa
2302 4497 2491 4542 natura
2517 4501 2640 4542 cum
2671 4489 3014 4553 excellentia,
3049 4499 3319 4560 ρι-ωςωη-

38 4588 147 4647 test,
175 4583 319 4637 sicut
355 4597 455 4638 nec
483 4582 601 4637 sine
633 4581 808 4637 tribus
842 4579 1044 4636 divinis
1085 4577 1334 4649 personis
1377 4575 1622 4633 Sanctis-

37 4675 154 4728 sima
185 4675 446 4732 Trinitas.
482 4675 616 4742 Quis
656 4685 839 4731 tamen
875 4674 930 4728 in
971 4688 1200 4743 corpore
1239 4671 1474 4726 humano
1503 4684 1623 4726 eam

37 4765 312 4838 imaginem
342 4768 604 4825 collocat?
631 4768 857 4824 Constat
884 4768 1066 4837 itaque
1094 4764 1403 4836 huiusmodi
1434 4764 1626 4820 simili-

39 4859 260 4922 tndines.
286 4874 419 4922 seu,
450 4860 497 4915 si
535 4859 817 4931 appellare
841 4859 915 4914 ita
942 4859 1043 4925 vis,
1091 4859 1364 4928 imagines,
1404 4857 1628 4912 minimc

37 4950 283 5021 rigorosas
309 4966 453 5012 esse.
485 4951 582 5007 sed
612 4950 904 5006 latissimas
932 4968 947 5004 :
973 4949 1116 5022 quod
1155 4950 1202 5006 si
1241 4949 1336 5005 tibi
1371 4950 1503 5006 satis
1523 4958 1625 5016 est,

38 5055 126 5109 ego
155 5043 344 5114 utique
369 5041 735 5098 Sanctissima:
755 5041 1035 5097 Trinitatis
1057 5041 1340 5111 imaginem
1371 5041 1425 5095 in
1451 5041 1626 5096 anima

39 5129 352 5200 impressam
381 5148 502 5189 esse
534 5134 763 5200 fatebor,
788 5142 1005 5204 propter
1019 5147 1140 5189 eam
1165 5133 1355 5200 etiam,
1381 5147 1541 5203 quam
1562 5147 1630 5187 ex

42 5222 374 5282 Damasceno
398 5225 648 5293 attulisti,
681 5227 970 5282 rationem.

103 5316 192 5370 44.
231 5317 343 5386 Qui
380 5318 692 5388 imaginem,
726 5318 794 5373 de
819 5333 922 5388 qua
946 5317 1185 5390 agimus,
1218 5319 1272 5372 in
1300 5314 1632 5373 beatitudine

41 5408 326 5478 collocant,
367 5425 471 5482 qua
507 5410 726 5466 demum
765 5413 1030 5481 potiturus
1069 5421 1154 5467 est
1195 5411 1380 5474 homo,
1424 5424 1547 5466 cum
1577 5410 1633 5465 in

41 5501 188 5556 ctelis
215 5502 383 5558 Deum
408 5501 612 5558 videbit
635 5504 769 5573 facie
808 5502 878 5556 ad
907 5503 1091 5573 faciem
1120 5499 1224 5574 (a),
1255 5502 1372 5558 haec
1399 5501 1637 5557 Ambro-

40 5594 102 5647 sii
135 5594 310 5651 verba
359 5594 893 5667 all'erunt(H¢a:aem.
928 5596 1018 5651 lib.
1050 5611 1107 5652 vx
1137 5611 1252 5667 cap.
1297 5595 1355 5661 8,
1413 5613 1468 5650 η.
1515 5593 1634 5666 45).

1726 4581 1906 4652 tiaque
1931 4578 2288 4636 animantium
2331 4579 2684 4650 reliquarum,
2717 4598 2737 4633 ›
2798 4581 2865 4636 Ει
2915 4583 3031 4653 ipse
3082 4583 3325 4652 profecto

1728 4682 1979 4744 aspectus
2023 4687 2087 4728 ac
2130 4672 2313 4729 vultus
2359 4672 2616 4741 hominis,
2643 4682 2903 4744 quantum
2947 4674 3037 4729 ille
3085 4674 3326 4746 reliquas

1728 4768 2032 4823 animantes
2064 4766 2384 4824 excellentia
2414 4767 2612 4832 vincat,
2641 4781 2703 4822 ac
2733 4766 3013 4838 dignitate,
3040 4767 3328 4824 manifesto

1731 4859 1990 4916 ostendit.
2017 4859 2239 4915 Scilicet
2262 4861 2306 4914 si
2325 4858 2543 4914 easdem
2574 4857 2872 4915 animantes
2907 4858 3132 4916 intueris
3155 4858 3323 4933 (Boet.

1732 4953 1796 5007 de
1818 4952 2078 5010 Consolat.
2111 4952 2200 5006 lib.
2237 4967 2294 5019 v,
2346 4949 2404 5022 5)
2439 4968 2452 5005 :

1957 5043 2121 5092 Variis
2139 5042 2308 5106 videas
2329 5043 2445 5106 licet
2466 5044 2627 5093 omnia
2648 5043 2934 5106 discrepare
2957 5042 3142 5104 formis,

1830 5105 1990 5156 Prona
2011 5113 2175 5155 tamen
2196 5105 2344 5154 facies
2368 5104 2582 5155 hebetes
2607 5105 2738 5155 valet
2757 5104 3017 5157 intrravare
3041 5119 3236 5157 sensus.

1832 5166 1983 5231 Unica
2006 5179 2131 5231 gens
2154 5165 2402 5215 hominum
2425 5165 2614 5216 celsum
2639 5166 2770 5231 levat
2787 5165 2933 5231 altius
2950 5180 3208 5231 cacumen,

1837 5229 2000 5292 Atque
2025 5229 2150 5278 levis
2171 5236 2308 5278 recto
2325 5233 2423 5278 stat
2446 5240 2674 5291 corpore.
2698 5229 3010 5293 despicitque
3029 5229 3209 5281 terras.

1812 5319 1902 5374 47.
1943 5317 2244 5374 Pertractat
2273 5317 2378 5374 hoc
2422 5330 2800 5389 argumentttm
2841 5321 3174 5391 Augustinus
3215 5320 3332 5394 (lib.

1741 5410 1846 5466 ide
1874 5409 2059 5466 Genesi
2080 5419 2261 5463 contra
2282 5408 2512 5464 Manich.
2556 5427 2672 5480 cap.
2725 5412 2815 5477 l7,
2854 5428 2908 5465 η.
2963 5411 3081 5484 28).
3137 5414 3338 5485 quippe

1742 5503 1833 5574 qui
1865 5503 2092 5560 innuere
2137 5517 2244 5558 non
2290 5511 2528 5570 veretur,
2561 5518 2722 5574 posse
2773 5504 2956 5576 aliquo
2984 5504 3145 5562 modo
3175 5507 3340 5564 etiam

1743 5609 1942 5667 corpus
1995 5595 2288 5652 humanum
2335 5594 2404 5652 ad
2448 5595 2736 5666 imaginem
2768 5596 2864 5653 Dei
2892 5596 3098 5654 factum
3146 5597 3338 5665 videri,

109 5728 186 5801 (a)
226 5729 380 5788 lianc
428 5731 726 5808 imaginem
778 5732 854 5808 in_
893 5729 1246 5808 similitudine
1297 5729 1627 5803 expressiori
1665 5729 1954 5801 collocant,
1996 5745 2161 5804 quam
2211 5730 2489 5791 hominem
2519 5732 2680 5802 inter,
2731 5739 2788 5792 et
2828 5733 3023 5804 Deum,
3069 5743 3336 5808 quatenus

45 5799 238 5859 beatus
262 5811 368 5874 est,
389 5799 656 5861 statuunt.
688 5800 893 5863 Recole
917 5819 975 5862 n.
1012 5801 1099 5861 i9.
