3978 6196
101 243 184 301 869

748 236 821 298 ut
857 237 1120 298 anno
1159 205 1371 299 arisi.
1412 239 1544 299 seu
1584 236 1807 298 usus.
1852 236 2304 301 DlSSEltTATlO
2342 238 2683 303 SECUNDA.

3247 244 3352 300 870

156 358 235 415 53.
267 355 357 413 liis
385 353 708 421 constitutis,
739 355 936 413 mirum
979 371 1087 413 non
1130 365 1214 414 est
1239 357 1434 427 primo,
1474 358 1517 412 si
1552 356 1648 413 ho-
1675 356 1855 432 Λαθιί
1886 358 2087 412 etenim
2144 367 2291 427 sunt,
2343 358 2555 425 vivunt,
2603 358 2868 424 sentiunt,
2919 365 2975 414 et
3014 357 3349 415 discernunt.

101 449 213 507 mini
235 449 418 518 ampla:
444 464 506 503 ac
526 447 826 519 magniﬁca:
855 449 1046 506 laudes
1076 451 1398 518 tribuantur,
1420 452 1656 508 dicatur-

109 557 197 613 que
234 540 511 612 aliquando
562 556 594 597 a
642 541 1013 613 Scriptosibus
1036 543 1139 618 (α),
1163 544 1305 616 quod
1333 557 1493 602 antea
1520 546 1652 614 dial,

102 650 265 703 parvus
285 634 520 701 mundus,
546 633 839 706 aliquando
865 647 1241 693 creaturarum
1267 639 1507 694 omnium
1530 654 1655 708 per-

104 726 381 791 fectissima,
415 724 707 797 aliquando
753 728 916 786 totius
963 739 1229 787 creawras
1256 732 1527 802 epilogus,
1558 732 1658 787 ali-

104 818 289 888 quando
308 819 467 873 etiam
495 829 745 876 creatura
772 822 970 889 omnis,
1000 822 1148 892 quod
1176 823 1248 878 ita
1276 833 1461 894 postea
1489 825 1658 895 explio

103 921 243 979 eaut,
281 910 420 982 quod
466 912 549 967 vel
580 921 950 970 creaturarum
1001 918 1244 970 omnium
1298 916 1660 986 perfectiones

105 1005 351 1073 {mmet
387 1004 621 1071 habeat,
668 1006 751 1063 vel
805 1007 997 1063 saltem
1046 1009 1340 1064 rnainenter.
1392 1010 1657 1066 Nimirum

102 1114 261 1169 pareas
286 1096 501 1153 mundus
532 1105 815 1168 propterea
841 1098 1040 1156 dicitur
1064 1142 1081 1168 ,
1111 1101 1254 1171 quod
1285 1101 1509 1172 quiquid
1562 1117 1659 1171 per

103 1190 306 1261 reliquas
332 1199 607 1248 creaturas
628 1190 881 1248 dili‘usum
912 1200 1019 1255 est,
1041 1195 1329 1264 complecti
1356 1196 1409 1251 in
1435 1211 1495 1251 se
1520 1212 1658 1253 unus

103 1281 301 1349 videtur,
322 1298 548 1354 eamque
571 1283 643 1339 ob
686 1299 905 1342 causam
934 1288 1100 1342 omnis
1125 1298 1375 1344 creatum
1423 1291 1658 1362 epilogus

100 1372 239 1429 etiam
261 1373 472 1433 dicitur.
502 1375 955 1434 Perfectissimam
988 1394 1119 1436 vero
1143 1392 1515 1438 creaturarum
1536 1398 1657 1439 om.

104 1465 231 1521 nium
282 1473 558 1536 propterea
600 1470 860 1538 appellari
919 1470 1151 1541 volunt,
1221 1475 1347 1545 quia
1387 1476 1659 1532 inanimas

104 1570 213 1611 sane
249 1571 339 1612 sua
385 1560 719 1634 praestantia,
748 1575 812 1615 ac
838 1562 1052 1631 spiritu,
1077 1578 1184 1634 quo
1208 1565 1539 1634 vivificatur,
1567 1583 1661 1624 su-

103 1657 261 1716 perat;
290 1631 497 1720 Angeio
540 1666 671 1709 vero
725 1662 947 1722 praestat
1000 1667 1063 1709 ea
1096 1631 1237 1724 ipsa
1279 1657 1348 1713 de
1387 1672 1471 1724 re,
1497 1631 1658 1731 quam

1757 449 1950 506 Omnis
1994 460 2174 507 autem
2201 463 2467 508 creaturae
2508 452 2707 523 aliquid
2756 451 2917 507 habet
2962 451 3144 507 homo.
3178 452 3354 509 Habet

1759 554 1993 610 namque
2021 554 2310 596 commune
2337 557 2461 598 esse
2503 557 2626 598 cum
2675 541 2968 611 lapidibus,
2997 544 3180 600 vivere
3226 557 3350 600 cum

1758 630 2071 699 arboribus,
2102 634 2306 689 sentire
2348 649 2470 689 cum
2496 632 2843 699 animalibus,
2877 633 3180 705 intelligere
3221 650 3347 692 cum

1757 721 2004 793 Angelis.
2037 724 2095 782 Si
2134 739 2266 796 ergo
2293 741 2585 782 commune
2633 727 2792 783 habet
2828 725 3030 798 aliquid
3054 742 3176 785 cum
3204 727 3354 785 omni

1762 822 2009 871 creatura
2063 816 2249 882 homo,
2286 817 2437 888 juxta
2485 818 2687 889 aliquid
2733 820 2911 874 omnis
2964 829 3212 876 creatura
3267 830 3354 878 est

1762 910 1946 967 homo.
1975 912 2130 968 Omni
2158 928 2290 983 ergo
2332 924 2596 970 creaturae
2633 915 2958 984 prmdieatur
2982 915 3352 986 Evangelium,

1760 1019 1928 1074 quum
1950 1006 2053 1060 soli
2085 1005 2294 1061 homini
2326 1006 2675 1078 praedicatur,
2707 1008 2831 1078 quia
2874 1007 2963 1065 ille
2985 1008 3235 1066 videlicet
3259 1009 3357 1065 do-

1758 1106 1937 1165 estur,
1965 1109 2186 1169 propter
2208 1113 2368 1169 quem
2395 1097 2453 1154 ἰιι
2486 1109 2628 1155 terra
2653 1110 2844 1155 ρυηοιθ
2868 1108 3049 1157 creata
3071 1110 3219 1166 sunt,
3247 1110 3303 1159 οι
3326 1117 3355 1159 I

1759 1204 1870 1260 quo
1915 1190 2098 1247 omnia
2146 1205 2243 1262 per
2267 1192 2555 1262 quamdam
2597 1191 3015 1251 similitudinem
3040 1193 3218 1252 aliena
3248 1208 3357 1252 non

1759 1291 1911 1337 sunt.
1936 1301 1957 1336 ι

1831 1373 1921 1429 55.
1952 1372 2011 1429 ω
2055 1374 2229 1444 ipsum
2270 1389 2432 1445 porro
2461 1380 2587 1432 ante
2625 1374 2881 1433 doctores
2916 1387 3134 1437 nostros
3173 1376 3361 1434 Chris-

1760 1466 1905 1521 tiana
1946 1464 2051 1522 fide
2103 1466 2397 1523 instructos
2425 1467 2735 1524 subederati
2766 1450 3145 1527 sunt/veteres
3170 1468 3359 1527 Philae

1761 1556 1952 1628 sophi,
2005 1571 2070 1612 ac
2119 1567 2313 1626 poetae.
2345 1558 2594 1613 Ovidium
2639 1560 2859 1628 omitto,
2892 1562 3048 1632 cuius
3093 1562 3359 1625 notissimi

1760 1649 2018 1707 versiculi
2057 1650 2172 1721 (lib.
2202 1666 2268 1706 xv
2286 1652 2677 1725 meminerim),

103 1739 241 1797 modo
264 1743 604 1812 exposuimus
630 1782 645 1811 ,
689 1744 1073 1816 conjunctiOne
1102 1750 1311 1805 scilicet
1355 1752 1573 1818 animae,
1603 1764 1659 1809 et
1690 1760 1736 1823 Β
1855 1749 2174 1826 εἰσεφοίιξξε
2199 1765 2314 1826 Pars
2338 1751 2502 1803 “undi
2524 1754 2792 1826 ,quoniam
2813 1766 2912 1806 non
2929 1766 3136 1819 corpora
3152 1753 3333 1817 solum.

104 1834 343 1904 corporis;
371 1851 476 1905 qua
513 1835 730 1907 quidem
756 1837 826 1894 de
878 1853 1043 1895 causa
1066 1842 1387 1911 ampliorem
1419 1844 1473 1900 in
1501 1845 1660 1903 cmiis

104 1924 451 1982 beatitudinem
479 1938 820 2000 assequetur.

161 2025 239 2081 54.
275 2027 423 2093 Quod
456 2042 589 2084 vero
640 2029 711 2085 de
738 2031 1161 2099 perfectionibus
1206 2035 1288 2091 vel
1348 2037 1656 2107 formatiter,

103 2117 171 2171 vel
196 2119 459 2173 cmineum
487 2120 556 2175 ab
583 2134 650 2176 eo
684 2123 947 2190 possessis
976 2124 1108 2192 dixi,
1142 2127 1215 2181 ita
1259 2128 1551 2198 explicant,
1602 2139 1661 2184 ut

103 2207 217 2261 sicut
240 2207 377 2264 Dens
414 2212 778 2282 perfectiones
807 2226 999 2272 omnes
1028 2216 1111 2273 vel
1151 2218 1441 2290 formaliler
1496 2219 1660 2278 habet

110 2302 204 2371 (eas
224 2301 418 2358 scilicet
446 2319 569 2374 quas
610 2307 792 2361 statim
822 2322 974 2363 suam
1005 2312 1373 2379 prmstantiam
1402 2314 1658 2385 produnt,

104 2407 183 2448 nec
208 2394 256 2449 in
282 2396 357 2452 eis
377 2396 580 2468 aliquid
611 2397 1034 2470 imperfectiouis
1061 2402 1393 2478 involvitur),
1425 2407 1505 2461 vel
1529 2408 1659 2462 emi-

103 2498 247 2543 nenter
267 2490 284 2560 (
307 2505 399 2546 eas
420 2492 625 2562 quippe
650 2497 1008 2564 perfectiones
1043 2497 1351 2554 entinenter
1382 2499 1662 2569 possidere

102 2579 296 2648 dicitur,
328 2594 450 2652 quae
481 2582 831 2653 coniunctum
865 2586 919 2640 in
949 2600 1043 2642 sua
1075 2590 1296 2645 notione
1323 2589 1525 2645 habent
1556 2592 1659 2647 ali-

100 2671 206 2739 quid
228 2672 675 2745 imperfeetionis,
708 2677 1007 2747 cuiusmodi
1036 2691 1118 2736 est
1148 2682 1409 2751 perfectio
1432 2681 1661 2740 Creatu-

103 2777 293 2831 rarum;
320 2778 445 2821 nam
479 2766 579 2823 has
597 2783 791 2824 omnes
814 2771 1090 2839 possidet,
1125 2772 1221 2828 sed
1253 2773 1511 2844 seposita,
1534 2790 1669 2845 qua-

101 2854 210 2912 libet
233 2858 662 2933 imperfectione)
688 2879 702 2917 :
731 2863 802 2918 ita
844 2866 1010 2921 homo
1052 2866 1412 2936 perfectiones
1452 2883 1665 2937 omnes,

98 2961 210 3015 quas
236 2946 494 3005 Creatura
518 2954 730 3022 assequi
778 2964 976 3025 petest,
1007 2959 1090 3012 ve!
1122 2973 1177 3013 rc
1205 2957 1345 3029 ipsa,
1375 2974 1441 3015 ac
1466 2963 1668 3033 forma-

101 3040 197 3092 liter
224 3037 402 3110 habet,
464 3040 541 3098 uti
582 3043 818 3101 animum
859 3036 1235 3117 spiritualeui,
1278 3053 1565 3119 eximium,
1608 3069 1671 3110 ac

96 3232 309 3291 superet,
341 3226 427 3281 vel
462 3238 606 3281 certe
630 3226 866 3285 involvat
898 3230 1285 3300 perfectionem
1314 3234 1483 3301 illam,
1505 3251 1665 3307 quam

103 3313 145 3366 in
172 3319 376 3374 caeteris
405 3321 673 3377 creaturis
715 3322 1024 3394 admiraris,
1054 3327 1139 3383 vel
1161 3326 1239 3383 illi
1269 3327 1462 3384 saltem
1494 3329 1666 3401 aequi-

97 3406 267 3463 valeat.
296 3408 435 3466 Hinc
471 3410 789 3479 bonitatem,
819 3430 916 3472 seu
940 3412 1327 3485 perfectionem
1349 3419 1455 3476 sibi
1475 3435 1663 3477 conve-

95 3498 308 3555 nientem
363 3503 530 3558 habet
582 3506 871 3576 formatiter
921 3508 1026 3580 (id
1052 3519 1137 3565 est
1181 3523 1479 3583 expresse,
1508 3520 1669 3585 atque

95 3586 319 3662 ipsam),
366 3594 698 3665 reliquarum
751 3607 931 3654 autem
974 3602 1327 3657 animantium
1371 3605 1669 3663 eminenter.

97 3676 370 3738 Perlectior
416 3683 697 3749 nimirum.
739 3698 795 3743 et
824 3690 1180 3747 excellentior
1218 3693 1288 3747 ob
1326 3694 1566 3767 ingenii,
1617 3707 1671 3753 et

93 3772 239 3828 animi
273 3776 418 3832 vires
465 3782 549 3832 est
589 3778 977 3849 animantibus,
1004 3799 1141 3854 quas
1174 3785 1411 3855 ingenio,
1450 3799 1504 3842 ut
1535 3788 1672 3844 dixi-

99 3878 224 3930 mus,
251 3876 306 3922 et
328 3877 453 3923 arte
474 3878 719 3939 superat,
752 3872 796 3926 si
825 3871 1140 3930 fortitudine
1178 3888 1467 3947 superatur
1497 3896 1513 3935 :
1545 3879 1671 3935 hinc

94 3956 244 4012 multo
273 3960 469 4016 melius
490 3968 578 4017 est
600 3961 876 4019 hominem
919 3980 1067 4033 esse,
1111 3982 1273 4038 quam
1306 3969 1552 4037 leonem,
1583 3988 1671 4027 ur-

91 4063 213 4116 sum,
244 4059 337 4107 aut
356 4052 522 4123 aliam
551 4054 852 4126 quamlibet
873 4058 1202 4117 animantem
1230 4061 1462 4117 brutam.
1496 4063 1671 4121 Habet

92 4144 275 4211 pariter
286 4146 566 4218 egregiam
588 4149 776 4220 generi
802 4164 907 4207 suo
931 4154 1343 4211 convenientem
1366 4156 1672 4227 pulchritu-

87 4234 273 4305 dinem,
294 4249 353 4295 ut
379 4242 426 4297 si
468 4255 588 4299 eam
624 4242 936 4314 diligentius
961 4246 1287 4317 perpendes,
1318 4249 1466 4305 illam
1497 4251 1671 4320 ipsam

85 4339 309 4398 superet,
335 4346 499 4402 quam
521 4332 685 4390 habet
706 4349 859 4406 ager,
879 4347 935 4392 et
959 4339 1007 4394 si
1030 4354 1135 4408 qua
1157 4350 1282 4396 sunt
1302 4340 1409 4397 alia
1454 4344 1672 4414 egregia

83 4423 249 4488 specie
276 4425 527 4496 praedita.
558 4425 687 4483 Huc
714 4445 834 4499 qua:
866 4429 1324 4491 Scholasticornm
1364 4451 1516 4493 more
1542 4437 1669 4493 hac—

1861 1812 2046 1863 Verum
2070 1812 2217 1864 etiam
2238 1813 2467 1865 volucres
2485 1812 2658 1866 auiriias
2683 1830 2872 1885 sumus,

1762 1903 1817 1961 id
1870 1905 2085 1974 ipsum,
2136 1905 2277 1974 quod
2321 1906 2592 1972 diximus,
2637 1909 2993 1980 comprobare
3034 1909 3363 1978 creduntur;

1762 2004 2032 2068 quatenus
2080 1999 2311 2055 innuunt
2342 1999 2618 2055 hominem
2649 2000 2787 2071 (nos)
2821 2000 3323 2071 praesumis-simam
3344 2043 3360 2069 ,

1763 2101 1820 2147 et
1849 2101 2030 2163 partes
2053 2091 2288 2161 reliquas
2309 2093 2758 2163 complectentem
2786 2086 2966 2150 Mundi
2988 2108 3112 2153 esse
3138 2101 3367 2164 partem.

1763 2182 2035 2249 Ovidium,
2068 2183 2309 2255 inquam,
2338 2187 2552 2249 omitto,
2584 2196 2643 2238 ut
2665 2186 3006 2257 expressiora
3033 2198 3369 2242 vetustorum

1765 2273 2102 2346 Scriptorum
2125 2275 2243 2337 loca
2264 2274 2508 2329 aﬂ‘eram.
2540 2275 2624 2333 An
2653 2290 2760 2331 non
2788 2276 3073 2347 perspicue
3093 2275 3186 2332 tibi
3216 2270 3369 2337 vide-

1768 2376 1854 2421 tur
1881 2368 2091 2422 locutus
2133 2366 2351 2433 Cicero,
2395 2366 2526 2427 dum
2568 2364 2686 2423 lucc
2712 2367 2787 2422 ait
2830 2365 2937 2436 (De
2977 2368 3367 2441 universitate):

1774 2478 1791 2512 ι
1819 2460 1960 2515 Deus
1987 2459 2186 2515 animal
2217 2475 2381 2517 unum
2400 2459 2697 2530 spectabile
2719 2458 3019 2531 hominem,
3052 2458 3230 2535 inquo
3251 2476 3370 2517 om-

1769 2555 1860 2609 nia
1882 2555 2133 2609 animalia
2158 2554 2591 2620 continerentur,
2614 2550 2811 2611 ell‘ecit.
2836 2572 2855 2606 ι

1841 2647 1931 2703 56.
1965 2647 2102 2715 Quid
2133 2662 2264 2704 vero
2297 2646 2498 2713 clarius
2552 2647 2637 2704 bis
2673 2638 2872 2703 Manilii
2900 2644 3118 2705 monitis
3144 2640 3284 2721 (Lib.
3318 2665 3371 2705 tv

1770 2741 2094 2813 Astronom.)
2139 2759 2154 2796 :

2036 2842 2160 2901 Quid
2183 2842 2359 2893 mirum
2385 2854 2596 2894 noscere
2616 2841 2853 2892 mundum

1864 2898 1914 2968 Si
1941 2898 2143 2968 possunt
2165 2906 2406 2968 homipes,
2436 2906 2614 2968 quibus
2637 2912 2714 2955 est
2741 2912 2795 2954 et
2816 2898 3024 2954 mundus
3045 2904 3101 2954 iii
3118 2902 3259 2968 ipsis,

1866 2964 2265 3031 Exemplmque
2287 2964 2382 3017 Dei
2394 2964 2612 3031 quisque
2638 2973 2716 3019 ea
2736 2968 2785 3018 iu
2806 2968 3022 3031 imagine
3046 2964 3228 3031 parva?

3439 2972 3453 3058 ἰ

1774 3058 1967 3128 quibus
2004 3058 2222 3127 quidem
2266 3059 2512 3115 versibus
2538 3059 2682 3115 haud
2712 3059 2946 3116 obesum
2974 3057 3195 3126 indicat,
3239 3058 3374 3119 ima-

101 3129 257 3187 nubile
289 3146 526 3205 corpus;
558 3136 642 3189 vel
690 3139 1001 3211 eminenter,
1037 3140 1088 3195 id
1134 3152 1216 3197 est
1264 3143 1333 3197 ita
1384 3143 1579 3209 habet,
1609 3157 1665 3201 ut
1692 3147 1741 3213 ο
1769 3152 1953 3220 ginem
1977 3150 2093 3215 Dei,
2119 3151 2329 3207 ratione
2351 3150 2515 3217 duce,
2541 3165 2607 3206 ac
2630 3150 3077 3217 velutidoctrice,
3110 3151 3171 3207 in
3194 3150 3376 3218 stude
3450 3179 3453 3182 ⁴

1773 3258 1879 3314 qua
1913 3244 2145 3315 agimus,
2194 3243 2430 3300 hominis
2476 3244 2835 3311 excellentia,
2880 3252 2938 3299 et
2984 3242 3376 3313 perint-sinuant
3450 3288 3456 3327 ε

1772 3339 2017 3393 omnium
2038 3336 2419 3407 complexione
2442 3336 2568 3407 jure
2594 3351 2661 3392 ac
2688 3335 2887 3393 merito
2911 3334 3195 3393 collocari.

1844 3434 1929 3485 An
1958 3445 2065 3486 non
2102 3400 2296 3498 etiam,
2327 3441 2391 3486 ut
2418 3400 2487 3486 ad
2530 3430 2977 3500 praeclarissimas
3024 3428 3376 3485 Hebraorum
3452 3474 3457 3478 .
3505 3400 3511 3405 ’

1774 3524 2073 3592 scriptores
2098 3536 2408 3579 sermonem
2438 3538 2658 3592 quoque
2675 3531 3091 3586 comet-tamus,
3124 3520 3176 3579 id
3200 3520 3375 3589 ipsum

1774 3614 1941 3671 tradit
1958 3615 2136 3682 Phile,
2159 3630 2325 3685 quem
2347 3614 2661 3670 Judaeorum
2680 3613 3105 3671 disertissimum
3131 3613 3370 3684 appellat
3456 3678 3459 3681 ν

1774 3708 2136 3780 Hieronymus
2166 3705 2274 3780 (De
2313 3707 2452 3762 Viris
2479 3706 2725 3762 illustrib.
2751 3720 2874 3776 cap.
2900 3706 2985 3779 Ω),
3013 3707 3144 3763 dum
3170 3722 3236 3763 ea
3270 3704 3382 3767 hoc
3458 3734 3463 3737 Α

1773 3816 1939 3873 super
1975 3811 2292 3872 argumento
2332 3799 2529 3866 tradit,
2570 3816 2694 3871 quin
2730 3812 2857 3857 eum
2898 3800 3026 3857 stibi
3056 3799 3336 3859 retulerim
3360 3837 3379 3866 ,

1775 3895 1863 3951 hic
1908 3902 2158 3966 repetere
2213 3909 2325 3951 non
2362 3902 2453 3952 est
2496 3895 2770 3952 necesse?
2816 3894 2895 3951 Ea
2951 3904 3130 3952 tamen
3176 3894 3384 3953 recolat

1776 3989 1994 4044 Lector.

1847 4078 1938 4135 57.
1991 4081 2086 4135 His
2123 4079 2433 4135 constitutis
2476 4079 2677 4134 mirum
2705 4090 2811 4133 non
2836 4086 2953 4141 est,
2980 4078 3031 4133 si
3055 4087 3252 4135 cuncta
3278 4078 3381 4136 ho-

1778 4172 1911 4228 mini
1945 4171 2276 4236 subdiderit,
2308 4180 2401 4225 aut
2428 4180 2579 4226 certe
2621 4169 3018 4239 obsequentes,
3049 4169 3380 4231 subsidium-

1776 4279 1910 4335 que,
1944 4272 2106 4335 atque
2148 4277 2308 4333 opem
2347 4262 2669 4319 familiarem
2697 4261 2866 4334 (pene
2906 4261 3177 4337 dixeram)
3224 4264 3380 4321 defe-

1778 4365 1961 4411 rentes
1987 4363 2266 4411 creaturas
2293 4352 2531 4424 religans
2557 4368 2681 4410 esse
2701 4353 2945 4425 jusserit,
2979 4362 3145 4427 atque
3166 4371 3230 4412 ea
3260 4357 3377 4425 ipsa

1779 4447 1832 4503 in
1859 4462 1919 4503 re
1943 4449 2026 4503 sui
2055 4446 2287 4504 similem
2313 4459 2441 4504 esse
2468 4447 2721 4504 voluerit.
2751 4446 2837 4503 An
2859 4462 2922 4503 ea
2951 4448 3020 4504 de
3042 4448 3375 4505 redimitae?

85 4520 224 4569 tenus
246 4529 754 4613 sum-prosecutus,
785 4523 981 4613 vetusti
1003 4523 1193 4595 Patres
1224 4526 1493 4583 interdum
1524 4528 1666 4584 indiv
1692 4532 1749 4592 D
1772 4541 1914 4599 Audi
1970 4541 2255 4598 Damnum
2294 4543 2475 4613 ipsum
2512 4542 2631 4600 he
2675 4543 3027 4613 eloquentem
3074 4540 3285 4612 (Genu.
3336 4557 3378 4610 I,

81 4608 755 4681 cant:velutiAt$ustinus
788 4611 880 4684 (de
926 4617 1155 4684 quantit.
1193 4616 1390 4673 anitum
1426 4635 1543 4690 cap.
1573 4621 1666 4687 ὃὸ,

82 4710 128 4749 n.
152 4695 239 4771 70)
263 4740 282 4763 ,
330 4699 699 4761 Damascenus
726 4701 807 4769 (in
857 4703 1030 4759 libello
1070 4707 1318 4777 inscripto
1348 4727 1360 4762 :
1392 4711 1669 4779 quomodo

80 4786 229 4845 homo
248 4791 319 4847 ad
348 4791 637 4863 imaginem
670 4793 838 4864 Dei),
866 4806 922 4851 et
950 4799 1221 4867 copiosius
1243 4800 1536 4872 Gregorius
1557 4804 1669 4862 Ma-

83 4896 231 4951 gnus,
259 4884 421 4956 cujus
449 4887 611 4957 verba
641 4889 845 4945 referre
869 4890 959 4946 hic
980 4892 1157 4962 placet
1183 4893 1262 4966 (ὁ)
1294 4913 1308 4949 :
1337 4896 1664 4969 «Nuiquid,

77 4971 261 5032 fratres
272 4977 414 5044 mei,
435 4978 692 5039 Sanctum
710 4981 1159 5057 Evangeliumyel
1184 4986 1665 5059 insensatisrcbus,

79 5066 151 5119 vel
177 5066 351 5125 brutis
382 5070 706 5143 animalibus
749 5072 928 5130 fuerat
971 5076 1395 5146 praedicandum,
1423 5082 1571 5139 utde
1599 5098 1671 5139 eo

74 5157 347 5231 discipulis
400 5164 648 5231 dicatur:
682 5169 960 5238 pradicant
1004 5173 1143 5226 omni
1195 5176 1493 5232 «solum?
1552 5176 1663 5233 Sed

77 5253 243 5308 omnis
262 5265 543 5312 creatura:
556 5258 781 5318 nomine
798 5263 1046 5333 signatur
1069 5264 1253 5323 homo.
1278 5268 1415 5324 Sunt
1432 5284 1669 5341 namque

75 5342 295 5415 lapides,
328 5346 429 5405 sed
460 5365 559 5409 nec
582 5352 800 5420 vivunt,
848 5369 947 5411 nec
977 5357 1216 5414 sentiunt
1246 5372 1416 5416 :stms
1456 5360 1666 5431 herba,

74 5441 123 5488 et
149 5437 415 5509 arbusta;
441 5442 625 5501 vivunt
645 5444 886 5517 quidem,
923 5447 1018 5505 sed
1046 5464 1155 5507 non
1185 5453 1523 5512 sentiunt....
1550 5456 1667 5513 An-

77 5578 216 5668 !d(!a)
253 5581 324 5668 ᾖε
355 5597 563 5668 possent
608 5588 839 5668 homines
858 5632 874 5657 ,
893 5663 905 5668 _
928 5591 1114 5662 quibus
1159 5603 1244 5668 est
1265 5604 1319 5651 et
1361 5596 1592 5668 mundi.
1612 5597 1673 5653 in

72 5652 206 5733 ipsis:
245 5652 658 5728 Exemplumque
701 5661 795 5717 Dei
817 5652 1027 5735 quisque
1054 5674 1127 5721 est
1150 5666 1205 5720 in
1239 5667 1460 5740 imagine
1485 5652 1666 5739 parua.

71 5716 249 5780 Manil.
282 5740 337 5780 iv
370 5724 576 5784 Astron.

1772 4634 1887 4707 26).
1920 4652 1943 4687 r
1979 4633 2262 4691 Faciamus
2291 4636 2564 4692 hominem
2594 4635 2662 4691 ad
2692 4634 3021 4706 imaginem,
3047 4643 3105 4689 et
3127 4631 3381 4689 similitu-

1771 4724 1957 4781 dinem
1988 4734 2261 4793 nostram,
2291 4736 2347 4784 et
2387 4728 2575 4798 praesit
2613 4726 2848 4796 piscibus
2875 4722 3072 4789 maris,
3096 4732 3157 4780 et
3186 4724 3380 4781 velati-'-

1775 4816 1921 4872 libus
1954 4818 2111 4885 coeli,
2144 4829 2200 4874 et
2224 4818 2444 4888 bestiis,
2481 4819 2855 4887 universasque
2892 4826 3075 4882 terrm,
3122 4816 3380 4887 omnique

1773 4911 1979 4981 septi“,
2009 4913 2153 4981 quod
2185 4922 2430 4969 movetur
2456 4913 2512 4968 in
2541 4921 2684 4969 terra
2702 4931 2747 4970 ,ι
2779 4910 2862 4968 Ad
2887 4910 3187 4982 quasverba
3205 4910 3383 4986 Chry-

1778 5012 2052 5057 sostomus
2080 5001 2305 5073 (Nomii.
2336 5005 2370 5060 8
2394 5005 2450 5059 in
2477 5002 2609 5059 lien.
2643 5020 2696 5057 η.
2725 5002 2783 5074 '5)
2816 5002 2931 5059 haec
2955 5000 3185 5059 scribit:
3224 5020 3244 5056 ι
3276 5000 3383 5058 Ne-

1777 5108 1884 5163 que
1909 5096 2057 5149 enim
2097 5108 2221 5149 eum
2261 5096 2437 5152 dicit:
2482 5094 2764 5151 Fucinum
2802 5095 3062 5151 hostilem
3097 5094 3383 5152 secundum

1776 5185 2055 5257 imaginem
2093 5197 2356 5255 Mam,
2406 5198 2457 5243 et
2502 5190 2789 5244 secundum
2822 5188 3249 5254 similitudinem,
3290 5186 3383 5245 hic

1777 5293 2088 5335 sermonem
2117 5280 2311 5348 tinivit,
2334 5280 2433 5337 sed
2459 5295 2556 5352 per
2578 5295 2668 5347 ea,
2692 5296 2815 5353 quas
2836 5281 3109 5352 adjurtgit,
3125 5279 3384 5337 manifese

1780 5380 1894 5426 tum
1926 5370 2085 5427 nobis
2120 5371 2267 5438 iacit,
2293 5387 2403 5445 quo
2426 5387 2595 5430 sensu
2622 5386 2825 5430 nomen
2849 5372 3092 5445 iussistis
3117 5372 3381 5443 posuerit.

1777 5458 1919 5528 Quid
1949 5462 2092 5517 enim
2132 5463 2307 5520 dicit?
2336 5463 2405 5520 Et
2428 5465 2722 5521 dominetur
2760 5463 2985 5537 piscibus
3011 5464 3193 5530 maris,
3222 5473 3270 5518 et
3296 5478 3386 5518 uo-

1856 5605 1936 5679 (s)
1978 5606 2176 5679 Homil.
2207 5603 2281 5663 se
2306 5607 2363 5663 in‘
2390 5605 2702 5678 Evangelia,
2729 5604 2799 5679 ag
2821 5603 2999 5665 venit
3020 5592 3158 5669 illa:
3188 5602 3383 5675 pmdi-
3466 5571 3474 5597 ’

1779 5676 1891 5735 cate
1914 5676 2255 5751 Ecangelium
2278 5679 2417 5736 omni
2440 5676 2710 5737 αοᾱειινα.
2742 5676 2907 5737 Μαῖα.
2938 5692 3051 5741 sitv
3098 5756 3111 5761 _
