3978 6196
588 524 765 595 ginem
795 531 923 587 ergo
961 482 1097 569 dixit
1123 509 1190 564 de
1219 506 1551 578 principatu,
1582 507 1634 552 et
1675 489 1947 553 dominio,
1984 499 2090 539 non
2118 482 2184 536 de

588 577 769 683 aliquo
807 577 956 663 alio:
1007 602 1144 671 Quia
1199 577 1340 653 Deus
1386 595 1516 651 fecit
1564 587 1836 644 hominem
1889 577 2184 651 principem

589 674 853 764 omnium,
885 712 1006 770 qua:
1032 701 1160 751 sunt
1187 703 1352 762 super
1379 697 1611 748 terram,
1643 688 1699 735 et
1733 674 1866 732 nihil
1891 685 2054 741 super
2080 676 2190 723 ter-

589 811 703 853 ram
733 791 952 849 homine
980 788 1152 860 majus
1182 760 1287 850 est,
1328 789 1384 838 et
1407 775 1587 836 omnia
1618 773 1719 829 sub
1745 772 2012 841 potestate
2042 760 2188 816 illius

590 898 736 947 sunt.
759 906 777 941 ι

663 985 731 1039 Et
756 993 945 1038 rursus
975 973 1202 1049 (Homil.
1234 972 1326 1036 10,
1356 985 1412 1022 n.
1445 965 1505 1035 4)
1537 980 1551 1017 :
1589 979 1611 1014 ι
1631 959 1925 1049 Postquam
1969 963 2071 1049 nos
2094 945 2190 1001 do—

591 1078 703 1134 cuit
741 1089 840 1148 per
878 1040 1259 1143 praecedentia,
1301 1059 1430 1134 quid
1475 1057 1548 1112 sit
1590 1048 1874 1108 secundum
1917 1040 2192 1112 imaginem

593 1131 698 1223 Dei
718 1131 838 1239 fecit
866 1131 980 1219 eum
1009 1177 1028 1215 :
1055 1168 1110 1216 et
1159 1163 1218 1212 ut
1245 1131 1336 1209 nev
1358 1145 1727 1219 impudentem
1765 1137 1981 1209 quidem
2007 1131 2194 1187 defen-

593 1223 764 1317 sionis
794 1263 1117 1329 praetextum
1149 1245 1418 1316 relinquat
1449 1235 1710 1295 Ecclesia:
1741 1231 1990 1300 dogmata
2022 1223 2194 1293 impu-

593 1366 762 1424 gnare
787 1347 1120 1406 volentibus,
1152 1336 1427 1410 paululum
1457 1339 1773 1401 progressus
1812 1320 1956 1375 idem
1999 1316 2192 1370 iterum

1608 1419 1621 1424 -
1946 1410 1978 1424 ,,
2091 1404 2192 1424 η,

595 1404 785 1510 δορα,
841 1439 984 1512 quod
1025 1404 1168 1492 ide—0‘
1189 1427 1438 1500 imaginis
1479 1419 1696 1480 nomine
1741 1429 1872 1472 usus
1914 1410 2006 1476 sit,
2052 1404 2195 1478 quod

595 1540 979 1610 imperaturus,
1027 1539 1085 1587 et
1121 1527 1223 1585 sub
1257 1539 1318 1581 se
1363 1529 1641 1578 creaturas
1677 1523 1868 1569 omnes
1913 1501 2196 1562 habiturus

596 1640 972 1792 essigtlmaucis
1011 1709 1346 1784 interpositis
1372 1706 1451 1777 (ιι.
1482 1703 1582 1773 5):
1631 1717 1650 1752 ι
1691 1692 1879 1752 Vidisti
1922 1689 2199 1792 inenarra-

1264 297 1336 357 ΙΝ
1373 288 1634 352 ιιιιΑιιιι
1668 281 1885 344 EPIST.
1927 275 2060 338 SEU
2101 273 2208 332 LIB

2318 316 2320 323 ,
2369 229 2816 327 Disssnrario
2851 259 3192 322 saeuam.

1482 399 1562 454 ius
1599 417 1751 454 super
1779 411 2016 454 κεπτ-ατη.
2043 393 2186 447 Ima-
2213 395 2265 454 Α
2291 387 2385 451 cit,
2417 396 2470 442 et
2509 393 2710 439 tantam
2739 381 2952 438 caeteris
2981 376 3385 436 venerationem
3415 373 3498 430 sui
3526 370 3803 434 infundit,
3847 377 3916 424 ut

3788 252 3917 309 872

2288 476 2534 534 certatim
2561 473 2716 546 quasi
2747 473 2856 544 regi
2888 471 3162 533 obediant,
3199 480 3254 525 et
3297 468 3417 523 voci
3462 466 3581 535 ejus
3627 464 3918 518 obsecun-

2289 573 2456 629 dent:
2487 579 2541 625 et
2560 583 2682 624 cum
2707 567 2816 622 sint
2838 561 3253 629 irrationabilia,
3276 560 3545 616 rationem
3569 563 3912 627 agnoscant,

2291 675 2347 722 et
2390 662 2729 734 disciplinam
2781 674 2900 714 eam
2955 656 3287 726 imprimant,
3333 667 3495 724 quam
3542 659 3737 704 natura
3790 663 3916 702 non

2293 757 2499 814 tribuit.
2535 755 2775 826 Denique
2804 751 3048 807 videntes
3089 748 3218 806 ferm
3244 748 3362 817 ejus
3389 741 3910 806 mansuetudinem,

2291 849 2410 921 ejus
2442 847 2669 918 imperio
2701 850 3102 900 mansuescunt.
3132 839 3290 911 Srpe
3317 837 3722 907 suspenderunt
3754 845 3916 888 mor-

2291 957 2385 999 sus
2415 955 2565 1008 suos,
2611 947 2898 994 revocante
2934 949 3069 989 sono
3119 930 3270 987 vocis
3310 930 3580 984 humana}.
3629 924 3914 982 Videmus

2293 1033 2515 1090 innoxio
2536 1046 2730 1087 canum
2757 1031 2921 1084 dente
2946 1027 3161 1096 lepores
3190 1023 3309 1078 sine
3339 1021 3561 1076 vulnere
3587 1018 3709 1088 capi
3737 1035 3755 1070 :
3783 1017 3909 1072 leo-

2297 1145 2393 1186 nes
2414 1142 2627 1199 quoque
2647 1123 2866 1197 ipsos,si
2887 1138 2988 1178 vox
3010 1119 3245 1176 hominis
3265 1115 3626 1181 resultaverit,
3653 1113 3908 1180 prmdam

2295 1225 2566 1282 dimittere
2595 1240 2606 1274 :
2649 1220 2868 1290 pardos,
2910 1226 3070 1288 atque
3097 1227 3254 1270 ursos
3284 1211 3517 1275 incitari,
3551 1224 3614 1264 ac
3642 1204 3907 1263 revocari

2297 1316 2522 1372 vocibus
2547 1339 2561 1368 ς
2603 1328 2772 1382 equos
2803 1311 2990 1380 plausu
3037 1307 3315 1361 hominum
3355 1301 3618 1364 fremere,
3664 1297 3898 1353 silentio

2296 1407 2508 1465 mollire
2536 1418 2753 1460 cursum
2788 1420 2800 1455 :
2828 1397 3061 1470 denique
3087 1412 3231 1465 saepe
3263 1394 3382 1449 sine
3407 1392 3638 1446 verbere
3665 1397 3908 1460 practer-

2297 1512 2428 1560 eunt
2465 1499 2821 1556 verberatos:
2866 1497 2936 1550 ita
2971 1489 3344 1548 vehementius
3389 1485 3513 1540 illos
3557 1483 3749 1538 incitat
3799 1480 3908 1534 lin-

2297 1612 2417 1668 gnte
2449 1590 2722 1664 ﬂagellum
2735 1632 2748 1646 .
2799 1609 2817 1643 ι

2368 1688 2460 1744 61.
2488 1687 2628 1741 Ecce
2653 1683 2781 1738 item
2809 1679 3035 1736 Marium
3061 1677 3331 1732 Victorem
3353 1714 3366 1739 ,
3399 1670 3626 1726 latinum
3650 1667 3902 1731 scilicet,

671 1758 739 1780 I25
824 1758 972 1776 αυνιυ
1011 1758 1142 1770 ιιι-ν.
1158 1758 1343 1784 rv----_
1377 1758 1449 1777 ‘-_s
1490 1758 1534 1773 _’

597 1818 761 1876 bilem
789 1758 1180 1885 vpotestatem?
1236 1801 1427 1858 Vidisti
1481 1791 1814 1867 principatus
1868 1777 2195 1853 magnitudi-
2225 1783 2275 1846 B
2301 1789 2356 1837 et
2382 1787 2649 1835 vetustum
2695 1775 2928 1830 Patrem.
2971 1771 3096 1825 llaec
3126 1783 3320 1836 nempe
3367 1764 3675 1834 loquentem
3715 1759 3772 1812 in
3808 1758 3905 1812 ho-

1756 1883 1765 1885 A
2039 1883 2045 1885 ’
2094 1880 2102 1885 ‘
2361 1875 2372 1885 '
2420 1873 2431 1884 ⁶
2620 1871 2678 1885 -·ν
2747 1884 2752 1885 γ
2799 1868 2960 1885 n--_--
2995 1861 3196 1885 :__I---:.
3226 1859 3325 1885 In-
3357 1857 3575 1885 ll...'...°...
3603 1851 3830 1885 necanda-\-

605 1911 773 1970 nem?
811 1880 1017 1962 Vidisti
1061 1899 1279 1958 condita
1318 1891 1500 1951 omnia
1540 1887 1642 1944 sub
1679 1883 1837 1952 hujus
1879 1880 2197 1970 potestatem

599 1962 862 2062 redacta?
909 1995 1054 2054 Nihil
1099 1991 1327 2066 posthac
1375 1984 1650 2041 mediocre
1693 1976 1762 2031 de
1805 1967 2055 2066 rationali
2099 1962 2202 2018 hoc

599 2093 816 2152 animali
836 2058 1165 2160 imagineris,
1191 2079 1288 2137 sed
1309 2080 1482 2148 cogita
1506 2069 1728 2128 honoris
1751 2058 2198 2135 magnitudinem,

600 2197 657 2246 et
706 2183 916 2242 Domini
955 2158 1084 2251 erga
1130 2173 1259 2231 illud
1300 2164 1774 2228 benevolentiam,
1813 2158 2202 2223 obstupescens

599 2282 746 2340 illius
785 2248 1138 2338 immensam,
1180 2275 1236 2324 et
1277 2258 1690 2320 iuenarrabilem
1735 2248 2140 2320 benignitatem.
2177 2258 2196 2290 ι

902 2369 956 2426 id
1002 2332 1174 2438 ipsum
1215 2359 1342 2416 alibi
1379 2354 1576 2426 repetit
1617 2349 1729 2423 (lib.
1772 2362 1790 2400 ι
1830 2343 1899 2399 ad
1945 2332 2201 2443 Stagir.),

603 2431 830 2526 monens
860 2481 880 2516 ι
905 2459 1141 2516 voluisse
1167 2455 1334 2511 Deum
1359 2449 1464 2505 hoc
1493 2460 1616 2503 esse
1635 2444 1689 2498 in
1719 2439 1878 2496 terris
1905 2431 2199 2494 hominem,
2246 2499 2248 2501 _

607 2798 959 2916 praecesserat
989 2851 1006 2901 ;
1034 2831 1438 2899 subsequuntur
1464 2827 1645 2874 autem
1671 2808 1996 2870 Severianus
2023 2798 2204 2856 Gaba-

1425 2915 1428 2916 ν
1892 2908 1904 2916 Α
1939 2909 2045 2916 ,ω
2079 2889 2202 2916 _,,,_,

605 2889 837 3004 litantis,
866 2942 925 2990 et
950 2925 1348 2987 Theodoretus.
1387 2915 1663 2987 Nyssenus
1704 2904 1912 2961 scilicet
1939 2909 2049 2952 tum
2078 2889 2204 2947 alibi

611 2993 846 3108 l—Dialog'.
875 3041 955 3090 ιιι,
987 3033 1111 3078 tom.
1145 3033 1164 3073 ι
1209 3012 1458 3070 Biblioth.
1490 3006 1616 3060 Pat.
1651 2993 2054 3108 Gracqtatitnaz,
2085 2999 2202 3054 cap.

613 3080 716 3197 λ),
746 3080 858 3179 tuam
879 3117 1042 3175 etiam
1064 3112 1119 3168 in
1149 3109 1284 3166 libro
1309 3105 1373 3158 de
1418 3097 1638 3156 hominis
1671 3088 1878 3164 cpiﬁcio
1907 3080 2056 3140 uberi
2079 3089 2206 3132 ora.

611 3171 1020 3278 ἆέιῖέῖὸέζάε
1047 3221 1155 3278 quo
1175 3202 1406 3274 agimus,
1434 3188 1807 3278 persequitur,
1835 3179 1951 3235 haec
1980 3183 2206 3278 prazser-
2233 3171 2280 3234 ο

517 3319 523 3325 “
614 3315 714 3372 tim
735 3270 963 3367 monens
988 3321 1002 3357 :
1040 3270 1164 3356 l-Ul
1195 3270 1248 3352 in
1273 3294 1375 3348 hac
1401 3289 1508 3343 vita
1535 3280 1770 3338 artifices
1795 3270 2209 3330 instrumentum

613 3425 677 3467 ea
720 3406 891 3462 forma
917 3397 1236 3456 moliuntur,
1267 3401 1389 3459 qua:
1415 3380 1534 3438 usui
1565 3377 1636 3433 sit
1662 3382 1787 3443 apta
1815 3386 1828 3422 :
1860 3369 1931 3422 ita
1958 3369 2211 3467 tanquam

615 3453 709 3558 vas
753 3453 1022 3567 quoddam
1075 3485 1144 3542 ad
1190 3453 1339 3552 regni
1386 3463 1920 3567 administrationem
1958 3453 2210 3567 idoneum

614 3541 861 3650 naiumm
889 3588 1132 3640 nostram
1159 3541 1642 3648 praestantissimus
1671 3549 1952 3612 fabricavit
1977 3541 2171 3599 artifex
2197 3556 2209 3591 :

615 3703 681 3744 ac
703 3695 816 3742 tum
843 3680 1042 3737 anima:
1066 3639 1316 3732 dotibus,
1349 3674 1461 3720 tum
1501 3658 1674 3729 figura
1709 3652 1822 3721 ipsa
1850 3639 2093 3712 corporis
2131 3644 2212 3737 ta-

616 3779 726 3834 lem
750 3769 1053 3843 designavit
1076 3761 1384 3824 hominem,
1414 3763 1474 3808 ut
1508 3726 1576 3804 ad
1607 3755 1831 3816 regnum
1873 3739 2020 3792 esset
2041 3726 2212 3834 aptis-

618 3823 1072 3930 simusjiohque
1110 3854 1164 3910 id
1193 3853 1394 3922 ipsum,
1421 3841 1566 3916 quod
1592 3839 1681 3894 hic
1710 3830 1943 3930 attingit,
1973 3823 2214 3894 copiosa,

620 3924 700 4018 uti
745 3924 1001 4018 diximus,
1029 3949 1308 4015 deinceps,
1337 3949 1500 4008 atque
1528 3927 1761 4002 eleganti
1790 3924 2004 4018 ratione
2032 3927 2218 3987 perse-

621 4011 1027 4127 quitur-found
1073 4011 1268 4095 attinet
1308 4030 1377 4088 ad
1425 4021 1776 4127 Severianum
1821 4011 2217 4127 Gabalitanum,

620 4101 747 4204 eum
776 4137 1022 4201 consule,
1042 4145 1204 4204 quem
1235 4127 1290 4182 in
1312 4123 1461 4181 calce
1489 4116 1698 4190 pagina:
1723 4110 1948 4178 designo
1967 4145 1985 4171 ,
2017 4101 2217 4161 locum,

625 4195 921 4307 idque,vde
958 4195 1076 4302 quo'
1093 4225 1324 4298 agimus,
1369 4213 1626 4307 traditum
1659 4200 1904 4262 invenies
1939 4195 2040 4300 (ιι).

699 4283 1194 4385 '59.’Theoiioretus
1222 4283 1350 4370 vero
1375 4309 1429 4364 in
1457 4300 1708 4362 eamdem
1739 4289 2064 4352 sententiam
2105 4283 2223 4338 haec

627 4378 792 4479 tradit
817 4378 929 4487 (—In'
945 4412 1113 4482 Caput
1160 4423 1214 4462 ιι
1241 4400 1489 4476 Epistolis
1517 4413 1534 4452 ι
1563 4393 1631 4450 ad
1659 4383 1957 4455 Corinth):
1993 4399 2013 4433 ι
2052 4378 2223 4487 Homo

627 4522 713 4571 est
743 4509 835 4567 Dei
875 4508 1073 4576 imago,

2303 1873 2465 1930 minis
2489 1871 2763 1928 creatione
2797 1868 2964 1922 Deum
2995 1861 3200 1919 inducit
3224 1859 3325 1930 (De
3356 1857 3575 1927 Origine
3603 1851 3831 1922 mundi):

2394 1989 2535 2038 Nunc
2552 1985 2798 2035 hominem
2817 1980 3062 2037 faciamus,
3082 1978 3169 2038 ait,
3197 1975 3280 2037 qui
3300 1976 3486 2031 regnet
3506 1969 3557 2018 in
3579 1969 3718 2038 orbe,

2397 2033 2726 2109 iit—sitimago
2744 2045 2839 2096 Dei
2859 2057 2871 2092 :
2894 2033 3103 2092 similem
3121 2033 3272 2088 decet
3297 2047 3411 2085 esse
3435 2033 3627 2082 creanti
3641 2065 3656 2093 ,
3676 2037 3778 2080 etc.

2305 2134 2374 2190 Et
2399 2133 2656 2202 deinceps
2688 2145 2700 2180 :

2396 2223 2528 2284 Ergo
2553 2223 2685 2272 hunc
2706 2217 3016 2284 prapositum
3040 2213 3191 2284 rebus
3211 2222 3322 2260 cum
3344 2206 3557 2284 conjuge
3575 2202 3717 2284 jussit

2398 2268 2638 2338 δὲέἐεέἶθ
2663 2268 2752 2346 per
2777 2268 3014 2336 sobolem,
3042 2283 3296 2336 terrasque
3317 2268 3528 2332 replere
3553 2272 3802 2315 vacantes.

2305 2372 2516 2428 Rursus
2544 2381 2760 2439 quoque
2785 2383 2798 2418 :

2399 2461 2592 2511 Primus
2615 2458 2748 2508 enim
2771 2453 2980 2516 meritis,
3003 2456 3280 2516 postremus
3305 2445 3357 2516 in
3379 2443 3683 2516 ordinetoto

2399 2505 2761 2578 Factus—homo,
2788 2523 2842 2567 ut
2864 2505 2980 2578 sese
3003 2505 3155 2578 rebus
3173 2515 3411 2578 praestare
3434 2505 3626 2578 creatis

2398 2568 2606 2648 ﬂesset,"
2621 2568 2674 2633 et
2690 2568 2803 2631 hinc
2823 2577 2998 2628 laudes
3015 2568 3225 2624 Domino
3248 2568 3566 2634 persolveret
3589 2577 3772 2627 aequas.

2377 2693 2468 2750 62.
2513 2693 2570 2747 In
2621 2688 2866 2745 eamdem
2912 2684 3235 2741 sententiam
3273 2677 3521 2734 Alcimus
3554 2672 3743 2728 Avitus
3789 2668 3902 2739 ipse

2307 2804 2523 2864 quoque
2549 2789 2665 2844 haec
2691 2785 2758 2841 de
2781 2783 3003 2839 homine
3030 2781 3340 2850 loquentem
3365 2775 3538 2830 Deum
3562 2770 3719 2825 facit:

2402 2905 2543 2954 Nunc
2565 2901 2801 2954 formetur
2820 2898 2988 2956 homo,
3013 2893 3187 2956 summi
3207 2887 3536 2956 quem_tangit
3559 2886 3712 2946 imago

2401 2951 2642 3020 Numinis,
2665 2969 2717 3012 et
2741 2967 2952 3010 nostram
2976 2951 3110 3007 celso
3132 2951 3342 3020 donatus
3366 2951 3556 2999 honore

2403 3014 2583 3078 induat
2605 3014 2816 3076 interius
2841 3021 3046 3071 formosa
3071 3025 3238 3066 mente
3271 3014 3496 3078 ﬁguram.

2402 3071 2557 3141 iih'rié
2566 3071 2694 3138 libet
2715 3071 2902 3136 erectis
2918 3080 3179 3130 sublimem
3202 3071 3442 3141 incedere
3465 3071 3661 3141 plantis,

2405 3133 2667 3213 ﬁﬁi'éeﬁai
2679 3133 2877 3213 interno
2898 3143 3168 3213 subjectum
3194 3138 3420 3210 pondere
3436 3133 3686 3213 mundum,

2407 3201 2559 3264 Bruta
2583 3201 2770 3267 domet,
2796 3207 2962 3268 legem
2986 3201 3189 3268 cunctis,
3217 3214 3284 3268 a_c_
3298 3202 3501 3268 nomina.
3515 3201 3672 3258 ponat,

2408 3261 2550 3325 λείη
2571 3261 2730 3333 notet,
2757 3261 2972 3333 caelique
2990 3267 3111 3323 vias,
3136 3271 3189 3312 et
3211 3263 3375 3333 sidera
3397 3261 3546 3333 norit,

2409 3320 2653 3388 iiis'éiﬁii
2668 3320 2906 3395 inspectis
2925 3320 3213 3395 discernere
3233 3331 3456 3395 tempora
3477 3320 3660 3391 signis;

2411 3383 2647 3462 ἐιιῖᾕῖἐίἐί
2671 3383 2878 3457 pelagus
2900 3403 3106 3462 saevum,
3127 3383 3608 3462 ingenioguetepaci

2408 3444 3010 3524 Dossideat'quaa‘cumque
3029 3449 3164 3524 videt
3181 3444 3206 3496 ἴ
3217 3449 3298 3497 cui
3314 3444 3479 3524 ‘lfeftia
3501 3444 3733 3495 frendens

2409 3509 2623 3582 savia,
2648 3509 2874 3580 et'posito
2895 3509 3364 3582 discant_mansueta
3383 3509 3554 3582 furore

2411 3570 2678 3649 imperium
2698 3570 2918 3649 jumenta
2940 3578 3035 3639 pati
3054 3573 3310 3649 ,_ju_ssique
3331 3570 3480 3649 ligari

2412 3632 2672 3698 Festinent
2689 3632 2863 3703 t'repidi
2886 3632 3120 3703 consueta
3137 3637 3199 3703 _in_
3220 3632 3616 3703 vincla’juvenci.

2414 3695 2619 3771 Quoque
2644 3695 2790 3756 etiam
2813 3710 2984 3771 natura
3018 3698 3230 3771 hominis
3252 3695 3505 3771 sublimior
3529 3700 3714 3754 exstet,

2412 3757 2615 3831 Incipiat
2633 3773 2796 3817 rectos
2817 3765 2865 3812 in
2890 3761 3065 3831 coelum
3092 3757 3271 3831 tollere
3297 3757 3479 3820 vultus,

2413 3817 2668 3882 Factorem
2691 3833 2879 3891 quaerat
2902 3823 3170 3891 prolirium,
3190 3822 3272 3891 cui
3297 3817 3473 3870 mente
3491 3817 3626 3868 fideli

2416 3895 2674 3958 Impendat
2693 3883 2920 3939 famulam
2944 3883 3164 3946 longaevo
3187 3885 3236 3931 in
3257 3889 3481 3945 tempore
3505 3883 3672 3932 vitam.

2392 4001 2484 4057 63.
2515 3997 2621 4056 Sed
2651 3997 2770 4068 quis
2795 3990 3152 4066 Augustinum
3183 4003 3289 4043 non
3320 3987 3545 4053 referat,
3581 3985 3671 4057 qui
3695 3984 3808 4039 haec
3833 3983 3901 4036 ait

2323 4095 2423 4168 (De
2451 4091 2645 4150 Genesi
2673 4100 2862 4146 contra
2891 4083 3148 4150 Manich.,
3179 4081 3269 4136 lib.
3303 4099 3339 4147 ι,
3368 4098 3485 4151 cap.
3533 4079 3634 4146 l7,
3681 4097 3729 4131 η.
3776 4077 3899 4144 28):

2329 4206 2348 4240 ι
2381 4185 2534 4255 Quod
2559 4184 2721 4240 homo
2743 4181 2808 4236 ad
2840 4177 3128 4249 imaginem
3162 4174 3254 4230 Dei
3279 4173 3453 4229 factus
3476 4171 3690 4238 dicitur,
3715 4183 3899 4225 secun-

2323 4281 2450 4338 dum
2491 4277 2798 4334 interiorem
2829 4271 3100 4328 hominem
3147 4268 3366 4332 dicitur,
3411 4265 3502 4322 ubi
3554 4273 3638 4319 est
3675 4261 3823 4325 ratio,
3849 4269 3901 4313 et

2325 4375 2669 4431 intellectus:
2713 4369 2859 4426 unde
2905 4369 3067 4426 etiam
3115 4362 3276 4422 habet
3317 4367 3646 4432 potestatem
3693 4354 3899 4427 piscium

1127 4454 1313 4568 nequer
1340 4489 1518 4565 quoad
1556 4497 1786 4555 corpus,
1829 4489 2006 4545 neque
2045 4466 2222 4542 quoad
2325 4469 2524 4534 maris.
2569 4474 2625 4523 et
2648 4464 2946 4522 volatilium
2975 4461 3131 4527 cceli,
3162 4466 3219 4514 et
3259 4454 3502 4512 omnium
3535 4465 3782 4523 pecorum
3804 4490 3817 4513 ,
3848 4455 3900 4501 et

627 4545 713 4571 cas
743 4545 835 4567 um
875 4545 980 4563 uu-
1019 4545 1050 4558 ν
1129 4545 1210 4555 ην-
1239 4545 1302 4552 ..ν
1345 4545 1460 4565 Ἶρι
1659 4545 1670 4555 _
1773 4545 1779 4547 ν

627 4608 898 4667 animam,
944 4545 1290 4656 sgd’tanttim
1340 4584 1486 4658 quod
1524 4580 1718 4638 attinet
1757 4573 1823 4629 ad
1861 4567 2218 4642 principatum
2246 4557 2298 4618 D
2326 4563 2582 4627 ferarum,
2623 4568 2680 4616 et
2715 4558 2894 4614 omnis
2961 4565 3152 4621 terrae,
3197 4560 3253 4608 et
3291 4549 3532 4607 omnium
3579 4545 3896 4616 repentium,

1978 4659 1990 4667 ’
2580 4661 2592 4667 ‘
2633 4666 2636 4667 '
2815 4661 2826 4667 ·
3039 4665 3048 4667 -
3088 4661 3199 4667 Α--μ
3232 4643 3371 4667 ---=--—
3397 4640 3622 4667 κάη--.
3676 4637 3896 4667 τ...;,..,,,,,

628 4707 686 4756 et
710 4659 1028 4766 imperium:
1047 4694 1106 4743 nt
1122 4682 1210 4742 cui
1234 4694 1364 4752 ergo
1387 4674 1652 4738 omnium,
1674 4683 1795 4739 qttzc
1823 4670 1949 4719 sunt
1977 4659 2031 4714 in
2055 4667 2221 4721 terra,

628 4747 1022 4861 est
1046 4747 1338 4839 creditum,
1364 4767 1459 4825 Dei
1481 4768 1658 4834 imago
1681 4756 2004 4828 appellatur;
2029 4747 2226 4806 mulier

629 4843 833 4948 autem,
867 4890 927 4935 ut
949 4890 1070 4948 quae
1098 4871 1169 4928 sit
1193 4869 1248 4924 in
1279 4869 1546 4937 potestate
1573 4855 1696 4920 viri,
1727 4861 1798 4908 est
1827 4848 1922 4904 viri
1946 4843 2141 4917 gloria,
2172 4849 2227 4894 et

627 4938 795 5054 veluti
821 4938 1002 5042 imago
1030 4962 1278 5036 imaginis
1303 4977 1317 5010 :
1347 4970 1470 5012 nam
1495 4955 1608 5022 ipsa
1635 4948 1799 5005 etiam
1830 4941 1948 4996 aliis
1970 4938 2222 5007 imperat,

629 5049 726 5132 sed
753 5070 871 5126 viro
893 5040 1134 5135 subjecta
1163 5071 1306 5122 esse,
1331 5059 1388 5108 et
1409 5049 1459 5106 ei
1487 5056 1678 5119 parere
1703 5040 1854 5111 jussa
1880 5040 1982 5135 est.
2018 5050 2038 5083 ι

702 5126 793 5223 ἑο.
824 5159 932 5218 Sed
959 5126 1029 5213 ne
1057 5153 1278 5211 Graecos
1306 5154 1514 5202 tantum
1539 5136 1816 5192 videamur
1843 5126 2037 5183 ati‘erre
2056 5163 2072 5191 ,
2098 5133 2226 5176 ecce

631 5212 1128 5316 tibivambrosium
1177 5241 1296 5297 haec
1340 5235 1409 5292 de
1466 5229 1689 5288 homine
1741 5221 2040 5279 tradentem
2099 5212 2175 5285 (ὁ)
2211 5227 2224 5263 :

638 5371 658 5405 ι
683 5313 810 5406 illoc
829 5344 1026 5402 mentis
1051 5340 1237 5409 vigore
1262 5339 1319 5389 et
1345 5335 1570 5386 externa
1610 5318 1832 5389 subigit,
1861 5322 1918 5370 et
1945 5313 2227 5409 separata,

633 5457 698 5501 ac
721 5436 976 5499 distantia
997 5393 1160 5498 videt,
1187 5435 1245 5485 et
1266 5419 1526 5480 validiora
1551 5412 1753 5470 viribus
1778 5401 2032 5462 animalia
2053 5393 2227 5466 subji-

708 5601 987 5694 tms
1010 5569 1886 5694 ,γμείξλτξειηέὲςένξξέίξῧξ.ι¹έε,ηέξ
1927 5556 2224 5694 misit

640 5635 790 5750 tori?!
802 5635 987 5750 vi,
1001 5635 1477 5750 γ
1494 5635 1904 5750 Eontfauconii.
1927 5635 1995 5694 In
2013 5635 2132 5705 ’quo
2159 5635 2234 5688 est

643 5745 776 5798 ratio
805 5730 1088 5810 imaginis?
1115 5730 1170 5791 in
1195 5735 1464 5804 potestate,
1491 5730 1600 5782 etc.

2326 4671 2449 4726 qua:
2472 4661 2600 4709 sunt
2623 4666 2787 4723 super
2814 4661 3012 4706 terram
3036 4665 3051 4702 :
3081 4661 3204 4704 cum
3228 4643 3372 4700 enim
3395 4640 3647 4704 dixisset,
3672 4637 3899 4707 faciamus

2328 4724 2584 4803 hominem
2610 4744 2678 4798 ad
2704 4743 2996 4810 imaginem,
3030 4748 3077 4794 et
3109 4732 3506 4793 similitudinem
3531 4739 3782 4791 nostram,
3811 4724 3898 4779 ad-

2327 4838 2464 4894 didit
2506 4836 2762 4892 continuo
2790 4852 2802 4887 :
2838 4831 2907 4887 Et
2948 4831 3128 4886 habeat
3157 4835 3453 4901 potestatem
3487 4823 3706 4894 piscium
3740 4818 3896 4883 maris,

2329 4943 2377 4987 et
2407 4929 2694 4986 volatilium
2721 4927 2857 4993 caeli,
2889 4933 2944 4980 et
2972 4933 3168 4980 caetera
3203 4936 3219 4976 :
3247 4929 3306 4975 ut
3335 4917 3777 4987 intelligeremus,
3805 4925 3895 4966 non

2331 5033 2554 5096 propter
2592 5035 2789 5091 corpus
2834 5018 2938 5075 dici
2980 5017 3254 5073 hominem
3296 5015 3493 5068 factum
3542 5008 3612 5064 ad
3639 5006 3896 5076 imaginem

2333 5115 2456 5184 Dei,
2496 5113 2591 5170 sed
2619 5123 2838 5185 propter
2865 5125 2995 5167 eam
3015 5117 3358 5178 potestatem,
3384 5116 3493 5174 qua
3522 5099 3702 5157 omnia
3725 5108 3896 5168 pecora

2335 5215 2572 5280 superat.
2617 5204 2810 5261 Omnia
2847 5203 2990 5259 enim
3013 5199 3264 5256 animalia
3298 5203 3498 5252 caetera
3532 5192 3769 5262 subjecta
3793 5195 3902 5242 sunt

2337 5298 2540 5355 homini
2568 5312 2675 5353 non
2708 5302 2927 5366 promer
2947 5308 3165 5363 corpus,
3197 5290 3290 5347 sed
3325 5296 3545 5358 propter
3574 5284 3897 5341 intellectum,

2337 5407 2498 5464 quem
2524 5404 2624 5447 nos
2653 5388 2937 5456 habemus,
2965 5394 3017 5442 et
3047 5384 3142 5441 illa
3171 5397 3278 5439 non
3304 5379 3527 5437 habent.
3565 5397 3587 5431 s

2409 5554 2487 5625 (θ)
2532 5551 2653 5625 Lib.
2699 5567 2772 5615 vi.
2821 5551 2982 5623 epist.
3026 5559 3252 5612 xxxviii,
3291 5543 3427 5601 alias
3464 5541 3640 5600 classe
3678 5553 3717 5604 ι,
3761 5535 3897 5607 epist.

2340 5623 2487 5693 xu'n,
2522 5623 2870 5681 Horontiano.
