3978 6196
118 245 232 302 875

829 249 896 304 IN
929 247 1188 310 IIILARII.
1225 252 1439 309 EI’IS'I‘.
1485 253 1616 310 SEU
1648 254 1721 311 LIJ

1833 293 1866 312 ..
1905 259 2356 318 DISSEIYI'ATIO
2393 262 2668 321 TERTIA.

3321 281 3426 338 874

198 362 289 418 64.
326 363 426 418 llic
467 378 710 426 recense,
754 365 796 416 si
829 366 928 426 vis.
959 366 1144 420 Patres
1173 383 1266 421 eos
1319 369 1408 440 qui
1451 380 1728 440 peccatqu
1759 375 1804 434 Α
1837 374 2045 430 Etenim
2093 393 2212 432 cum
2254 394 2445 435 cursus
2495 382 2595 436 iste
2642 381 2845 438 homini
2886 384 3177 457 inserviat,
3225 392 3430 449 homini

123 455 405 510 Daztnouis
465 457 514 508 in
559 471 626 510 eo
675 456 982 524 Collocant,
1037 459 1176 528 quod
1233 462 1483 517 inviderit
1527 463 1730 518 homini

117 564 396 604 summam
424 563 546 602 eam
591 549 643 602 in
676 563 762 604 res
792 565 986 604 omnes
1017 559 1339 620 potestatem
1391 569 1453 608 ac
1480 554 1725 610 domina-

118 651 262 707 tum,
307 656 471 712 quem
526 640 628 696 sibi
675 640 1066 697 conferendum
1116 643 1284 700 fuisse
1331 655 1558 712 putarat.
1619 647 1731 704 Hos

115 748 288 805 porro
321 750 422 788 nec
465 734 893 790 contemnendos
921 751 1085 800 sane.
1118 752 1218 791 nec
1250 753 1450 808 paucos
1475 740 1724 807 equidem

114 842 496 893 recenserem,
521 827 624 882 nisi
656 829 893 885 laborem
923 845 1100 883 meum
1127 831 1478 900 anticipasset
1509 833 1728 902 prtecla-

117 919 376 974 rissimus
405 919 678 984 Petavius,
707 920 861 990 cujus
893 921 1069 976 locum
1093 923 1146 976 in
1178 923 1326 978 calce
1351 927 1558 994 paginae
1579 941 1607 978 a
1641 942 1728 980 me

117 1012 422 1068 indicatum
471 1013 698 1068 obsecro
719 1015 974 1069 consulas
1025 1014 1125 1084 (De
1175 1017 1384 1088 Angelis
1429 1034 1508 1083 ιιι,
1555 1019 1610 1083 2,
1643 1019 1722 1088 8).

109 1104 296 1168 Adde,
327 1105 372 1158 si
404 1106 506 1171 vis,
540 1106 913 1162 auctoritatem
951 1107 1122 1162 liabbi
1149 1107 1379 1172 Saadiw,
1414 1110 1728 1166 collocautis

115 1199 332 1254 scilicet
359 1215 500 1263 eant,
540 1199 610 1254 de
644 1216 745 1268 qua
779 1201 1010 1267 agimus,
1058 1201 1344 1272 imaginem
1378 1203 1428 1256 in
1476 1203 1725 1272 imperio,

116 1300 172 1346 ct
201 1291 578 1346 dominatione
609 1290 812 1364 (Refert
840 1309 902 1346 ex
927 1292 1066 1346 Aben
1102 1291 1270 1346 Hezra
1296 1291 1474 1349 Petav.
1505 1296 1568 1348 de
1600 1295 1728 1366 Opi-

116 1386 208 1454 ﬁc.
238 1401 298 1450 ιι,
333 1387 388 1452 '5,
417 1384 499 1457 2).

190 1478 282 1533 65.
316 1479 652 1549 Quamquam
694 1495 920 1536 necesse
953 1497 1061 1535 non
1104 1491 1190 1537 est
1220 1480 1319 1536 hac
1348 1482 1401 1536 in
1435 1497 1495 1536 re
1538 1482 1589 1536 in
1618 1482 1723 1537 Pa-

117 1579 300 1636 trum,
344 1581 398 1625 et
423 1570 769 1626 Hebraeorum
799 1572 1122 1626 testimoniis
1147 1571 1238 1626 diu
1271 1573 1537 1639 laborare,
1590 1574 1727 1628 adeo

115 1661 420 1716 scilicetid
456 1663 795 1730 perspicuum
839 1672 950 1724 est,
990 1674 1047 1716 ut
1076 1663 1207 1716 illud
1253 1679 1466 1733 quoque
1497 1667 1724 1720 vetu~tis

118 1753 258 1823 ipsis
313 1763 365 1808 ιιι
397 1753 539 1809 ἱιιιει·
579 1754 896 1809 idololatriae
929 1758 1178 1810 teni-bras
1207 1755 1396 1826 positis
1431 1756 1725 1824 Scriptori-
1751 1756 1799 1814 B

117 1846 224 1901 bus
251 1846 568 1902 innotuerit.
604 1845 658 1902 Id
704 1863 862 1914 porro
905 1847 1192 1902 multorum
1221 1849 1440 1916 quidem
1467 1849 1721 1918 opinione

116 1935 380 1991 denotant
411 1938 496 1991 illa
529 1937 690 1992 Tullii
731 1939 930 1992 monita
960 1938 1070 2009 (lib.
1103 1955 1136 1992 ιι
1169 1941 1231 1992 de
1272 1940 1486 2008 ﬁnibus)
1513 1958 1526 1993 :
1564 1959 1582 1992 ι
1619 1941 1722 1995 Ea-

117 2027 244 2083 dem
279 2027 547 2098 tltominis)
580 2030 716 2084 ratio
768 2031 929 2084 habet
967 2031 1018 2084 iu
1060 2046 1120 2086 se
1166 2031 1420 2101 quiddam
1462 2035 1720 2103 amplum.

115 2133 284 2191 atque
319 2123 683 2193 inagnilicum,
719 2124 783 2177 ad
818 2125 1189 2195 imperandum
1233 2126 1402 2196 magis
1463 2141 1625 2196 quam
1654 2125 1722 2180 ad

119 2215 423 2286 parendum
442 2217 932 2273 accommodatum.
957 2217 1284 2288 Expressius
1314 2233 1476 2289 porro
1493 2217 1723 2274 Ovidius

115 2308 163 2380 (l
195 2308 575 2380 Metamorph.)
611 2333 624 2366 :

212 2425 443 2500 §anctius
467 2425 544 2500 bis
561 2424 758 2500 animal,
785 2427 1068 2500 mentisque
1087 2428 1316 2500 capacius
1333 2426 1444 2479 altae

210 2486 409 2553 Deerat
429 2486 610 2550 adhuc,
635 2495 688 2537 et
709 2489 838 2550 quod
863 2486 1099 2539 dominari
1124 2486 1174 2538 in
1196 2497 1378 2540 caetera
1403 2495 1586 2553 posset.

211 2549 369 2600 Natus
397 2550 544 2600 homo
570 2549 666 2611 est,
693 2549 791 2601 etc.

190 2655 284 2711 66.
330 2655 465 2710 llinc
507 2655 774 2712 edomitus
824 2657 894 2712 ab
937 2657 1159 2714 homine
1190 2659 1433 2715 videmus
1477 2659 1724 2716 crudeles

113 2748 328 2803 belluas
362 2767 377 2803 :
417 2759 578 2821 atque
627 2751 676 2804 id
713 2766 832 2804 cum
860 2753 1042 2807 caeleri
1073 2753 1349 2821 eleganter
1390 2741 1717 2824 describant,

114 2839 410 2910 descripsit
463 2856 593 2896 sane
641 2841 896 2897 Martialis
948 2843 1111 2898 nobili
1169 2845 1262 2899 illo
1334 2847 1724 2917 epigrammate

113 2932 249 3002 (fere
284 2933 502 2988 habetur
539 2934 626 2988 lib.
659 2950 707 3000 ι,
737 2951 790 2989 n.
828 2933 988 3005 104),
1030 2935 1174 3006 quod
1208 2937 1275 2991 ad
1315 2940 1458 2992 hunc
1499 2938 1719 2993 modum

114 3025 307 3095 incipit
343 3043 355 3078 :

370 3118 510 3184 ficto
532 3118 661 3183 quod
680 3120 798 3184 iuga
819 3120 1029 3171 delicata
1053 3119 1179 3171 collo

371 3179 562 3247 farvius
581 3179 810 3242 sustinét,
836 3184 1168 3247 improbaque
1206 3185 1367 3247 tigres

369 3242 639 3307 Indulgent
657 3242 940 3308 patientiam
962 3242 1179 3310 ﬂagello.

113 3345 263 3419 quod
289 3347 507 3418 quidem
540 3349 870 3421 epigramma
901 3352 1171 3421 integrum
1201 3351 1346 3423 legas
1381 3352 1538 3409 velim
1569 3371 1581 3407 :
1611 3354 1720 3409 ele-

111 3455 251 3511 gans
277 3441 478 3512 quippe
511 3443 672 3498 viilde
701 3455 805 3511 est,
836 3445 1300 3511 venustissimum,
1334 3453 1390 3500 et
1415 3445 1488 3509 id,
1515 3446 1584 3502 de
1613 3463 1720 3518 quo

112 3535 350 3604 agimus,
382 3534 607 3590 miriﬁce
633 3537 968 3602 comprobat.

188 3625 278 3680 67.
314 3625 458 3682 Ante
486 3625 780 3683 Martialem
809 3640 1183 3698 argumentum
1215 3627 1318 3684 hoc
1345 3631 1719 3701 eopiosissime

113 3727 478 3790 pertractarat
503 3719 686 3778 Philo:
718 3723 875 3790 cujus
900 3721 1062 3776 verba
1085 3722 1397 3788 sirelet-atu,
1430 3739 1621 3778 vereor
1653 3740 1720 3778 ne

115 3826 276 3881 :cquo
303 3815 407 3866 sim
438 3811 648 3884 longior
681 3831 694 3866 :
729 3813 905 3868 locum
944 3815 1030 3869 ubi
1052 3815 1235 3883 jaceat
1263 3815 1508 3870 consulat
1550 3817 1718 3871 lector

115 3901 205 3972 (de
233 3903 433 3972 Opi/ie.
483 3902 662 3959 Galen.
699 3906 978 3976 interprete
1019 3923 1140 3977 pag.
1177 3905 1244 3961 16
1282 3917 1330 3961 et
1382 3908 1448 3962 i7
1479 3909 1718 3964 editionis

120 3995 325 4067 Gryph.
371 4000 495 4062 anni
527 3997 712 4070 1561).

187 4089 278 4146 68.
314 4089 499 4159 Quid?
542 4092 683 4159 quod
722 4093 896 4161 pisces
925 4094 1046 4163 ipsi,
1079 4095 1291 4149 tametsi
1330 4095 1397 4149 ab
1437 4095 1714 4152 hominum

115 4184 398 4237 consortio
429 4184 796 4241 remotissimi.
830 4200 934 4239 non
962 4203 1086 4240 raro

210 4275 276 4326 Et
297 4280 480 4326 norunt
502 4278 770 4342 dominum,
797 4291 1092 4342 manumque
1125 4278 1344 4330 lambunt.

236 4400 250 4408 -
330 4413 340 4415 ξ
382 4414 388 4415 7
493 4402 524 4415 ,ν
681 4339 740 4412 Et
765 4341 825 4389 ad
849 4339 1072 4415 magisiri

207 4400 400 4451 Vocem
421 4402 629 4465 quisque
655 4402 731 4451 sui
755 4404 889 4452 venit
909 4400 1100 4454 citatus.

1829 457 1962 522 sane
2007 470 2361 525 ministerium
2405 475 2774 540 praestabunt,
2819 478 2909 546 qui
2975 479 3146 548 ipsum
3191 482 3431 555 dirigttut
3492 519 3494 521 ›

1831 559 2238 633 perﬁciuotque.
2268 565 2452 632 Quid?
2481 568 2622 636 quod
2650 567 2810 624 iidem
2840 571 3033 642 Augeli
3057 574 3212 632 nobis
3241 581 3426 635 tutela:

1828 668 1892 707 ac
1939 655 2188 723 przesidio
2215 665 2361 720 sunt,
2404 659 2542 714 sicut
2589 661 2657 715 ab
2698 663 2961 732 Apostolo
2991 665 3159 721 Paulo
3189 668 3426 740 (Habt-tv.

1829 759 1867 812 ι,
1905 746 1992 815 14)
2027 765 2046 798 ι
2079 746 2445 806 Miuistratm-ii
2472 752 2693 820 spiritus
2719 756 3060 827 appellentur
3091 774 3310 830 propter
3330 780 3425 821 eos

1829 839 1999 914 missi,
2051 842 2140 911 qui
2181 843 2798 916 luereditatemcapiunt
2819 851 3024 906 salutis.
3049 873 3068 906 ι
3099 854 3218 922 Quo
3247 857 3313 912 de
3339 874 3427 913 ar-

1827 945 2084 1002 gumento
2103 936 2252 1004 plura
2275 938 2360 991 hic
2377 938 2636 1005 dicerem,
2669 943 2770 995 nisi
2791 944 3046 1011 peculiari
3080 946 3264 1004 libello
3277 966 3339 1005 ea
3357 951 3426 1006 de

1831 1040 1888 1078 re
1915 1027 2136 1095 copiose
2165 1028 2522 1097 disputassem
2553 1031 2730 1103 (liein
2775 1034 2959 1106 Angcli
2997 1040 3254 1111 custodi).
3281 1043 3424 1098 Con-

1828 1118 1966 1185 sule,
1999 1120 2044 1172 si
2070 1120 2168 1183 vis,
2199 1121 2475 1177 Petaviutn
2503 1124 2590 1198 (de
2613 1127 2796 1198 Auget.
2826 1145 2881 1189 ιι.
2909 1133 2963 1191 6.
2999 1134 3028 1184 7
3050 1143 3098 1186 et
3123 1136 3274 1205 δρψ).

1901 1237 1987 1291 70.
2023 1237 2155 1291 Eam
2199 1239 2267 1294 ob
2297 1256 2408 1296 rem
2443 1258 2548 1296 non
2593 1257 2846 1300 verentur
2884 1249 3034 1302 multi
3070 1251 3287 1305 inditam
3322 1253 3420 1306 ho-

1829 1331 1958 1384 miui
2007 1332 2099 1386 Dei
2132 1333 2418 1404 imaginem
2452 1336 2503 1390 itt
2535 1352 2600 1392 eo
2641 1352 2870 1408 ponere,
2906 1342 3049 1412 quod
3091 1344 3232 1398 sicut
3282 1347 3420 1401 Deus

1828 1436 2005 1476 rerum
2052 1425 2291 1478 omnium
2337 1425 2458 1480 linis
2499 1437 2612 1494 est,
2647 1445 2744 1485 seu
2797 1447 2958 1486 causa
3007 1417 3213 1501 linalis,
3265 1437 3335 1492 ita
3367 1447 3421 1493 et

1830 1513 2012 1577 homo,
2046 1532 2112 1569 eo
2145 1520 2516 1576 tantummodo
2560 1522 2658 1577 hac
2691 1525 2743 1579 in
2774 1541 2832 1581 re
2862 1527 3026 1581 Deum
3062 1530 3201 1584 inter
3247 1541 3301 1588 et
3324 1532 3423 1587 ho-

1829 1606 2026 1660 minem
2053 1608 2362 1665 discrimiue
2398 1615 2592 1680 posito,
2625 1619 2768 1686 quod
2805 1619 2944 1674 Deus
2974 1635 3154 1676 rerum
3183 1625 3421 1679 omnium

1832 1698 1952 1754 linis
1993 1700 2216 1756 ultimus
2253 1708 2341 1764 sit.
2385 1706 2546 1759 homo
2576 1723 2706 1762 vero
2747 1709 2812 1763 ad
2859 1713 3023 1766 Deum
3053 1715 3226 1783 ipsum
3267 1716 3425 1788 dirigi

1827 1790 2040 1856 debeat,
2070 1804 2121 1847 et
2154 1793 2219 1847 ad
2247 1810 2369 1850 eum
2398 1799 2751 1862 contendere,
2783 1803 2833 1854 in
2856 1819 2964 1873 quo
2985 1806 3249 1875 quiescat,
3279 1819 3334 1864 et
3355 1809 3422 1863 ad

1826 1881 1981 1951 cujus
2011 1883 2234 1951 gloriam
2280 1885 2396 1954 ipse
2428 1902 2646 1958 quoque
2673 1890 2742 1943 sit
2771 1894 3036 1948 conditus.
3069 1896 3177 1951 Sed
3221 1900 3323 1953 hoc
3351 1899 3421 1955 de

1827 1984 2147 2039 argumento
2185 1993 2306 2030 cum
2342 1978 2664 2034 luculentius
2689 1981 2820 2037 alibi
2848 1987 3049 2054 egerim
3082 1986 3325 2056 (Dissert.
3359 1994 3420 2061 t),

1825 2082 1948 2120 eum
1987 2068 2161 2122 locum
2205 2070 2406 2125 recolat
2447 2072 2637 2127 lector.

1898 2180 1986 2234 7L
2020 2183 2082 2235 At
2111 2182 2221 2252 jam
2257 2185 2547 2241 vertendus
2573 2197 2655 2242 est
2683 2206 2866 2244 sermo
2897 2193 2961 2246 ad
2995 2209 3183 2250 eorum
3214 2198 3424 2268 opinio-

1827 2287 1986 2339 nem,
2020 2274 2109 2341 ιιιιί
2150 2287 2374 2331 censent
2423 2294 2572 2339 eam,
2608 2280 2676 2335 de
2703 2297 2804 2351 qua
2841 2283 3188 2353 disserimus,
3234 2290 3420 2360 imagi-

1827 2380 1971 2426 nem.
2014 2367 2093 2421 sic
2129 2367 2501 2436 explicandam
2543 2387 2682 2436 esse,
2737 2382 2793 2426 ut
2820 2386 3103 2444 promet-ea
3147 2378 3321 2433 dictus
3352 2382 3424 2435 sit

1824 2454 1996 2510 Adam
2022 2457 2090 2512 ad
2121 2458 2209 2513 Dei
2243 2461 2550 2530 imaginem,
2583 2463 2722 2532 quod
2763 2463 2923 2520 homo
2953 2465 3187 2522 donatus
3225 2473 3294 2523 sit
3325 2487 3420 2525 na-

1827 2557 1944 2602 tura
1972 2564 2066 2613 ea,
2101 2551 2256 2621 cujus
2285 2555 2521 2622 speciem
2551 2556 2798 2611 induerat
2840 2559 3000 2618 Deus.
3051 2572 3106 2615 ιιι
3145 2561 3418 2620 hominem

1825 2645 2118 2706 conderet;
2163 2659 2265 2714 qua
2297 2645 2458 2700 etiam
2501 2649 2682 2718 specie
2716 2659 2826 2704 tum
2870 2651 3043 2706 eidem
3085 2654 3292 2708 Adamn
3327 2672 3425 2725 ap—

1827 2735 2025 2802 paruit,
2077 2746 2186 2790 tum
2235 2738 2456 2806 reliquis
2499 2739 2824 2796 Patriarchis
2881 2753 2936 2796 cl
2978 2744 3282 2813 Ριοιιιιειὶε.
3313 2749 3421 2803 Sed

1825 2827 1893 2882 de
1936 2827 2038 2883 hoc
2065 2846 2278 2897 quoque
2309 2843 2630 2902 argumento
2659 2850 2780 2889 cum
2818 2837 2948 2890 satis
2978 2838 3104 2892 alibi
3147 2840 3422 2898 disserue-

1826 2923 2015 2988 rimus,
2050 2923 2101 2976 in
2131 2923 2367 2978 Secunda
2398 2927 2607 2981 scilicet
2640 2928 3042 2996 dissertatione,
3083 2931 3148 2985 ad
3178 2948 3300 2988 eum
3344 2937 3420 2990 lo-

1825 3028 1946 3068 cum
1978 3014 2233 3069 lectorem
2264 3017 2458 3086 allego.

1897 3127 1986 3180 7-1.
2035 3127 2140 3182 Sed
2186 3128 2313 3199 quid
2361 3129 2430 3185 de
2459 3130 2673 3186 illorum
2701 3133 2956 3202 Opinione
2984 3135 3272 3192 dicendum
3299 3148 3418 3204 est,

1825 3217 1914 3288 qui
1964 3227 2154 3290 putant
2189 3231 2472 3290 proriterea
2521 3223 2587 3277 ad
2620 3223 2711 3278 Dei
2753 3224 3044 3295 imaginem
3089 3229 3416 3297 appellatum

1825 3309 1991 3366 fuisse
2030 3311 2224 3378 Adam,
2253 3313 2394 3384 quod
2434 3330 2554 3370 eam
2600 3325 2870 3384 naturam,
2897 3334 2961 3374 ac
2991 3319 3219 3376 formam
3248 3338 3278 3378 a
3309 3324 3419 3379 Deo

1823 3406 2108 3474 receperit,
2139 3422 2297 3476 quam
2328 3407 2604 3464 habiturus
2627 3420 2745 3466 erat
2772 3412 3088 3484 Unigenitus
3139 3417 3250 3483 Dei,
3298 3433 3420 3473 cum

1822 3493 1890 3549 ad
1934 3495 2180 3552 homines
2227 3514 2412 3553 eorum
2458 3511 2640 3570 caput,
2687 3503 2947 3559 Dominus
3003 3523 3068 3562 ac
3109 3509 3422 3580 redemptor

1822 3594 2082 3641 venturus
2111 3597 2245 3642 erat.
2278 3589 2332 3644 Id
2363 3603 2492 3646 sane
2525 3595 2802 3663 proposuit
2828 3595 3194 3654 Tertullianus
3225 3610 3333 3654 tum
3367 3603 3418 3656 in

1823 3675 1960 3731 libro
2001 3687 2190 3732 contra
2221 3679 2481 3735 Praxeam
2515 3682 2617 3751 (ιι),
2653 3695 2762 3739 ιιιιιι
2793 3687 2954 3742 etiam
2979 3688 3030 3742 in
3064 3690 3204 3744 libro
3236 3693 3298 3746 de
3329 3710 3412 3748 re-

1820 3771 2135 3824 surrectione
2162 3771 2332 3826 carnis
2372 3772 2486 3828 lucc
2527 3775 2771 3832 scribens
2817 3779 2955 3849 (cap.
3005 3784 3082 3853 vr)
3114 3801 3127 3834 :
3165 3801 3184 3834 ι
3237 3785 3422 3854 Quod-

1820 3876 2050 3931 cumque
2078 3863 2231 3946 enitu
2276 3863 2432 3918 limus
2472 3869 2894 3936 expritnebatur,
2924 3870 3174 3928 Christus
3215 3879 3422 3947 cogita-

1822 3956 1984 4010 batur
2015 3959 2176 4012 liomo
2207 3958 2435 4024 futurus,
2474 3962 2617 4031 quod
2644 3971 2699 4016 et
2741 3962 2929 4031 limus,
2972 3975 3025 4021 et
3066 3983 3191 4022 caro
3218 3985 3423 4036 sermo,

1822 4052 1962 4118 quod
1987 4065 2034 4106 et
2064 4062 2202 4106 terra
2226 4063 2370 4109 tunc.
2395 4055 2482 4110 Sic
2501 4058 2642 4110 enim
2671 4058 2913 4125 praefatio
2931 4060 3103 4114 Patris
3124 4063 3189 4115 ad
3215 4063 3380 4118 illium
3407 4085 3418 4118 :

1820 4143 2100 4200 Faciamus
2127 4146 2397 4202 hominem
2441 4148 2508 4201 ad
2555 4150 2840 4218 imaginum
2885 4161 2942 4206 et
3009 4153 3416 4212 similitudinem

1820 4249 2082 4294 nostram.
2123 4240 2190 4294 Et
2235 4240 2359 4294 fecit
2409 4240 2681 4296 hominem
2729 4243 2870 4298 Deus
2904 4262 2916 4297 :
2964 4245 3014 4300 id
3049 4250 3232 4316 utique
3271 4252 3414 4320 quod

1822 4330 1997 4396 ﬁnxit,
2028 4331 2094 4384 ad
2131 4331 2413 4402 imaginem
2455 4332 2549 4387 Dei
2588 4332 2711 4389 fecit
2742 4334 2917 4401 illtun,
2959 4339 3162 4394 scilicet
3191 4338 3413 4398 Cbri~ti.

1821 4424 1886 4477 Et
1915 4439 2096 4479 sermo
2135 4424 2277 4478 enim
2310 4424 2472 4492 Deus,
2503 4425 2594 4496 qui
2625 4426 2679 4480 in
2709 4426 2888 4499 efﬁgie
2922 4430 3013 4486 Dei
3053 4435 3376 4490 constitutus
3401 4480 3414 4503 ,

110 4506 258 4579 quod
292 4521 397 4577 ego
426 4507 539 4576 ipse
569 4523 713 4576 saepe
755 4509 882 4574 vidi,
913 4509 1040 4564 dum
1081 4511 1252 4566 virum
1291 4515 1508 4584 pietate.
1540 4526 1594 4572 et
1622 4531 1714 4572 co-
1742 4551 1798 4610 D
1821 4529 1926 4570 non
1969 4515 2212 4585 rapinam
2248 4517 2578 4572 existimavit
2621 4518 2817 4586 pariari
2856 4521 2984 4577 Deo.
3022 4524 3093 4578 Ita
3137 4526 3297 4580 limus
3329 4529 3417 4582 ille

111 4601 307 4655 mitate
359 4612 701 4669 praestantem
737 4603 798 4656 D.
827 4601 1165 4670 Fulgentium
1194 4605 1492 4661 Musiaunm
1524 4624 1589 4663 ex
1627 4624 1718 4661 or-
1742 4601 1789 4610 “’
1815 4607 1926 4675 jam
1957 4617 2085 4662 tunc
2117 4608 2404 4679 imaginem
2445 4609 2672 4665 inductis
2715 4610 2916 4667 Christi
2951 4616 3110 4671 futuri
3139 4618 3194 4672 in
3225 4633 3416 4688 carne,

111 4696 240 4748 dine
261 4692 750 4752 Carthnsiensium.
784 4711 983 4766 qmque
1013 4697 1432 4755 Bouoniensiutn
1476 4701 1713 4772 lieligio-

110 4801 300 4841 sorum
321 4785 538 4840 l‘aitiilize
560 4801 699 4840 nunc
715 4798 927 4856 prwest.
948 4788 1056 4844 Deo
1070 4801 1122 4844 et
1143 4791 1448 4845 hominibus
1462 4791 1712 4858 dilectus,

109 4879 469 4935 convenirem
505 4899 518 4933 :
551 4879 996 4937 familiarissimos
1037 4885 1179 4939 enim
1228 4885 1460 4941 habebat
1506 4887 1712 4954 pisces,

109 4974 319 5043 quique
344 4986 478 5026 voce
507 4973 648 5026 illius
669 4974 824 5027 acciti
852 4976 1030 5029 statim
1061 4977 1436 5042 accurrehaut,
1456 4986 1515 5033 ut
1534 4978 1715 5033 cibum

109 5080 178 5119 ex
217 5063 369 5117 illius
401 5079 560 5118 manu
594 5075 890 5121 sumi-rent.

186 5158 280 5212 69.
314 5156 435 5222 llic,
474 5159 516 5211 si
559 5157 658 5223 vis,
693 5159 870 5214 recole
908 5175 1027 5231 quae
1065 5160 1446 5220 dissertatione
1477 5180 1494 5219 ι
1521 5167 1714 5220 statui-

112 5263 269 5313 mus;
308 5249 562 5303 nimirum
585 5249 817 5305 homiuis
841 5267 1000 5306 causa
1026 5253 1298 5308 sensibilia
1320 5264 1512 5310 cuncta
1536 5267 1716 5312 creata

112 5356 260 5398 esse.
318 5340 529 5396 Homini
598 5359 814 5412 quoque
865 5346 1097 5416 Angelos
1153 5349 1298 5415 ipsos
1354 5350 1715 5406 ministerium

115 5445 381 5506 praestare
425 5435 469 5489 is
517 5434 792 5502 fatebitur,
837 5439 926 5508 qui
980 5441 1274 5495 assontitur
1314 5443 1374 5496 Ι).
1414 5441 1638 5497 'I‘homae
1667 5453 1724 5499 et

115 5526 476 5583 Scholasticis
493 5543 628 5596 pene
645 5528 894 5588 omnibus
908 5531 1245 5598 docentibus,
1265 5535 1525 5590 (‘tBIot'tlzIt
1549 5547 1723 5590 astro-

116 5635 347 5690 rumque
372 5634 591 5676 cursum
619 5622 688 5676 ab
713 5621 903 5677 iisdem
932 5623 1157 5694 Angelis
1185 5624 1342 5696 dirigi
1402 5626 1718 5698 perﬁcique.

1819 4718 1926 4757 non
1957 4713 2163 4757 tantum
2203 4704 2290 4758 hei
2322 4719 2457 4773 opus
2485 4714 2620 4766 erat.
2648 4704 2742 4760 sed
2766 4717 2818 4759 et
2847 4711 3052 4777 pignus.
3105 4728 3124 4761 ι

1893 4819 1979 4873 75.
2004 4818 2201 4882 Eadem
2219 4819 2737 4889 traditPrudentius,
2759 4821 2875 4878 haec
2904 4823 3162 4908 elocutus
3177 4825 3254 4897 (in
3276 4827 3419 4899 Apo-

1819 4915 2015 4986 theosi)
2038 4933 2050 4967 :

1918 5026 2140 5102 Christus
2163 5027 2313 5102 forma
2333 5029 2510 5102 Patrisz
2535 5044 2622 5102 nos
2641 5031 2830 5102 Christi
2845 5031 2994 5083 forma
3019 5043 3070 5085 et
3093 5038 3272 5102 imago,

1918 5088 2177 5160 Condimur
2202 5093 2247 5139 in
2275 5092 2446 5141 faciem
2463 5088 2666 5160 Domini
2703 5095 2933 5160 bonitate
2944 5106 3163 5160 paterna,

1917 5150 2125 5201 Venturi
2154 5155 2200 5200 in
2222 5163 2435 5202 nostram
2461 5154 2632 5204 faciem
2658 5162 2766 5218 post
2789 5150 2966 5207 saecula
2990 5150 3189 5212 Christi.

1820 5254 1974 5312 Adde
2002 5272 2121 5325 (ιιιςε
2151 5256 2278 5310 alibi
2309 5255 2411 5311 hoc
2430 5256 2499 5313 de
2527 5269 2846 5330 argumento
2872 5262 3106 5320 diximus
3132 5263 3414 5338 (Disserta.

1821 5363 1893 5415 ιι,
1917 5363 1971 5400 η.
1994 5347 2064 5403 29
2092 5357 2136 5401 et
2166 5345 2352 5418 seqq.).

1896 5441 1985 5495 74.
2027 5439 2094 5495 At
2124 5439 2374 5496 Petavius
2417 5439 2536 5521 (De
2574 5441 2763 5514 Opiﬁc.
2801 5461 2867 5513 ιι,
2897 5447 2962 5514 2,
2992 5447 3067 5522 4)
3109 5450 3416 5518 opinionem

1826 5533 1964 5588 hanc
1981 5533 2483 5604 propterearejicit,
2500 5537 2640 5605 quod
2658 5539 2700 5590 si
2732 5554 2856 5594 vera
2884 5549 3053 5608 esset,
3077 5542 3220 5598 Deus
3241 5545 3417 5611 l’atcr,

1826 5626 1917 5696 qui
1966 5624 2084 5680 haec
2127 5626 2371 5681 elocutus
2398 5641 2520 5682 esse
2540 5639 2828 5685 censetur:
2868 5627 3147 5689 Faciamus
3164 5635 3419 5692 hominem

189 5762 268 5836 (a)
301 5760 436 5834 Cap.
463 5777 556 5817 xtt.
583 5759 712 5818 Erat
731 5772 898 5818 autem
915 5763 986 5818 ad
1006 5767 1155 5835 cujus
1179 5764 1454 5835 imaginem
1474 5765 1727 5835 faciebat;
1749 5763 1818 5823 ad
1847 5765 1943 5837 ﬁlii
1968 5765 2191 5836 scilicet,
2223 5766 2310 5838 qui
2340 5766 2492 5823 homo
2525 5769 2730 5841 futtu'us
2761 5772 2948 5828 certior
2971 5788 3033 5828 ac
3060 5776 3244 5836 verior.

403 5854 664 5918 Pauor.
754 5855 835 5917 Χ.

2868 5861 2948 5928 28
