3978 6196
513 258 620 323 875
663 259 669 265 ’

1239 246 1308 305 ΙΝ
1338 241 1594 304 BILARll
1633 237 1854 297 EPIST.
1897 235 2025 294 SEU
2066 232 2287 292 LIBEL.
2330 230 2782 289 DISSERTATIO
2808 227 3090 315 TERTIA.

3720 219 3831 278 87G

512 379 581 437 ad
617 379 891 449 imaginem
941 383 988 428 et
1026 368 1411 425 similitudinem
1439 371 1664 418 nostram
1688 375 1703 425 ;
1757 364 1983 427 nostram
2012 350 2114 405 uti-
2140 353 2189 410 A
2288 348 2376 405 78.
2409 347 2466 404 Si
2490 362 2624 404 vero
2651 346 2702 401 in
2722 342 3052 416 perfectione
3080 340 3298 405 eximia,
3330 351 3494 409 quam
3521 350 3688 407 supra
3718 350 3832 390 ca:-

514 488 611 543 que
635 442 745 526 non
762 467 1001 530 dixisset,
1031 463 1119 517 sed
1145 469 1285 514 tuam
1312 457 1373 530 (ο
1393 455 1541 528 Fili).
1568 453 1705 510 Num
1734 450 1849 504 haec
1875 442 2118 500 animad-

514 536 695 622 versio
710 559 1021 630 opinionem
1041 570 1161 610 eam
1182 552 1312 608 satis
1332 548 1561 615 refutet,
1590 545 1677 600 alii
1697 541 1953 601 viderint.
1975 536 2120 593 Gon-

520 656 671 722 sule,
708 629 972 716 obsecro,
1013 647 1288 704 Petavium
1328 643 1507 714 ipsum
1546 654 1668 710 cap.
1700 651 1777 692 vn
1813 632 1936 690 libri
1981 647 2021 686 ιι
2049 629 2118 685 de

520 745 784 803 Trinitate
814 740 893 814 (η.
923 740 979 811 4)
992 782 1005 795 .

590 838 673 897 Ex
702 836 963 893 hactenus
990 831 1150 890 dictis
1174 828 1433 901 dijudicet
1463 825 1679 887 Lector,
1719 817 1850 891 quid
1888 815 1957 873 de
1991 827 2119 884 pos-

521 944 693 991 trema
716 928 972 1001 Opinione
989 923 1331 983 sentiendum
1353 920 1446 987 sit,
1469 930 1654 974 eorum
1677 912 1905 975 scilicet,
1929 906 2020 978 qui
2042 905 2122 961 fa-

518 1041 699 1089 tentur
720 1032 773 1086 in
797 1029 1017 1084 homine
1036 1025 1252 1097 quidem
1277 1031 1463 1080 extare
1488 1032 1608 1075 eam
1629 1060 1643 1084 ,
1666 1014 1737 1071 de
1757 1026 1860 1084 qua
1886 1006 2118 1097 agitatis,

517 1124 910 1183 similitudinem
949 1131 999 1176 et
1024 1094 1334 1190 imaginem:
1387 1112 1481 1170 sed
1511 1113 1562 1166 in
1590 1123 1697 1181 quo
1729 1103 1904 1177 posita
1930 1115 1995 1156 ea
2025 1094 2117 1159 sit,

521 1219 749 1277 minime
772 1230 1054 1289 apparere.
1084 1213 1139 1270 Si
1166 1210 1294 1281 quid
1314 1208 1525 1267 scilicet
1552 1201 1832 1277 probabile
1861 1198 2122 1289 hactenus

520 1313 786 1375 diximus,
818 1320 928 1364 tam
959 1317 1013 1363 et
1043 1306 1088 1363 si
1117 1303 1356 1361 stabilire
1388 1309 1542 1356 certo
1583 1310 1690 1352 non
1734 1290 2034 1363 possimus,
2065 1282 2120 1337 ίη

517 1418 628 1487 quo
652 1374 780 1457 haec
792 1401 964 1472 posita
992 1399 1098 1463 sit;
1131 1404 1310 1453 tamen
1332 1393 1551 1447 Patrum
1579 1402 1641 1444 ea
1670 1386 1722 1442 in
1748 1374 2124 1450 disquisitione

519 1472 696 1567 posita
726 1493 903 1550 studia
942 1490 1264 1557 eﬂeceruut,
1308 1495 1368 1541 ut
1402 1481 1696 1541 verisimile
1734 1472 1936 1546 aliquid
1977 1472 2125 1527 inve-

520 1588 793 1655 nerimus,
825 1585 878 1640 in
909 1599 1016 1655 quo
1047 1584 1184 1637 hanc
1208 1579 1554 1635 collocemus.
1587 1573 1659 1628 Ea
1691 1569 1760 1626 de
1799 1581 1859 1623 re
1903 1562 2126 1621 minime

520 1677 823 1743 dubitabis,
864 1676 910 1731 si
934 1654 1016 1730 ea
1053 1670 1378 1743 expenderis
1399 1708 1413 1732 ,
1442 1680 1564 1738 qua:
1593 1679 1623 1718 a
1654 1672 1882 1727 numero
1908 1654 2125 1711 decimo

521 1771 684 1828 tertio
711 1769 777 1824 ad
804 1767 950 1825 hunc
977 1781 1146 1836 usque
1175 1763 1352 1818 locum
1384 1759 1604 1830 copiose
1633 1752 1976 1812 tradidimus.

981 1919 1308 1993 QUIESTIO
1347 1916 1411 1973 111
1461 1925 1516 1973 et
1553 1913 1641 1968 IV.

523 2067 591 2124 In
620 2083 720 2138 qua
747 2062 965 2120 hominis
994 2070 1138 2132 parte
1168 2056 1337 2126 posita
1373 2054 1440 2109 sit
1479 2050 1590 2130 Ιιῳε
1609 2089 1625 2114 ,
1656 2048 1721 2102 de
1760 2061 1864 2115 qua
1899 2041 2121 2113 agimus,

592 2135 763 2229 imago
790 2165 837 2210 et
865 2153 1166 2209 similitudo.
1199 2149 1298 2204 Et:
1356 2146 1436 2201 An
1463 2143 1562 2199 soli
1590 2142 1728 2204 uiro,
1758 2153 1825 2191 an
1849 2135 2126 2229 etiam-[ie-

594 2222 750 2311 min'ae
787 2246 1014 2304 eamdem
1066 2242 1341 2313 imaginem
1384 2247 1428 2291 et
1458 2230 1851 2303 similitudinem
1878 2222 2124 2282 indiderit

596 2340 760 2399 Deus.

588 2478 682 2534 75.
713 2476 771 2533 Si
799 2489 864 2531 ea
887 2470 1274 2543 expendimus,
1298 2481 1419 2537 quae
1445 2465 1498 2520 in
1527 2458 1796 2534 superiori
1819 2454 2124 2529 quaestione

522 2573 790 2639 diximus,
834 2567 991 2624 facile
1031 2563 1331 2629 constabit,
1376 2559 1430 2614 in
1466 2569 1693 2627 corpore
1740 2552 1862 2623 poni
1904 2547 2126 2605 minime

522 2680 686 2740 posse
707 2677 857 2729 eam,
887 2659 955 2716 de
982 2674 1086 2730 qua
1110 2656 1350 2727 agimus,
1374 2651 1470 2707 Dei
1500 2648 1789 2719 imaginem
1808 2687 1823 2712 ,
1854 2641 1959 2698 nisi
1984 2640 2126 2696 forte

522 2734 580 2814 in
609 2773 670 2813 ea
703 2752 1099 2827 signiﬁcatione
1140 2748 1192 2803 id
1232 2747 1463 2809 dicatur,
1496 2756 1658 2812 quam
1696 2746 1973 2812 praeeunte
2011 2734 2126 2788 Au-

521 2851 738 2924 gustino
764 2826 821 2904 n.
850 2846 918 2901 4'1
946 2842 1344 2917 proposuimus.
1389 2836 1448 2893 1η
1481 2835 1660 2890 anima
1688 2847 1815 2888 vero
1846 2826 1974 2900 poni
2005 2841 2127 2897 pos-

521 2922 603 3011 se,
631 2942 854 2999 minime
874 2938 1082 2994 dubito.
1111 2937 1177 2990 At
1200 2948 1324 2989 num
1351 2932 1405 2987 in
1431 2930 1625 2985 animm
1650 2922 1974 2987 substantia,
1996 2933 2125 2975 num

519 3038 575 3092 in
612 3036 758 3091 illius
786 3031 1075 3105 pctentiis,
1108 3043 1236 3083 num
1281 3026 1384 3081 alia
1427 3020 1680 3093 quapiam
1727 3016 1970 3080 ratione,
2004 3024 2118 3068 tum

2218 452 2362 499 teras
2389 449 2667 498 creaturas
2699 438 2858 493 habet
2891 437 3084 500 homo,
3117 449 3236 489 eam
3268 427 3684 487 similitudinem
3714 428 3833 482 ωι-

2219 537 2402 600 loces;
2436 534 2712 590 imminam
2738 530 2809 586 ad
2836 529 2933 585 Dei
2959 527 3246 599 imaginem
3282 524 3485 581 iactam
3524 536 3694 593 neges
3739 535 3837 576 ne-

2217 643 2370 687 cesse
2395 636 2498 682 est.
2528 623 2742 683 Etenim
2770 619 2983 676 mulieri
3008 624 3229 689 praestat
3253 615 3357 679 vir,
3384 613 3647 684 illumque
3671 620 3840 680 caput

2217 728 2320 778 est.
2349 713 2772 789 Expressissimo
2798 710 3216 784 Chrysastomus
3234 706 3343 782 (a):
3370 725 3391 759 ι
3410 704 3483 762 Ut
3508 703 3658 761 enim
3684 701 3839 760 scias

2222 815 2453 869 humana
2481 810 2653 866 forma
2674 804 2961 879 praeditum
2988 819 3097 860 non
3122 816 3247 860 esse
3270 814 3477 857 alumen
3494 839 3513 864 ,
3542 796 3669 854 audi
3690 796 3843 852 Pau-

2220 905 2330 962 lum
2370 903 2675 963 dicentem:
2715 898 2809 955 Vir
2834 897 3042 970 quidem
3062 912 3171 951 non
3208 894 3358 950 debet
3378 891 3576 958 velari,
3607 906 3731 946 αιιιι
3768 890 3843 945 sit

2220 1000 2392 1071 imago
2443 1006 2490 1052 et
2525 995 2696 1068 gloria
2735 992 2830 1046 Dei
2859 1006 2880 1045 :
2941 989 3135 1045 Mulier
3171 996 3347 1043 autem
3379 985 3553 1059 gloria
3582 983 3683 1039 uiri
3718 990 3839 1050 est,

2224 1099 2494 1163 propterea
2532 1087 2712 1153 debet,
2751 1084 2963 1156 inquit,
3001 1082 3173 1138 uelum
3209 1081 3398 1135 habere
3443 1094 3605 1146 supra
3652 1084 3838 1144 caput.

2223 1185 2514 1242 Enimvero
2537 1181 2584 1236 si
2615 1180 2721 1234 hoc
2742 1178 2864 1235 loco
2895 1175 3183 1246 imaginem
3211 1172 3265 1229 id
3290 1170 3617 1243 appellavit,
3647 1183 3842 1240 cqua-

2225 1278 2330 1343 lem
2372 1276 2571 1332 divinm
2608 1273 2754 1328 omni
2800 1286 2865 1326 ex
2907 1279 3060 1340 parte
3100 1268 3289 1323 forma
3316 1262 3726 1322 similitudinem
3756 1260 3845 1317 si—

2226 1370 2488 1441 gniﬁcans
2509 1410 2525 1435 ,
2556 1378 2610 1423 et
2640 1366 2842 1421 idcirco
2874 1364 2967 1419 Dei
2998 1364 3175 1434 imago
3203 1370 3428 1418 vocatur
3468 1359 3670 1425 homo,
3699 1356 3833 1428 quia

2232 1468 2371 1523 Deus
2400 1465 2504 1521 hoc
2533 1473 2692 1535 pacto
2720 1460 2983 1531 ﬁguratus
3019 1466 3124 1515 est.
3169 1456 3340 1529 Igitur
3372 1453 3671 1515 semiudum
3706 1451 3841 1505 illos

2231 1578 2338 1618 non
2367 1562 2543 1615 virum
2572 1566 2779 1612 tantum
2810 1553 2878 1609 ad
2904 1552 3192 1623 imaginem
3234 1549 3431 1605 laetum
3473 1546 3580 1603 dici
3618 1551 3846 1615 oporte-

2230 1653 2353 1719 bat,
2381 1648 2478 1706 sed
2500 1649 2666 1705 etiam
2699 1647 3018 1710 mulierem;
3052 1641 3297 1698 mulieris
3321 1640 3469 1696 enim
3512 1637 3724 1708 virique
3778 1635 3846 1690 li-

2153 1736 2201 1797 B
2226 1758 2391 1816 gnra,
2424 1750 2481 1798 et
2507 1740 2678 1797 forma
2699 1781 2715 1809 ,
2749 1748 2799 1793 et
2843 1735 3139 1793 similitudo
3177 1743 3261 1789 est
3300 1747 3427 1787 una.
3460 1730 3631 1799 Quam
3674 1729 3845 1799 igitur

2227 1836 2300 1893 ob
2326 1850 2546 1891 causam
2577 1833 2755 1903 imago
2787 1830 2879 1886 Dei
2911 1831 2993 1884 vir
3028 1827 3253 1892 dicitur,
3301 1826 3500 1881 mulier
3554 1837 3688 1879 vero
3730 1837 3845 1876 non

2227 1928 2396 1985 item?
2424 1926 2560 1994 Quia
2588 1925 2844 1981 nimirum
2877 1936 2982 1976 non
3012 1920 3083 1977 de
3108 1919 3341 1991 imagine
3380 1917 3713 1973 mentionem
3748 1916 3835 1969 is-

2227 2020 2337 2088 cit,
2369 2036 2489 2091 qua:
2517 2022 2569 2075 in
2601 2019 2772 2074 forma
2802 2017 2903 2072 sita
2932 2013 3035 2080 sit,
3069 2013 3165 2071 sed
3205 2012 3273 2069 de
3310 2011 3547 2083 imagine
3568 2053 3583 2075 ,
3624 2024 3753 2080 qua:
3783 2007 3839 2063 in

2227 2114 2504 2170 dominatu
2524 2155 2538 2180 ,
2569 2127 2728 2183 quam
2759 2111 2911 2166 solus
2943 2110 3106 2164 homo
3137 2107 3334 2173 habet,
3366 2120 3473 2161 non
3502 2114 3683 2160 autem
3709 2118 3846 2159 nsu-

2228 2207 2349 2263 lier.
2381 2206 2515 2261 Nam
2544 2205 2636 2261 hic
2665 2203 2881 2274 quidem
2918 2201 3118 2259 nemini
3150 2199 3397 2255 subditus
3418 2206 3507 2255 est
3529 2240 3544 2261 ,
3573 2197 3667 2252 illa
3700 2194 3839 2251 huic

2234 2298 2480 2365 subdita,
2508 2294 2961 2369 quemadmodum
2990 2291 3167 2364 inquit
3196 2291 3338 2348 Deus
3363 2308 3377 2344 :
3408 2290 3492 2346 Ad
3506 2289 3677 2344 uirum
3697 2299 3847 2343 tuum

2244 2391 2507 2445 conversio
2529 2400 2637 2457 tua,
2661 2397 2709 2443 et
2734 2389 2845 2458 ipse
2862 2386 2939 2441 tui
2966 2384 3334 2443 dominabitur.
3358 2381 3570 2441 Idcirco
3592 2381 3688 2439 Dei
3713 2380 3846 2451 qui-

2233 2482 2357 2537 dem
2389 2481 2566 2551 imago
2594 2486 2680 2535 est
2707 2480 2809 2545 vir,
2842 2477 2965 2548 quia
2997 2475 3367 2545 sublimiorem
3399 2472 3606 2542 nullum
3640 2470 3839 2535 habet,

2230 2571 2686 2644 quemadmodum
2722 2571 2831 2626 Deo
2861 2568 3146 2624 sublimior
3168 2577 3256 2623 est
3291 2565 3510 2635 nullus,
3540 2564 3635 2620 sed
3663 2563 3845 2619 omni-

2230 2664 2333 2721 bus
2360 2664 2689 2720 dominatur.
2721 2661 2915 2718 Mulier
2942 2674 3072 2717 vero
3096 2660 3266 2733 gloria
3293 2658 3394 2714 viri
3419 2666 3539 2726 est,
3568 2658 3692 2729 quia
3722 2656 3842 2711 viro

2232 2756 2473 2827 subjecta
2503 2764 2605 2812 est.
2635 2775 2654 2808 ι

2304 2849 2393 2904 79.
2430 2848 2693 2915 Imitatur,
2723 2856 2778 2903 et
2805 2856 3009 2902 tantum
3040 2860 3144 2901 non
3172 2853 3342 2901 totum
3375 2842 3638 2917 exscribit
3667 2841 3844 2914 Chry-

2233 2950 2531 2997 sostomum
2556 2939 2934 2996 Theodoretus
2976 2938 3051 3011 (ὁ)
3096 2937 3213 2993 haec
3231 2937 3470 2993 docens:
3500 2953 3520 2987 ‹
3546 2935 3719 2990 Homo
3758 2942 3847 2990 est

2234 3034 2332 3090 Dei
2364 3035 2576 3105 imago,
2609 3047 2783 3103 neque
2820 3030 2997 3113 quoad
3035 3046 3268 3115 corpus,
3305 3044 3480 3100 neque
3510 3026 3689 3099 quoad
3719 3027 3843 3081 ani-

448 3138 451 3143 '
521 3129 741 3186 demum
778 3137 1027 3187 asseres,
1071 3136 1194 3177 etim
1235 3118 1471 3189 aliquam
1509 3129 1580 3171 ex
1622 3119 1779 3168 antea
1835 3105 2119 3179 explicatis
2151 3128 2198 3193 ο
2231 3146 2412 3195 mam,
2463 3129 2559 3185 sed
2603 3136 2808 3185 tantum
2835 3105 2982 3199 ’ψοά
3026 3108 3221 3199 mila
3258 3123 3329 3197 ad
3368 3122 3732 3197 principum
3789 3128 3846 3176 et

523 3219 870 3292 Opinionibus
910 3212 1281 3286 amplecteris.
1327 3210 1430 3278 Qui
1478 3207 1622 3263 enim
1671 3207 1724 3260 in
1773 3201 1963 3272 spiritu
2003 3214 2125 3256 eam

522 3312 811 3383 imaginem
842 3308 1146 3371 collocant,
1194 3305 1250 3359 in
1282 3303 1476 3357 animae
1505 3297 1809 3355 substantia
1838 3295 2128 3351 collocant.

525 3404 628 3474 Qui
656 3404 711 3459 in
741 3400 1021 3456 intellectu
1041 3440 1055 3465 ,
1081 3397 1354 3453 voluntate
1371 3436 1385 3458 ,
1412 3393 1664 3447 libertate
1682 3432 1697 3455 ,
1723 3387 1951 3458 aliisque
1975 3386 2134 3454 hujus

527 3496 670 3553 modi
688 3538 705 3565 ,
728 3497 785 3550 in
802 3492 1061 3566 potentii‘s
1082 3494 1307 3559 ponunt.
1329 3486 1433 3554 Qui
1455 3498 1584 3538 vero
1605 3483 1658 3537 in
1683 3480 1878 3535 eximia
1899 3475 2135 3532 hominis

524 3587 895 3662 perfectione,
927 3593 982 3641 et
1006 3580 1327 3639 excellentia
1348 3622 1363 3646 ,
1398 3586 1560 3646 atque
1597 3574 1652 3628 ίιι
1683 3570 1921 3627 dominio
1944 3612 1958 3636 ,
1989 3566 2135 3639 quod

527 3697 690 3752 supra
718 3687 995 3736 creaturas
1022 3682 1281 3741 exercet,
1313 3670 1543 3741 aliisque
1571 3666 1821 3722 affinibus
1847 3664 2006 3719 sitam
2036 3677 2135 3718 vo—

527 3775 647 3828 lunt
668 3813 684 3839 ,
732 3771 837 3825 alia
869 3769 1071 3825 addant
1111 3779 1337 3822 necesse
1365 3772 1448 3818 est
1468 3804 1483 3826 ,
1514 3759 1729 3815 tametsi
1761 3758 1814 3812 in
1844 3759 2022 3813 anima
2050 3754 2131 3826 (si

531 3865 680 3934 loqui
724 3864 796 3917 ita
835 3858 1124 3928 volumus)
1174 3857 1566 3927 fundamentum
1615 3850 1874 3915 habeant,
1923 3857 2007 3912 et,
2056 3845 2133 3901 uti

529 3952 841 4014 scholastici
866 3950 979 4007 iere
1002 3950 1197 4013 aiunt,
1256 3944 1604 4000 adhesiouem
1647 3952 1702 3997 et
1727 3939 2045 4015 subiectum.‘
2065 3939 2135 3995 Et

528 4048 599 4106 de
627 4063 687 4103 ιιι
713 4043 1011 4117 quaestione
1038 4040 1320 4095 hactenus.

604 4142 694 4198 76.
718 4138 873 4209 wind
901 4138 1079 4205 itaque
1107 4133 1174 4189 ad
1219 4137 1463 4204 quartam
1490 4127 1712 4194 attinet,
1744 4123 2046 4182 desumitur
2066 4125 2137 4180 il-

532 4236 638 4293 lius
655 4233 855 4290 solutio
876 4244 904 4284 a
924 4227 1197 4284 solutione
1217 4225 1426 4295 primas,
1445 4235 1509 4278 ac
1528 4218 1777 4276 secundae
1798 4218 2131 4288 quaestionis,

530 4329 627 4388 sed
651 4324 902 4384 secundae
923 4322 1239 4394 praisertim.
1273 4317 1483 4374 Etenim
1508 4316 1553 4370 si
1576 4315 1630 4369 in
1646 4313 1823 4369 anima
1844 4352 1860 4377 ,
1886 4312 2134 4382 illiusque

535 4418 790 4492 potentiis
811 4457 828 4482 ,
866 4429 931 4471 ac
963 4410 1345 4481 qualitatibus,
1374 4416 1465 4463 aut
1485 4449 1499 4473 ,
1528 4406 1575 4461 si
1606 4406 1718 4469 vis,
1751 4404 1807 4460 in
1846 4402 2132 4458 virtutibus

2182 3282 2189 3291 ,
2234 3224 2525 3293 imperium
2551 3238 2563 3274 :
2596 3231 2655 3275 ut
2684 3219 2772 3276 cui
2800 3234 2931 3291 ergo
2957 3217 3200 3274 omnium
3222 3258 3238 3284 ,
3268 3231 3394 3285 qua
3418 3224 3549 3276 sum
3576 3214 3629 3268 in
3662 3222 3807 3269 terra
3826 3254 3842 3278 ,

2238 3316 2526 3387 imperium
2555 3324 2641 3371 est
2667 3313 2972 3380 creditum,
3002 3311 3099 3371 Dei
3139 3311 3319 3381 imago
3354 3306 3686 3380 appellatur.
3727 3303 3850 3365 Im

2238 3408 2341 3469 lier
2366 3416 2544 3465 autem
2576 3415 2637 3464 ut
2660 3422 2779 3478 qua:
2804 3407 2876 3465 sit
2902 3407 2955 3461 in
2986 3412 3256 3476 potestate
3285 3403 3424 3467 viri,
3450 3408 3544 3463 est
3723 3398 3848 3469 glo-

2239 3503 2322 3558 ria
2362 3509 2418 3558 et
2466 3500 2614 3557 velut
2656 3501 2833 3570 imago
2874 3498 3156 3570 imaginis:
3198 3510 3323 3553 nam
3364 3495 3480 3566 ipsa
3520 3492 3689 3559 etiam
3722 3491 3846 3562 nli’p

2241 3596 2511 3666 imperat:
2543 3593 2639 3655 sed
2671 3593 2786 3649 viro
2816 3592 3059 3662 subjecta
3084 3605 3211 3651 esse
3230 3630 3247 3656 ,
3276 3596 3335 3651 et
3368 3588 3419 3647 ei
3458 3600 3660 3659 pater:
3691 3585 3840 3655 iussa

2241 3695 2345 3743 est.
2375 3705 2396 3743 ι
2424 3684 2626 3742 Deinde
2672 3684 2838 3745 aliam
2884 3685 3150 3745 rationem
3189 3680 3460 3752 adjunzit.
3512 3689 3576 3742 ω
3617 3678 3849 3748 NW

2245 3778 2570 3853 praestantiae
2598 3779 2877 3837 {minam
2929 3787 3172 3835 exortem
3222 3775 3417 3835 iaciat:
3472 3770 3642 3831 sNon
3698 3770 3844 3831 ω

2240 3874 2360 3937 vir,
2407 3871 2615 3942 inquit,
2672 3888 2735 3928 ex
2766 3870 2997 3929 muliere
3035 3876 3153 3937 est,
3211 3866 3307 3929 sed
3354 3863 3555 3925 mulier
3591 3878 3664 3921 ea
3708 3864 3844 3921 vim.

2242 3964 2387 4035 Ergo
2427 3963 2588 4019 etiam
2619 3951 2829 4018 ratione
2856 3962 3146 4018 creationis
3174 3960 3276 4015 viri
3307 3960 3512 4031 printas
3542 3963 3724 4029 partes
3751 3954 3844 4017 ob—

2242 4059 2438 4114 tinent.
2489 4055 2700 4113 Etenim
2726 4072 2837 4112 non
2860 4064 2946 4111 est
2964 4064 3177 4111 creatus
3200 4054 3280 4109 vir
3301 4061 3522 4123 propter
3538 4048 3843 4121 mulierem.

2242 4149 2337 4206 sed
2362 4149 2555 4204 mulier
2579 4156 2799 4218 propter
2817 4149 3014 4207 virum.
3038 4147 3156 4207 Hoc
3174 4146 3336 4203 etiam
3358 4143 3561 4207 liuth
3577 4141 3645 4203 ad
3668 4148 3849 4201 estel-

2241 4241 2477 4296 dendum
2498 4282 2513 4308 ,
2542 4241 2717 4299 virum
2755 4240 2879 4311 jure
2904 4241 3261 4311 principatum
3290 4247 3519 4295 tenere:
3562 4251 3672 4293 non
3701 4234 3841 4289 enim

2242 4332 2331 4388 hic
2360 4342 2578 4402 propter
2608 4330 2753 4385 illius
2780 4346 2933 4385 usum
2956 4372 2972 4397 ,
3003 4330 3098 4386 sed
3126 4332 3240 4402 ipsa
3271 4338 3495 4402 propter
3533 4326 3653 4399 ejus
3692 4338 3845 4379 usum

2244 4429 2507 4500 producta
2531 4438 2632 4483 est.
2649 4447 2669 4481 ι
2693 4427 2894 4483 Eadem
2918 4428 3214 4497 tradiderat
3240 4423 3543 4496 qumsuione
3572 4438 3645 4479 xx
3672 4422 3723 4476 iu
3745 4420 3850 4476 Ge-

533 4514 787 4578 θοηθθδθν
808 4509 926 4579 quis
946 4506 1014 4562 ab
1034 4520 1097 4561 ea
1120 4503 1381 4573 (“male
1405 4502 1648 4557 Immin”
1668 4498 2136 4559 arceanmimus
2161 4512 2216 4575 Ι)
2246 4498 2422 4578 nesim
2455 4524 2472 4591 (
2497 4523 2550 4575 in
2579 4520 2734 4575 veteri
2763 4519 2984 4575 editione
3004 4562 3018 4587 ,
3048 4521 3321 4591 interprete
3343 4514 3551 4591 Joanne
3577 4512 3750 4584 Pico).
3784 4512 3849 4568 Et

534 4606 723 4663 Avitus
758 4601 1006 4659 heminas
1051 4598 1275 4668 hujusce
1313 4594 1649 4650 excellentia:
1688 4600 1966 4661 compotes
2008 4608 2133 4662 pro-

536 4698 678 4754 fecto
702 4695 828 4750 facit
843 4736 857 4759 ,
880 4707 1002 4749 cum
1026 4690 1143 4748 hac
1165 4689 1238 4745 ait
1264 4687 1367 4761 (Ad
1388 4685 1671 4741 Fuscinam
1692 4701 1918 4740 sororem
1943 4683 2033 4739 lib.
2056 4686 2093 4754 ι)
2118 4703 2132 4741 :

629 4810 756 4863 Ecce
777 4809 918 4859 vides
937 4780 1061 4856 sexu
1084 4811 1135 4853 ut
1155 4811 1323 4853 careat
1342 4800 1559 4851 caelestis
1580 4802 1765 4863 imago,

628 4868 841 4921 Interior
865 4870 1066 4919 sortitus
1085 4866 1230 4914 homo
1249 4877 1392 4926 quam
1409 4871 1579 4912 mente
1601 4866 1842 4923 retentat,

632 4934 740 4984 Nec
762 4945 941 4983 sexum
961 4935 1200 4991 acceptat.

608 5040 699 5095 77.
719 5038 914 5094 Marius
937 5036 1061 5090 item
1078 5033 1261 5087 Victor
1282 5028 1527 5087 heminas
1546 5027 1787 5099 ejusdem
1807 5030 2137 5101 praestantiae

537 5133 829 5205 participes
868 5128 1078 5191 videtur
1106 5124 1283 5181 facere
1306 5166 1320 5191 ,
1352 5138 1472 5177 cum
1506 5122 1673 5179 Deum
1717 5120 1833 5178 haec
1869 5124 2135 5195 eloquen-

538 5236 645 5281 tem
678 5222 880 5296 inducit
904 5219 1018 5295 (lilr.
1048 5234 1067 5277 ι
1094 5219 1148 5285 in
1175 5212 1479 5287 Genesimﬁ:
2067 5218 2071 5226 λ

633 5337 777 5387 Nunc
796 5334 1048 5384 hominem
1072 5329 1319 5390 faciamus,
1348 5327 1436 5387 ait,
1460 5326 1544 5388 qui
1567 5330 1752 5389 regnet
1772 5327 1822 5379 in
1846 5326 1991 5390 orbe,

635 5399 696 5448 Et
719 5400 782 5447 sit
804 5393 1087 5459 imagoDei
1109 5405 1121 5440 :
1145 5389 1356 5459 similem
1374 5389 1522 5459 decet
1541 5400 1655 5459 esse
1677 5390 1866 5459 meanti
1879 5426 1896 5451 ,

635 5460 785 5510 Liber
808 5457 868 5506 ad
889 5450 1144 5507 arbitrium
1169 5451 1343 5503 lruitur
1365 5451 1449 5513 qui
1473 5457 1641 5500 mente
1665 5450 1865 5500 creatis.

618 5609 695 5679 (a)
722 5604 1048 5679 Sermon._ll
1074 5604 1129 5658 in
1154 5602 1387 5679 (genesim
1412 5617 1467 5656 ιι.
1490 5600 1557 5666 2,
1587 5613 1711 5671 pag.
1741 5598 1848 5657 653
1892 5599 2046 5658 Tomi
2074 5616 2133 5659 IV

541 5675 794 5733 editionis
831 5675 1231 5732 Montl'auconii.

614 5746 689 5819 (b)
719 5748 779 5835 lu
802 5748 1141 5809 Commenta.
1166 5745 1220 5801 in
1265 5743 1475 5815 Episto.
1503 5742 1658 5802 Pauli
1694 5741 1722 5799 l
1743 5741 1814 5813 ad
1842 5742 1970 5802 Cor.
2000 5757 2124 5817 cap.

2240 4613 2314 4671 de
2343 4613 2553 4670 duabus
2584 4613 2668 4669 his
2695 4612 3087 4686 qumstionihus
3116 4614 3269 4666 satis.

2716 4746 3040 4817 ρυιΕδΤιο
3059 4743 3342 4815 ΩΗΙΝΤΔρ

2352 4872 2436 4927 An
2465 4844 2696 4943 Angelus
2721 4871 2789 4924 ad
2814 4866 3206 4923 similitudinem
3242 4872 3290 4919 et
3314 4840 3599 4935 imaginem
3626 4858 3724 4917 Dei

2906 4960 3076 5031 {actus
3113 4959 3201 5014 sit.

2318 5079 2409 5137 80.
2435 5078 2603 5149 Hujus
2624 5094 2836 5150 quoque
2860 5073 3171 5148 quazstiouis
3193 5071 3391 5128 solutio
3411 5085 3442 5125 a
3467 5068 3487 5125 1
3518 5075 3576 5126 et
3593 5067 3639 5126 11
3676 5082 3846 5139 quaes-

2248 5169 2413 5224 tionis
2491 5184 2555 5225 ac
2599 5169 2849 5224 secunda:
2894 5165 3190 5237 praesertim
3235 5161 3509 5217 solutione
3553 5159 3841 5215 derivatur.

2250 5261 2312 5319 Si
2341 5265 2483 5319 enim
2517 5262 2926 5319 similitudinem
2996 5267 3051 5315 et
3080 5258 3366 5328 imaginem
3396 5255 3450 5310 in
3480 5254 3668 5326 gratiae
3694 5251 3847 5307 donis

2250 5354 2521 5422 colloces,
2569 5355 2688 5426 quis
2728 5353 2797 5409 ad
2840 5334 3246 5409 similitudinem
3301 5357 3357 5418 et
3403 5336 3698 5418 imaginem
3750 5340 3845 5397 Dei

2250 5447 2423 5504 factos
2450 5464 2572 5506 esse
2604 5449 2838 5520 Angelos
2867 5454 3060 5519 neget,
3093 5459 3215 5499 cum
3246 5441 3303 5497 hi
3334 5440 3388 5496 in
3428 5441 3545 5529 ipsa
3577 5435 3847 5509 creatione

2245 5618 2355 5687 xi,
2380 5607 2448 5661 ad
2492 5607 2654 5687 verba
2692 5607 2817 5687 illa:
2994 5620 3098 5687 non
3134 5603 3280 5687 debet
3316 5601 3489 5659 uelare
3515 5612 3674 5675 caput
3699 5618 3847 5658 suam

2243 5676 2579 5748 (interprete
2609 5678 2877 5735 Gentiano
2901 5677 3139 5751 lierveto
3159 5676 3197 5747 ).
