1989 3098
70 128 118 158 877

504 125 528 154 ,1.
544 126 575 154 C.
591 122 786 155 TROMBELLI
809 126 841 155 Ibi
855 125 933 160 SEO.
948 125 1051 155 SERM.
1068 123 1264 155 PBIEFATIO.

1657 129 1711 158 878

69 182 209 213 uberrimis
229 182 461 218 amplissimisque
482 184 576 219 gratia:
588 184 667 214 donis
687 184 765 213 dilati
785 184 858 212 sint:
876 186 899 217 Α
948 184 993 212 8i.
1009 184 1043 211 At
1057 184 1079 211 si
1095 184 1135 212 rel
1151 184 1177 211 in
1193 191 1223 211 ea
1238 182 1422 219 perfectione,
1438 187 1466 211 et
1479 184 1640 213 excellentia
1655 187 1712 214 col-

70 234 95 257 et
107 236 136 256 ea
150 228 184 258 de
198 236 279 256 causa
310 228 374 256 Filii
387 228 436 257 Dei
447 230 573 264 appellati
590 230 650 266 (a)?
664 231 704 258 Ad
719 231 861 267 imaginem

74 275 118 303 Dei
132 276 233 311 pariter
249 276 335 311 factos
349 276 441 308 dices,
458 276 480 304 si
497 277 640 313 imaginem
655 277 682 305 in
698 278 793 313 spiritu
804 299 812 311 ,
829 278 862 305 il-

71 322 169 357 liusque
189 323 336 357 polentiis,
352 330 384 350 ac
397 323 560 353 sublimibus
578 325 752 359 qualitatibus
765 332 861 360 pones.

71 368 131 402 Nam
146 368 204 402 lucc
219 368 312 405 procul
328 368 409 396 dubio
425 376 478 397 non
499 369 581 399 modo
603 371 628 398 in
649 370 761 406 Angelis
781 375 845 398 sunt
856 389 864 403 ,

72 421 156 442 rerum
171 414 254 442 etiam
271 415 296 442 in
318 414 361 442 his
375 415 513 443 excellunt
523 437 530 448 ,
545 421 572 444 et
587 421 725 452 praesan
748 417 819 451 Hac,
837 422 865 444 ut

72 460 190 493 arbitror,
211 460 245 487 de
260 468 340 491 causa
355 469 410 489 non
424 461 506 490 modo
520 463 652 498 Angelum
667 463 700 490 ad
721 463 864 498 imaginem

74 505 115 533 Dei
128 505 236 538 factum,
248 513 341 533 verum
354 507 433 534 etiam
446 507 752 542 excellentioriquadam
762 509 868 537 ratione

72 551 102 579 ad
112 551 230 581 eamdem
243 551 387 586 imaginem
397 553 494 580 factum
506 552 584 580 docet
593 552 865 590 GregoriusMagnus,

74 597 142 634 cuius
154 598 233 631 verba
246 597 349 631 referre
359 598 403 626 bic
417 599 507 633 placet
517 599 575 635 (lib.
599 590 686 632 xxxn'
699 598 794 631 Mornl.
807 608 865 636 σιιρ.

75 643 103 674 18
113 643 133 679 ).
148 644 256 678 Scilicet
271 643 304 671 ad
320 644 456 672 diabolum
473 644 593 673 referens
606 645 676 680 quod
693 645 817 673 Ezechiel
833 645 869 673 de

74 698 130 725 rege
144 690 224 726 Tyrio
237 691 293 718 ait:
309 690 346 717 Tu
361 691 522 727 signaculum
536 691 713 719 similitudinis
727 691 793 726 Det",
810 691 868 719 haec

78 737 178 773 subiicit
189 745 195 763 ε
206 746 217 768 ,ι
233 737 274 764 De
282 737 370 773 sigillo
382 738 482 773 quippe
494 738 566 765 anuli
575 738 634 765 talis
642 738 789 767 similitudo
803 739 869 769 ima-

74 783 190 818 giualiter
200 784 372 819 exprimitur.
384 784 472 819 qualis
487 784 514 811 in
529 785 617 820 sigillo
632 785 727 813 eodem
739 786 867 813 essentia-

912 231 1000 264 locas,
1016 239 1095 267 quatn
1111 239 1224 259 numero
1236 230 1288 264 46,
1302 234 1330 258 et
1342 230 1568 266 subsequentibus
1580 233 1710 267 exposui,

911 277 953 304 vel
965 285 1094 311 expresse
1105 277 1131 304 in
1142 277 1262 304 dominio
1271 284 1351 311 supra
1364 282 1476 304 cieteras
1489 282 1637 311 creaturas,
1651 285 1712 313 pro-

913 324 955 351 cul
969 323 1051 351 dubio
1065 323 1100 350 ab
1115 323 1226 358 Angelis
1240 330 1270 350 ea
1286 322 1403 350 arcenda
1418 327 1458 350 est
1468 342 1475 354 ,
1493 322 1607 358 ideoque
1624 323 1712 359 imago

914 368 960 396 Dei
973 389 979 401 ,
995 368 1028 396 de
1043 376 1094 403 qua
1107 368 1222 403 agimus.

949 414 1022 443 Sane
1036 415 1223 442 Tlteodoretus
1237 414 1343 450 (quam.
1360 422 1399 442 xx
1412 415 1438 442 in
1451 414 1534 450 Gen.)
1550 415 1576 442 in
1591 422 1625 443 eo
1640 419 1714 445 totus

915 466 970 494 est,
987 467 1016 490 ut
1029 470 1089 489 eam
1105 462 1249 497 imaginem
1269 462 1303 489 ab
1323 461 1435 497 Angelis
1449 467 1558 495 arceat,
1570 466 1598 489 et
1613 462 1639 489 in
1652 462 1715 495 solo

916 508 1025 536 homine
1038 500 1138 536 statuat
1161 508 1200 536 Ad
1212 516 1292 545 quem
1307 509 1413 543 quidem
1427 510 1506 544 linem
1517 516 1577 546 cum
1592 509 1658 537 alias
1672 516 1715 540 ra-

918 556 1003 587 liones
1014 556 1119 590 all'erat,
1133 561 1187 583 tottt
1201 556 1269 585 hanc
1280 563 1357 590 sane,
1374 554 1445 600 quod
1460 555 1580 590 Angelus
1594 556 1620 585 in
1634 563 1715 584 crea-

919 608 955 630 tut
962 610 991 630 as
998 603 1115 637 reliquas
1125 603 1225 630 nullam
1235 606 1344 630 exercet
1353 606 1524 637 potestatem,
1534 608 1615 636 quam
1626 605 1715 630 tamen

918 648 1061 676 maximam
1077 654 1187 677 exercet
1201 650 1292 676 homo.
1308 648 1359 675 Sed
1376 647 1432 684 ipsa
1452 647 1616 678 Theodoreti
1638 648 1719 685 verba

919 694 1020 724 referre
1035 699 1146 731 praestat
1156 716 1163 728 ,
1180 703 1212 723 ex
1227 695 1325 730 quibus
1338 694 1441 728 scilicet
1454 702 1484 723 ea
1494 716 1502 729 ,
1516 702 1576 730 qua:
1589 694 1718 728 diximus,

918 742 1002 772 lector
1024 750 1071 777 per
1090 750 1120 771 se
1136 743 1277 778 percipiat,
1290 751 1299 771 ι
1313 742 1428 776 Quidam
1448 742 1483 770 ad
1505 741 1648 777 imaginem
1669 741 1718 770 Dei

921 788 1057 816 hominem
1071 793 1192 816 creatum
1207 795 1268 816 csse
1280 788 1445 825 arbitrantur
1460 788 1608 815 secuttdum
1625 791 1720 824 poten-

75 830 131 858 litcr
142 830 265 858 habetur.
277 830 310 858 Et
320 831 382 858 licet
394 832 475 858 Itonto
484 831 518 858 ad
529 831 573 858 Dei
583 831 783 860 similitudinem
795 840 872 860 crea-
922 836 985 863 tiam
1000 836 1097 862 anima:
1112 834 1273 872 invisibilem
1284 855 1292 868 ,
1310 842 1362 861 non
1384 833 1584 872 ititelligcntcs,
1605 826 1677 868 quod
1693 837 1721 860 et

75 881 112 904 lus
125 877 173 912 sit,
188 877 293 913 Angelo
310 883 397 905 tattten
409 879 485 913 quasi
501 878 587 913 majus
601 878 709 914 aliquod
730 879 851 907 tribuens
861 899 869 913 ,
886 880 910 910 B
923 880 1042 915 Angelus
1058 879 1200 909 invisibilis
1214 885 1273 912 est,
1288 880 1358 916 sicut
1370 884 1397 907 ct
1410 880 1518 912 ὓςιεωμιι
1530 899 1536 906 .
1550 900 1556 906 .
1568 898 1574 911 ,
1587 897 1595 905 .
1607 878 1686 913 Quod
1699 879 1722 909 si

75 931 122 951 nou
135 932 195 951 eunt
209 923 242 952 ad
257 923 462 953 similitudinem
479 924 525 953 Dei
540 924 678 953 conditum
691 946 698 957 ,
715 924 762 953 sed
779 925 867 960 ipsum

922 927 997 954 solus
1019 927 1100 953 homo
1122 934 1155 954 ex
1175 927 1300 953 omnibus
1323 927 1455 953 creaturis
1477 927 1565 961 imago
1589 926 1638 953 Dei
1657 930 1719 958 est,

75 970 230 1005 signactdum
253 969 302 997 Dei
324 969 509 997 similitudinis
527 970 599 1003 dici,
623 974 653 997 ut
673 977 727 1005 quo
746 971 872 998 subtilior
923 973 1089 1009 peculiarem
1111 972 1254 1008 quamdam
1274 974 1407 1010 rationem
1429 973 1542 1013 hujusce
1562 972 1723 1009 denomina-

76 1021 110 1043 est
123 1020 214 1043 natura
226 1036 233 1049 ,
249 1022 285 1043 eo
299 1016 326 1044 itt
343 1016 390 1043 illo
404 1016 551 1052 similitudo
566 1016 612 1044 Dei
628 1016 732 1054 plenius
747 1017 872 1045 credatur
923 1020 1003 1048 tionis
1020 1024 1127 1054 oportet
1142 1027 1221 1051 esse,
1238 1025 1291 1046 etc.
1306 1029 1315 1044 ν

80 1070 209 1098 expressa.
228 1071 238 1088 ι

106 1128 142 1165 (a)
158 1128 269 1156 Factum
289 1134 324 1156 est
345 1134 448 1161 autem,
470 1137 528 1156 cum
548 1129 659 1163 quadam
679 1129 721 1156 die
739 1129 864 1157 venissent

77 1164 119 1202 ﬁlii
134 1165 194 1198 Dei,
216 1170 239 1192 et
263 1171 360 1193 starent
381 1173 467 1202 coram
490 1165 610 1192 Domino.
631 1164 693 1193 Job.
709 1173 744 1199 tt,
763 1166 787 1192 l.
802 1165 865 1193 Cum

74 1201 202 1236 jubtla‘rent
217 1206 290 1227 nstra
303 1200 443 1236 matutina,
461 1206 483 1232 et
498 1208 537 1227 me
556 1201 691 1228 laudarent
712 1209 798 1228 omnes
818 1201 867 1236 ﬁlii

77 1235 128 1263 Del.
144 1234 203 1264 iob.
221 1244 325 1265 xxxvnt
339 1257 345 1268 ,
362 1237 388 1263 7.
406 1235 446 1264 Ad
468 1236 525 1263 haec
537 1256 544 1268 ,
566 1236 663 1263 Paulus
684 1237 740 1263 lucc
763 1234 866 1269 scribit,

77 1271 85 1298 l
103 1272 160 1304 Cor.
180 1280 244 1306 vin,
262 1273 297 1300 5:
316 1271 386 1298 Nam
400 1272 446 1298 etsi
460 1277 531 1304 sunt,
542 1272 585 1306 qui
605 1271 724 1299 dicantur
736 1272 786 1306 ﬁlii
800 1270 849 1299 Dei
860 1293 867 1305 ,

76 1307 158 1342 sitteth
172 1309 249 1341 caelo,
267 1308 319 1335 ante
334 1310 359 1334 in
376 1312 462 1334 terra:
483 1315 536 1341 quo
557 1308 664 1341 quidem
684 1307 711 1342 iu
734 1311 793 1335 loco
814 1310 868 1335 An-

76 1344 142 1379 gelos
153 1344 268 1371 iunuere
280 1343 397 1371 videtur.
409 1343 459 1377 Qui
473 1344 543 1371 enitn
556 1349 618 1371 sunt
631 1343 679 1376 ﬁlti
693 1341 742 1370 Dei
753 1343 779 1370 iit
795 1344 869 1377 caelo,

546 1421 724 1428 ..ηρ-

406 1479 634 1520 'JOANNIS
663 1478 1067 1523 CHRYSOSTOMI
1091 1477 1408 1514 TBOMBELLI

727 1420 923 1428 —_—.

960 1067 1046 1100 Atque
1064 1066 1105 1092 ltic
1121 1064 1152 1091 lll
1169 1066 1351 1092 dis>crtati0ni
1368 1066 1429 1093 linis
1444 1066 1488 1092 sit.

919 1131 940 1157 si
958 1130 1051 1164 Angeli
1067 1138 1118 1156 non
1133 1131 1217 1157 sntit?
1241 1130 1341 1157 Tamen
1365 1132 1425 1164 quia
1441 1131 1501 1158 Jobi
1524 1132 1583 1159 loca
1607 1132 1685 1159 aliter
1709 1139 1724 1158 a

920 1167 1055 1194 nonnullis
1082 1172 1231 1198 vertuntur,
1256 1171 1282 1192 et
1308 1166 1380 1193 Pauli
1395 1167 1470 1193 locus
1486 1168 1570 1201 accipi
1585 1175 1662 1194 secus
1677 1176 1724 1201 po-

920 1207 989 1231 test.
1009 1202 1103 1237 tnirtntt
1121 1210 1172 1228 non
1190 1207 1228 1228 est
1241 1222 1247 1231 ,
1264 1202 1285 1227 si
1300 1201 1510 1235 Chrysostotnus
1523 1204 1610 1237 pilam
1627 1209 1704 1236 neget
1717 1224 1724 1234 ,

921 1238 988 1270 ﬁlios
1006 1236 1055 1264 Dei
1071 1238 1189 1271 Angelos
1205 1238 1350 1270 aliquando
1365 1238 1504 1270 appellati.
1524 1236 1653 1264 illomines
1668 1239 1725 1271 qui-

923 1273 999 1305 (ιο-ιιι,
1027 1274 1112 1305 inquit
1128 1273 1182 1304 Ill“,
1216 1273 1264 1306 ﬁlii
1285 1272 1332 1298 Dei
1353 1273 1414 1298 dicti
1434 1278 1509 1305 sunt,
1531 1273 1622 1308 Ληρειὶ
1642 1279 1727 1300 autent

923 1317 1062 1341 nunt/nam.
1091 1309 1189 1335 llotnil.
1215 1316 1269 1335 xxtt
1299 1309 1323 1334 lll
1347 1308 1447 1336 Gettes.
1482 1317 1509 1335 n.
1532 1309 1564 1341 ‘2,
1582 1317 1641 1343 pag.
1672 1309 1724 1336 «195

922 1344 1000 1371 Tomi
1017 1352 1042 1371 iv
1058 1343 1186 1371 editionis
1203 1344 1384 1371 Montl'aucmt.

928 1416 1098 1427 -ιι-

1429 1417 1714 1430 ’—_-—.

291 1565 352 1607 IN
391 1565 756 1626 SEQUENTEM
807 1566 1138 1616 SERMONEM
1178 1564 1500 1620 PREFATIQ.

108 1706 225 1743 Reliquis
254 1707 430 1739 humanitatis
463 1715 494 1737 ac
532 1707 728 1736 benevolentia:
753 1705 867 1740 ofﬁciis,
883 1705 906 1738 C
921 1706 1056 1734 clamante
1071 1707 1172 1735 scilicet
1197 1708 1333 1736 locutione
1353 1708 1421 1744 ipsa,
1452 1709 1486 1737 ab
1499 1716 1529 1737 ea
1551 1717 1630 1748 quam
1647 1710 1722 1740 Hila-

77 1755 165 1788 quibus
193 1754 250 1782 RR.
279 1755 331 1782 PP.
349 1755 404 1782 DD.
419 1755 537 1782 Joannes
553 1755 716 1782 Gualbertus
744 1753 870 1786 Beccari,

76 1806 101 1828 et
123 1801 261 1838 Philippus
284 1809 299 1828 a
322 1801 427 1835 Turre,
453 1801 623 1831 Cassinensis
649 1799 870 1836 Congregationis

76 1842 224 1882 amplissimi
240 1847 386 1881 Praesules,
404 1855 447 1875 me
461 1847 532 1883 apud
548 1855 596 1875 eos
612 1847 756 1875 Florentia:
769 1847 870 1882 degen-

77 1898 124 1922 tetn
140 1895 323 1930 cumularunt,
341 1895 393 1923 hoc
408 1896 489 1927 etiam
513 1895 575 1924 addi
601 1895 721 1927 volucre,
748 1900 786 1928 ut,
807 1903 868 1922 cum

76 1941 168 1969 scirent
181 1950 224 1970 me
239 1942 341 1969 inedita
364 1942 472 1969 Patrum
487 1942 584 1976 scripta
604 1942 770 1977 perquirere,
787 1946 815 1968 ut
837 1949 867 1969 ea

76 1987 270 2023 pervulgarem,
291 1987 450 2015 Sermonent
472 1988 497 2014 in
511 1987 608 2015 Codice
621 1988 818 2022 complectente
838 1987 866 2015 S.

77 2031 162 2060 Hilarii
175 2033 353 2061 Pictaviensis
366 2033 453 2067 Opera
469 2033 556 2061 eidem
572 2033 673 2061 Hilario
689 2034 829 2067 tributum,
843 2034 868 2061 in

76 2078 243 2118 celeberrima
259 2081 304 2117 Qui
315 2079 471 2117 Μηιιιςιδιεζίὶ
488 2080 652 2117 Bibliotheca
671 2080 822 2117 inretitum,
835 2080 869 2108 ad

76 2132 115 2152 me
125 2120 262 2154 mitterent
275 2126 477 2161 diligentissime
490 2127 655 2162 exscriptutn
673 2135 752 2153 manu
767 2126 867 2154 doctis-

76 2172 131 2199 simi
144 2173 229 2201 Patris
242 2174 275 2200 l).
288 2173 361 2201 Petri
373 2174 475 2210 Aloysii
484 2173 594 2202 Galletti
606 2174 786 2209 Philosophiae
801 2174 868 2202 Lec-

77 2219 146 2250 toris,
162 2225 190 2247 et
203 2219 238 2247 de
253 2220 337 2247 veteri
349 2220 509 2251 litteratura,
520 2221 561 2247 ctti
573 2228 679 2248 suntme
691 2220 778 2248 studio
787 2220 868 2248 etiam

77 2264 218 2301 incumbit,
235 2265 364 2301 praeclare
379 2265 479 2293 mcriti.
501 2266 568 2299 Novi
582 2268 684 2300 statim,
698 2266 798 2294 Hilario
810 2267 869 2295 Pic-

76 2312 180 2339 taviensi
196 2312 312 2339 adscribi
327 2313 485 2340 Sermonem
502 2313 572 2348 hunc
588 2312 698 2348 tninitnc
714 2320 811 2349 passo,
826 2320 870 2341 rev

922 1753 978 1781 rius
993 1753 1169 1782 Pictaviensis
1183 1755 1363 1790 persequitur,
1380 1755 1457 1786 valde
1478 1760 1592 1785 remota.
1615 1757 1650 1795 At
1661 1758 1720 1793 cui-

923 1808 984 1828 nam
998 1800 1192 1834 adscriberent,
1210 1802 1375 1836 ignorabam.
1394 1802 1478 1831 Porro
1496 1802 1559 1830 dum
1575 1802 1721 1831 Contiona-

923 1846 1015 1872 toriam
1024 1845 1169 1881 Combe/itii
1179 1845 1365 1876 Bibliotltecam
1376 1847 1409 1874 ad
1423 1855 1486 1875 eum
1500 1848 1581 1875 linetn
1599 1849 1721 1883 revolvo,

923 1898 951 1920 ut
966 1894 1118 1928 pcrquiram
1148 1901 1212 1920 num
1227 1893 1251 1920 is
1271 1894 1366 1921 Sermo
1380 1894 1522 1930 evulgatus
1537 1895 1585 1928 sit,
1602 1903 1635 1922 an
1656 1903 1721 1929 non,

921 1940 1059 1977 comperio
1075 1940 1227 1975 evulgatum
1241 1948 1302 1967 eum
1316 1947 1377 1968 esse
1391 1941 1510 1975 quidem,
1534 1946 1561 1968 et
1579 1941 1659 1969 [ledae
1674 1942 1723 1970 ad-

923 1986 1052 2020 scriptum
1065 1986 1113 2023 (ᾳ),
1129 1986 1176 2014 sed
1192 1986 1290 2023 additis
1315 1987 1516 2021 imtnutatisque
1528 1988 1664 2015 nonnullis
1672 1995 1722 2023 pe-

921 2031 1019 2064 riodis;
1043 2033 1084 2059 vel
1109 2033 1211 2060 scilicet
1235 2036 1264 2059 ut
1278 2040 1369 2059 sermo
1392 2033 1645 2060 accommodaretur
1661 2034 1721 2061 loco

920 2079 960 2117 illi
987 2080 1137 2115 Evangelii,
1159 2079 1205 2114 qui
1229 2078 1317 2109 cidem
1342 2079 1467 2113 Sermoni
1495 2079 1520 2106 in
1545 2086 1576 2108 ea
1600 2079 1720 2108 editione

918 2126 1085 2161 praeponitur
1102 2124 1151 2160 (ὁ),
1166 2124 1209 2151 vel
1223 2129 1251 2151 ut
1267 2124 1377 2151 uberius
1400 2124 1535 2159 analogia,
1547 2131 1608 2159 quae
1622 2124 1717 2152 Judai-

918 2180 979 2200 cum
1003 2172 1074 2199 inter
1096 2171 1225 2204 templum
1246 2175 1273 2198 et
1294 2170 1476 2198 Christianam
1501 2170 1650 2199 Ecclesium
1678 2173 1719 2199 in-

918 2222 1012 2249 tereSI,
1028 2216 1177 2252 explicetur
1192 2224 1198 2242 :
1215 2223 1267 2250 qua
1281 2216 1389 2250 quidem
1400 2223 1430 2243 re
1443 2216 1564 2251 ejusdem
1579 2217 1718 2245 Sermonis

920 2263 1028 2300 puritati
1062 2270 1093 2290 ac
1112 2262 1246 2290 venustati
1269 2262 1392 2289 nonnihil
1418 2262 1521 2296 detrahi
1547 2262 1652 2291 videtur
1666 2262 1716 2299 (ε).

920 2311 987 2339 Eum
1010 2310 1111 2346 itaque,
1135 2314 1163 2336 ttt
1179 2308 1261 2336 habet
1284 2308 1467 2343 Florentinus,
1491 2316 1570 2344 quem
1584 2308 1716 2345 diximus,

106 2381 146 2416 lu)
166 2381 239 2411 Inter
253 2381 392 2409 :estivales
404 2380 484 2408 Βθιιιιι
499 2387 639 2409 sermones
654 2380 732 2416 (pag.
751 2380 801 2408 169
812 2380 865 2407 To-
879 2383 903 2412 ι)
916 2384 1021 2416 sumpta
1037 2385 1069 2416 ex
1083 2376 1176 2416 Matth.
1191 2384 1236 2416 vn.
1253 2376 1286 2403 17
1299 2385 1305 2402 :
1322 2376 1411 2403 Omnis
1425 2375 1503 2416 urbe:
1513 2376 1589 2416 bona,
1604 2381 1671 2416 elc..
1682 2382 1711 2404 et

76 2416 108 2450 nti
122 2425 155 2450 rit
171 2417 299 2451 editionis
320 2416 491 2445 Coloniensis
513 2416 578 2446 anni
603 2417 691 2449 1612)
708 2424 768 2443 eum
791 2416 865 2443 inve—

77 2451 140 2478 nies.
157 2452 192 2479 At
203 2452 342 2479 dubitatur
355 2460 370 2479 a
386 2454 488 2483 tnttltis,
505 2460 567 2479 nutn
583 2459 688 2483 omnee,
703 2452 747 2486 qui
765 2452 790 2478 itt
816 2452 865 2478 hac

76 2486 188 2514 editione
205 2487 284 2515 Bede
297 2488 451 2515 tribttuntur
464 2487 621 2520 Sermones,
638 2495 652 2514 a
669 2487 739 2514 Beda
751 2494 864 2520 compo-

77 2522 116 2549 siti
134 2524 206 2555 sint;
223 2530 317 2550 eorum
339 2525 411 2550 enim
427 2523 549 2550 nonnulli
571 2523 652 2550 alium
671 2523 794 2550 videntur
817 2523 866 2549 ba-

76 2556 161 2592 buisse
174 2562 324 2592 auctorem.

111 2591 147 2629 (ὁ)
167 2593 195 2629 in
209 2594 254 2628 iis,
271 2602 338 2629 quos
352 2594 486 2625 consului,
502 2594 614 2623 vetustis
628 2593 706 2623 libris
719 2594 773 2629 jam
788 2593 865 2620 evul-

76 2622 378 2691 gai‘is’éVido'pagiinam
394 2629 446 2657 'll8
462 2622 537 2656 Tomi
559 2622 576 2656 ιι
598 2622 727 2657 Martene'
739 2628 771 2655 de
794 2629 861 2654 anti-

76 2664 129 2691 quis
169 2666 269 2691 celeria:
316 2666 402 2691 nibus.
426 2665 552 2691 editionis
574 2664 789 2691 Autuet-n‘tensis.
813 2671 860 2690 seu

76 2638 140 2662 gatts
176 2638 241 2656 ‘lllti
258 2638 287 2662 pa
309 2638 378 2656 tnam
399 2638 446 2657 [15
468 2638 537 2656 Ιι)ΠἹ1
559 2638 576 2656 ΙΙ
598 2638 715 2657 alartene
739 2638 771 2655 ae
794 2638 860 2654 anfl-

76 2664 129 2697 quis
147 2638 269 2691 ὲςειεεὶω
290 2638 402 2696 intibus,
426 2665 552 2693 editionis
574 2664 789 2697 Autuerp‘tensis,
813 2671 860 2690 seu

77 2672 129 2697 qua
147 2672 269 2691 rat-etesia:
293 2672 402 2696 mrtuus,
426 2672 552 2693 eutttoms
574 2672 675 2692 Atttuer
698 2672 789 2696 tensis,
813 2672 860 2690 seu

77 2700 369 2733 potiusMediolaoemis
384 2701 445 2728 anni
461 2700 560 2734 1756);
578 2700 604 2727 in
620 2701 651 2727 tis
664 2672 780 2735 ignique,
796 2707 862 2733 quos

77 2735 142 2767 apud
163 2744 213 2767 nos
235 2743 384 2768 servamus,
406 2736 497 2766 saeculi
515 2744 540 2762 xt
561 2739 589 2763 et
610 2744 646 2765 xu
667 2735 805 2767 codicibus
831 2741 861 2764 ea

78 2765 212 2807 Evangelii
230 2765 327 2805 portio,
344 2765 403 2807 φίλε
421 2769 628 2807 indedicatione
650 2765 778 2807 Ecclesiae
793 2770 865 2805 lege-

77 2803 163 2842 batur:
180 2810 208 2842 et
222 2803 307 2835 adhuc
322 2803 429 2842 legitur,
444 2806 585 2842 desumpta
600 2811 642 2834 est
656 2815 689 2834 ex
704 2806 798 2841 Capito
817 2803 865 2842 ittx

78 2839 172 2879 lineae:
189 2841 324 2879 ingressus
337 2839 413 2869 Iesus
433 2839 625 2879 perambulabat
635 2839 752 2879 [ericltol
772 2841 866 2879 Scdjn

78 2874 167 2905 Galliis
181 2874 286 2906 vidétur
300 2886 348 2913 per
358 2886 389 2906 ea
406 2874 526 2914 tempora
541 2876 623 2905 fuisse
634 2875 704 2905 lecta
718 2874 808 2912 portio
818 2876 866 2904 de-

917 2411 984 2442 huic
994 2413 1101 2441 lectioni
1116 2420 1175 2440 sese
1191 2413 1270 2440 etiam
1287 2411 1469 2439 accommodat
1483 2411 1566 2444 Beda,
1588 2412 1611 2440 si
1630 2412 1653 2439 is
1667 2417 1710 2441 est

917 2450 976 2485 ejus
987 2449 1233 2485 sertnonisauctor,
1246 2446 1325 2485 qtt’etn
1341 2446 1459 2474 secundo
1468 2447 1527 2473 loco
1538 2448 1709 2485 apponimus.

918 2481 997 2512 Adiud
1013 2485 1092 2512 etiam
1107 2481 1279 2517 Evangelitttn
1296 2481 1378 2509 fuisse
1390 2490 1581 2516 ntillllullt'lllaln
1594 2482 1620 2509 in
1635 2482 1710 2509 dedi-

919 2520 1024 2548 catiOtte
1047 2520 1153 2551 lectum,
1180 2518 1274 2545 indicat
1293 2517 1362 2544 Beda
1377 2517 1403 2544 in
1430 2517 1543 2544 Ilornilia
1560 2520 1584 2544 in
1599 2517 1709 2545 dedica-

920 2557 993 2583 tiot.e
1016 2554 1154 2581 Ecclesie.
1175 2552 1209 2579 In
1221 2554 1267 2579 illa
1282 2557 1395 2586 tempore
1419 2555 1489 2588 facta
1509 2559 1569 2580 sunt
1585 2553 1709 2581 Eunomia

920 2594 947 2618 in
959 2590 1134 2619 Hierusalem.
1148 2594 1170 2616 et
1186 2589 1273 2623 ltyemtt
1288 2594 1351 2619 erat,
1364 2592 1430 2621 δια,
1445 2595 1504 2623 pag.
1521 2589 1570 2616 l7i
1583 2589 1658 2619 Τυιηί
1671 2597 1708 2624 vlt

913 2627 1030 2661 Opi-rum
1048 2625 1126 2661 Deda;
1144 2633 1150 2651 :
1165 2632 1215 2659 qua
1232 2625 1256 2649 itt
1273 2631 1301 2661 re
1315 2631 1427 2661 prorsus
1442 2625 1564 2661 congruit
1578 2624 1710 2661 atrii-Liris-

916 2658 1013 2688 si'tnutn
1046 2658 1235 2687 Lectionarntm
1269 2658 1432 2685 Gallicanum
1459 2658 1613 2686 Mitbillonii.
1642 2658 1709 2688 the

917 2698 963 2725 ltb.
981 2704 999 2724 ll
1013 2696 1046 2723 de
1060 2696 1176 2729 Litttrgia
1191 2694 1339 2727 Gallicana,
1356 2702 1414 2729 pag.
1433 2694 1494 2721 168.

953 2732 990 2766 (ε)
1012 2732 1038 2758 In
1055 2738 1179 2759 sermone
1190 2730 1245 2765 jam
1262 2730 1334 2763 edito
1346 2731 1402 2757 lucc
1415 2737 1471 2766 pra;
1486 2731 1592 2762 caeteris
1604 2730 1709 2762 haben-

919 2761 963 2795 tur
977 2761 1007 2794 ι’(
1023 2767 1162 2798 Columnae
1175 2761 1247 2801 siant
1261 2771 1323 2792 atttc
1337 2761 1434 2802 ostium
1449 2761 1570 2802 Templi;
1585 2774 1646 2800 qu.a
1663 2766 1710 2793 ad-

919 2808 1028 2831 ventum
1037 2799 1377 2837 RedctitptoriSItostri,qtti
1393 2799 1428 2837 ait
1442 2809 1448 2828 :
1467 2798 1524 2836 Ega'
1536 2798 1710 2835 rum-ostium,

938 2847 965 2867 er
987 2846 1026 2865 me
1050 2838 1071 2864 si
1097 2835 1161 2877 qut—tr
1177 2837 1313 2877 introierit,
1331 2835 1496 2877 satagitur-,7
1514 2843 1713 2877 praecesserunt

940 2879 1046 2903 octores
1064 2868 1175 2909 egiegii,
1190 2873 1224 2900 de
1239 2868 1716 2908 quibus'diciiApaStolus:JaZobus,
