3978 6196
135 320 230 377 881

1155 320 1389 378 SERMO
1419 324 1507 380 DE
1548 323 2009 383 DEDICATIONE
2052 327 2429 386 EGCLESIE.

3343 344 3449 399 889.

135 453 233 511 gna
265 452 493 510 quoque
525 447 678 496 crant
707 439 1074 509 iuiputribilia,
1109 455 1140 496 e
1163 442 1359 512 quibus
1388 451 1442 498 et
1464 441 1741 499 Taberna-
1764 445 1820 506 Α
1845 461 1941 517 per
1965 446 2284 504 cbaritatem
2315 460 2627 519 onerantur,
2669 451 2906 508 caelestis
2936 453 3060 509 vitae
3105 458 3323 526 praemia
3352 474 3445 514 ex-

137 531 314 586 culum
348 547 525 586 omne
555 532 772 597 factum,
803 545 851 586 et
882 532 1163 603 Templum
1210 535 1353 591 intus
1380 546 1650 602 ornatum,
1680 551 1744 592 ac

138 623 368 693 desuper
401 635 610 680 tectum
655 625 909 696 fulgebat.
944 625 1147 680 Aurum
1191 629 1354 682 etiam
1395 629 1462 684 de
1489 630 1743 685 thesauro

137 719 277 776 bono
303 719 584 788 Optimum
612 720 982 791 proferebant,
1008 720 1075 774 de
1108 737 1214 788 quo
1248 722 1482 791 parietes
1503 724 1648 781 intus
1691 732 1747 777 et

140 813 267 868 foris
313 813 529 879 vestiti,
579 814 789 882 Templi
841 831 947 868 non
993 825 1197 869 tantmu
1249 819 1514 883 parietes,
1557 832 1742 872 verum

141 907 294 961 etiam
327 906 633 975 laquearia,
665 909 862 972 trabes,
905 911 1066 972 ostia,
1115 918 1322 976 postes,
1351 921 1399 964 et
1437 913 1742 977 pavimenta

141 1007 294 1055 crant
343 1010 630 1071 cooperta.
687 1000 791 1056 Sed
840 1013 892 1056 et
923 1013 1074 1068 vasa,
1118 1002 1201 1058 vel
1252 1003 1500 1058 utensilia
1551 1003 1746 1059 domus

143 1093 425 1158 utriusapte
456 1102 655 1147 cuncta
687 1108 826 1164 pene
853 1108 1070 1159 auruiu,
1124 1110 1300 1165 neque
1351 1095 1488 1155 haec,
1537 1097 1636 1151 nisi
1679 1097 1747 1152 de

142 1202 266 1240 auro
292 1185 612 1256 puri~simo,
640 1187 755 1242 ﬁeri
781 1189 978 1244 licebat
1025 1187 1259 1244 Fructus
1282 1192 1442 1244 etiam
1468 1190 1743 1256 arborum,

142 1280 224 1350 qui
270 1279 322 1332 in
363 1277 535 1333 domo
567 1279 773 1333 Domini
806 1279 1194 1340 oll'erebantur,
1248 1282 1524 1350 purissimi
1555 1290 1611 1335 et
1647 1297 1743 1336 ex—

142 1373 316 1441 quisiti
346 1387 477 1428 esse
513 1372 863 1443 jubebantur.
901 1373 1015 1428 Hoc
1042 1383 1148 1440 εει,
1195 1373 1350 1439 Vitis,
1381 1373 1568 1440 Olivze,
1596 1373 1743 1427 Tlm-

141 1464 233 1528 ris,
263 1463 523 1534 Myrrhze,
551 1463 637 1519 vel
665 1463 884 1527 Stactis,
917 1472 974 1519 et
1020 1476 1339 1518 creterarum
1389 1464 1695 1533 bujusuiodi
1729 1482 1742 1517 :

143 1571 256 1625 quze
310 1555 575 1612 videlicet
610 1566 805 1612 cuncta
865 1558 1183 1625 spiritaliter
1235 1558 1504 1613 intellecta
1560 1574 1743 1613 veram

142 1661 335 1704 nosme
357 1647 515 1706 Fidei
567 1660 618 1705 et
645 1650 977 1720 operationis
1002 1650 1366 1705 sinceritatem
1403 1650 1742 1706 denuntiant.

144 1741 338 1797 Domus
364 1758 603 1812 namque
629 1755 878 1814 utraque.
911 1752 970 1798 ut
989 1743 1244 1802 diximus.
1279 1743 1618 1800 Universalis
1648 1744 1746 1800 Ec-

1831 547 2077 607 .pcctant.
2112 539 2178 594 Et
2217 541 2350 594 bene
2382 542 2656 613 longitudo
2689 559 2760 598 Lit
2792 543 3100 600 cubitorum
3131 556 3237 602 est.
3272 549 3448 605 Sena-

1845 627 1928 682 rio
1953 631 2151 685 etenim
2185 647 2411 688 numero
2441 633 2702 688 bonorum
2743 651 2967 704 operum
3013 638 3148 692 solet
3188 643 3451 709 perl'ecnio

1844 718 2136 789 designari,
2186 725 2313 792 quia
2340 727 2504 779 etiam
2556 725 2694 780 Deus
2721 742 2813 780 sex
2846 727 3038 782 diebus
3069 729 3255 784 mundi
3287 748 3453 787 orna-

1846 823 2087 868 nteutum
2136 815 2293 881 fecit;
2325 827 2380 871 et
2405 833 2501 873 ses
2531 829 2657 874 sunt
2697 819 2859 886 hujus
2900 822 3080 876 saeculi
3127 833 3316 878 aetates
3342 866 3356 890 ,
3393 826 3448 880 in

1845 907 2042 974 quibus
2085 920 2267 964 sancta
2303 910 2540 965 Ecclesia
2575 927 2673 982 pro
2701 923 2903 967 adorna
2949 916 3135 987 requie
3179 918 3280 986 piis
3310 923 3449 974 acti-

1849 997 1948 1052 bus
1980 1001 2164 1054 instat.
2200 1002 2346 1056 Bene
2377 1019 2450 1056 xx
2483 1006 2795 1060 suntetibiti
2839 1007 3156 1075 latitudinis,
3189 1013 3312 1077 quia
3357 1029 3452 1076 ge-

1849 1092 2053 1145 minum
2088 1101 2174 1146 est
2203 1105 2533 1162 praeceptum
2567 1096 2866 1162 cha'ritatis,
2911 1102 3162 1168 quoniam
3207 1102 3450 1158 Ecclesia

1849 1182 1903 1237 in
1936 1184 2278 1240 tribulatione
2299 1186 2575 1249 dilatatur.
2599 1199 2717 1242 cum
2751 1192 3021 1260 perlectus
3039 1195 3265 1263 quisque
3289 1197 3449 1249 etiam

1848 1276 2185 1332 conditorem
2217 1293 2280 1333 ex
2316 1286 2429 1332 toto
2474 1283 2661 1346 corde,
2697 1292 2806 1334 tota
2839 1286 3044 1349 anima,
3090 1295 3198 1338 tnta
3230 1289 3449 1354 virtute,

1847 1375 1903 1421 et
1929 1369 2228 1437 proximum
2265 1382 2514 1442 tauquam
2538 1388 2596 1426 se
2627 1373 2800 1442 ipsum
2831 1374 3058 1445 diligere
3085 1377 3267 1432 debet.
3307 1379 3454 1436 Bene

1852 1475 1960 1514 xxx
1990 1462 2040 1515 in
2065 1463 2352 1519 altitudine
2382 1474 2510 1520 sunt
2539 1466 2724 1525 cubiti.
2759 1469 2884 1538 quia
2914 1471 3096 1536 pomis
3143 1471 3452 1527 Electoium

1848 1565 1974 1620 spes
2004 1552 2069 1606 ad
2096 1553 2356 1610 visionem
2403 1569 2606 1612 sanctae
2635 1558 2938 1622 Trinitatis,
2989 1571 3246 1631 quantmn
3285 1565 3452 1630 valet,

1849 1656 1910 1696 se
1960 1646 2266 1700 exercendo
2319 1656 2374 1702 et
2442 1648 2780 1716 puriﬁcando
2825 1663 3096 1720 properat.
3150 1653 3452 1709 Nomadum

1850 1748 1983 1788 sane
2009 1743 2110 1797 est,
2144 1737 2285 1805 quod
2315 1754 2418 1794 xxx
2467 1739 2635 1794 cubiti
2678 1741 2980 1796 altitudinis
3011 1757 3117 1796 non
3169 1760 3340 1814 usque
3385 1745 3452 1800 ad

143 1834 310 1890 clesia:
370 1837 599 1906 figuram
669 1845 1071 1906 praimoustrat.
1141 1835 1324 1906 Neque
1382 1837 1736 1906 incongruum
1768 1827 1816 1888 Β
1847 1841 2157 1895 supremum
2191 1830 2374 1898 templi
2405 1829 2699 1901 fastigium,
2743 1833 2839 1888 sed
2871 1848 3041 1904 usque
3081 1835 3148 1890 ad
3180 1836 3458 1908 laquearia

146 1929 256 1997 quis
291 1928 611 1994 arbitretur,
659 1929 803 2000 qttod
853 1930 975 1985 duae
1025 1938 1152 1986 sunt
1188 1929 1382 1985 domus
1435 1931 1647 1985 Domini
1690 1930 1743 1984 in

145 2023 394 2093 my~terio
439 2023 618 2091 faece,
647 2039 769 2078 cum
803 2040 963 2079 unam
995 2022 1197 2079 Christi
1223 2025 1440 2079 domum
1482 2041 1604 2080 esse
1645 2025 1746 2080 Ec-

148 2114 354 2170 clesiam
386 2115 572 2171 nullus
596 2116 767 2172 lidelis
790 2119 1049 2187 ambigat.
1075 2118 1203 2172 Diue
1230 2119 1432 2174 etenim
1461 2128 1591 2173 sunt
1614 2133 1745 2174 eon-

148 2206 262 2262 ditio
288 2207 488 2263 domus
535 2209 608 2264 ob
651 2209 1101 2280 signiﬁcationem
1135 2210 1417 2280 utrittsque
1463 2209 1646 2279 populi
1691 2211 1743 2264 iu

151 2300 382 2354 eamdem
413 2299 608 2354 Fidem
640 2301 873 2364 venturi,
903 2299 1075 2356 Judaei
1106 2301 1316 2355 scilicet
1367 2311 1529 2370 atque
1567 2303 1746 2370 genti-

151 2391 228 2445 lis.
261 2389 414 2447 Unde
445 2392 1042 2449 bene.Tabernaculutn
1071 2393 1187 2448 sola
1218 2393 1370 2462 plebs
1397 2391 1583 2448 Judaea
1615 2407 1748 2448 con-

155 2483 275 2538 didit
301 2487 353 2540 in
385 2501 598 2542 eremo.
633 2485 843 2555 Templi
885 2493 1064 2540 autem
1098 2495 1424 2541 structuram
1458 2485 1745 2557 Proselyti,

155 2587 205 2632 et
231 2579 452 2634 advenae
481 2579 554 2635 de
582 2578 852 2635 Gentibus
901 2588 1169 2648 quotquot
1199 2581 1249 2634 in
1281 2581 1480 2649 populo
1519 2587 1648 2633 tunc
1669 2579 1747 2632 in-

157 2670 311 2725 veniri
356 2680 634 2742 poteraut,
667 2672 865 2728 devota
919 2672 1021 2726 lide
1069 2673 1496 2742 compleverunt.
1544 2672 1650 2728 Sed
1699 2678 1753 2725 et

157 2761 258 2818 Rex
292 2765 726 2834 petentissimus,
754 2765 885 2836 Tyri
915 2765 1217 2821 ronductus
1243 2782 1270 2818 a
1303 2765 1592 2820 Salonmue
1611 2778 1755 2817 com-

160 2857 374 2911 [nudatis
421 2858 750 2922 artiﬁcibus,
807 2867 860 2912 et
913 2859 1070 2927 lignis
1122 2855 1528 2927 gratantissime
1576 2855 1749 2925 juvit,

162 2963 274 3018 qma
303 2950 563 3005 nimirum
594 2958 720 3004 ante
767 2949 1193 3006 inrartiatiOnem
1223 2951 1558 3004 Domina-am
1601 2961 1753 3004 notus

164 3055 262 3097 erat
292 3056 497 3100 tantum
532 3047 585 3098 in
613 3044 802 3099 Iudaea
834 3043 993 3100 Deus.
1029 3049 1095 3100 At
1126 3055 1409 3115 postquam
1447 3045 1535 3098 ille
1582 3044 1635 3098 in
1667 3058 1751 3105 ea,

165 3150 258 3205 qua
285 3147 462 3204 natus,
510 3149 568 3194 et
600 3153 791 3208 passus
821 3148 924 3205 est,
956 3153 1120 3194 carne
1155 3138 1504 3193 resuscitatus
1539 3153 1569 3192 a
1611 3153 1757 3191 tuor-

1852 1921 2036 1989 templi
2063 1921 2442 1990 pertinebant,
2467 1925 2667 1982 deinde
2693 1926 2759 1981 ad
2790 1927 3059 1998 laquearia
3084 1930 3245 1985 medii
3280 1933 3460 1986 taber-

1851 2012 2025 2066 naculi
2063 2012 2152 2066 alii
2185 2029 2296 2068 xxx
2322 2015 2488 2070 cubiti
2531 2017 2835 2072 altitudinis
2866 2021 3242 2090 assurgebant.
3287 2021 3460 2078 Porro

1851 2112 2126 2158 terrenum
2159 2108 2520 2170 cmnaculum.
2564 2108 2706 2178 quod
2761 2122 3065 2179 supererat,
3119 2125 3182 2165 ιι
3227 2111 3459 2168 habebat

1851 2193 1905 2248 in
1937 2194 2300 2262 latitudinem,
2333 2212 2397 2251 ac
2441 2199 2522 2252 sic
2548 2202 2723 2254 omnis
2761 2201 2992 2256 altitudo
3019 2201 3214 2256 domus
3255 2203 3310 2259 in
3355 2190 3460 2260 cxx

1851 2287 2049 2341 cubitis
2094 2297 2213 2342 erat
2238 2298 2478 2344 extenta.
2515 2291 2671 2346 Prior
2699 2293 2862 2362 igitur
2889 2295 3084 2349 domus
3113 2312 3220 2351 xxx
3261 2298 3462 2352 cubitis

1852 2377 1908 2433 in
1937 2380 2220 2435 altitudine
2247 2383 2442 2452 surgit,
2470 2385 2594 2452 quia
2628 2399 2867 2453 prmsens
2897 2385 3136 2440 Ecclesia
3163 2389 3229 2442 ad
3266 2388 3460 2444 viden-

1853 2468 1976 2523 dam
2009 2472 2244 2538 speciem
2290 2473 2502 2529 Saucta:
2529 2473 2812 2528 Trinitatis
2843 2485 2952 2529 tota
3000 2477 3301 2533 intentione
3335 2493 3462 2534 sus-

1856 2564 2130 2634 penditur.
2160 2564 2419 2636 Superior
2444 2567 2640 2624 domus
2669 2584 2772 2622 xxx
2803 2585 2957 2639 aeque
2985 2571 3185 2626 cubitis
3217 2586 3275 2626 se
3301 2572 3353 2626 in
3377 2573 3460 2626 al-

1856 2665 1968 2711 tum
1999 2659 2212 2724 attollit,
2245 2660 2371 2730 quia
2401 2660 2595 2715 soluta:
2623 2662 2942 2730 corporibus
2969 2662 3166 2717 animae
3191 2665 3461 2731 perfecto-

1856 2765 1974 2803 rum
1996 2764 2162 2821 usque
2189 2751 2253 2805 ad
2277 2751 2420 2806 diem
2450 2753 2776 2807 uuiversalis
2795 2752 2993 2808 Judit-ii
3012 2753 3255 2824 ejusdem
3287 2755 3459 2808 beata:

1856 2852 1912 2897 et
1963 2842 2258 2898 individua:
2307 2844 2591 2900 Trinitatis
2641 2845 2898 2916 praesenti
2932 2846 3142 2900 visione
3191 2850 3458 2900 lruttntur.

1857 2940 2118 3005 Suprema
2147 2940 2342 2997 domus
2372 2943 2452 2997 his
2479 2942 2696 2996 tricenis
2724 2942 2828 2996 alta
2859 2952 2940 2996 est
2969 2936 3192 3008 cubitis,
3227 2943 3353 3012 quia
3377 2956 3464 2996 re-

1858 3035 2099 3087 suscitati
2129 3049 2156 3086 a
2191 3037 2418 3088 mortuis
2439 3048 2629 3088 omnes
2660 3034 2817 3108 electi
2839 3033 3295 3102 cttntetuplatimie
3317 3032 3464 3101 ejus-

1857 3123 1982 3179 dem
2027 3128 2110 3181 sui
2141 3128 2461 3192 conditoris,
2495 3129 2585 3197 qui
2626 3129 2678 3180 in
2727 3127 2897 3182 tribus
2938 3125 3182 3197 persOItis
3215 3140 3350 3178 unus
3381 3133 3465 3178 est

168 3229 283 3290 luis.
304 3243 355 3286 et.
383 3205 660 3287 exaltatus
679 3243 762 3286 est
788 3247 952 3304 super
972 3233 1142 3287 caelos
1170 3232 1332 3298 Deus,
1350 3248 1515 3300 super
1538 3247 1753 3286 omnem
1782 3216 1827 3279 C
1867 3220 2026 3288 Deus,
2062 3231 2260 3276 a-Iet'na
2293 3221 2515 3290 Spiritus
2545 3221 2727 3284 simul,
2766 3229 2824 3274 et
2849 3219 3028 3274 carnis
3061 3205 3463 3272 immortalitate

167 3325 407 3380 Continuo
439 3339 647 3381 terram
678 3326 910 3380 nominis
937 3328 1055 3395 ejus
1091 3327 1258 3396 gloria
1309 3325 1550 3390 refulsit,
1582 3325 1757 3380 orbis-

168 3431 263 3484 que
300 3423 587 3475 universus
609 3420 676 3474 ad
705 3418 1120 3474 aediﬁcationem
1157 3419 1348 3472 domos
1389 3419 1536 3472 illius
1565 3433 1752 3471 accur-

170 3510 252 3568 rit.
281 3522 334 3565 et
359 3514 576 3582 accepit
621 3513 690 3567 ab
718 3527 784 3567 eo
815 3513 1226 3580 promissionem
1273 3511 1536 3566 donorum
1565 3513 1759 3564 coeles—

171 3600 308 3657 tium.
333 3604 530 3662 Narrat
555 3619 685 3675 ergo
707 3604 1005 3674 Scriptura.
1030 3604 1148 3672 quia
1183 3603 1435 3672 praecepit
1465 3603 1572 3656 lies
1606 3599 1761 3656 Salo-

173 3709 306 3761 mon,
337 3709 389 3753 ut
417 3697 659 3753 tollerent
687 3697 886 3767 lapides
906 3697 1128 3770 grandes
1158 3697 1210 3748 in
1241 3695 1588 3766 fundamentis
1609 3692 1760 3747 Tem-

175 3787 260 3856 pli,
281 3800 325 3842 et
345 3791 661 3860 quadrarenl
680 3807 784 3843 eos.
806 3788 1037 3859 Lapides
1060 3798 1236 3841 autem
1258 3787 1491 3858 grandes
1515 3786 1759 3858 pretiosi,

175 3885 253 3950 qui
273 3883 320 3937 in
335 3885 686 3939 ltitidamento
704 3883 865 3937 locati
882 3892 1053 3936 totum
1075 3897 1211 3935 unus
1224 3879 1434 3949 Templi
1452 3881 1554 3934 sibi
1568 3895 1758 3949 super-

179 3975 389 4041 positum
409 3984 649 4046 portant,
669 3977 896 4029 exunios
913 3985 1112 4028 sanctae
1129 3973 1386 4028 Ecclesia:
1401 3972 1493 4026 Ι)οι
1514 3980 1660 4025 tores
1685 3972 1764 4024 in-

177 4064 396 4133 sinuant,
417 4067 656 4140 grandes
684 4066 936 4120 nimirum
952 4065 1273 4120 excellentia
1289 4075 1626 4130 meritorum,
1649 4077 1765 4132 pre-

181 4156 330 4212 liOsos
358 4160 602 4215 claritate
620 4173 888 4228 signorum
909 4200 923 4224 ,
943 4157 1032 4226 qui
1060 4157 1128 4213 ab
1157 4155 1511 4226 ipsoDmtiuo
1541 4157 1760 4210 verbum

180 4251 440 4312 audientes
460 4261 624 4305 totam
639 4251 930 4305 crescentis
946 4250 1199 4304 Ecclrsia:
1225 4248 1477 4302 fabricam
1507 4263 1601 4301 sua
1638 4261 1766 4314 pra:-

179 4337 428 4400 dicatioue
441 4353 763 4412 genuerunt.
779 4343 924 4408 Quos
938 4341 1180 4396 videlicet
1197 4340 1397 4410 lapides
1413 4339 1522 4392 Rex
1538 4339 1768 4408 quadra-

183 4445 232 4484 I'c
256 4437 525 4507 prtecepit,
568 4448 625 4490 ut
653 4437 936 4506 magistros
952 4434 1212 4490 Ecclesiae
1238 4433 1567 4503 Compositos
1598 4433 1764 4487 mori-

183 4522 291 4593 bus,
321 4541 372 4585 et
400 4531 702 4586 immobiles
724 4531 905 4585 animo
931 4545 1052 4584 esse
1087 4530 1286 4585 debere
1331 4531 1587 4601 signaret.
1619 4529 1769 4584 Sicut

1859 3314 2188 3384 gaudebunt.
2243 3313 2440 3368 Factus
2483 3325 2563 3367 est
2597 3311 2810 3366 medius
2841 3312 3017 3381 paries
3049 3311 3102 3364 iu
3151 3309 3358 3380 templo
3397 3308 3466 3363 de

1863 3409 2058 3464 tabulis
2083 3409 2320 3464 cedriuis
2349 3424 2416 3462 xx
2441 3408 2748 3462 cubitorum
2774 3404 3098 3469 altitudinis,
3127 3407 3216 3472 qui
3247 3402 3462 3457 divide-

1863 3511 1948 3558 ret
1969 3503 2246 3558 orarulum
2281 3503 2331 3556 in
2359 3502 2615 3558 Sanctum
2641 3501 3002 3564 Sanctorum;
3041 3515 3071 3552 a
3105 3501 3284 3567 priore
3311 3507 3464 3567 parte

1863 3595 2049 3664 templi
2078 3595 2305 3649 habebat
2334 3610 2403 3647 xx
2422 3593 2633 3648 cubitos
2663 3592 3033 3661 longitudinis,
3068 3600 3121 3644 et
3151 3605 3217 3644 xx
3249 3588 3464 3644 cubitos

1864 3684 2188 3750 latitudinis,
2237 3694 2295 3738 et
2344 3699 2410 3738 xx
2455 3684 2674 3738 cubitos
2703 3681 3024 3736 altitudinis.
3078 3679 3246 3734 Porro
3289 3681 3462 3748 ipsum

1867 3781 2123 3850 templum
2157 3794 2266 3848 prie
2311 3777 2518 3832 foribus
2548 3777 2755 3832 oraculi
2789 3792 2857 3830 xv
2886 3776 3193 3831 cubitorum
3221 3781 3339 3829 erat
3362 3815 3378 3837 ,
3413 3775 3467 3828 in

1865 3889 1972 3944 quo
1999 3882 2155 3926 erant
2184 3887 2407 3936 mensae,
2442 3879 2498 3925 et
2539 3871 2923 3925 candelabrum
2954 3868 3024 3924 de
3073 3884 3225 3923 auro.
3261 3865 3366 3922 Sed
3413 3877 3469 3922 et

1865 3968 2037 4022 altare
2067 3982 2289 4021 aureum
2341 3980 2509 4034 prope
2540 3967 2736 4017 ostium
2782 3961 3023 4026 Oi-aculi,
3070 3972 3338 4032 quatenus
3388 3959 3470 4013 in-

1867 4075 2034 4114 cenSu
2067 4059 2119 4112 in
2145 4075 2208 4112 eo
2235 4059 2583 4128 tbymiamate
2613 4071 2778 4124 vapor
2803 4053 2932 4106 fumi
2963 4053 3264 4106 ascendens
3291 4054 3472 4120 operi-

1869 4161 1953 4205 ret
1981 4152 2257 4204 oraculum
2278 4190 2292 4212 ,
2337 4149 2423 4200 ubi
2452 4159 2566 4200 erat
2597 4160 2718 4198 arca
2761 4143 3117 4204 Testamenti,
3150 4157 3316 4209 super
3361 4158 3466 4212 qua

1869 4253 2026 4298 erant
2057 4239 2344 4294 cherubim
2362 4237 2552 4306 gloria:
2581 4233 2959 4290 obumbrantia
2997 4233 3153 4302 Propi
3185 4233 3466 4286 iatorium.

1872 4334 2026 4390 Prior
2051 4347 2181 4400 ergo
2211 4330 2405 4384 domus
2448 4327 2644 4396 prioris
2674 4325 2932 4380 Ecclesiae
2962 4333 3162 4379 statum
3197 4341 3209 4377 :
3243 4324 3470 4379 interior

1869 4426 1996 4479 vita:
2025 4424 2262 4478 caelestis
2289 4420 2589 4490 ingressum
2609 4418 2886 4487 designat.
2922 4416 3076 4472 Unde
3123 4426 3268 4471 recte
3297 4417 3464 4486 priori

1873 4531 2074 4570 mensa:
2099 4526 2153 4569 et
2175 4512 2493 4568 candelabra
2523 4519 2650 4564 sunt
2680 4508 2840 4570 facta,
2869 4509 2992 4578 quia
3021 4510 3272 4563 nimirum
3299 4508 3349 4562 in
3376 4507 3474 4562 hac

186 4633 300 4675 vero
315 4627 657 4694 quadratum,
677 4641 1014 4694 quocumque
1031 4627 1277 4685 vertitur,
1300 4623 1486 4685 stabit,
1510 4624 1577 4675 ita
1611 4624 1757 4677 nimi-

1877 4609 1981 4664 vita
2012 4609 2213 4662 lumine
2243 4617 2548 4661 sanctarum
2583 4605 3006 4672 Scriptuiarum,
3049 4612 3101 4654 et
3143 4602 3470 4657 Sacramen-

187 4727 294 4770 rum
314 4717 416 4774 vita
448 4719 1028 4790 perlectorumquaead
1056 4719 1297 4773 veritatis
1316 4717 1512 4771 lineam
1541 4717 1771 4772 sollicite

189 4803 373 4865 directa
394 4821 499 4874 est,
533 4811 691 4864 nullis
723 4812 1078 4864 tentatiouum
1105 4807 1425 4877 impulsibus
1456 4822 1595 4861 asua
1624 4810 1775 4862 novit

189 4902 467 4961 stabilitate
491 4903 670 4973 dejici.
707 4905 834 4958 Erat
859 4915 1037 4957 autem
1061 4901 1344 4972 Templum
1379 4901 1470 4953 Dei
1501 4913 1772 4954 marmOre

195 4993 350 5059 pario.
382 4997 524 5065 quod
554 5009 656 5061 est,
689 4998 863 5065 lapide
888 4997 1012 5050 albo
1037 5003 1364 5058 extruetum,
1395 5002 1453 5047 ιιι
1479 4991 1769 5046 Candorem

197 5084 578 5147 l-Icclesiastiea:
597 5092 864 5148 caStitatis
889 5091 1242 5160 exprimeret,
1273 5089 1339 5144 de
1357 5103 1464 5158 quo
1491 5090 1542 5142 in
1571 5087 1772 5140 amoris

199 5175 402 5245 Cantica
452 5186 710 5240 Dominus
753 5185 862 5240 ait:
907 5185 1056 5239 Sicut
1087 5183 1252 5236 lilium
1296 5181 1431 5234 inter
1473 5182 1672 5249 spinas,
1700 5178 1774 5232 sic

200 5277 348 5332 amica
375 5297 484 5335 mea
513 5282 642 5334 inter
690 5280 845 5350 ﬁlias.
902 5278 1142 5333 Habebat
1185 5276 1323 5330 idem
1362 5290 1427 5328 ιιι
1461 5274 1674 5328 cubitos
1723 5271 1775 5326 in

207 5363 600 5439 longitudinem,
623 5387 729 5426 xxx
763 5371 981 5426 cubitos
1007 5371 1060 5423 in
1095 5362 1782 5428 latitudiiiem,xxxxcubi-

207 5465 280 5512 tos
321 5465 371 5518 in
419 5466 778 5521 altitudinem.
833 5463 1134 5534 Longitudo
1176 5475 1306 5530 ergo
1358 5459 1565 5526 Templi
1619 5455 1778 5508 iidem

205 5563 387 5614 sanctae
416 5560 671 5616 Ecclesize
694 5557 963 5627 designat,
995 5570 1088 5623 per
1110 5569 1269 5623 quam
1301 5549 1680 5621 loiigauimiter
1701 5550 1776 5600 in-

210 5655 281 5700 ter
306 5665 458 5720 opera
483 5670 578 5709 sua
606 5653 740 5705 bona
768 5665 1050 5719 pravorum
1073 5647 1298 5700 adversa
1330 5643 1486 5697 tollat
1512 5661 1524 5695 :
1556 5637 1783 5694 latitudo

210 5738 541 5812 charitati-m,
574 5760 677 5814 qtta
711 5745 821 5812 ipsa
857 5743 1003 5795 intus
1034 5755 1128 5808 per
1168 5740 1372 5790 viscera
1419 5733 1634 5804 pietatis
1665 5745 1787 5802 spa-

213 5830 390 5889 tiatur:
419 5835 651 5895 altitudo
678 5849 852 5902 spem,
895 5847 1000 5903 qua
1029 5838 1249 5900 propter
1276 5828 1420 5882 bona
1446 5841 1635 5891 opera,
1670 5837 1789 5890 quze

1879 4717 2054 4758 torum
2073 4704 2374 4758 caelestium
2406 4697 2703 4754 refectione
2731 4711 2866 4765 Opus
2895 4693 3186 4748 habemus:
3214 4693 3266 4748 In
3296 4693 3474 4747 l‘uturu

1876 4806 2052 4851 autem
2105 4797 2300 4849 talibus
2353 4807 2458 4847 non
2509 4789 2787 4859 egebimus
2839 4787 3115 4851 subsidiis,
3176 4786 3270 4840 ubi
3316 4786 3477 4854 juxta

1879 4892 2176 4948 Psalmistte
2223 4887 2409 4942 vot'em
2457 4887 2761 4952 quicumque
2792 4879 3126 4952 apparuerint
3155 4895 3272 4932 cum
3313 4878 3477 4951 justi-

1878 4985 1970 5047 tia,
1994 4982 2316 5037 satiabuntur
2358 4977 2624 5046 manifesta
2652 4974 2820 5044 gloria
2852 4971 3080 5025 Domini.
3116 4969 3170 5024 In
3216 4970 3318 5024 hac
3347 4984 3478 5039 ergo

1880 5079 1986 5131 vita
2018 5074 2180 5129 corda
2220 5073 2514 5142 juslorum,
2565 5067 2715 5136 quasi
2757 5067 2926 5119 altare
2976 5065 3178 5118 incensi
3228 5077 3471 5127 aureum,

1878 5166 2164 5239 splendida
2193 5165 2397 5234 fulgent
2421 5177 2514 5230 per
2543 5159 2860 5212 munditiam
2897 5156 3221 5210 sanctitatis.
3254 5156 3483 5209 Aroma-

1881 5262 2022 5317 tibus
2052 5267 2179 5314 sunt
2207 5256 2403 5310 referta
2431 5253 2822 5308 desideriorum
2853 5247 3234 5318 spiritualium.
3280 5248 3474 5301 incen-

1881 5354 1972 5410 dio
2003 5353 2228 5422 ﬂagrant
2255 5346 2457 5402 amoris
2477 5347 2742 5408 continui,
2767 5351 2822 5397 et
2846 5343 2998 5412 quasi
3026 5339 3263 5395 cmlesds
3289 5339 3479 5393 introi-

1887 5447 1971 5502 tus
2002 5447 2174 5516 posita
2199 5441 2576 5495 suavissimum
2607 5452 2719 5492 suae
2755 5433 3016 5489 orati-mis
3051 5446 3306 5501 vaporem
3340 5431 3482 5485 inter

1885 5547 2067 5598 sancta
2114 5542 2420 5588 sanctorum
2451 5545 2682 5597 superna
2711 5527 2986 5590 etniituut,
3021 5524 3105 5577 ubi
3128 5521 3366 5576 Christus
3408 5531 3480 5576 est

1888 5634 1942 5686 in
1975 5632 2184 5685 dextera
2215 5627 2311 5681 Dei
2339 5625 2550 5688 sedens,
2581 5637 2740 5692 quem
2763 5619 3110 5689 apertissime
3140 5631 3263 5670 arca
3293 5615 3334 5668 Τ
3339 5628 3481 5668 esta-

1891 5725 2079 5788 menti,
2103 5738 2222 5790 quae
2251 5728 2367 5774 erat
2398 5720 2533 5771 intra
2569 5717 2769 5775 velum,
2803 5713 3081 5782 designat;
3116 5713 3168 5764 in
3199 5725 3303 5779 qua
3333 5706 3479 5796 Urna

1891 5829 2001 5874 erat
2030 5833 2187 5871 anrm
2212 5813 2402 5868 habens
2435 5811 2649 5872 Manna,
2681 5818 2726 5864 et
2763 5805 2919 5877 Virga
2962 5805 3156 5869 Aaron,
3197 5818 3310 5870 qua:
3337 5804 3484 5866 fron—
