3978 6196
517 312 629 368 885
711 326 716 332 ·
1349 299 1352 302 ’
1961 302 2020 358 Β.
2067 296 2123 359 ill

2232 299 2320 360 litt
3720 295 3814 370 ist

516 431 720 494 duerat,
767 437 812 482 et
857 425 1070 480 Tabuit:
1103 424 1412 478 testamenti.
1445 423 1562 492 Ipsa
1598 433 1830 492 namque
1860 423 1997 478 Area
2028 435 2124 478 na-
2148 425 2204 486 Δ
2230 417 2616 494 redempiidms
2643 431 2864 479 munere
2893 423 3096 480 elcCtos
3121 441 3248 480 suos
3273 427 3322 481 in
3351 423 3556 483 mtcrna
3582 431 3829 488 taberna-

522 533 698 578 tttram
730 519 1081 575 humanitatis
1111 518 1266 587 ejus;
1302 517 1446 573 Urna
1478 532 1688 571 manna:
1729 517 2122 586 plenitudinem
2226 517 2345 572 cuia
2375 517 2650 582 laetantes;
2681 531 2787 572 non
2819 532 2913 573 eos
2945 519 3127 589 utique
3154 519 3379 576 ulterius
3407 537 3434 575 a
3464 535 3560 576 sua
3587 525 3826 593 praesen.

514 614 844 671 divinitatis:
891 611 1052 680 Virga
1103 612 1283 665 Aaron
1334 612 1630 681 potentiam
1679 611 1963 665 sacerdotii
2003 612 2123 678 ejus
2229 611 2298 664 tia
2332 609 2650 674 remOVebit,
2680 610 2774 665 sed
2807 624 2837 664 a
2867 609 3175 666 discrimine
3201 607 3408 682 judicii,
3442 613 3590 685 Quod
3621 616 3674 670 in
3711 632 3831 674 aere

523 704 920 768 inviolabilem;
978 703 1198 758 Tabula:
1252 704 1563 758 testamenti
1617 702 1901 774 designant
1933 743 1947 766 ,
1996 703 2122 773 quia

518 801 634 870 ipse
657 807 744 853 est
762 797 848 866 qui
875 796 1049 864 legem
1074 795 1335 859 condidit,-
1361 798 1562 866 quique
1590 796 1754 849 etiatn
1786 794 2123 850 benedictio-

519 906 640 947 nem
675 891 778 957 iiis,
802 889 890 958 qui
919 889 1092 958 legem
1119 887 1340 952 faciunt,
1373 887 1542 943 dabit.
1579 887 1724 942 Bene
1754 895 1932 942 autem
1958 887 2119 942 Tem-

518 985 664 1056 plum
699 976 809 1054 prle
836 981 1045 1038 foribus
1069 980 1286 1038 Oraculi
1313 995 1384 1037 xv
1411 992 1527 1036 erat
1553 982 1858 1037 cubitorum
1891 981 2124 1053 iungitu-

519 1077 687 1141 dinis,
731 1075 991 1146 quoniam
1037 1072 1212 1128 adhuc
1241 1073 1293 1128 in
1336 1073 1437 1129 hac
1484 1074 1592 1128 vita
1620 1074 1842 1143 jejuniis
1871 1081 1927 1128 et
1949 1074 2125 1129 cunti-

521 1172 700 1228 nentia
729 1169 978 1240 castigari
1001 1177 1238 1238 oportet,
1273 1177 1328 1221 ut
1355 1166 1421 1222 ad
1457 1168 1683 1221 interna:
1709 1166 2011 1222 dulcedinis
2037 1181 2124 1221 sa-

517 1265 757 1320 tietatem
787 1263 1070 1333 pervenire
1100 1260 1414 1325 videamur;
1450 1275 1574 1314 nam
1603 1260 1708 1314 hoc
1741 1271 1969 1315 numero
1996 1272 2117 1313 cas-

520 1355 835 1425 tigationem
886 1353 1011 1407 vitae
1053 1351 1338 1421 praesentis
1383 1351 1585 1420 signari
1618 1350 1872 1421 intelligit
1918 1349 2122 1414 omnis,

517 1447 609 1518 qui
636 1445 1126 1518 quadragenarium
1158 1441 1350 1514 Moysi,
1383 1442 1468 1498 vel
1497 1441 1688 1509 Helize,
1715 1445 1796 1497 vel
1823 1442 1992 1512 ipsius
2018 1441 2118 1495 Du-

518 1545 645 1600 mini
692 1543 962 1613 jejunium
1014 1549 1160 1595 rectc
1210 1538 1510 1609 intelligere
1567 1538 1699 1592 vult.
1753 1538 1897 1593 liene
1945 1537 2123 1606 ipsum

517 1637 831 1699 Oraculum,
862 1637 912 1689 in
941 1649 1048 1706 quo
1077 1633 1239 1696 Area,
1272 1647 1393 1703 quae
1419 1643 1516 1703 per
1534 1631 1808 1687 Cherubin
1832 1632 2017 1704 glori-.e
2046 1639 2129 1688 te-

519 1731 767 1801 gebatur,
793 1743 866 1782 xx
891 1729 1104 1782 cubitus
1127 1721 1502 1796 longitudinis,
1529 1724 1850 1790 latitudinis,
1885 1723 2129 1778 altitudi-

2226 702 2557 767 faciendum,
2587 703 2818 758 decente
2844 699 3125 773 Apostolo,
3161 706 3411 762 novimus
3439 705 3496 776 (l
3532 707 3718 764 Thess.
3763 727 3828 775 tv,

2229 796 2354 866 i6),
2387 796 2442 851 in
2475 796 2856 852 habitationem
2891 794 3084 852 Patria:
3113 797 3352 854 caelestis
3385 798 3686 856 iminittens
3712 845 3727 866 ,
3782 799 3834 858 iit

2227 903 2327 960 pro
2355 890 2470 943 suis
2501 889 2729 958 quisque
2775 889 2984 944 meritis
3028 891 3350 959 promissum
3393 893 3545 963 regni
3587 894 3832 952 caelestis

2226 983 2411 1039 sedem
2443 983 2756 1053 percipiant.
2795 981 2939 1038 Bene
2979 988 3156 1038 autem
3193 979 3412 1051 dicitur,
3446 987 3589 1055 quod
3617 987 3832 1042 benedi-

2227 1085 2398 1130 cenles
2424 1075 2549 1145 Regi
2577 1075 2794 1144 profecti
2815 1081 2930 1154 sunt
2961 1076 3012 1130 in
3041 1073 3378 1131 ldbernii‘ctila
3409 1093 3525 1143 sua,
3557 1080 3684 1150 quia’
3720 1081 3832 1138 ham

2227 1179 2311 1226 est
2341 1169 2593 1224 nimirum
2626 1171 2738 1224 sola
2772 1169 3053 1239 occupatio
3085 1169 3423 1239 quietissima
3481 1187 3545 1228 ac
3577 1172 3833 1230 ﬁdelissi-

2229 1275 2313 1317 ma
2343 1263 2541 1318 civium
2573 1275 2955 1332 supernorum,
3007 1263 3236 1334 hymnos
3265 1263 3562 1333 gratiarum
3606 1281 3708 1320 suo
3751 1265 3831 1321 di-

2229 1351 2354 1412 cere
2382 1353 2647 1410 canditbri
2680 1371 2692 1407 :
2727 1353 2852 1408 hinc
2875 1355 3017 1408 enim
3047 1353 3306 1424 Scriptum
3337 1351 3422 1410 est
3447 1356 3466 1427 (
3496 1351 3588 1411 Ps.
3613 1373 3830 1422 Lxxtnt,

2229 1450 2261 1505 5
2285 1448 2304 1520 )
2330 1467 2342 1502 :
2375 1447 2522 1502 Beati
2542 1450 2629 1519 qui
2653 1446 2885 1502 habitant
2911 1447 2962 1502 in
2991 1448 3141 1501 doma
3165 1458 3273 1510 tua.
3304 1445 3357 1503 ili
3385 1447 3632 1504 swrulu'm
3655 1452 3831 1504 seaculi

2229 1540 2512 1596 laudabunt
2542 1547 2590 1594 te
2629 1555 2648 1594 :
2695 1539 2941 1596 ltetantes
2973 1540 3023 1593 in
3071 1536 3333 1608 tenipore',
3370 1549 3426 1596 ct
3471 1537 3638 1598 a'la'cri
3669 1544 3832 1599 corde

2230 1643 2392 1705 super
2435 1634 2685 1689 omnibus
2730 1633 2907 1702 benis,
2957 1633 3076 1704 quae
3124 1631 3328 1690 reserat
3361 1627 3624 1691 Domitids
3670 1623 3830 1693 David

2231 1733 2391 1783 servo'
2438 1740 2557 1782 suo.
2593 1734 2648 1781 et
2698 1724 2858 1782 lsrael
2910 1723 3108 1796 piiplllo
3139 1741 3256 1781 suo.
3307 1725 3584 1784 Letautes
3629 1725 3824 1800 quippe

524 1821 608 1876 nis
640 1819 890 1886 habebat,
924 1819 1012 1889 qtti
1043 1831 1303 1873 numerus
1331 1815 1739 1887 perfectionem,
1771 1823 1828 1869 ut
1866 1816 2120 1882 diximus,
2157 1801 2203 1876 Β
2225 1819 2356 1892 jtiSii
2382 1821 2546 1889 super
2579 1818 2757 1885 bonis,
2791 1835 2911 1888 quae
2938 1832 2966 1873 a
3001 1815 3228 1874 Domino
3260 1821 3553 1891 accipiunt,
3590 1815 3833 1877 tabernav

525 1917 755 1987 geminas
780 1913 1088 1970 dilectionis
1109 1913 1370 1974 insinuat,
1398 1909 1522 1982 quia
1551 1909 1806 1980 quidquid
1833 1911 1886 1964 in
1910 1909 2128 1980 itac'pe-

520 2009 892 2080 regrinatione
921 2021 1018 2076 pro
1044 2005 1154 2061 Deo
1181 2007 1407 2076 geritur,
1442 2014 1611 2058 totum
1645 2005 1744 2060 hoc
1771 2003 1822 2058 in
1855 2003 1942 2059 illa
1967 2021 2126 2060 man-

524 2103 676 2157 sione
703 2102 891 2172 patria:
919 2101 1194 2170 perennis,
1241 2098 1329 2153 ubi
1363 2096 1760 2168 magnificentia
1802 2097 1919 2165 ejus
1948 2099 2126 2153 conti-

529 2208 634 2249 nua
666 2189 928 2247 honorum
953 2191 1236 2261 spirituum
1261 2190 1568 2244 laudatione
1590 2189 1911 2256 sustollitur,
1939 2190 1990 2244 in
2013 2189 2128 2246 Sola

523 2285 832 2342 dilectionis
867 2282 1220 2354 amplitudine
1251 2277 1545 2351 perficitur.
1595 2279 1721 2335 Htec
1755 2293 1872 2348 nos,
1920 2278 2130 2338 charis-

525 2377 670 2444 slmi,
717 2377 770 2430 in
802 2375 1084 2446 presentis
1134 2373 1253 2428 festi
1299 2373 1468 2428 nostri
1502 2372 1754 2442 gaudium
1805 2372 1872 2427 de
1919 2369 2130 2430 factura

533 2470 716 2540 templi
749 2481 921 2540 pauca
965 2483 1028 2522 ex
1062 2466 1307 2537 pluribus
1359 2465 1690 2521 fraternitati
1730 2475 1927 2521 vestrm
1962 2481 2132 2536 expo-

523 2563 702 2619 suisse
740 2562 917 2628 libuit,
951 2569 1220 2632 quatenus
1250 2566 1306 2616 et
1336 2559 1583 2615 miranda
1626 2559 1904 2617 terrestris
1935 2559 2130 2618 domus

517 2657 722 2712 fabrica
754 2651 1053 2711 delectaret
1082 2655 1391 2719 audientes,
1422 2661 1476 2710 et
1506 2653 1624 2710 inec
1654 2654 1843 2710 eadem
1872 2655 2131 2724 spiritua-

525 2749 649 2805 iiter
678 2747 952 2804 intellecta
985 2747 1196 2802 mentes
1227 2750 1441 2802 nostras
1471 2747 1751 2802 ardentius
1777 2746 1845 2803 ad
1887 2753 2130 2804 amorem

525 2851 777 2914 Supernze
810 2841 1157 2898 habitationis
1190 2842 1446 2914 erigeret.
1479 2840 1585 2898 Sed
1633 2843 1792 2897 etiam
1828 2841 1926 2898 liac
1972 2842 2134 2900 modo

525 2938 770 3008 exposita
821 2923 1195 3003 dedicatione,
1249 2951 1311 2991 ac
1356 2935 1649 2993 festivitate
1692 2939 2008 3006 subsecuta,
2062 2941 2132 2997 ita

2229 1913 2351 1968 cuia
2378 1912 2656 1966 introeunt
2685 1909 2991 1967 caelestium
3026 1909 3392 1977 mansionum,
3425 1915 3551 1983 quia
3598 1911 3837 1982 quamvis

2228 2017 2423 2076 graves
2455 2004 2616 2075 hujus
2658 2002 2865 2070 szeculi,
2901 2003 3146 2073 quamvis
3175 2003 3319 2075 longi
3358 2003 3558 2060 fuerint
3598 2005 3828 2074 labores,

2231 2099 2394 2153 breve
2424 2097 2676 2150 nimirum
2705 2103 2760 2149 et
2791 2096 2910 2151 leve
2954 2095 3213 2167 quidquid
3261 2101 3463 2151 {eterna
3495 2090 3825 2153 beatitudine

2233 2192 2438 2247 linitur.
2485 2189 2638 2245 Unde
2677 2196 2910 2258 oportet,
2944 2187 3242 2251 Carissiml,
3294 2197 3352 2242 ut
3384 2187 3436 2243 in
3467 2185 3832 2245 aediﬁcatione

2235 2286 2436 2340 Do‘tntts
2465 2283 2556 2338 Dei
2585 2277 2955 2352 unitsquisque
2985 2289 3226 2335 nostrum
3271 2280 3646 2348 exiturtaudu,
3679 2275 3829 2336 obse-

2234 2381 2455 2448 cra'ndo',
2517 2375 2864 2448 increpando,
2923 2377 3036 2446 ipse
3079 2375 3177 2444 piis
3227 2374 3437 2430 actibus
3483 2371 3827 2439 desudando,

2234 2473 2491 2548 quantum
2521 2473 2682 2540 valet,
2718 2471 2949 2534 insistat,
2976 2483 3040 2524 ne
3070 2472 3111 2522 si
3133 2469 3438 2538 quempiam
3462 2461 3580 2523 Rex
3602 2469 3829 2524 ctelestis

2237 2582 2379 2624 nunc
2404 2565 2651 2622 desidere
2682 2564 2734 2619 in
2768 2577 2933 2634 opere
2959 2562 3038 2616 stti
3070 2559 3257 2630 templi
3283 2560 3658 2631 conspexerit,
3693 2563 3829 2614 hunc

2238 2667 2290 2720 in
2323 2665 2564 2735 tempore
2609 2657 2801 2716 futurm
2831 2657 3209 2727 dedicationis,
3245 2671 3453 2728 magna:
3484 2651 3600 2711 sine
3639 2657 3826 2711 soletn-

2238 2759 2421 2815 nitatis
2454 2756 2646 2813 reddat
2676 2765 2943 2812 exortem.
2989 2750 3312 2824 Satagamu's
3342 2747 3532 2808 minue
3559 2751 3827 2807 ciiaiitatis

2239 2853 2458 2918 auxilio,
2492 2859 2550 2906 ut
2578 2865 2767 2906 omnes
2790 2849 2885 2906 vus
2916 2849 3081 2904 alacri
3127 2847 3312 2912 corde,
3343 2856 3399 2902 et
3439 2845 3738 2901 indefessos
3780 2845 3826 2900 in

2237 2949 2510 3022 operibus,
2541 2959 2663 3018 qua:
2696 2946 2810 3016 ipse
2854 2944 3132 3014 prmcepit,
3186 2943 3484 3006 inveniens,
3539 2939 3729 2996 omnes
3765 2937 3823 2995 ad

523 3031 801 3100 Scrlpluru
851 3032 1118 3084 conclusit
1150 3033 1166 3099 (
1193 3028 1258 3086 Ill
1308 3031 1436 3102 Reg.
1483 3041 1602 3097 Vm,
1635 3031 1747 3105 66)
1791 3052 1804 3088 :
1840 3032 1907 3089 Et
1937 3033 2136 3089 dimisit
2240 3044 2478 3113 prmniia,
2513 3055 2629 3111 qua:
2662 3035 2928 3109 promisit,
2963 3035 3236 3107 p‘erpeture‘
3265 3037 3376 3088 sine
3408 3033 3632 3088 visionis
3663 3033 3825 3086 ίιηι-ο.

525 3123 776 3178 Salomon
804 3124 1044 3195 populos,
1070 3125 1156 3195 qui
1183 3124 1536 3180 benedicentes
1559 3123 1696 3198 ‘Regi
1740 3127 1960 3197 profecti
2011 3139 2132 3184 sunt

2239 3135 2398 3192 ducat
2446 3137 2602 3192 Jesus
2651 3129 2899 3188 Christus
2937 3129 3195 3184 Dominus
3243 3122 3448 3190 hoster,
3481 3121 3572 3196 qn'i
3621 3123 3826 3178 visitet

523 3219 577 3272 in
610 3219 943 3273 tabernacula
971 3225 1084 3283 sua,
1121 3221 1373 3287 (celantes,
1404 3227 1450 3276 et
1481 3222 1644 3278 alacri
1668 3223 1820 3278 tarde
1842 3241 1996 3296 super
2018 3243 2129 3279 ont-
2156 3201 2200 3266 (ἶ
2237 3235 2426 3300 regnat
2456 3243 2578 3294 cum
2612 3225 2770 3279 Patre
2797 3219 2936 3277 Deus
2965 3221 3016 3276 in
3042 3217 3245 3275 imitate
3273 3211 3506 3290 Spiritus
3538 3213 3718 3273 Sancti
3744 3229 3828 3285 per

524 3308 675 3362 nibus
697 3308 842 3362 bonis
865 3315 980 3372 ante
1005 3309 1198 3377 fecerat
1225 3309 1474 3365 Dominus
1505 3312 1678 3368 David
1713 3329 1874 3386 puero
1903 3321 1996 3370 suo
2023 3357 2036 3380 ,
2081 3324 2130 3370 et

525 3397 696 3452 Israel
722 3399 917 3470 populo
954 3407 1046 3454 suo
1089 3415 1107 3452 :
1152 3400 1393 3457 Dimittet
1436 3403 1581 3457 enim
1617 3402 1874 3460 Dominus
1909 3407 2129 3476 peracto

2237 3325 2430 3381 cuncta
2457 3321 2656 3378 saecula
2678 3319 3026 3376 sdt'culorum.
3056 3309 3248 3370 Aine'n.

586 3533 3790 3561 ΜΝ*

1566 3635 2143 3743 MONITUM
2196 3652 2795 3741 EDITORIS.

600 3794 662 3850 ln‘
689 3793 924 3852 editione
955 3795 1252 3852 veronensi
1283 3813 1349 3854 eo
1381 3797 1484 3852 loci
1527 3799 1867 3854 interscritur
1895 3815 2128 3870 opuscu-

530 3883 641 3942 luni
667 3887 753 3943 cu'i
784 3879 968 3942 lilitlus
999 3889 1012 3944 ἐ
1048 3885 1270 3942 Melrum
1309 3887 1361 3943 in
1393 3887 1650 3956 Genesiin,
1689 3890 1757 3944 ad
1786 3887 2005 3945 Leonem
2033 3909 2128 3962 pa-

529 3979 668 4050 pa'm.
701 3977 854 4066 Quod
883 3975 1101 4051 quidem
1131 3994 1371 4048 carmen,
1415 3996 1536 4037 cum
1582 3969 1651 4036 ad
1694 3979 1953 4037 Hilarium
2002 4000 2128 4039 nos-

2235 3805 2377 3853 trtnn
2411 3809 2514 3850 non
2549 3795 2822 3864 pertinere
2853 3802 3013 3844 nemo
3039 3775 3370 3841 eruditorum
3402 3775 3611 3837 inficias
3637 3793 3741 3864 eat,
3761 3781 3818 3835 ad

2237 3889 2411 3960 Opera
2437 3863 2611 3944 sancti
2643 3901 2793 3960 papm
2818 3885 2902 3940 cui
2932 3877 3276 3950 nuncupatur
3305 3870 3653 3947 relegandum
3683 3863 3818 3928 duxi-

2238 3998 2376 4039 mus.

535 4099 3790 4131 _____________________________________________——-

1054 4217 1400 4312 LIBER
1473 4217 1635 4312 DE
1710 4228 2125 4312 PATRIS
2201 4228 2354 4311 ET
2411 4223 2686 4310 FILII
2743 4218 3306 4320 UNITATE,

855 4409 961 4470 ET
1037 4399 1391 4486 ALIQUOT
1466 4400 1855 4476 LOCORUM
1885 4461 1888 4464 .
1924 4407 2207 4472 saeuas
2285 4355 2748 4470 SCRIPTqu
2830 4393 3508 4462 iNTERPBE'i‘ATiO.

1837 4559 2530 4621 διεδηεθθΞε-σκεκω

600 4705 701 4780 Qui
752 4707 886 4764 lianc"
929 4703 1116 4763 librum
1157 4709 1293 4760 anno
1325 4703 1465 4761 1555
1496 4705 1632 4776 typis
1665 4701 2006 4759 Frobenianis
2041 4703 2126 4758 edi

523 4803 852 4869 turdeefunt,
896 4795 1162 4856 vixillum
1191 4815 1218 4854 e
1259 4797 1402 4870 prelo
1429 4797 1801 4864 subduxerunt,
1833 4814 1948 4852 cum
1983 4809 2123 4852 eam;

523 4899 762 4971 perérunl
787 4887 932 4950 illum
956 4893 1057 4948 non
1084 4904 1268 4948 novum
1295 4889 1488 4946 Hilarii
1505 4897 1652 4962 opus,
1676 4890 1766 4945 sed
1787 4885 2120 4958 rhapsodiant

521 5007 629 5045 esse
652 4981 869 5044 studiosi
896 4985 1214 5059 cujuspia‘tn',
1247 4991 1352 5038 tum
1385 4999 1411 5037 e
1434 4979 1658 5038 secundo
1695 4981 1824 5036 libro
1852 4977 1915 5035 de
1941 4977 2118 5034 Trini-

2230 4701 2318 4756 ti'.e
2345 4698 2578 4762 excedit.
2611 4707 2764 4755 extra
2801 4711 2958 4769 quem
2993 4695 3125 4750 nihil
3154 4699 3258 4757 est.
3290 4693 3376 4748 cui
3407 4706 3628 4762 semper
3650 4695 3737 4758 sit,
3767 4697 3814 4745 ut

2231 4791 2334 4850 hoc
2370 4793 2530 4850 modo
2567 4797 2629 4849 se
2666 4792 2796 4849 velit
2834 4791 2892 4847 in
2938 4790 3163 4846 veritate
3211 4783 3544 4843 sacramenti
3577 4785 3807 4856 intelligi.

2231 4887 2344 4946 Hoc
2364 4887 2817 4958 imperspicabilis
2840 4889 3045 4941 naturae
3072 4891 3156 4939 est
3179 4883 3378 4937 nomen
3401 4880 3453 4936 in
3481 4881 3659 4948 Patre,
3686 4879 3812 4952 quod

2228 4985 2369 5042 Deus
2401 4983 2702 5048 invisibilis,
2730 4977 3039 5046 ineffabilis,
3071 4976 3332 5042 inﬁnitus,
3364 4975 3428 5030 ad
3451 4973 3615 5047 quem
3643 4983 3690 5030 et
3715 4975 3812 5029 elo-

521 5091 640 5146 tate,
668 5087 775 5134 tum
801 5079 1022 5133 maxime
1067 5093 1128 5130 ea:
1155 5089 1288 5130 nono
1326 5074 1755 5138 consarcinalant,
1801 5074 1883 5128 cui
1911 5071 2119 5127 aliunde
2145 5125 2198 5186 Β
2223 5078 2496 5151 quendam
2520 5083 2705 5132 sermo'
2742 5073 2924 5138 sileat,
2957 5082 3011 5127 et
3039 5069 3472 5141 investigandum
3503 5079 3696 5124 sensus
3727 5066 3810 5120 lic-

529 5177 534 5180 -
575 5173 588 5186 ι
624 5185 627 5186 ,
660 5175 691 5186 ι-
717 5171 726 5186 ι
803 5172 833 5186 ι.
898 5181 922 5186 ..
959 5173 998 5186 -,
1032 5169 1099 5186 ,.a-
1181 5165 1230 5186 ιι-
1280 5181 1324 5186 -.ν
1375 5167 1426 5186 09,
1469 5161 1660 5186 [ηιμ-ΞΛΜ
1710 5163 2089 5186 ___.,L;_-_'__2L___
2227 5167 2238 5186 I
2269 5175 2308 5186 .1-
2354 5173 2438 5186 1L.-
2520 5180 2560 5186 _-
2606 5164 3069 5186 μλι-ιφιιΑ.Α.ν.Ι--.ι.
3115 5161 3466 5186 εᾼ-ιλιιξΑΑ..ιιά
3497 5165 3788 5186 ΑΛΑΔ-ΙΔίίι-

517 5171 727 5230 adtextd
761 5172 833 5226 es’t
873 5169 1136 5242 appendix
1174 5165 1235 5222 tte
1278 5167 1431 5222 variis
1467 5161 1660 5222 Christi
1702 5163 2109 5238 cognbininibus.

519 5254 650 5322 Hice
678 5263 832 5336 porri)
876 5261 1137 5335 appendix
1175 5253 1432 5331 desciip‘lt‘i
1474 5268 1546 5314 est
1569 5271 1632 5314 ex
1668 5261 1784 5329 cup.
1825 5255 1860 5314 6
1887 5255 2007 5312 libri
2050 5257 2116 5313 de

516 5357 618 5427 ﬁde
653 5347 961 5420 orthodoxa,
1004 5349 1145 5421 ἄραά
1189 5345 1514 5406 Ambrosium
1553 5345 1600 5406 et
1627 5351 1768 5421 ἄρεω
1809 5347 2112 5421 Gregorium

521 5443 658 5504 Naz.
685 5443 904 5519 vulgati,
940 5445 1083 5516 qu'elit
1112 5432 1348 5515 Creg’arii
1371 5435 1555 5498 Bmtt'ci
1597 5443 1704 5496 esse
1725 5441 1936 5514 plur'iini
1972 5439 2112 5495 arbi-

517 5537 736 5594 trantur.
766 5535 852 5592 Ea:
878 5535 1055 5590 eodeni
1083 5531 1431 5589 additamenta
1462 5533 1732 5604 con/icitur
1757 5537 1919 5588 sefmo
1940 5533 1993 5586 in
2020 5541 2114 5602 ap;

521 5627 732 5698 pendice
759 5617 1035 5697 Augustini
1068 5629 1203 5680 ηυῆε
1229 5625 1354 5681 H3.

594 5713 735 5770 Deus
758 5720 849 5784 qui
881 5718 1079 5785 ubique
1109 5721 1193 5771 est
1223 5715 1332 5788 (Ea:
1368 5713 1456 5772 lib.
1499 5731 1537 5772 tt
1583 5713 1772 5773 Hilarii
1801 5718 1866 5774 de
1897 5713 2110 5789 Trinit,

523 5804 675 5874 nltm.
708 5801 790 5874 6),
816 5815 870 5861 et
901 5801 1096 5877 ubique
1125 5813 1268 5864 totu‘s
1292 5817 1396 5886 est,
1426 5809 1496 5862 ita
1533 5810 1773 5880 regimen
1808 5811 2112 5885 intelligen-

2227 5167 2459 5235 béleit'ii‘,
2513 5180 2567 5225 et
2597 5164 3069 5238 complectendum
3115 5161 3466 5234 intelligentia
3493 5165 3804 5216 coaretett'tr.

2225 5261 2422 5319 Deficit
2447 5271 2578 5332 ergo
2604 5258 2716 5332 (Ex
2747 5271 2889 5312 nam.
2929 5255 2990 5327 7)
3015 5257 3069 5312 in
3099 5253 3502 5324 nuncupatione
3528 5253 3803 5316 confessio,

2221 5363 2276 5412 et
2313 5353 2572 5427 quidquid
2621 5353 2695 5408 illi
2743 5361 3054 5407 sermonum
3084 5349 3374 5419 aptabitur,
3422 5346 3593 5401 Deum
3624 5356 3681 5400 ut
3716 5353 3806 5411 est,

2221 5449 2564 5520 quantusque
2590 5455 2693 5513 est,
2723 5459 2826 5500 non
2866 5446 3134 5515 loquetur.
3181 5440 3430 5498 Perfecta
3459 5439 3686 5495 Scientia
3711 5443 3805 5504 est,-

2221 5541 2301 5598 sic
2329 5537 2502 5596 Detim‘
2523 5539 2684 5600 scire,
2721 5543 2776 5591 ut
2804 5534 2931 5591 lieet
2954 5551 3059 5590 non
3092 5532 3475 5605 ignoraliilem,
3500 5532 3677 5586 tamen
3707 5531 3808 5584 ine-’

2222 5627 2548 5688 nairattilem
2579 5627 2742 5683 scias.
2773 5625 3087 5681 Credendus
3125 5633 3231 5689 est,
3261 5622 3669 5694 intelligendas,
3689 5620 3804 5676 ado-

2221 5723 2428 5779 randus
2450 5727 2552 5785 est,
2583 5732 2635 5777 et
2660 5723 2725 5776 iis
2750 5718 2945 5776 ofﬁciis
2971 5717 3324 5791 eloquendns.

2300 5815 2396 5883 Lst
2422 5819 2602 5885 autem
2634 5808 2802 5875 Filius"
2827 5815 3113 5905 progenies
3155 5809 3373 5902 ingenui
3403 5807 3516 5894 (Es
3554 5813 3698 5864 nam:
3729 5803 3800 5881 3),-
