3978 6196
118 347 236 406 885

1108 318 1315 378 LIBER
1367 312 1455 370 DE
1490 306 1737 368 PATRIS
1777 302 1866 359 ET
1909 297 2064 356 FILII
2107 293 2430 354 UNI'I'A'I'E.

3322 276 3425 332 886

117 475 265 517 unus
291 471 358 514 ex
381 469 513 520 uno,
544 465 707 506 πως
737 463 767 502 a
800 457 950 507 vero,
979 439 1134 495 νίνιις
1159 451 1190 490 a
1215 433 1360 495 vivo,
1403 424 1673 499 perfectus
1693 435 1724 476 a
1753 423 1809 483 Α
1832 431 1992 472 manu
2043 429 2138 469 sua
2183 411 2379 483 operit,
2423 418 2600 479 pugno
2643 414 2858 458 omnem
2907 395 3169 454 mundum
3205 393 3425 460 claudit,

2103 516 2112 520 _
2394 504 2432 520 ι,
2483 497 2728 520 _-_-:-_...
2800 503 2848 520 ι..
2889 489 3180 520 mdia-anAn
3229 489 3404 520 οιιῖιιηο

119 553 393 626 perfecto,
422 544 640 602 virtutis
678 541 871 601 virtus,
913 529 1194 603 Sapientiae
1236 523 1523 595 sapientia,
1554 514 1726 588 gloria

119 608 340 718 glorias,
383 640 562 709 imago
587 629 872 690 invisibilis
913 625 1031 689 Dei,
1066 621 1238 676 forma
1267 614 1436 686 patris
1460 608 1680 681 ingeniti
1713 624 1727 660 :

123 698 297 798 habet
340 698 521 807 igitur.
547 725 843 786 nativitatis
888 719 1047 791 hujus
1088 715 1274 785 utique
1326 715 1596 764 secretum
1625 698 1734 774 (Ea:

126 849 275 888 nam.
309 803 389 901 9):
417 827 488 882 Et
516 825 562 880 si
584 823 704 894 quis
731 819 866 873 forte
896 809 1267 881 intelligentia:
1294 818 1407 859 suae
1435 803 1733 868 imputave-

129 925 224 989 rit,
259 914 632 993 generationis
663 910 823 980 hujus
849 909 1246 961 sacramentum
1273 912 1378 949 non
1408 904 1569 964 posse
1598 901 1732 942 cou-

131 985 313 1085 sequi,
343 1027 465 1066 cum
493 1018 671 1062 tamen
703 1011 756 1057 et
777 999 938 1055 Pater
960 995 1031 1050 sit
1059 990 1302 1048 absolute
1335 985 1660 1045 intellectus,
1683 986 1738 1033 et

132 1107 313 1164 Filius
337 1119 439 1159 nec
481 1099 656 1169 major
687 1110 773 1161 eo,
809 1106 910 1148 nec
955 1089 1169 1149 minor;
1220 1083 1338 1136 sine
1363 1078 1552 1134 dolore
1590 1090 1617 1127 a
1652 1087 1738 1127 me

137 1198 348 1260 audiet,
384 1195 600 1266 Ignoro,
626 1203 727 1259 ego
758 1183 964 1248 nescio,
998 1193 1104 1235 non
1133 1174 1374 1244 requiro.
1408 1165 1740 1226 Cousolabor

137 1308 227 1348 me
265 1259 445 1344 tamen
481 1277 845 1349 :Arcbangeli
874 1273 1142 1331 nesciunt,
1176 1265 1367 1336 Angeli
1401 1280 1504 1317 non
1554 1259 1738 1312 audiec

137 1393 291 1447 runt,
334 1376 602 1448 Propheta
653 1386 757 1426 non
803 1367 992 1429 sensit,
1042 1359 1335 1433 Apostolus
1367 1350 1738 1422 interrogavit,

138 1442 316 1534 Filius
339 1442 460 1541 ipse
475 1483 583 1524 non
608 1462 798 1521 edidit.
829 1460 1022 1516 Cesset
1045 1457 1199 1510 dolor
1228 1449 1594 1522 querelarum.
1625 1442 1742 1497 Non

143 1578 218 1634 te,
242 1563 488 1637 quisquis
512 1575 573 1616 es
601 1559 688 1629 qui
718 1557 836 1610 haec
872 1549 1092 1622 quaeris,
1135 1555 1332 1601 revoco
1365 1543 1416 1596 in
1443 1537 1740 1599 excelsum,

142 1631 275 1718 non-
300 1661 355 1714 in
385 1631 807 1726 amplitudinem
847 1642 1033 1709 tendo,
1106 1652 1213 1693 non
1257 1635 1468 1690 deduco
1510 1631 1564 1684 in
1616 1643 1744 1699 pro-

141 1753 397 1810 fundum.

1834 525 1994 581 quem
2042 516 2212 563 totum
2261 504 2441 560 omnia
2482 497 2752 562 nesciunt,
2797 503 2853 548 et
2889 489 3181 548 metuendo
3229 489 3452 552 sciunt,’

1839 602 2000 672 cujus
2039 599 2240 655 nomini
2290 606 2344 652 et
2384 591 2571 650 virtuti
2614 587 2959 650 famulantur,
2992 583 3138 638 hunc
3182 581 3334 636 Orbis
3364 592 3431 635 ex

1836 699 1951 769 ipsa
1981 698 2370 752 elementorum
2397 690 2499 748 sibi
2521 684 2923 746 succedentium
2953 688 3332 736 momentanea
3355 677 3435 730 vi-

1836 791 2152 848 cissitudine
2192 796 2437 843 testatur.
3281 814 3284 818 .

1910 885 2068 940 Ratio
2093 883 2337 954 quaidam
2359 886 2464 944 est,
2487 891 2604 946 quae
2627 872 2766 942 apud
2793 870 3012 926 Graecos
3037 867 3182 941 λόγος
3197 862 3438 935 appella-

1841 989 1948 1047 tur,
1981 993 2101 1048 quae
2131 977 2270 1029 inter
2293 972 2504 1026 Patrem
2554 974 2610 1022 et
2639 965 2834 1020 Filium
2870 972 3127 1031 personas
3168 957 3254 1012 vel
3281 968 3439 1010 voca-

1842 1073 1964 1128 bula
2011 1067 2291 1136 distinguit
2323 1081 2333 1116 :
2366 1063 2488 1134 quia
2519 1061 2633 1129 ipse
2681 1055 2846 1111 Filius
2892 1052 3032 1107 ratio
3074 1050 3288 1114 dicitur,
3317 1061 3436 1117 qua:

1847 1173 2024 1218 tamen
2050 1160 2188 1216 ratio
2219 1155 2404 1212 multis
2431 1149 2737 1206 nominibus
2759 1144 3080 1216 appellatur.
3113 1139 3270 1195 Modo
3291 1137 3434 1194 enim

1845 1257 2094 1319 verbum,
2125 1250 2286 1306 modo
2336 1249 2524 1311 virtus,
2571 1241 2730 1296 modo
2782 1233 3067 1307 sapientia,
3101 1229 3260 1286 modo
3305 1228 3440 1282 dex-

1848 1360 1984 1412 tera,
2019 1344 2178 1400 modo
2208 1338 2514 1401 brachium,
2563 1331 2724 1388 modo
2769 1326 3079 1398 margarita,
3122 1320 3285 1377 modo
3323 1318 3440 1372 the-

1847 1455 2061 1506 saurus,
2086 1436 2248 1492 modo
2279 1433 2434 1497 retia,
2463 1427 2624 1484 modo
2644 1432 2903 1489 aratrum,
2928 1418 3089 1474 modo
3117 1416 3261 1481 fons,
3283 1412 3443 1468 modo

1848 1546 2022 1609 petra,
2071 1529 2231 1586 modo
2277 1526 2415 1595 lapis
2473 1519 2764 1592 angularis,
2814 1511 2974 1569 modo
3030 1524 3219 1580 agnus,
3279 1506 3440 1561 modo

1853 1634 2035 1694 homo,
2066 1623 2225 1679 modo
2252 1618 2473 1681 vitulus,
2519 1612 2678 1668 modo
2707 1607 2908 1680 aquila,
2942 1602 3103 1660 modo
3132 1600 3240 1665 leo,
3287 1597 3446 1651 modo

1852 1725 1960 1789 via,
1992 1720 2154 1777 modo
2181 1717 2399 1780 veritas,
2425 1708 2589 1765 modo
2614 1708 2743 1771 vita,
2770 1717 2893 1758 cum
2927 1699 2996 1754 sit
3021 1697 3163 1752 Deus
3193 1692 3371 1749 omnia
3394 1699 3448 1745 et

218 1845 352 1901 Haec
379 1841 449 1898 de
482 1847 674 1896 natura
715 1829 1019 1891 divinitatis
1060 1825 1334 1896 attigimus
1364 1819 1474 1894 (Ea:
1500 1834 1644 1872 num.
1679 1813 1740 1868 Η
1780 1815 1824 1874 Β
1856 1821 1908 1875 in
1937 1788 2205 1872 omnibus.
2244 1809 2314 1864 Et
2343 1822 2438 1877 per
2469 1805 2582 1858 haec
2611 1797 2870 1856 vocabula
2901 1793 3202 1849 divinarum
3233 1788 3450 1857 diSpen-

141 1951 191 1997 ει
219 1937 334 2011 12),
372 1951 480 1993 non
507 1945 771 1990 summam
797 1921 1165 1989 intelligentia:
1195 1913 1742 1984 compreliendentes,

142 2032 242 2090 sed
267 2000 631 2099 intelligentes
655 2010 1222 2089 incomprehensibilia
1260 2021 1383 2062 esse
1419 2020 1539 2074 quae
1571 2000 1744 2072 loqui-

144 2137 290 2180 mur.
321 2094 536 2178 Nullum
566 2130 717 2186 ergo,
745 2113 903 2174 dicis,
932 2106 1172 2165 ofﬁcium
1198 2099 1320 2155 ﬁdei
1344 2106 1448 2164 est,
1479 2097 1522 2151 si
1556 2094 1627 2149 nil
1653 2107 1746 2162 po-

146 2217 279 2274 terit
299 2209 708 2284 comprehendi.
732 2205 903 2261 Immo
931 2203 1033 2257 hoc
1061 2197 1296 2254 ofﬁcium
1327 2191 1458 2247 ﬁdes
1499 2186 1748 2259 proﬁtea-

146 2321 258 2376 tur,
313 2309 368 2362 id
418 2305 561 2362 unde
598 2301 854 2375 quaeritur
897 2287 1441 2364 incomprehensibile
1482 2281 1585 2339 sibi
1625 2294 1750 2336 esse

147 2403 318 2459 scire.
340 2400 603 2468 Superest
616 2372 684 2451 de
705 2387 1051 2448 inenarrabili
1069 2382 1414 2456 generatione
1435 2374 1552 2432 Filii
1576 2372 1751 2428 adhuc

150 2492 392 2564 aliquid:
413 2464 578 2546 immo
605 2483 804 2556 aliquid
835 2480 966 2536 illud
998 2478 1175 2532 adhuc
1203 2482 1371 2529 totum
1403 2477 1503 2524 est.
1533 2464 1748 2530 IEstuo,

148 2589 395 2653 differor,
444 2584 698 2644 hebesco,
731 2589 784 2636 et
825 2575 964 2632 unde
1015 2571 1266 2641 incipiam
1308 2565 1512 2622 nescio.
1560 2561 1753 2617 Nescio

151 2684 302 2740 enim
329 2677 544 2751 quando
574 2685 731 2730 natus
765 2673 834 2726 sit
859 2667 1028 2724 Filius
1056 2684 1068 2720 :
1096 2672 1152 2719 et
1176 2661 1328 2717 nefas
1350 2667 1432 2714 est
1456 2653 1589 2710 milii
1615 2652 1754 2707 scire

155 2773 377 2846 Quando
408 2780 564 2826 natus
593 2767 663 2821 sit
702 2763 890 2820 Filius.
922 2759 1093 2828 Quem
1127 2748 1430 2823 imprecer?
1467 2761 1625 2817 quem
1657 2744 1754 2796 im-

155 2837 406 2940 plerem?
433 2878 498 2919 ex
537 2859 734 2932 quibus
778 2855 931 2910 libris
971 2849 1037 2905 ad
1079 2855 1347 2903 tantarum
1380 2837 1756 2896 difﬁcultatum

157 2961 528 3018 narrationem
585 2951 744 3009 verba
802 2942 1170 3020 praesumam?
1229 2937 1489 2993 Evolvam
1541 2944 1756 2986 omnem

157 3056 389 3112 Grzecite
417 3047 696 3107 scholam?
728 3043 835 3099 Sed
863 3041 990 3110 legi,
1023 3036 1112 3091 ubi
1139 3029 1395 3102 Sapiens?
1428 3026 1513 3081 ubi
1547 3021 1760 3080 scriba?

161 3149 256 3205 ubi
287 3143 624 3216 conquisitor
651 3135 880 3194 saeculi?
908 3133 963 3187 In
995 3131 1098 3185 hoc
1117 3141 1246 3196 ergo
1274 3121 1472 3177 mundo
1501 3117 1760 3186 sophistae

162 3243 321 3301 multi
340 3243 678 3310 etsapientes
706 3242 864 3291 sunt:
895 3227 1210 3299 sapientiam
1239 3231 1416 3274 autem
1449 3214 1542 3270 Dei
1571 3227 1761 3282 repro-

163 3339 458 3394 haveront.
503 3331 748 3387 Seribam
778 3326 908 3397 legis
942 3316 1260 3378 Consulatu?
1303 3314 1408 3370 Sed
1450 3311 1678 3381 ignorat,
1711 3311 1767 3361 et

165 3446 305 3486 crux
331 3426 531 3483 Christi
558 3422 875 3480 scandalum
903 3427 1004 3472 est.
1043 3411 1313 3468 Hortabor
1343 3407 1483 3461 forte
1508 3417 1602 3458 vos
1637 3413 1766 3456 eon-

168 3525 363 3582 nivere
410 3531 464 3577 et
508 3531 690 3576 tacere
724 3535 738 3571 :
778 3515 904 3585 quia
935 3513 1001 3565 ad
1036 3505 1438 3563 venerationem
1479 3499 1597 3569 ejus
1642 3496 1770 3549 satis

169 3620 270 3686 sit,-
303 3615 525 3688 quodin
568 3608 874 3680 Evangeliis
911 3602 1233 3678 praedicatur
1261 3607 1405 3652 tanta
1432 3595 1570 3650 inter
1601 3589 1774 3646 homi-

174 3728 278 3770 nes
300 3709 496 3766 fecisse
519 3705 786 3776 stupenda
813 3700 1072 3772 prodigia.

253 3803 342 3859 Ea:
370 3819 510 3857 nam.
552 3801 640 3856 15.
671 3792 1023 3850 —Consistit
1051 3789 1196 3846 enim
1241 3799 1422 3841 meum
1453 3783 1504 3835 in
1535 3777 1770 3850 patroci-

179 3900 333 3956 nium
357 3896 737 3952 meditatarutn
760 3887 1136 3944 difﬁcultatum
1167 3883 1397 3952 piscator
1419 3889 1605 3947 egens,
1631 3873 1780 3941 igno-

184 4009 296 4064 tus,
331 3995 599 4056 indoctus,
636 3991 882 4046 manibus
909 3988 1020 4040 lino
1044 3981 1340 4050 occupatis,
1369 3985 1519 4030 veste
1540 3969 1778 4035 humida,

186 4091 419 4165 pedibus
448 4090 576 4144 lituo
619 4086 821 4148 oblitis,
856 4090 998 4137 totus
1026 4095 1057 4134 e
1099 4075 1240 4130 navi.
1268 4070 1504 4139 Quaerite
1553 4076 1606 4121 et
1635 4066 1785 4119 inve-

191 4187 330 4253 nite,-
359 4193 538 4239 utrum
579 4177 876 4236 mirabilius
897 4172 1059 4228 fuerit
1098 4175 1340 4223 mortuos
1380 4160 1689 4222 suscitasse,
1719 4172 1786 4210 an

192 4278 452 4351 imperito
499 4274 782 4331 scientiam
821 4269 974 4324 istius
1028 4261 1286 4325 doctrinas
1333 4251 1646 4311 intimasse?
1703 4251 1791 4305 Ait

195 4377 365 4438 enim,
400 4373 456 4427 In
485 4368 749 4441 principio
785 4371 900 4420 erat
926 4359 1184 4416 Verbum.
1233 4343 1608 4407 Trausetmtur
1651 4349 1790 4399 tem-

199 4485 356 4542 pora,
385 4463 820 4522 transmittuntur
842 4454 1059 4517 saecula,
1096 4449 1354 4504 tolluntur
1374 4451 1591 4497 aetates:
1618 4437 1794 4508 pisca-

196 4534 288 4619 tor
319 4534 469 4615 metis
497 4557 806 4612 illitteratus
832 4540 967 4605 liber
994 4549 1042 4599 a'
1062 4553 1304 4612 tempore
1339 4541 1442 4601 est,
1475 4534 1603 4588 vicit
1628 4544 1792 4586 omne
1824 4582 1875 4642 Β

201 4653 548 4730 principium.

1851 1909 2122 1965 sationum
2150 1900 2403 1974 mysteria
2427 1901 2844 1965 cognoscuntur.

1921 1999 2055 2054 Nam
2085 2004 2139 2051 et
2165 1973 2235 2048 ob
2279 1992 2380 2045 hoc
2410 1987 2644 2043 Verbum
2677 1987 3014 2047 nuncupatur
3048 1993 3064 2028 :
3089 1973 3211 2044 quia
3240 1978 3296 2026 et
3325 1981 3450 2039 pro-

1851 2097 1968 2166 prie
1994 2093 2174 2146 divino
2211 2101 2307 2142 ore
2339 2081 2622 2154 processit,
2652 2087 2706 2133 et
2738 2072 2871 2130 nihil
2899 2070 3060 2126 Pater
3106 2067 3223 2121 sine
3263 2077 3330 2119 eo
3361 2070 3453 2116 aut

1849 2188 2031 2258 jussit,
2059 2192 2149 2239 aut
2178 2181 2323 2235 fecit.
2353 2177 2532 2230 Virtus
2561 2172 2802 2254 dicitur’:
2837 2165 2959 2235 quia
2984 2175 3114 2219 vere
3144 2159 3212 2214 de
3239 2157 3373 2220 Deo,
3400 2160 3454 2208 et

1853 2294 2068 2350 semper
2108 2287 2231 2330 cum
2277 2273 2408 2334 Deo,
2443 2275 2497 2322 et
2542 2262 2718 2318 omnis
2763 2243 3000 2328 potestas
3025 2252 3202 2306 Patris
3252 2249 3304 2302 in
3339 2248 3456 2316 ipso

1854 2338 2122 2430 cons-imit.
2155 2360 2429 2434 Sapientia
2482 2354 2780 2426 appellatur
2814 2367 2829 2402 :
2858 2347 2982 2417 quia
3028 2344 3097 2398 de
3140 2339 3306 2395 corde
3350 2338 3454 2391 Pa-

1857 2469 1956 2524 tris
2004 2461 2296 2520 adveniens
2345 2465 2540 2508 arcana
2587 2447 2638 2501 iu
2686 2439 3001 2499 caelestibus
3048 2433 3227 2504 (Apud
3273 2428 3454 2484 Ambr.

1856 2558 2099 2619 caelestia
2124 2545 2492 2615 credentibus)
2518 2537 2804 2598 reseravit.
2836 2535 3067 2588 Dextera
3091 2530 3454 2592 nuncupatur:

1858 2655 1999 2726 quod
2043 2664 2139 2720 per
2178 2660 2301 2701 eum
2345 2639 2525 2695 omnia
2577 2645 2740 2703 Opera
2790 2626 2973 2684 divina
3024 2618 3262 2692 perfecta
3307 2623 3453 2669 sunt.
3501 2664 3515 2676 ,

1858 2711 2146 2804 έτωεὶιίιιιη
2173 2736 2370 2792 dicitur
2399 2750 2410 2785 :
2441 2731 2564 2801 quia
2605 2725 2674 2780 ab
2721 2722 2841 2792 ipso
2873 2716 3056 2773 omnia
3086 2711 3454 2768 continentur.

1861 2801 2142 2908 blargarita
2175 2828 2472 2901 appellatur
2500 2839 2512 2874 :
2537 2821 2661 2889 quia
2691 2814 2823 2871 nihil
2864 2811 2957 2867 illo
2990 2803 3278 2880 pretiosius
3308 2801 3457 2855 inve-

1863 2889 2025 2988 nito;
2056 2925 2364 2980 Thesaurus
2406 2913 2601 2969 dicitur
2635 2915 2733 2964 :ut
2777 2907 2827 2959 in
2863 2904 2980 2972 ipso
3028 2907 3217 2953 omnes
3247 2889 3460 2947 divitiae

1863 3013 2152 3094 regnorum
2207 3010 2506 3069 caelestium
2544 3047 2558 3068 ,
2609 3007 2730 3072 quze
2774 2994 3235 3076 reconditacsunt,
3287 2997 3452 3055 agno-

1864 3077 2102 3174 scantur.
2130 3109 2329 3181 (Ambr.
2361 3102 2589 3159 conditae
2620 3091 2866 3166 agnosc.)
2898 3088 3052 3144 Retia
3074 3083 3267 3139 dicitur
3297 3077 3462 3148 :quia

1789 3195 1834 3257 CI
1872 3229 1968 3284 per
1999 3170 2197 3280 ipsum,
2223 3210 2278 3258 et
2307 3200 2358 3255 in
2386 3197 2503 3267 ipso
2530 3193 2598 3248 de
2639 3188 2776 3245 mari
2804 3183 3007 3245 saeculi,
3036 3177 3276 3250 gentium
3309 3170 3463 3243 quasi

1872 3265 2160 3361 Inultiutudo
2184 3265 2422 3366 piscium
2447 3292 2498 3342 in
2524 3281 2766 3341 Ecclesia
2788 3279 3208 3346 congregantur,
3251 3267 3342 3322 ubi
3370 3265 3464 3318 bo-

1873 3409 2064 3452 norum
2110 3389 2481 3452 malorumque
2527 3372 2834 3432 discrimina
2878 3366 3295 3436 cognoscuntur.
3329 3358 3469 3412 Ara-

1877 3506 2016 3550 trum
2064 3490 2405 3552 nuncupatur
2438 3473 2600 3546 :quia
2651 3469 2805 3538 signo
2852 3461 3028 3518 crucis
3066 3471 3181 3513 sua:
3225 3453 3463 3523 gentium

1875 3596 2098 3659 pectora
2125 3577 2460 3647 subiguntur,
2493 3575 2551 3622 ut
2580 3556 2889 3618 necessario
2927 3551 3120 3609 semini
3155 3558 3466 3618 praeparen-

1879 3637 1984 3736 trttr.
2033 3676 2178 3732 Fons
2221 3637 2374 3738 aqum
2414 3659 2714 3732 appellatur
2746 3672 2758 3706 :
2785 3649 2908 3721 quia
2956 3661 3022 3702 ex
3063 3657 3129 3698 eo
3174 3637 3472 3695 sitientium

1880 3772 2042 3830 corda
2085 3729 2329 3840 malest-is
2376 3729 2531 3827 aquae
2571 3749 2742 3823 gratia
2788 3744 3097 3812 irrigantur.
3140 3734 3296 3790 Petra
3339 3729 3473 3784 dici-

1885 3879 1971 3925 tur
2004 3884 2018 3923 :
2051 3826 2175 3934 qhia
2216 3823 2561 3914 credentibus
2589 3839 2979 3900 fortitudinem,
3011 3828 3304 3888 incredulis
3329 3823 3476 3879 duri-

1887 3963 2018 4018 tiem
2050 3925 2290 4027 praestat.
2321 3945 2482 4015 Lapis
2511 3941 2707 3996 dicitur
2731 3927 3000 4004 angularis
3025 3944 3038 3981 :
3069 3925 3193 3996 quia
3224 3931 3482 3987 utrosque

1888 4054 2123 4127 parietes
2142 4043 2344 4102 veteris
2371 4056 2433 4095 ac
2458 4035 2582 4091 novi
2611 4023 2946 4086 Testamenti
2972 4035 3108 4076 unus
3138 4015 3403 4071 mediator
3427 4011 3482 4066 in

1890 4110 2186 4211 semetipso
2213 4136 2496 4193 continens
2523 4121 2815 4195 copulavit.
2836 4118 3020 4187 Agnus
3047 4110 3354 4181 appellatur
3382 4122 3398 4162 z
3426 4115 3484 4159 ut

1893 4198 2199 4297 innocentia
2231 4225 2432 4285 Christi
2465 4231 2519 4277 et
2559 4216 2735 4288 passio
2761 4213 3178 4268 demonstretur.
3209 4201 3382 4257 Homo
3403 4198 3486 4253 di-

1899 4337 1987 4389 tur
2023 4325 2186 4397 :quia
2241 4315 2538 4375 secundum
2588 4321 2805 4364 carnem
2836 4301 3054 4374 propter
3099 4309 3197 4350 nos
3239 4290 3488 4347 homines

1897 4424 2045 4482 nasci
2086 4387 2344 4489 dignatus
2405 4416 2509 4464 est.
2559 4401 2778 4459 Vitulus
2826 4395 3022 4451 dicitur
3058 4387 3221 4460 :quia
3270 4391 3491 4454 prepter

1901 4477 2398 4575 nostramvsalutem
2440 4500 2552 4571 pati
2581 4495 2855 4552 sustinuit.
2891 4486 3080 4557 Aquila
3108 4481 3305 4540 dicitur
3331 4496 3344 4532 :
3369 4477 3493 4547 quia

1904 4618 2024 4683 post
2046 4599 2404 4661 venerabilem
2424 4587 2896 4649 resurrectionem,
2923 4577 3075 4647 quasi
3100 4574 3263 4630 ramis
3283 4571 3492 4634 alitum,

1905 4663 1972 4759 ad
1996 4702 2210 4756 Patrem
2236 4686 2496 4747 revolavit
2528 4685 2644 4757 (rex
2676 4679 2862 4733 alitum
2885 4670 2951 4726 ad
2978 4668 3152 4724 Patris
3174 4663 3378 4719 revolat
3407 4675 3498 4714 se-

286 4718 610 4817 Principium
641 4741 730 4797 lib.
755 4755 829 4794 lx.
858 4764 928 4778 —-
949 4735 1264 4789 Tractantes
1297 4734 1420 4780 ante
1449 4734 1648 4794 paucos
1686 4718 1802 4773 dies

209 4844 280 4901 de
324 4816 650 4897 indiﬂ‘erenti
698 4844 887 4889 natura
934 4829 1024 4883 Dei
1077 4825 1242 4896 patris
1287 4829 1341 4875 et
1369 4818 1464 4873 Dei
1509 4816 1626 4877 ﬁlii,
1670 4825 1803 4876 etc.,

210 4943 376 5004 usque
419 4929 488 4984 ad
513 4931 622 4983 haec
647 4935 790 4979 num.
820 4920 912 4975 44.
964 4921 1039 4973 Ac
1081 4916 1156 4972 sic
1189 4911 1482 4984 perfectam
1513 4905 1672 4959 ﬁdem
1706 4902 1805 4956 do-

214 5027 353 5091 cuit,
377 5033 500 5079 curn
534 5020 584 5074 id
613 5017 756 5088 quod
785 5013 946 5070 modo
985 5019 1088 5074 est,
1119 5006 1359 5078 ejusdem
1391 4998 1651 5070 temporis
1677 5009 1813 5066 Opus

215 5119 324 5184 sit;
350 5124 404 5171 et
431 5113 482 5168 id
513 5111 655 5184 quod
677 5115 934 5180 operatur
962 5103 1118 5158 Pater
1143 5104 1398 5168 cperatur
1437 5101 1493 5149 et
1523 5091 1690 5146 Filius
1717 5103 1809 5143 ex-

222 5224 306 5268 tra
330 5206 620 5277 singularis
649 5203 718 5258 sit
749 5201 1025 5255 unionem.

297 5301 384 5356 Es
399 5273 558 5368 chpt't.
586 5297 618 5350 6
644 5295 914 5349 Tructatus
931 5287 994 5342 de
1017 5284 1120 5356 ﬁde
1143 5281 1455 5338 orthodoxa.
1493 5273 1817 5342 ——Deuique

226 5407 326 5467 pro
375 5397 554 5462 captu,
589 5401 689 5458 pro
719 5384 943 5445 viribus,
993 5389 1089 5448 pro
1136 5375 1240 5429 ﬁde
1286 5379 1468 5426 nostra
1516 5368 1822 5422 intueamur

227 5457 376 5546 Deus
415 5457 544 5555 quid
589 5457 660 5537 sit
697 5497 711 5534 :
757 5488 810 5534 et
851 5474 1132 5530 videamus
1172 5484 1240 5523 an
1290 5466 1364 5520 illi
1413 5461 1584 5534 possit
1623 5457 1822 5526 aliquid

229 5577 562 5652 comparari.
590 5573 751 5631 Certe
784 5571 886 5625 hoc
912 5575 998 5622 est
1025 5566 1188 5627 Deus,
1212 5559 1356 5633 quod
1378 5568 1432 5613 et
1457 5569 1575 5611 cum
1608 5551 1824 5615 dicitur,

233 5693 344 5737 non
379 5682 556 5744 putest
597 5670 740 5733 dici;
788 5675 909 5720 ‘cum
953 5661 1274 5722 aestimatur,
1320 5669 1424 5708 non
1465 5657 1643 5721 potest
1682 5642 1830 5698 msti-

236 5769 421 5831 mari;
453 5778 576 5820 cum
609 5765 975 5830 comparatur,
1007 5767 1111 5807 non
1142 5759 1319 5819 potest
1342 5739 1684 5814 cotnparari:
1713 5751 1835 5790 cum

244 5829 527 5943 delinitur;
581 5857 697 5936 ipsa
743 5829 1059 5917 deﬁnitione
1100 5855 1196 5898 sua
1243 5840 1482 5897 crescit:
1516 5833 1610 5908 qui
1646 5829 1840 5892 caelum

1909 4794 2077 4863 dem).
2107 4781 2250 4844 Idem
2279 4785 2366 4840 leo
2402 4783 2576 4836 dictus
2604 4781 2686 4829 est
2711 4789 2726 4826 :
2753 4769 2875 4840 quia
2903 4765 3019 4834 ipse
3045 4772 3126 4816 est
3167 4773 3261 4813 rex
3292 4768 3499 4824 regum,

1910 4889 2000 4960 qui
2033 4859 2261 4940 mortem
2288 4893 2351 4932 ac
2377 4870 2646 4930 diabolum
2675 4862 2891 4919 virtutis
2917 4871 3029 4912 suae
3060 4860 3323 4925 poteState
3352 4859 3504 4902 com-

1916 4941 2130 5039 ;ninuit.
2162 4977 2260 5031 Via
2303 4982 2387 5026 est
2417 4987 2429 5021 :
2461 4965 2582 5036 quia
2615 4976 2712 5031 per
2743 4958 2916 5026 ipsum
2942 4961 3220 5006 accessum
3252 4941 3512 4996 habemus

1925 5032 2246 5147 fa—dscettsus
2273 5063 2377 5135 est)
2433 5032 2500 5114 ad
2529 5058 2697 5111 Deum
2729 5057 2956 5122 patrem.
2992 5042 3201 5097 Veritas
3227 5047 3341 5092 est:
3385 5032 3514 5103 quia

1927 5125 2105 5147 \“"‘"
2360 5125 2369 5135 ι

1926 5165 2264 5224 mendacium
2293 5155 2482 5213 nescit.
2507 5151 2626 5206 Vita
2649 5155 2733 5202 est
2760 5163 2772 5197 :
2802 5142 2926 5213 quia
2954 5141 3069 5208 ipse
3098 5134 3346 5190 universa
3380 5125 3519 5182 vivis

1933 5223 2078 5318 fleat.
2111 5256 2277 5313 Vides
2304 5265 2455 5323 ergo,
2485 5244 2608 5318 quia
2631 5253 2726 5314 per
2749 5240 2866 5295 haec
2889 5231 3148 5290 vocabula
3171 5223 3522 5299 signiﬁcatio—

1931 5371 2029 5412 nes
2055 5347 2466 5421 dispositionum
2501 5348 2556 5396 et
2584 5347 2806 5408 operum
2838 5329 3148 5385 divinorum
3177 5327 3524 5392 praeostensze

1933 5456 2058 5504 sunt
2091 5463 2102 5498 :
2134 5405 2244 5498 non
2277 5449 2455 5494 tamen
2486 5434 2602 5502 ipse
2624 5405 2776 5484 Deus
2821 5437 2915 5494 per
2946 5423 3061 5474 haec
3085 5413 3306 5488 pr0prie
3335 5405 3528 5466 deﬁni-

1937 5551 2019 5596 tus
2048 5545 2149 5592 est.

2012 5587 2237 5698 Eni—cap.
2284 5626 2316 5680 8
2372 5605 2602 5695 prwdicti
2651 5600 2942 5668 Tractatus.
2975 5633 3046 5644 —-
3075 5601 3171 5656 Est
3217 5611 3346 5665 ergo
3376 5587 3536 5649 Pater

1947 5729 2091 5782 Dcus
2126 5725 2444 5780 immensus,
2472 5723 2729 5769 :eternns,
2761 5692 3345 5768 incomprehensibilis,
3377 5689 3538 5744 intes-

1953 5814 2226 5876 timabilis.
2263 5809 2359 5870 Est
2395 5814 2450 5863 et
2480 5803 2646 5863 Filius
2687 5799 2806 5873 ejus
2838 5790 3093 5852 Dominus
3119 5793 3306 5844 noster
3341 5783 3544 5848 tantus,
