3978 6196
501 263 604 317 9.87
1481 261 1545 317 IN
1589 262 1672 315 ΙίῚὶ
1693 260 2005 317 \CMENTA
2051 264 2086 314 ὃ

2208 262 2263 317 IL
2284 261 2410 316 \Rll
2471 259 2773 317 EPISCOPI
3731 258 3839 311 337i

496 390 731 452 quantus
755 390 837 438 est
865 380 1058 446 Pater;
1088 379 1182 434 sed
1227 393 1332 433 non
1385 378 1622 445 aliunde,
1653 378 1747 434 sed
1785 379 1852 434 de
1879 379 2038 436 Patre
2072 398 2083 432 :
2118 387 2171 445 Α
2196 379 2482 451 imaginem
2511 390 2886 436 cernerentur.
2937 379 3070 436 Nam
3116 381 3314 437 Filium
3343 381 3470 452 quis
3502 381 3710 437 videre
3745 395 3846 450 po—

500 477 624 545 qttia
667 477 857 546 inquit,
909 473 984 539 De
1013 471 1169 527 Patre
1199 473 1350 541 exivi,
1394 474 1496 527 hoc
1540 483 1642 536 est,
1693 473 1874 527 lumen
1904 472 1971 528 de
2019 474 2100 528 lu-
2204 477 2302 528 tttit
2350 482 2640 542 antequam
2674 474 3098 543 conspicabilem
3135 475 3418 531 materiam
3451 491 3574 532 cum
3605 473 3846 546 placuit

503 567 666 623 niiue.
693 567 844 635 Quod
873 567 916 620 si
943 566 1109 620 tilium
1132 567 1306 636 (Apud
1329 565 1561 619 Ambros.
1590 565 1693 620 huc
1722 567 1930 621 accedit
1951 566 2094 637 quod
2199 567 2514 638 assumpsit,
2540 569 2620 621 vel
2647 568 2825 637 ipsum
2855 568 3129 622 hominem
3156 569 3382 623 induere
3404 569 3680 639 dignatus
3710 567 3846 620 est?

506 662 584 714 sic
615 660 808 731 tilium)
833 661 952 725 Dei,
1002 667 1060 714 ut
1084 663 1194 730 jam
1225 660 1428 714 dictum
1460 672 1563 725 est,
1594 663 1764 715 visum
1797 677 1826 714 a
1858 662 2098 730 patribus
2200 661 2332 728 Quia
2376 673 2431 715 et
2474 662 2517 715 si
2563 660 2797 716 Abrahte
2819 662 2966 718 visus
2993 673 3098 727 est,
3126 661 3222 717 sed
3268 664 3320 717 in
3355 663 3528 717 turma
3580 661 3840 717 humani

499 753 881 823 approbamus,
911 762 967 806 ut
992 767 1100 806 non
1127 761 1294 819 totum
1325 753 1376 806 in
1421 751 1512 807 illo
1543 751 1687 822 quod
1720 752 1816 807 Dei
1839 762 1924 808 est
1951 754 2089 806 vide-
2200 753 2446 821 corporis
2480 752 2625 807 visus
2667 762 2768 818 est,
2812 769 2915 824 qua
2957 755 3025 808 de
3067 755 3186 825 ejus
3215 753 3394 810 fuerat
3422 770 3590 810 carne
3631 756 3851 822 (Apud

505 859 656 901 retur
685 865 698 900 :
731 846 825 900 sed
858 845 1242 914 dispositiones
1274 861 1453 901 rerum
1486 845 1808 910 futurarum,
1837 861 1955 916 qua:
1983 848 2094 901 suis
2204 845 2436 899 Ambros.
2471 861 2580 916 quo
2609 845 2728 900 scil.
2777 847 3064 915 postremis
3104 847 3443 916 temporibus
3492 850 3545 902 in
3587 845 3848 901 homine

500 937 802 1007 quibusque
834 936 1170 1006 temporibus
1194 935 1530 1002 complendu-
1557 944 1734 1000 erant,
1759 935 1810 989 in
1857 939 1972 1004 ipso
2000 951 2095 1007 per
2202 949 2461 992 venturus
2487 953 2607 992 esse
2628 939 3051 1011 ostenderetur).

3111 1053 3269 1067 *-

1257 1120 1418 1201 DE
1491 1118 2038 1202 ESSENTIA
2120 1121 2531 1204 PATRIS
2609 1121 2757 1204 ET
2842 1120 3107 1204 FILII

1425 1280 1748 1342 CONTRA
1792 1280 2272 1343 HJERETICOS
2315 1281 2557 1343 LIBER
2599 1281 2825 1345 UNUS.

573 1483 725 1538 Hunc
751 1498 951 1553 quoque
995 1480 1178 1535 librant
1222 1495 1254 1532 a
1300 1477 1560 1532 Ludovico
1597 1476 1776 1530 illier
1825 1491 1886 1528 ea“.
1925 1471 2100 1526 Victo-
2203 1475 2387 1528 transit
2422 1479 2491 1530 ad
2527 1479 2622 1534 lib.
2647 1495 2760 1545 vut,
2793 1479 2930 1534 unde
2962 1481 3182 1550 primum
3208 1480 3494 1552 praemissis
3521 1481 3839 1547 vocabulis,

500 1578 617 1630 riua
641 1576 941 1630 bibliotheca
967 1576 1248 1646 vulgatum,
1280 1589 1307 1626 e
1348 1572 1491 1625 libris
1529 1572 1594 1624 de
1622 1568 1873 1623 Trinitate
1900 1567 2097 1635 con/la;
2203 1565 2422 1622 Fratres
2445 1569 2569 1631 mei,
2605 1572 2842 1624 exscribit
2867 1571 2974 1624 hara
3003 1587 3145 1625 num.
3185 1572 3269 1625 Η.
3295 1573 3427 1638 Quae
3456 1574 3661 1640 scripta
3687 1583 3839 1628 sunt

504 1680 614 1732 tum
641 1685 748 1723 esse
775 1670 969 1738 primus
1009 1666 1285 1720 obsetvavit
1323 1663 1567 1717 Gillotius
1592 1678 1610 1716 :
1639 1662 1726 1733 qui
1765 1660 1909 1725 locis,
1937 1675 1964 1713 e
1988 1658 2102 1728 qui-
2203 1657 2465 1728 legamus,
2498 1671 2552 1716 et
2579 1678 2700 1732 qua:
2733 1663 3020 1734 legerimus
3051 1665 3410 1733 intelligamus
3443 1682 3457 1718 :
3490 1674 3539 1717 et
3566 1666 3651 1719 ubi
3678 1681 3834 1734 per-

504 1762 596 1816 bus
627 1773 863 1816 centones
884 1761 1070 1832 quique
1093 1759 1326 1811 distracti
1355 1767 1496 1819 sunt,
1532 1756 1738 1816 notatis,
1768 1765 1954 1807 caetera
1979 1768 2104 1821 sup—
2138 1793 2179 1852 Β
2207 1752 2341 1807 venit
2368 1752 2437 1806 ad
2469 1755 2618 1808 verba
2649 1746 2790 1809 num.
2832 1756 2924 1813 ‘20.
2951 1757 3142 1811 Omnia
3176 1773 3295 1827 qum
3320 1758 3485 1813 habet
3513 1758 3696 1823 Pater,
3745 1760 3843 1812 Fi-

507 1851 712 1923 pressit.
755 1851 823 1905 Et
851 1867 968 1906 vero
995 1852 1107 1920 quis
1132 1849 1322 1903 rivulos
1371 1848 1602 1918 quaeritet
1637 1846 1957 1917 temulentos,
1990 1858 2103 1896 cum
2139 1845 2175 1852 "
2210 1845 2262 1897 lii
2292 1855 2456 1901 sont:
2487 1859 2538 1901 et
2584 1851 2763 1902 omnia
2795 1865 2915 1918 qua:
2945 1848 3065 1902 Filii
3108 1859 3251 1914 sunt,
3301 1851 3476 1904 l’att'is
3517 1861 3666 1905 sunt.
3702 1852 3838 1921 Ipse

505 1964 690 2018 purum
723 1951 915 2016 {autem
937 1945 1005 1998 ad
1033 1959 1243 1996 manum
1275 1941 1503 1995 habeat?
2209 1936 2352 1991 enim
2380 1938 2476 2003 ait,
2507 1938 2574 1992 Et
2608 1957 2723 1994 mea
2757 1942 2938 1995 omnia
2970 1950 3057 1995 tua
3087 1948 3233 2008 sunt,
3269 1951 3316 1996 et
3354 1953 3440 1996 tua
3476 1959 3595 1998 mea
3624 1960 3640 2007 ;
3668 1945 3840 1997 omit-

576 2039 838 2109 Loquitur
869 2036 1240 2107 Evangelium,
1267 2037 1354 2106 qui
1387 2050 1492 2090 non
1525 2031 1846 2104 hgonorilicat
1874 2029 2098 2096 Filium,
2210 2029 2268 2082 tit
2316 2046 2432 2100 qua:
2482 2031 2544 2084 ab
2602 2032 2720 2085 hinc
2758 2035 2824 2085 ad
2865 2033 3087 2086 medium
3134 2051 3278 2088 num.
3331 2034 3394 2090 2!
3445 2035 3789 2090 intercedunt
3819 2053 3839 2089 :

503 2148 614 2189 non
658 2130 981 2186 honoriﬁcat
1029 2129 1248 2183 Patrem
1287 2127 1381 2197 qui
1423 2127 1570 2181 misit
1616 2125 1786 2179 illum.
1838 2121 2104 2178 Conclusa
2208 2125 2343 2178 unde
2371 2141 2578 2178 rursum
2617 2126 2897 2181 exscribit:
2930 2127 3278 2183 Vivilieamur
3307 2144 3440 2198 ergo
3475 2139 3700 2197 promer
3750 2130 3839 2183 in—

503 2234 630 2280 sunt
659 2223 841 2279 omnia
879 2222 1147 2276 atlversus
1189 2219 1430 2274 haeretici
1464 2217 1663 2272 furoris
1695 2216 1930 2287 ingenia,
1967 2223 2103 2280 etc.,
2211 2214 2545 2272 habitantem
2581 2217 2633 2272 in
2681 2219 2838 2274 nobis
2877 2220 3140 2289 Spiritum
3165 2220 3394 2284 Clu-isti,
3442 2232 3579 2282 etc.,
3613 2224 3682 2273 ad
3714 2223 3838 2275 Iure

505 2335 570 2374 ea:
609 2318 699 2372 lib.
730 2333 802 2370 vu
828 2316 891 2370 de
918 2313 1066 2369 Trin.
1107 2331 1139 2367 a
1170 2330 1315 2368 num.
1354 2313 1418 2368 21
1457 2321 1568 2380 post
1603 2311 1850 2377 medium,
1899 2310 1968 2364 ad
1996 2312 2104 2364 hate
2210 2325 2368 2380 usque
2398 2325 2540 2364 num.
2574 2309 2663 2365 26.
2699 2310 2914 2366 Habitat
2957 2309 3101 2366 enim
3131 2311 3182 2365 in
3232 2312 3391 2366 nobis
3427 2313 3686 2368 Christus
3720 2331 3737 2367 :
3774 2322 3836 2366 et

505 2410 735 2483 ejusdem
775 2408 892 2462 libri
938 2423 1082 2461 num.
1113 2407 1202 2461 51.
1238 2404 1306 2459 Ει
1341 2405 1465 2476 quia
1508 2402 1774 2458 calumnia
1814 2402 1941 2457 dit-ti
1972 2413 2106 2456 tam-
2214 2402 2492 2459 habitante
2534 2403 2754 2459 Cltrism
2787 2405 2990 2459 habitat
3022 2405 3182 2460 Deus.
3230 2403 3448 2460 Demum
3479 2405 3696 2475 reliquis
3727 2408 3836 2457 Itu—

503 2519 664 2574 quatn
698 2502 984 2557 insolentis
1015 2501 1324 2563 exsisteret,
1369 2507 1427 2551 ut
1471 2497 1858 2552 conscientiam
1893 2497 2106 2565 (pott'n-
2203 2499 2294 2569 jus
2317 2496 2519 2550 numeri
2545 2497 2708 2551 verbis
2737 2498 2958 2563 omissis,
2984 2507 3244 2565 comparet
3273 2497 3481 2550 initium
3507 2499 3708 2550 numeri
3728 2498 3831 2560 27,

505 2596 656 2662 tiam)
688 2596 866 2665 potius
916 2604 1122 2648 natura:
1152 2593 1576 2647 demonstraret.
1618 2589 1816 2655 Quibus
1858 2588 2106 2642 subnectit
2211 2604 2310 2654 quo
2337 2598 2442 2642 toto
2481 2605 2540 2640 ac
2568 2587 2901 2654 subsequente
2927 2593 3035 2660 fere
3080 2599 3184 2642 toto
3229 2589 3514 2658 descripto,
3557 2589 3833 2641 clauditur

505 2701 686 2743 auctor
714 2686 825 2741 haec
853 2702 995 2741 num.
1029 2687 1118 2741 33.
1155 2685 1222 2739 Et
1258 2683 1540 2738 audiamus
1570 2699 1693 2736 eum
1722 2699 1937 2737 omnem
1982 2681 2108 2736 ﬁdei
2213 2679 2337 2734 liber
2375 2681 2453 2735 his
2496 2683 2700 2735 verbis:
2733 2681 2789 2738 Si
2821 2698 2950 2736 vero
2991 2698 3089 2752 per
3119 2683 3434 2752 3d0[|li\'llﬂl
3484 2698 3686 2738 nomen
3735 2683 3830 2738 hic

508 2782 669 2852 hujus
695 2779 1061 2851 cognitionem
1097 2779 1375 2850 Apostolis
1420 2780 1750 2832 revelautem
1784 2795 1797 2831 :
1826 2777 1899 2830 ait
1936 2778 2106 2842 enim,
2213 2775 2464 2829 dominus
2509 2789 2608 2839 est,
2644 2774 2849 2838 Spiritu
2897 2785 3086 2832 Sancto
3134 2791 3328 2830 carens
3368 2777 3564 2846 Spiritu
3612 2780 3831 2831 erroris

508 2874 622 2944 Ego
645 2889 765 2928 sum
793 2875 877 2928 via
911 2884 962 2928 et
1002 2872 1204 2927 veritas
1235 2881 1287 2926 et
1333 2871 1463 2932 vita,
1497 2870 1597 2922 nisi
1617 2869 1754 2938 quod
1785 2885 1878 2936 pro
1909 2869 1972 2923 Et
2016 2884 2110 2923 au-
2213 2868 2509 2934 animaris;
2540 2869 2662 2937 quia
2713 2883 2872 2923 nemo
2913 2869 3012 2922 nisi
3047 2870 3096 2924 in
3145 2869 3347 2938 Spiritu
3392 2879 3585 2923 sancto
3629 2869 3827 2924 Domi-

509 2966 760 3030 diautus,
811 2965 956 3034 ponit
1006 2963 1132 3018 andi
1174 2981 1188 3017 :
1237 2981 1297 3018 ac
1350 2963 1676 3032 prosequitur
1728 2978 1888 3031 usque
1934 2962 2109 3015 ist/ttae
2214 2978 2340 3017 num
2368 2962 2550 3017 .Iesutn
2576 2973 2754 3032 potest
2777 2963 2958 3018 dicere
2990 2964 3209 3031 :quibus
3237 2975 3419 3018 auctor
3442 2965 3628 3036 adjecit
3652 2965 3816 3018 dum-

505 3075 650 3112 num.
684 3058 774 3121 '59,
805 3067 859 3112 tit
901 3057 986 3112 hic
1015 3056 1228 3111 Domini
1272 3071 1452 3110 sermo
1480 3064 1818 3123 sequeretur,
1847 3053 1961 3108 Non
1991 3069 2111 3108 cre-
2213 3065 2376 3122 taxat,
2406 3057 2530 3127 quia
2557 3056 2672 3126 ipse
2702 3067 2959 3126 operatur
2989 3057 3172 3111 omnia
3201 3057 3256 3111 in
3295 3056 3570 3112 omnibus.

503 3152 632 3207 ditis
663 3153 917 3219 quoniam
959 3165 1061 3220 ego
1106 3150 1158 3204 itt
1189 3149 1369 3211 Patre.
1415 3157 1469 3203 et
1517 3149 1677 3203 Pater
1707 3148 1758 3202 in
1799 3148 1924 3202 me?
1969 3147 2108 3202 [line
2135 3138 2178 3197 C
2687 3159 2696 3166 ·

1541 3328 1794 3411 MON
1809 3328 1924 3410 IT
1937 3329 2113 3411 UM
2182 3329 2781 3413 EDITOR’IS.

525 3485 533 3494 '
580 3469 677 3524 Hic
703 3469 757 3523 iti
789 3466 1029 3523 editione
1059 3467 1382 3532 Veronensi,
1412 3481 1570 3536 quam
1595 3464 1923 3531 recudimus,
1955 3478 2106 3519 tuen-
2213 3467 2326 3520 sive
2351 3464 2756 3538 chronologiatn
2804 3469 2925 3524 sive
2953 3469 3112 3523 etiam
3145 3465 3354 3520 illarum
3385 3473 3598 3519 textum
3639 3471 3826 3519 atten-

506 3563 654 3616 tione
696 3561 834 3615 faCIa
872 3560 939 3615 de
978 3559 1187 3614 duabus
1231 3557 1477 3627 epistolis
1520 3555 1716 3611 Hilarii
1755 3558 1823 3610 ad
1861 3557 2108 3629 Augusti—
2212 3561 2356 3616 denti
2387 3560 2537 3633 (Vid.
2567 3559 2701 3634 Opp.
2727 3561 2863 3632 Aug.
2889 3570 2924 3614 t.
2958 3575 2995 3614 ιι
3024 3578 3112 3632 pp.
3134 3558 3298 3614 673et
3325 3556 3822 3628 l007nost.edit.);

507 3671 628 3709 nunt
665 3650 962 3724 inscriptis,
993 3653 1240 3724 sequitur
1271 3651 1629 3722 fragmentum
1659 3653 1869 3706 titulum
1903 3652 2110 3707 habens
2212 3667 2311 3707 nec
2339 3651 2492 3706 Fides
2520 3652 2722 3707 Aleutni
2749 3653 2838 3707 alii
2865 3668 3022 3722 quam
3054 3650 3350 3722 percelebt-i
3369 3653 3640 3704 mouet-ho
3661 3650 3824 3719 cujus

509 3745 789 3815 praeﬁxum
824 3743 982 3800 Fides
1030 3746 1257 3799 Alcuini.
1305 3744 1504 3798 Horum
1550 3759 1678 3800 vero
1730 3755 2111 3807 montuueuto-
2214 3744 2430 3798 nomine
2478 3744 2780 3814 insignitur,
2810 3743 2974 3798 salvis
3004 3741 3204 3797 critica:
3237 3741 3455 3812 regulis,
3505 3740 3818 3810 adjudicari

506 3853 626 3892 rum
653 3846 899 3891 neutrum
923 3853 989 3891 eo
1011 3837 1115 3892 loci
1146 3836 1406 3892 recudere
1435 3837 1742 3903 debuimus,
1785 3818 2111 3908 quandoqui-
2211 3847 2393 3909 queat,
2416 3838 2830 3909 autaliasquam
2866 3838 3003 3892 inter
3028 3835 3195 3906 ipsius
3223 3833 3396 3906 Opera
3427 3835 3824 3890 convenienter

507 3929 632 3983 dem
673 3943 773 3983 nec
815 3928 1141 3998 supradicta:
1167 3928 1411 3998 epistola:
1439 3928 1507 3984 ad
1545 3932 1834 3984 Auctorem
1868 3937 2109 3984 nostrum
2211 3930 2484 3986 collocari.

511 4019 816 4090 pertineant
856 4031 948 4076 aut
992 4021 1265 4092 pertinere
1295 4012 1523 4092 possint,
1573 4029 1632 4077 ut
1673 4023 1869 4092 cuique
1895 4021 2102 4093 patebit
3330 4067 3332 4069 ,
3431 4068 3434 4071 .
3520 4065 3544 4073 .,
3650 4064 3744 4074 ω-.
3781 4065 3787 4068 .

518 3263 3764 3296 ,______________________________—_______

517 4120 3786 4162 Μ

1557 4273 2193 4379 NICOLAI
2319 4272 2794 4377 FABRI
3516 4367 3524 4377 .

708 4487 880 4611 IN
975 4483 2086 4616 FRAGMENTA
2187 4483 2825 4614 SANCTI
2927 4483 3621 4613 HILARII

1827 4709 2473 4794 PR/EFATIO.

579 4847 716 4903 Huic
783 4846 942 4916 Operi
989 4853 1189 4901 tantum
1221 4844 1505 4914 adjecimus
1561 4846 1769 4901 notulas
1817 4845 1885 4900 ad
1938 4847 2094 4900 imam
2128 4853 2181 4914 1)
2205 4861 2545 4911 Αυριιςεικε,
2571 4845 2710 4900 beati
2737 4845 2922 4902 llilarii
2957 4846 3286 4902 Pictavensis
3315 4849 3559 4919 episcopi
3613 4849 3808 4906 librum

500 4941 748 5014 paginam
800 4941 1072 5010 ascriptas.
1093 4937 1224 4994 Cum
1254 4949 1425 4994 autem
1451 4950 1719 4995 auctorum
1749 4941 1903 4995 verba
1928 4957 2098 4994 επεν·
2205 4954 2235 4993 a
2261 4940 2376 4993 viro
2419 4939 2698 5003 doctrina,
2741 4939 3056 5008 prudentia,
3113 4956 3434 5012 morumque
3505 4943 3810 5015 integritate

505 5049 626 5104 pere
649 5033 774 5087 satis
801 5031 1059 5086 habuisset
1090 5029 1281 5098 Faber,
1331 5048 1422 5086 nec
1447 5041 1676 5086 curasset
1707 5042 1886 5087 notare
1914 5050 2012 5102 quo
2042 5050 2104 5086 ea:
2209 5034 2466 5096 maximo,
2482 5031 2544 5087 P.
2568 5031 2779 5089 Pithaeo
2794 5031 3338 5103 snprema'voluntate
3358 5034 3631 5101 relictura,
3651 5052 3811 5092 mea:-

502 5123 634 5178 libro
660 5141 719 5178 ea
749 5124 1104 5194 excerpsisset,
1125 5124 1441 5178 commodius
1458 5125 1619 5178 visum
1643 5135 1717 5178 est
1736 5126 2100 5180 historicorum
2209 5139 2313 5194 que
2363 5125 2482 5179 lidei
2509 5166 2524 5191 ,
2559 5134 2615 5178 ttt
2657 5124 2865 5179 sciltdus
2897 5123 2964 5180 ad
2996 5137 3046 5179 te
3080 5127 3433 5195 perveniret,
3493 5127 3545 5182 id
3577 5139 3663 5183 est
3691 5129 3807 5184 sine

497 5231 767 5270 sacrorum
799 5217 937 5270 locos
987 5215 1269 5270 secundum
1316 5215 1566 5270 editiones
1620 5215 1824 5283 Valesii,
1870 5219 2101 5287 quamvis
2210 5217 2317 5272 ulla
2340 5217 2667 5273 deductione
2696 5226 2750 5273 et
2779 5234 2938 5288 quam
2984 5221 3192 5288 optimo
3237 5221 3362 5289 jure
3402 5221 3546 5290 apud
3578 5211 3804 5278 teStato-

505 5308 680 5364 Fabro
706 5310 1015 5380 posteriores
1046 5309 1295 5362 indicare.
2209 5327 2322 5367 rem
2341 5355 2356 5379 ,
2406 5310 2506 5368 fuit
2533 5311 2906 5367 commissum.
2937 5311 3131 5366 Munus
3152 5323 3229 5367 est
3251 5354 3264 5376 ,
3291 5314 3335 5364 si
3360 5313 3490 5367 folia
3529 5329 3799 5383 numeres,

2210 5421 2316 5460 non
2343 5391 2510 5460 valde,
2531 5420 2804 5474 maguum,
2860 5405 2956 5459 sed
3006 5405 3050 5459 si
3095 5407 3338 5460 auctoris
3369 5404 3689 5476 dignitatem
3711 5448 3724 5472 ,
3754 5411 3800 5463 si

2209 5497 2375 5554 fatum
2427 5497 2570 5563 libri,
2613 5499 2658 5554 si
2704 5499 2778 5553 rei
2806 5497 2876 5554 de
2904 5514 3007 5568 qua
3039 5507 3234 5554 tractat
3260 5502 3587 5569 gravitatem
3618 5503 3796 5556 consi-

2205 5591 2392 5655 deres,
2441 5591 2731 5658 ejusmodi.
2781 5605 2838 5646 ιιι
2882 5607 2989 5647 ηοη
3036 5591 3475 5663 acceptissimum
3529 5609 3653 5651 esse
3705 5613 3799 5650 ne-

1364 5685 1371 5740 Ῑ
1515 5685 1781 5745 ””⁷ῗ““ἶ“
1808 5685 1829 5690 “
1852 5685 2009 5744 ’“’”ῗ”
2032 5685 2091 5694 ’⁷
2203 5696 2384 5758 queat.
2419 5685 2710 5765 Tibi|enitn
2763 5687 3004 5746 omnium
3035 5687 3443 5755 disciplinarum
3476 5705 3676 5758 genere
3709 5691 3790 5744 in-

577 5759 628 5812 1.
695 5757 859 5823 Quale
903 5760 998 5814 hoc
1030 5762 1194 5831 Opus.
1224 5794 1293 5805 ~—
1317 5763 1459 5822 Ecce
1484 5766 1578 5825 tibi
1602 5767 1857 5839 restituo,
1886 5775 2096 5832 Ρκιεεεε
2201 5757 2816 5848 structissimo,Gallictc
2830 5779 3018 5838 salutis
3039 5777 3292 5838 aclaudis
3315 5757 3712 5847 amantissimo,
3731 5790 3787 5836 et

570 5443 890 5499 Clarissima
926 5444 1045 5499 viro
1079 5443 1197 5498 .lsc.
1237 5441 1488 5500 Aucusro
1527 5443 1754 5500 Tati/tuo
1781 5445 1932 5502 Sacri
1963 5461 2099 5502 con-

498 5536 1090 5601 sistoriiCunsiliario,
1124 5537 1466 5608 Seuatusque
1507 5539 1830 5595 Parisiensis
1872 5541 2096 5597 Prtesidi

501 5629 823 5683 doctissimo
863 5640 1023 5701 atque
1047 5631 1490 5699 prudentissimo,
1514 5632 1784 5691 NICOLAUS
1808 5634 2009 5693 Fusa.
2031 5637 2091 5694 S.
