3978 6196
69 348 159 406 ςςςθ
1199 329 1473 387 Nicon.“
1517 321 1720 382 FABRI
1762 324 2148 380 PRACFA'I‘IO.

3249 316 3352 371 890

69 463 286 532 antiqua:
316 454 537 527 pietatis
577 468 641 509 ae
682 448 1002 508 constantia:
1050 445 1454 504 studiosissimo
1480 483 1496 507 ,
1542 454 1647 495 non
1676 438 1728 498 Α
1753 453 1843 506 ne,
1870 448 1929 494 ut
1950 455 2076 495 eum
2128 437 2376 510 indigitat
2426 435 2800 493 Nazianzenus
2842 428 2959 502 (0r.
2991 444 3110 498 ut,
3141 447 3194 484 n.
3238 425 3357 500 εδ),

70 562 228 625 potest
256 565 362 604 non
390 547 756 620 gratis-imum
789 557 911 600 esse
940 540 1145 610 antiqui
1169 537 1452 609 scriptoris
1477 533 1646 597 Galli,

72 644 457 713 'fheologorum
488 639 575 706 qui
610 639 663 692 in
692 635 990 692 Occidente
1018 632 1323 688 ﬂoruerunt
1360 627 1652 685 celeberri-

74 743 213 795 miac
238 731 609 799 disertissimi,
639 730 984 801 excelszeqne
1030 725 1263 789 arboris,
1313 734 1373 778 ut
1402 738 1525 779 eum
1559 736 1654 773 vo-

74 840 150 887 cat
190 829 245 884 B.
274 828 645 898 llierooymus
672 820 893 895 (Comm.
924 822 979 875 iu
1022 817 1152 873 Εεαί
1181 834 1228 872 c.
1257 816 1369 889 ιι),
1400 831 1500 884 qua
1525 812 1656 868 tedi-

78 924 211 978 fieata
238 931 319 976 eat
345 918 581 973 ecclesia
617 915 730 980 Dei,
774 917 838 967 ad
869 912 986 968 haec
1010 912 1173 966 etiam
1205 908 1489 965 fortissimi
1520 923 1652 961 cou-

79 1015 279 1069 fessoris
306 1010 533 1071 librum,
565 1008 635 1063 de
654 1005 972 1077 gravissima
999 1004 1243 1059 omnium
1271 1018 1391 1074 quae
1420 1015 1653 1071 unquam

78 1108 124 1163 in
161 1104 394 1163 Ecclesia
435 1102 653 1158 fuerunt
680 1097 1051 1158 controversia
1081 1102 1366 1168 scriptum,
1421 1104 1541 1164 post
1577 1102 1658 1150 tot

80 1213 230 1253 annos
257 1212 289 1253 e
329 1190 572 1251 tenebris
603 1201 816 1248 erutum
853 1189 1139 1247 clarissimi
1167 1189 1242 1243 tui
1271 1186 1507 1242 nominis
1532 1198 1658 1240 aus-

81 1289 215 1363 piviis
240 1289 411 1345 lucem
460 1287 725 1359 aspicere.
757 1284 885 1340 Hinc
911 1283 1012 1338 etsi
1038 1282 1170 1338 satis
1213 1280 1281 1335 ad
1310 1275 1659 1334 commenda-

83 1387 263 1440 tionem
304 1383 545 1438 muneris
577 1380 811 1445 valeant,
844 1377 984 1448 apud
1015 1385 1072 1433 te
1124 1377 1393 1446 praecipue
1422 1371 1517 1443 qui
1559 1385 1657 1441 pro

84 1490 161 1534 tuo
200 1494 320 1548 erga
363 1476 575 1531 litteras
619 1472 1053 1543 religionemque
1101 1470 1312 1532 studio,
1367 1472 1658 1535 erectoque

84 1586 224 1644 atque
249 1571 479 1628 infracto
504 1569 769 1624 adversus
791 1564 1007 1621 divitias
1029 1567 1311 1633 fumosque
1336 1560 1563 1622 aulicos,
1590 1558 1657 1612 ad

86 1682 190 1738 qua:
207 1666 314 1721 sola
344 1680 488 1719 nunc
538 1660 903 1724 concurritur,
936 1657 1120 1713 animo
1150 1669 1365 1723 semper
1396 1653 1446 1706 id
1487 1664 1659 1722 genus

89 1728 317 1829 reliquias
344 1754 594 1812 Attalicis
623 1750 1023 1807 conditiimibus
1046 1746 1324 1821 prietulisti
1366 1763 1379 1799 :
1417 1728 1657 1799 Passieni

1757 534 1942 589 στύλον
1968 540 2061 595 τῆς
2088 532 2353 594 ἐκκλησίας
2400 531 2748 591 verebantur,
2789 522 3057 581 cuniculis
3098 521 3152 577 id
3196 532 3359 589 agere

1757 632 2091 688 statuerunt,
2148 626 2431 694 ipsumque
2464 620 2818 677 Athanasium
2848 618 2900 672 in
2943 615 3131 689 primis
3162 613 3361 669 tollen-

1756 717 1882 772 dum
1910 717 2374 787 evertendumque
2395 720 2768 784 Susceperunt.
2798 711 2934 767 Hinc
2967 709 3075 764 illa:
3101 707 3169 763 de
3194 704 3360 762 Arse-

1757 811 1849 867 nio
1876 810 2183 875 interfecto,
2238 820 2295 866 et
2339 807 2816 864 confractoealiee
2862 802 3031 860 sacris
3082 798 3357 874 mysteriis

1757 905 2027 962 destinato
2055 907 2342 961 calumnia:
2365 922 2379 958 :
2406 918 2633 974 quarum
2667 906 2935 972 prmtextu
2959 911 3082 951 eum
3109 910 3139 950 a
3169 892 3360 950 factio-

1758 997 1835 1052 sis
1879 997 2199 1068 depositus,
2254 994 2709 1066 lntperatorisque
2759 991 2983 1047 decreto
3029 989 3082 1043 in
3135 985 3355 1042 exilium

1760 1091 1959 1146 missus
1983 1097 2154 1156 esset,
2179 1097 2325 1143 totus
2354 1087 2502 1142 orbis
2532 1087 2669 1141 tanti
2724 1083 2830 1139 viri
2877 1097 3006 1138 casu
3059 1091 3357 1136 concussus

1760 1193 1863 1240 est.
1897 1182 2037 1252 Quin
2084 1164 2246 1237 etiam
2277 1195 2400 1238 eum
2432 1178 2657 1252 synodis
2686 1174 3069 1233 Alexandrina:
3093 1213 3109 1239 ,
3162 1170 3359 1226 Roma-

1761 1292 1867 1343 nae,
1896 1286 1952 1332 et
1978 1275 2329 1333 meumenica:
2371 1271 2681 1329 Sardicensi
2733 1266 3062 1324 Athanasius
3090 1280 3243 1321 suam
3276 1263 3358 1317 in-

1761 1368 2068 1425 nocentiam
2113 1366 2491 1438 approbasset,
2521 1363 2940 1419 calumniatores
2968 1371 3102 1415 vero
3130 1371 3237 1412 non
3266 1369 3357 1409 so-

1762 1461 1871 1516 lum
1904 1470 1981 1515 tot
2003 1458 2285 1515 sententiis
2305 1456 2541 1512 convicti
2582 1462 2745 1524 atque
2770 1451 3031 1516 damnati,
3059 1447 3155 1505 sed
3192 1447 3357 1503 etiam

1762 1552 1962 1608 libellis
1989 1550 2186 1606 oblatis
2241 1549 2415 1605 eidem
2469 1550 2545 1621 (η)
2575 1545 2883 1601 Sardicensi
2915 1540 3147 1615 synodo,
3187 1539 3359 1595 Juliu-

1762 1662 1867 1718 que
1905 1644 2145 1700 l‘ontitici
2208 1643 2363 1697 Rom.
2415 1640 2659 1696 criminis
2713 1636 2934 1693 admissi
2978 1634 3361 1702 latereseosque

1764 1738 1975 1793 veniam
2025 1735 2344 1804 deprecati,
2402 1732 2663 1789 Ecclesia:
2706 1729 3077 1786 communioni
3132 1725 3363 1783 fuissent

88 1862 241 1908 tamen
266 1848 551 1906 sententia:
575 1848 620 1901 si
648 1846 789 1903 bene
821 1855 872 1899 te
899 1840 1046 1909 novi,
1079 1839 1330 1899 accedes.
1382 1835 1661 1907 plurisque
1688 1830 1740 1892 B
1767 1828 1989 1893 redditi;
2022 1827 2215 1883 iterum
2247 1839 2424 1881 tamen
2474 1839 2635 1878 canes
2684 1821 2751 1876 ad
2801 1820 3060 1875 vomitum
3113 1816 3315 1873 reversi
3343 1858 3358 1884 ,

89 1945 223 2000 ineo
265 1942 425 1998 facies
468 1939 730 2010 judicium
779 1935 1129 1993 eruditissimi
1193 1928 1661 1997 eordatissimiqne

90 2038 187 2103 viri,
219 2035 305 2107 qni
335 2044 385 2090 te
406 2034 538 2088 dum
567 2032 698 2087 vixit
724 2073 739 2097 ,
768 2029 836 2083 ob
857 2028 1128 2099 egregiam
1172 2024 1509 2087 doctrinam,
1536 2037 1664 2090 pru-

91 2127 321 2191 dentiam,
364 2124 717 2195 studiumque
762 2137 826 2176 ac
865 2122 1119 2193 pietatem
1152 2118 1203 2171 in
1237 2116 1389 2172 liem.
1445 2116 1497 2169 in
1545 2113 1663 2183 qui-
1716 2184 1719 2187 ν

92 2223 180 2280 bus
216 2232 385 2278 tecum
410 2217 783 2291 conspirabat,
814 2215 972 2271 unice
999 2212 1198 2267 amavit
1225 2218 1280 2265 et
1326 2207 1517 2274 coluit,
1545 2223 1660 2260 ino-

94 2317 318 2386 riensqne
364 2329 474 2369 sua:
522 2326 646 2381 erga
688 2319 741 2365 te
791 2320 1071 2380 propensa:
1117 2302 1409 2358 voluntatis
1450 2298 1664 2370 publice

96 2409 179 2465 hoc
201 2408 560 2466 testimonium
588 2404 890 2478 posteritati
914 2414 1128 2457 exstare
1151 2397 1345 2455 voluit.

151 2545 198 2599 2.
233 2545 376 2614 Quod
412 2543 610 2599 Hilarii
633 2542 721 2598 sit.
750 2571 821 2582 —
856 2520 934 2596 ne
959 2547 1186 2594 auctore
1208 2550 1339 2592 vero
1361 2534 1517 2591 istius
1541 2532 1664 2588 libri

98 2654 233 2693 nemo
255 2638 425 2695 codici
473 2653 638 2692 manu
671 2637 895 2707 scripto,
928 2636 1019 2705 qui
1052 2633 1112 2688 Β.
1168 2630 1373 2686 Hilario
1414 2644 1540 2686 enm
1570 2627 1666 2682 ad-

98 2733 275 2797 scribit,
299 2732 453 2788 fidem
479 2730 759 2795 detrahet,
786 2728 995 2799 virique
1025 2726 1261 2797 potentis
1294 2724 1504 2779 titulum
1534 2722 1667 2776 alie-

99 2838 167 2878 na:
208 2826 532 2891 possessioni
582 2824 802 2878 aflixum
825 2822 1252 2880 controversiam
1285 2818 1544 2889 movebit,
1577 2817 1669 2886 qui

100 2914 203 2985 styli
222 2918 295 2973 vel
314 2918 512 2989 ingenti
542 2916 674 2971 tanti
699 2914 940 2970 doctoris
964 2913 1196 2983 aliquem
1221 2924 1437 2982 gusmm
1468 2909 1673 2964 habue-

99 3010 157 3063 rit
193 3027 208 3075 ;
246 3010 289 3065 si
314 3010 538 3083 quidem
573 3011 760 3081 longas
808 3018 864 3064 et
910 3007 1177 3062 involutas
1203 3016 1255 3061 et
1302 3004 1491 3060 Gallici
1522 3003 1669 3056 Rho-

100 3099 233 3163 dani.
265 3112 320 3157 ut
344 3103 568 3159 violenti
596 3116 660 3157 ac
692 3100 1001 3172 praerapidi,
1033 3100 1112 3155 sic
1148 3099 1310 3154 etiam
1337 3098 1670 3167 aliquantum

1766 1920 1938 1977 fcedas
1965 1920 2085 1975 illas
2123 1929 2180 1974 et
2208 1917 2504 1973 Ecclesiam
2536 1914 2660 1980 Dei,
2688 1929 2809 1984 qua:
2837 1912 3031 1968 domus
3060 1910 3207 1982 pacis
3246 1918 3326 1964 est
3345 1950 3361 1974 ,

1764 2030 1952 2087 parum
1982 2013 2243 2067 decentes
2263 2007 2585 2073 discordias,
2610 2006 2985 2076 episcoporum
3013 2001 3363 2058 discursatio-

1768 2120 1863 2161 nes
1886 2105 2268 2170 Mediolanum,
2299 2102 2580 2166 Sirmium,
2611 2097 2917 2154 Seleuciam
2939 2090 3223 2166 asperam,
3249 2091 3368 2148 Ari-

1768 2200 1994 2260 minum,
2020 2192 2572 2264 Constantinopolim,
2591 2190 2831 2246 Nicaeam
2852 2187 3121 2251 Thracia,
3152 2185 3235 2255 (et
3262 2198 3369 2254 quo

1770 2310 1873 2350 non
1903 2289 2234 2359 terrarum?)
2256 2294 2521 2358 prietereq
2547 2282 2990 2352 proscriptiones,
3017 2277 3179 2333 exilia
3199 2283 3255 2331 ct
3267 2291 3374 2331 ca:-

1767 2387 1865 2442 des
1892 2384 2196 2440 excitarunt
2221 2424 2234 2447 ,
2270 2394 2391 2451 quae
2428 2374 2684 2447 quamdiu
2714 2374 2766 2427 in
2797 2371 2936 2427 vivis
2963 2367 3175 2425 exstitit
3223 2368 3368 2422 Con-

1770 2478 2023 2543 Stantius,
2046 2472 2345 2532 catholicos
2375 2471 2663 2539 ερίεοομυε
2689 2470 3076 2521 exercuerunt.
3099 2459 3374 2516 Tandem-

1768 2590 1875 2645 que
1898 2573 2137 2627 detracta
2172 2582 2404 2640 persona
2450 2564 2721 2619 Nicmnam
2767 2558 3007 2630 regulam
3053 2569 3371 2625 oppugnan-

1769 2676 1872 2728 tes.
1902 2667 2287 2735 Imperatorem
2316 2662 2513 2730 ipsum,
2542 2655 2697 2725 cujus
2727 2657 2997 2725 potestate
3025 2648 3362 2709 nitebantur,

1771 2759 2101 2830 impulerunt
2126 2764 2182 2809 ιιι
2208 2752 2494 2824 episcopus
2519 2747 2748 2804 Arimini
2776 2751 3133 2814 congregatos
3155 2739 3221 2795 ad
3244 2737 3374 2794 sub-

1771 2852 2121 2924 scriptionem
2152 2864 2302 2901 novae
2334 2842 2581 2900 formula:
2613 2839 2733 2895 lidei
2758 2837 3001 2892 subdolis
3025 2833 3208 2891 verbis
3236 2846 3371 2887 con-

1772 2955 1946 3016 cepta:
1971 2944 2235 3014 adigeret,
2259 2954 2379 3008 qua:
2416 2945 2605 2991 contra
2657 2940 3021 2988 trecentorum
3054 2935 3109 3016 et
3153 2924 3377 2980 octode—
3469 2967 3475 2973 .

1774 3043 1879 3100 cint
1908 3049 2120 3112 patrum
2147 3035 2447 3098 decretum,
2478 3031 2658 3089 οὐσίας
2682 3030 2767 3082 καὶ
2789 3024 3067 3099 ὁμοουσίου
3095 3002 3376 3074 vocabulis

1780 3110 1986 3191 indicto
2030 3127 2284 3194 silentio,
2339 3124 2537 3180 Filium
2591 3118 2739 3174 Patri
2787 3116 3020 3171 similem
3078 3110 3374 3169 secundum

106 3191 199 3297 En“.
224 3208 422 3297 secum_
451 3196 901 3297 "abigmminqu"
929 3192 1247 3294 cumam”?
1272 3189 1671 3297 “Rufi?
1700 3218 1745 3280 C
1777 3189 2090 3297 Scriptiiras
2116 3189 2496 3294 profitebatur,
2537 3212 2951 3275 dicentibnSqne
2982 3207 3134 3263 illum
3163 3213 3378 3261 creatu—

108 3284 299 3342 tissitnze
322 3291 558 3357 scriptor
588 3288 702 3357 ipse
733 3285 1098 3356 Hieronymus
1118 3281 1320 3350 scripta
1351 3280 1536 3336 Hilarii
1565 3280 1664 3349 sig.

106 3378 249 3443 navit,
276 3380 683 3450 deprehendere
708 3379 830 3434 Iit-et
858 3376 1081 3449 {Hieron
1111 3375 1315 3445 praefat.
1345 3374 1400 3428 in
1423 3374 1572 3443 epist.
1604 3370 1674 3425 ad

108 3468 208 3523 Gal.
238 3469 289 3526 9.
320 3474 465 3545 epist.
507 3474 577 3529 1'5
605 3473 674 3528 ad
707 3471 973 3539 Paulin.).
1007 3469 1113 3525 Sed
1142 3466 1271 3537 quid
1300 3466 1481 3522 verbis
1513 3466 1565 3520 in
1614 3479 1675 3520 re

107 3573 267 3630 aperta
296 3580 428 3635 opus
457 3564 586 3622 est?
612 3565 668 3620 Si
700 3567 783 3619 cui
826 3578 888 3619 ea
922 3563 973 3616 in
1001 3577 1061 3615 re
1105 3574 1241 3631 aqua
1275 3560 1497 3622 haereat,
1534 3558 1674 3611 hunc

110 3652 281 3712 librum
308 3673 428 3713 cum
460 3659 531 3714 iis
559 3674 681 3728 qua:
720 3656 962 3712 omnium
990 3656 1204 3710 calculo
1237 3668 1334 3723 pro
1389 3650 1676 3706 Hilarianis

109 3759 295 3820 recepta
320 3760 442 3807 sunt
468 3750 794 3813 contendat;
845 3764 942 3805 nec
986 3764 1179 3819 aquam
1229 3760 1384 3809 aqua:
1408 3786 1422 3806 ,
1455 3759 1555 3800 nec
1586 3744 1675 3799 lac
1734 3754 1737 3755 '

111 3837 213 3893 laeti
257 3843 479 3899 similius
518 3841 775 3898 inveniet.
821 3841 931 3896 Nec
976 3855 1109 3896 sane
1163 3838 1479 3893 historicum
1531 3834 1677 3891 istud

109 3929 234 4001 Opus
272 3935 498 4008 antiquis
526 3936 769 4006 ignotum
808 3934 905 3988 fuit
934 3952 946 3986 :
977 3933 1020 3986 si
1067 3933 1287 4003 quidem
1337 3930 1467 3985 illud
1499 3930 1674 3999 ipsum

111 4036 233 4089 esse.
258 4028 391 4097 quod
434 4029 579 4085 idem
622 4030 736 4098 ipse
764 4026 1124 4097 Hieronymus
1174 4034 1360 4079 contra
1392 4022 1674 4080 Ursaeium

111 4126 156 4169 et
191 4115 493 4189 Valentem,
543 4132 831 4177 continens
896 4121 1263 4175 narrationem
1318 4115 1678 4172 Ariminensis

111 4204 331 4277 Concilii,
352 4212 612 4269 Hilarium
640 4212 925 4282 scripsisse
951 4209 1189 4278 tradidit,
1217 4210 1343 4265 huic
1373 4208 1512 4264 libro
1541 4222 1679 4278 pra:-

114 4296 200 4355 liaa
222 4302 493 4378 inscriptio
525 4306 687 4363 fidem
712 4306 858 4362 facit.

172 4437 220 4493 5.
262 4438 502 4499 Ursaeius
529 4454 577 4499 et
607 4418 815 4508 Valens,
843 4442 948 4511 qui.
989 4471 1059 4484 ~—
1088 4439 1191 4511 Ipsi
1230 4440 1373 4495 enim
1422 4437 1681 4495 Ursaeius

119 4537 165 4581 el
190 4529 394 4602 Valens,
448 4536 586 4591 alter
612 4534 892 4606 Sittgidnni
943 4532 1240 4601 superioris
1286 4531 1469 4602 Mysia:
1497 4572 1512 4597 ,
1539 4531 1680 4586 alter

118 4619 291 4680 Horsa:
336 4628 626 4685 Pannoniae
675 4625 944 4699 (quamvis
992 4640 1097 4681 non
1128 4642 1236 4679 uno
1282 4625 1400 4679 loco
1439 4610 1759 4678 Athana-1)

118 4719 213 4776 sius
246 4724 577 4783 Alexandria:
608 4728 897 4799 episcenos
925 4732 1218 4791 utrumque
1243 4722 1557 4777 Pannonem
1586 4738 1683 4775 vu—

117 4816 207 4881 cel)
231 4820 454 4893 episcopi
485 4839 607 4879 cum
634 4819 767 4876 Caio
795 4835 946 4891 mque
987 4817 1243 4874 Pannone
1265 4858 1281 4883 ,
1313 4826 1370 4872 et
1396 4814 1680 4871 Germinio

119 4900 275 4976 Cyzici
302 4913 524 4979 primum
553 4912 749 4968 deinde
772 4912 951 4967 Sirmii
981 4911 1276 4981 episeopo,
1326 4909 1493 4964 totius
1523 4910 1683 4964 Ario-

121 5009 375 5057 manorum
395 5003 699 5076 Tragmdia:
718 5001 935 5073 cboragi
954 5044 969 5068 ,
1004 5012 1165 5072 atque
1217 5001 1355 5057 adeo
1385 4999 1685 5072 hypocrita:

122 5089 388 5149 extiterunt
447 5097 512 5152 ad
564 5110 703 5168 quos
751 5110 909 5159 cum,
990 5103 1050 5149 ut
1093 5094 1168 5147 ait
1216 5102 1402 5149 noster
1453 5093 1687 5150 Hilarius

126 5175 275 5246 (Cant.
297 5185 557 5257 Auxenti.,
594 5206 649 5243 η.
702 5190 783 5259 4),
822 5185 1011 5241 Ariani
1041 5185 1274 5241 nominis
1320 5184 1609 5241 hirreditas
1634 5197 1687 5239 et

124 5279 369 5333 successio
396 5281 745 5347 deﬂuxisset,
792 5296 898 5335 non
949 5279 1064 5334 attsi
1110 5285 1305 5347 aperto
1337 5275 1507 5332 Marte
1564 5278 1691 5335 lidei

124 5356 328 5422 Nicaeam
357 5371 552 5428 bellum
578 5373 820 5428 indicere
843 5377 1020 5426 stante
1044 5370 1162 5440 ipso
1182 5368 1499 5433 Athanasio,
1530 5384 1690 5438 quem

127 5460 376 5517 strenuum
400 5466 791 5536 robustumque
826 5464 948 5535 ejus
981 5472 1455 5534 propugnatorem,
1485 5476 1549 5516 ac
1580 5463 1693 5534 pla-

190 5615 260 5690 (α)
283 5621 404 5746 Sua:
424 5625 510 5684 bic
533 5628 761 5684 confuse
783 5633 1092 5687 narrantur,
1115 5623 1330 5680 errandi
1350 5624 1528 5680 locum
1557 5641 1688 5694 prie.

190 5695 255 5743 ut.
325 5703 484 5746 amnsi
518 5713 638 5746 cum
674 5698 881 5746 lirsaeii
940 5707 994 5746 et
1045 5695 1284 5746 Valentis
1317 5695 1484 5746 libelli
1516 5738 1529 5746 .
1554 5711 1688 5746 nnns

126 5680 263 5773 ξεξιίξί.
286 5680 913 5773 βιιιηόὲίνεῖηῇἶἿῧτεᾷρίίίί-
940 5680 1011 5773 et_
1045 5680 1284 5751 valentis
1317 5695 1485 5751 libelli
1516 5738 1529 5761 ,
1554 5680 1690 5768 quos

130 5752 656 5849 Elidicet‘tsi-sy’nniiq
685 5752 810 5849 inim
865 5768 1175 5849 obtulel‘uut
1196 5784 1227 5822 a
1266 5781 1372 5838 qua
1415 5752 1536 5823 cum
1566 5752 1691 5824 aliis

132 5830 399 5895 prefractis
421 5830 690 5899 harenas
716 5832 953 5897 damnati
985 5839 1127 5894 sum;

1777 3338 1891 3377 ram
1922 3320 2063 3375 sicut
2101 3316 2220 3371 alia:
2257 3318 2382 3368 sunt
2418 3316 2684 3366 creatura:
2737 3304 3025 3360 anithema
3070 3299 3369 3371 indigebat.

1776 3416 1888 3473 Nec
1917 3424 2094 3470 tamen
2125 3409 2199 3467 ibi
2253 3404 2661 3465 consistendum
2716 3414 2841 3456 esse
2899 3397 3190 3461 duxerunt,
3224 3392 3378 3465 (Nam

1776 3511 1902 3582 quis
1936 3503 2191 3578 peccandi
2226 3502 2389 3556 linem
2431 3504 2613 3569 posuit
2651 3490 2835 3565 sibi?)
2879 3502 3066 3545 verum
3123 3486 3380 3543 felicitate

1778 3577 2061 3657 successus
2116 3591 2439 3648 audaciores
2493 3587 2661 3653 facti,
2720 3599 2826 3639 non
2882 3583 2992 3652 jam
3039 3580 3109 3636 de
3158 3577 3381 3633 Vocibus

1779 3697 1957 3755 οὐσίας
1980 3695 2068 3747 καὶ
2092 3690 2372 3762 ὁμουυσίου
2404 3696 2676 3753 tamquam
2705 3674 2995 3733 discordia:
3017 3685 3179 3743 pomo
3205 3686 3308 3740 qtta
3327 3685 3382 3723 s-
3422 3704 3431 3709 ρ

1778 3791 1980 3844 tionem
2015 3781 2201 3838 haberi
2231 3777 2628 3849 signiﬁcarnnt,
2659 3769 2753 3826 sed
2801 3768 3051 3839 inoperto
3080 3763 3257 3833 capite
3281 3776 3380 3832 pu-

1781 3898 1900 3938 rum
1929 3886 2224 3950 putnntqne
2253 3887 2351 3926 seu
2382 3870 2561 3938 potius
2585 3866 2857 3935 impurum
2891 3858 3242 3932 putidumque
3268 3855 3383 3910 Arii

1780 3977 1975 4046 dogma
2018 3966 2264 4027 Concilio
2321 3961 2627 4020 Antiochia:
2674 3956 2939 4030 professi,
2987 3951 3185 4008 Filium
3237 3950 3381 4004 Patri

1780 4039 2098 4124 dissimilem
2144 4060 2358 4132 penitus
2395 4059 2482 4111 mi
2524 4054 2575 4119 ἐξ
2619 4052 2708 4107 οὐκ
2747 4047 2900 4103 ὄντων
2944 4050 3249 4101 creaturam
3303 4039 3384 4110 (ὁ)

1783 4164 2106 4217 statuerunt.
2134 4152 2298 4223 Cujus
2332 4144 2817 4217 impietatisipsum
2838 4138 3224 4208 imperatorem
3256 4148 3385 4190 auc-

1783 4264 1956 4310 torem
1988 4265 2051 4305 ac
2079 4244 2345 4302 vindicem
2377 4238 2675 4302 exstitisse,
2707 4232 3035 4289 Athana-ius
3064 4227 3279 4285 asserit.

1854 4347 1907 4400 4.
1936 4343 2100 4414 Igitur
2129 4332 2381 4393 Ursaeius
2400 4339 2457 4386 et
2480 4328 2675 4383 Valens
2702 4327 2777 4382 illi
2802 4324 2903 4394 ipsi
2930 4334 3054 4378 sunt
3079 4338 3093 4374 :
3129 4338 3149 4373 ι
3187 4318 3382 4390 quibus

1784 4434 2109 4496 instantibus
2158 4429 2258 4486 sub
2307 4427 2637 4495 imperatore
2692 4414 3013 4475 Censmntio
3058 4414 3256 4471 factum
3302 4420 3387 4468 est

1788 4527 2129 4587 Ariminense
2156 4519 2446 4577 concilium
2479 4523 2667 4571 eontra
2700 4510 3001 4567 formellam
3036 4507 3241 4564 Nicaeni
3271 4514 3382 4560 tra-

1783 4631 1979 4685 ctatus.
2011 4634 2114 4689 qua
2144 4614 2416 4671 universa:
2442 4609 2676 4663 lnercses
2709 4602 3120 4672 comprehensa:
3146 4604 3334 4654 erant:
3359 4613 3378 4648 ι

1784 4719 1836 4773 in
1860 4729 1995 4788 quos
2017 4714 2121 4768 hoc
2144 4723 2282 4780 opus
2311 4704 2569 4774 scriptum
2599 4708 2699 4755 est.
2754 4697 3087 4765 Quamquam
3114 4732 3131 4759 ,
3160 4690 3383 4788 utquod

1785 4781 1962 4866 sentin
1991 4806 2188 4866 dicam,
2210 4802 2326 4855 haec
2345 4798 2466 4852 libri
2492 4792 2772 4860 inscriptio
2798 4788 2966 4843 multo
2995 4787 3113 4857 plus
3134 4784 3187 4839 in
3209 4781 3388 4840 frome

1786 4901 2076 4974 spondeat,
2090 4911 2250 4969 quam
2268 4901 2481 4962 praestet
2496 4888 2547 4942 in
2565 4899 2781 4941 recessu
2803 4880 2902 4954 (c);
2925 4879 3027 4935 nisi
3048 4878 3189 4951 quod
3204 4878 3387 4948 operis

1789 4972 2048 5067 longioris
2103 4989 2348 5062 pluribus
2401 4987 2631 5037 fortasse
2677 4979 3056 5045 comprehensi
3105 4972 3279 5035 libris,
3332 4981 3388 5026 et

1792 5064 2112 5147 narrationis
2145 5091 2349 5136 exactae
2394 5089 2584 5133 eorum
2624 5087 2745 5143 qua:
2792 5066 3121 5125 Atiminensi
3159 5064 3390 5121 concilio

1791 5194 1939 5259 gesta
1969 5192 2115 5246 sunt,
2150 5176 2237 5232 vel
2262 5191 2384 5246 quae
2414 5172 2593 5242 ipsum
2628 5173 3016 5239 pra-cesserunt
3041 5205 3057 5225 ,
3088 5171 3176 5216 aut
3206 5172 3388 5233 postea

1793 5252 1977 5336 secuta
2026 5281 2151 5330 sunt
2181 5312 2196 5335 ,
2249 5268 2463 5323 initium
2514 5268 2717 5317 tantum
2771 5272 2833 5313 ac
2882 5256 3091 5310 divulsa
3146 5252 3391 5325 qua-dam

1794 5371 2114 5442 fragmenta.
2147 5378 2253 5417 non
2281 5370 2460 5414 autem
2492 5356 2757 5424 integrum
2789 5364 2924 5421 opus
2948 5350 3028 5402 vel
3063 5348 3258 5401 librum
3305 5346 3394 5402 hic

1796 5438 2038 5521 exhiberi
2065 5468 2283 5513 censeo.
2313 5450 2382 5507 Et
2400 5463 2533 5505 sane
2562 5453 2748 5501 auctor
2787 5441 2949 5512 hujus
2979 5440 3099 5496 libri
3131 5438 3310 5495 statim
3341 5440 3395 5495 in

1867 5624 1944 5698 (ὁ)
1986 5625 2090 5678 Aut
2130 5618 2310 5698 potius
2350 5624 2592 5698 statuere
2627 5615 2945 5698 tentar‘nntf
2975 5612 3049 5689 at.
3074 5601 3394 5698 objectaAd-i-

1796 5673 1949 5752 tnéi-é
1972 5673 2086 5748 non
2105 5673 2363 5751 valentes,
2392 5684 2618 5739 formula
2640 5675 3237 5752 quietionstantinopoli
3257 5673 3398 5729 edita

1797 5745 1947 5828 ea:
1967 5745 2208 5825 aaut...
2236 5745 2505 5828 abierunt.
2547 5745 2797 5828 (satiat.
2835 5764 2894 5828 ιι,
2941 5765 2989 5803 ε.
3036 5745 3155 5819 45.)

1962 5833 2172 5892 Titulus
2198 5820 2359 5902 hujus
2380 5827 2503 5886 libri
2535 5820 2690 5898 plura
2719 5822 2951 5893 Spondet
2973 5833 3134 5890 quam
3156 5820 3395 5890 praestat.
