3978 6196
580 335 681 395 891

1467 320 1533 375 IN
1574 311 1999 374 FRAGMENTA
2039 286 2285 367 sancit
2317 288 2574 365 illL'Allll
2615 308 2922 367 EPISCOPI

3786 302 3891 359 8?.

574 436 751 528 ipsius
798 446 947 505 initio
1001 438 1207 509 scribit,
1255 430 1614 496 narrationem
1654 433 1938 489 ducturum
1993 441 2053 485 se
2098 425 2166 481 ab
2194 422 2248 489 Α
2272 424 2601 480 subdititiam
2624 439 2744 481 esse
2774 426 2944 497 stylus
2972 433 3149 495 negat,
3180 428 3237 481 e't
3271 426 3543 496 praeterea
3581 422 3671 479 cui
3704 422 3889 476 bum)?

576 518 878 602 Arelatensi
916 524 1172 600 concilio,
1221 540 1327 603 quo
1350 520 1613 585 Paulinus
1660 520 2013 581 Trevirorum
2049 518 2167 589 epi-

575 630 771 704 scopus
786 608 1208 697 Galliarumque,
1237 628 1294 678 ut
1320 634 1441 678 eum
1463 616 1637 677 Graeci
1666 610 1881 704 secant,
1898 608 2170 683 Metropo-

575 702 772 783 litanus
818 718 960 776 anno
1007 710 1208 773 Christi
1253 713 1381 782 355,
1430 702 1702 768 Saturnini
1742 714 2169 773 creterorumque

574 820 895 875 Arianorum
924 811 1155 869 factione
1203 798 1502 882 depositus,
1538 815 1594 863 et
1649 800 1701 859 in
1751 796 1970 860 exilium
2018 807 2168 855 actus

575 918 700 966 est:
734 906 803 965 de
849 904 956 979 quo
1006 897 1185 959 tamen
1228 901 1485 970 deinceps
1534 890 1700 952 altum
1748 905 1831 951 est
1874 893 2165 948 silentium.

573 1003 910 1073 Quicumque
927 994 1069 1055 enim
1090 994 1204 1053 haec
1215 995 1505 1064 excerpsit,
1524 992 1749 1068 κορυφὰς
1769 987 1949 1066 nepa;
1971 984 2170 1063 ἑτέραιξ

574 1095 893 1174 προσάπτων
927 1094 1113 1166 μύθων,
1151 1086 1273 1143 huic
1306 1083 1656 1157 propositioni
1703 1079 1959 1136 continuo
2003 1092 2169 1149 synn-

575 1170 725 1244 dales
756 1188 1012 1256 epistolas
1060 1182 1402 1240 Sardicensis
1445 1172 1658 1235 concilii
1706 1170 1800 1231 sex
1845 1174 1973 1227 ante
2016 1171 2171 1225 annis

578 1278 765 1347 habiti,
799 1285 1021 1336 alteram
1052 1278 1119 1333 ad
1157 1290 1347 1331 omnes
1387 1272 1679 1336 Ec'clesias,
1722 1269 1950 1324 alteram
1977 1265 2043 1320 ad
2072 1264 2169 1319 Ju.

576 1376 707 1431 lium
760 1373 818 1430 Ρ.
872 1373 939 1428 R.
990 1370 1351 1427 innocentiam
1403 1363 1682 1422 Athanasii
1731 1368 2061 1429 compertam
2108 1370 2173 1412 ac

575 1471 932 1522 contestatam
958 1456 1259 1518 indicantes
1286 1458 1518 1529 subjecit
1550 1475 1563 1511 :
1592 1456 1660 1512 de
1690 1454 1882 1526 quibus
1913 1452 2063 1522 plura
2092 1447 2170 1505 di-

575 1572 719 1622 cere,
753 1552 1210 1630 (quandoquidem
1267 1553 1404 1607 hanc
1429 1550 1624 1617 doctis,
1656 1542 1882 1618 Jupiter,
1929 1552 1981 1600 et
2028 1543 2175 1598 labo-

576 1652 735 1707 riosis
775 1652 887 1707 suis
922 1644 1204 1706 annalibus
1246 1647 1328 1702 vir
1372 1642 1716 1701 illustrissimi
1746 1638 1979 1695 nominis
2004 1652 2066 1691 ac
2095 1636 2176 1691 di-

572 1730 791 1816 gnitatis
836 1734 1137 1800 Cardinalis
1183 1740 1449 1797 Barouius
1494 1737 1741 1803 inseruit,
1791 1732 2010 1788 omissis
2049 1732 2175 1786 sub-

2271 517 2421 575 Adeo
2447 530 2634 575 verum
2664 520 2748 575 est
2774 514 2903 574 illud
2935 516 3171 589 Tragici;

2518 610 2657 662 ἔπαθ’
2677 620 2698 662 ὁ
2717 623 2853 674 μακρὸς
2878 622 2943 662 καὶ
2962 620 3204 673 inﬂigunt“
3230 620 3359 675 χρόνος

2517 687 2605 726 Wst
2625 689 2661 725 τ’
2683 681 2825 736 ἄδηλα,
2845 686 2909 724 ul
2932 687 3088 736 μιήνῃ
3109 687 3319 736 itm-scut,

2923 732 3153 800 ('Sopltoc'.
3178 734 3229 786 tu
3252 732 3427 800 Aiace,
3458 749 3492 800 p
3506 733 3626 798 .59.)

2343 828 2395 885 6.
2439 827 2667 900 Sequens
2697 827 2915 898 epistola
2968 845 3102 882 nunc
3155 825 3318 899 Frag.
3349 843 3421 882 xtl
3466 845 3559 883 an.
3753 827 3897 881 scri-

2274 931 2382 989 pta.
2408 950 2480 961 ——
2503 920 2789 991 Sequentis
2808 920 3053 989 ejusdem
3084 910 3359 974 Pontiﬁcis
3390 918 3655 990 epistolae,
3690 934 3898 988 quam-

2272 1015 2355 1070 vis
2393 1015 2504 1084 ipsa
2532 1008 2923 1068 connexionem
2953 1028 3074 1067 cum
3124 1009 3556 1082 praecedentibus
3608 1008 3896 1081 aptiorem

2275 1123 2379 1163 non
2431 1107 2642 1174 habeat,
2687 1100 2889 1161 certior
2937 1115 3116 1160 tainen
3167 1116 3249 1160 est
3302 1096 3551 1159 historia.
3607 1098 3895 1170 Quantum

2273 1200 2418 1256 enim
2440 1213 2506 1255 ex
2536 1198 2654 1270 ejus
2686 1192 2879 1268 ubique
2908 1195 3332 1266 corruptissima:
3355 1193 3591 1250 lectione
3613 1192 3779 1247 datur
3801 1190 3900 1248 as.

2274 1293 2456 1363 sequi,
2505 1304 2625 1362 post
2670 1291 3009 1360 imperatoris
3058 1284 3359 1344 Constantii
3410 1287 3642 1353 obitum,
3698 1280 3916 1342 reret:

2275 1400 2502 1455 sumque
2523 1383 2593 1439 ab
2617 1383 2811 1438 cxsilio‘
2832 1380 3122 1437 Eusebium
3144 1366 3517 1435 Vercellarum
3534 1378 3893 1450 episcopum,

2275 1492 2399 1533 cum
2430 1484 2615 1530 nostro
2645 1472 2848 1529 Hilario
2888 1483 2942 1528 et
2983 1471 3278 1527 Athanasio
3307 1471 3489 1526 divina
3515 1468 3891 1541 providentia,

2275 1585 2397 1641 quae
2444 1569 2554 1625 suis
2599 1567 2827 1639 tempori
2868 1582 3157 1637 numquam
3189 1582 3294 1621 non
3325 1565 3503 1631 adest,
3541 1562 3698 1634 Reip.
3728 1560 3894 1619 Chri-

2275 1665 2466 1718 stiana:
2480 1661 2870 1717 constituenda.-
2884 1648 3729 1728 rcstaqrandazque'l‘riumvirum
3750 1671 3895 1725 pra:-

2279 1757 2550 1817 stitutum,
2583 1762 2961 1808 conservatum
2993 1758 3155 1820 atque
3183 1748 3392 1815 alitum,
3438 1749 3544 1803 hoc
3592 1754 3701 1812 est,
3742 1747 3893 1802 eirea

573 1836 926 1893 scribentium
972 1837 1349 1907 episc0porum
1395 1830 1724 1896 nominibus,
1770 1841 1891 1898 quae
1944 1827 2012 1883 ab
2059 1824 2169 1895 ejus

2279 1861 2476 1900 annum
2507 1806 2705 1901 Christi
2737 1844 2843 1899 565
2870 1806 3216 1913 Scripta-cst:
3250 1806 3446 1910 nempe
3485 1855 3596 1910 quo
3639 1806 3893 1907 tempore

574 1931 762 1987 codice
790 1933 1050 1996 aberant;
1104 1929 1195 1983 illa
1244 1942 1374 1982 vero
1414 1941 1521 1980 non
1567 1938 1673 1978 uno
1711 1921 1830 1976 loco
1865 1917 2007 1989 apud
2036 1919 2174 1973 auti-

574 2040 709 2095 quos
738 2024 957 2096 exstat,)
992 2021 1325 2094 superﬂuum
1357 2017 1629 2075 existimo.
1678 2008 1824 2071 Idem
1857 2015 2016 2069 etiam
2053 2014 2175 2082 pcr-

575 2116 784 2187 spicere
833 2123 918 2171 est
973 2113 1038 2170 ad
1090 2113 1293 2169 calcem
1340 2110 1624 2187 l‘i-agmentt
1669 2122 1730 2172 tl,
1780 2106 1866 2162 ubi
1927 2120 2047 2159 cum
2108 2102 2168 2157 Β.

576 2201 808 2263 Hilarius
839 2207 1011 2263 lucem
1044 2200 1338 2261 narrationi
1369 2200 1481 2258 suie
1521 2182 1798 2256 allaturam
1844 2198 2070 2254 dixiSset
2111 2196 2174 2251 il-

576 2302 680 2356 lam
726 2302 1049 2366 orationem,
1102 2314 1262 2369 quam
1310 2297 1500 2353 eadem
1555 2293 1891 2351 Sardicensis
1933 2289 2174 2363 synodus

575 2407 670 2463 per
691 2384 1029 2449 Vincentium
1080 2392 1276 2461 Capua
1330 2399 1385 2445 et
1438 2388 1515 2461 (α)
1556 2386 1870 2465 ‘Euphatem
1933 2382 2174 2439 Coloniae

572 2485 882 2556 Agrippina:
909 2475 1194 2555 episcopos
1223 2480 1566 2537 Antiochiam
1600 2470 1768 2549 usljue
1801 2475 1868 2531 ad
1900 2476 2169 2531 Constan-

575 2573 703 2631 tium
756 2577 951 2632 missos
996 2568 1216 2641 habuit;
1250 2590 1447 2646 magno
1497 2583 1673 2628 tamen
1721 2564 1962 2625 liisturize
2003 2560 2171 2623 detri-

574 2682 760 2726 mento
782 2670 927 2726 nulla
957 2668 1044 2725 hic
1076 2679 1274 2736 exstat,
1304 2667 1399 2723 sed
1428 2667 1543 2739 ejus
1574 2667 1693 2721 loco
1718 2663 1962 2736 qtncdam
2008 2659 2169 2716 Libe-

574 2765 638 2821 rii
670 2760 730 2820 P.
757 2765 824 2821 R.
849 2764 930 2839 (ὁ)
973 2771 1029 2820 et
1052 2764 1280 2820 aliorum
1309 2762 1551 2833 epistola:
1581 2760 1726 2816 nullo
1754 2752 2011 2829 temporis
2034 2799 2049 2824 ,
2080 2755 2169 2812 vel

575 2852 758 2916 rerum
806 2838 999 2916 ordine
1027 2868 1243 2915 servato
1274 2857 1419 2913 velut
1448 2856 1501 2911 in
1545 2848 1857 2912 fasciculum
1902 2860 2171 2922 congesta:

574 2954 850 3024 leguntur.

645 3030 697 3102 5.
740 3045 874 3101 Nam
905 3060 1025 3114 qua:
1063 3038 1233 3116 prima
1280 3042 1547 3107 occurrit,
1592 3057 1622 3097 a
1660 3038 1876 3096 Liberio
1906 3037 2048 3092 circa
2086 3034 2169 3090 sui

575 3134 918 3209 ponlilicatus
946 3134 1155 3193 initium
1183 3179 1199 3205 ,
1227 3137 1366 3207 quod
1395 3132 1447 3192 in
1478 3136 1676 3191 annum
1708 3132 1898 3189 salutis
1928 3126 2037 3187 555
2084 3130 2167 3184 in-

2275 1938 2327 1992 in
2358 1937 2648 1993 Occidente
2682 1937 2897 2004 pariter,
2924 1932 2986 1988 ac
3014 1944 3138 1988 ante
3167 1930 3374 2005 synodo
3403 1931 3782 1987 Alexandrina
3835 1932 3891 1986 in

2274 2024 2496 2087 Oriente
2527 2028 2545 2101 (
2574 2029 2701 2085 anni
2728 2020 2834 2083 362
2857 2026 2899 2100 ).
2930 2026 3234 2082 concordiae
3280 2025 3540 2098 pacisque
3591 2020 3777 2079 sludiu
3823 2037 3891 2080 ac

2275 2124 2418 2179 bono
2448 2118 2474 2175 ιι
2510 2121 2681 2177 tribus
2710 2120 2836 2185 illis,
2888 2124 2957 2181 ὡς
2986 2119 3179 2181 ἀληθῶς
3206 2119 3495 2197 ἀνθρώποις
3522 2123 3617 2172 τοῦ
3641 2118 3775 2173 Θεοῦ
3802 2121 3891 2173 καί

2275 2220 2538 2291 μεγίστοις
2565 2222 2666 2270 τῶν
2686 2213 2877 2287 ψυχῶν
2905 2211 3205 2286 οἰκονόμοις,
3246 2227 3310 2265 ex
3359 2226 3439 2265 XII
3504 2207 3789 2265 Senatt'bus
3828 2224 3893 2263 ac

2275 2308 2492 2378 fortibus
2538 2307 2756 2379 siremps
2806 2307 2889 2361 lea:
2936 2304 3077 2360 dicta
3109 2315 3213 2373 est,
3264 2300 3706 2374 Ariamrumque
3738 2316 3894 2358 carn-

2275 2401 2532 2455 munione
2586 2398 2853 2464 fmdatos,
2900 2396 3141 2466 exceptis
3197 2395 3470 2450 haereseos
3526 2390 3888 2461 auctoribus,

2276 2491 2517 2564 perfidia!
2560 2492 2978 2547 renuntiantes:
3011 2506 3031 2541 ι
3069 2487 3312 2544 Ecclesia
3339 2487 3606 2544 catholica
3648 2506 3668 2540 ν
3712 2487 3892 2557 inquit

2276 2586 2631 2657 Augustinus,
2671 2598 2691 2636 ι
2727 2592 2973 2639 materno
3021 2581 3231 2652 recepit
3281 2582 3425 2646 sinu,
3477 2589 3752 2649 tamquam
3783 2579 3863 2636 Pe

2276 2689 2414 2733 trum
2449 2687 2570 2748 post
2597 2676 2784 2732 fletum
2814 2674 3115 2746 negationis
3142 2689 3239 2743 per
3276 2672 3407 2744 galli
3436 2683 3659 2728 cantum
3686 2671 3883 2727 admo~

2273 2772 2467 2838 nitum,
2491 2779 2584 2825 aut
2605 2778 2875 2839 tamquam
2901 2766 3151 2847 euriidem
3175 2774 3296 2837 post
3322 2778 3542 2835 praVam
3573 2763 3884 2820 simulatio-

2274 2878 2397 2918 nem
2440 2861 2588 2917 Pauli
2641 2876 2771 2915 voce
2796 2865 3099 2915 correctum
3131 2876 3150 2910 ι
3197 2857 3567 2930 (Augustinus
3600 2855 3667 2911 de
3702 2857 3888 2928 Agaue

2273 2950 2467 3008 Christ.
2526 2968 2574 3006 c.
2634 2950 2749 3023 50).
2807 2948 3024 3005 Lucifer
3064 2949 3212 3004 solus
3249 2947 3570 3002 Calaruum
3616 2947 3885 3004 Sardinia:

2273 3047 2579 3116 episcopos,
2610 3043 2915 3099 constantia
2956 3041 3102 3106 ﬁdei,
3136 3041 3576 3112 scriptorumque
3606 3040 3883 3105 libertate,

2275 3139 2321 3191 si
2348 3138 2522 3192 labem
2556 3137 2712 3192 istam
2749 3136 3009 3205 excipias,
3058 3131 3499 3189 interEcclesia:
3544 3131 3747 3187 lumina
3795 3147 3887 3188 re-

574 3231 725 3297 cidit,
756 3233 954 3302 scripta
1006 3231 1238 3286 videtur.
1272 3230 1376 3286 Par
1415 3241 1499 3287 est
1544 3233 1687 3286 enim
1728 3220 1903 3298 ipsum
1947 3218 2169 3280 accusa-
2201 3209 2246 3274 C
2280 3229 2606 3295 censendus,
2662 3227 2926 3299 paucique
2947 3226 3038 3281 alii
3063 3225 3225 3281 nimia
3255 3223 3544 3280 Sanctitate
3568 3223 3781 3287 dicam.
3810 3239 3881 3279 an

576 3322 775 3378 tionem
806 3339 988 3379 curam
1014 3322 1156 3379 Julio
1182 3338 1509 3393 prazcessore
1550 3318 1649 3377 Sub
1702 3314 2007 3376 inchoatam
2063 3322 2167 3374 n‘on

574 3408 668 3471 diu
700 3414 1063 3487 protraxisse,
1103 3416 1199 3472 sed
1249 3415 1430 3471 statim
1463 3408 1521 3471 ut
1552 3406 1788 3485 pontifex
1831 3413 2169 3468 renuntiatus

575 3518 679 3573 est,
711 3494 915 3583 legatos
941 3511 1064 3567 illus
1088 3508 1214 3566 suus
1239 3511 1306 3567 ad
1336 3509 1683 3566 Athanasium
1711 3504 1923 3563 misisse
1947 3498 2172 3562 Alexan-

576 3600 770 3671 driam,
814 3602 1312 3675 detractantemque
1347 3600 1607 3673 judicium
1660 3592 2068 3656 condemnasse.
2113 3588 2169 3654 in

575 3710 683 3767 quo
723 3705 901 3751 tamen
947 3697 1118 3752 nodus
1161 3696 1275 3751 Deo
1301 3694 1529 3760 vindice,
1579 3688 1631 3751 id
1675 3682 1777 3759 esi,
1828 3694 2171 3749 ornatissimo

576 3786 674 3841 illo
717 3782 1137 3858 doctissimoque
1184 3782 1468 3842 Annalium
1509 3778 1995 3843 eCclesiasticorum
2038 3785 2174 3841 scri-

577 3888 731 3946 ptore
756 3870 950 3948 dignus
991 3880 1192 3934 subest.
1239 3878 1373 3933 Cum
1413 3878 1557 3934 enim
1598 3874 1879 3934 auctorum
1930 3872 2170 3933 omnium

574 3962 790 4040 scriptis
818 3962 1050 4037 constet,
1082 3964 1430 4026 Athanasium
1454 3968 1564 4042 jam
1597 3972 1724 4026 olim
1750 3983 1872 4026 ante
1899 3962 2170 4027 Liberium

575 4050 1008 4120 adversariorum
1055 4056 1202 4123 aries
1248 4062 1617 4137 versutiasque
1655 4065 1946 4133 detexisse,
1995 4068 2170 4122 mani-

577 4154 822 4227 festoque
871 4152 1153 4214 mendacio
1181 4152 1511 4240 traduxisse;
1554 4160 1675 4231 quis
1704 4146 1879 4231 potuit
1926 4154 2049 4215 es‘se'
2091 4163 2172 4215 tot

576 4246 798 4321 synodis
838 4250 1175 4306 coolixorum
1221 4253 1572 4320 accusationi,
1615 4252 1707 4309 aut
1760 4254 1838 4308 tut
1887 4250 2172 4309 sententiis

574 4334 809 4395 absoluti
858 4334 1295 4401 cundaiunationi
1341 4345 1530 4401 locus?
1575 4354 1667 4402 aut
1707 4345 1979 4418 quomodo
2023 4361 2173 4403 com-

577 4426 832 4490 munione
859 4432 954 4491 sua
995 4434 1168 4507 potuit
1195 4438 1491 4496 Athanasio
1532 4440 1778 4497 Liberius
1823 4438 2167 4511 interdicere,

577 4522 735 4595 cujus
764 4528 1267 4588 eondemnalioncm
1302 4533 1371 4588 ab
1421 4528 1784 4591 Orientalibus
1810 4520 2017 4608 aliquoi
2055 4536 2169 4608 epi-

2276 3324 2576 3394 perricacia
2614 3339 2627 3375 :
2674 3320 2876 3397 «Hanc
2903 3319 3089 3374 matris
3129 3317 3448 3373 cbaritatem
3480 3317 3713 3387 superbe
3738 3317 3886 3371 acci-

2275 3417 2482 3487 pientes
2507 3428 2556 3469 ul
2588 3414 2749 3484 impie
2776 3411 3265 3482 reprehendentes,
3295 3409 3423 3480 quia
3453 3419 3575 3479 post
3599 3408 3723 3480 galli
3750 3422 3881 3464 can-

2275 3517 2383 3564 tum
2416 3509 2654 3579 surgenti
2687 3522 2792 3562 non
2817 3504 3109 3576 gratulati,
3136 3518 3259 3559 cum
3306 3499 3534 3557 lucifero
3576 3502 3668 3583 qui
3712 3518 3875 3557 mane

2272 3602 2548 3658 oriebatur
2576 3599 2773 3656 cadere
2801 3605 3117 3655 meruerunt
3134 3615 3154 3651 ι
3178 3596 3545 3670 (Augustinus,
3565 3598 3664 3662 5b.,
3686 3613 3739 3652 ο.
3757 3597 3872 3664 50).

2274 3692 2424 3749 Adeo
2446 3690 2499 3747 in
2517 3691 2766 3748 omnibus
2780 3691 2941 3747 rebus
2954 3700 3010 3745 ut
3026 3693 3314 3760 Optimum,
3330 3689 3401 3745 ita
3423 3697 3480 3744 et
3495 3686 3875 3745 difﬁcillimum

2273 3794 2360 3842 est
2382 3784 2602 3841 modum
2630 3798 2871 3840 servare.

2347 3881 2399 3935 7.
2444 3882 2782 3936 Ariminensis
2811 3880 3017 3936 concilii
3042 3895 3192 3934 casus
3220 3880 3481 3936 incautus.
3529 3906 3604 3920 -—
3653 3877 3873 3936 Ursacio

2274 3972 2415 4029 cnim
2441 3983 2495 4029 et
2520 3973 2762 4038 Valente.
2798 3983 2856 4029 ut
2880 3973 3086 4029 scelera
3131 3972 3222 4029 diu
3265 3973 3437 4029 latere
3476 3982 3585 4028 non
3629 3984 3870 4044 possunt,

2275 4067 2428 4121 ulcus
2479 4066 2838 4122 Ariminensis
2881 4065 3002 4121 ﬁdei
3043 4066 3113 4121 ab
3155 4065 3406 4121 ominibus
3446 4063 3561 4121 fere
3610 4067 3872 4137 episeopis

2276 4175 2372 4230 pro
2398 4160 2695 4216 orthodoxa
2726 4170 2964 4230 suceptaa
2987 4174 3050 4215 ac
3071 4160 3441 4229 comprobata:
3464 4159 3866 4230 detegentibus,

2274 4252 2578 4324 Filiumqne
2622 4254 2855 4308 similem
2905 4252 3047 4307 Patri
3110 4250 3313 4308 dictum
3391 4251 3871 4322 interpretantibus

2273 4348 2374 4418 οὐχ
2405 4345 2600 4412 ἁπλῶς,
2632 4361 2815 4400 rerum
2844 4345 2975 4401 κατὰ
2995 4367 3068 4409 τι,
3097 4343 3149 4399 id
3179 4352 3283 4408 cst,
3315 4343 3601 4399 secundum
3625 4343 3867 4417 Scriptu-

2274 4440 2381 4505 ras,
2435 4447 2490 4493 et
2537 4447 2804 4509 quatenus
2855 4432 3150 4508 Scripiuris
3227 4437 3397 4492 sacris
3451 4436 3515 4491 ea
3579 4428 3869 4491 similitudo

2275 4528 2567 4586 conformis
2593 4540 2695 4599 est,
2725 4546 2794 4585 ex
2826 4526 2996 4597 iisque
3027 4542 3124 4585 nec
3162 4527 3425 4599 aequalem
3459 4521 3604 4582 Patri
3634 4512 3824 4582 Filium
3848 4567 3865 4592 ,

576 4615 759 4703 scopis
780 4616 1000 4685 factam.
1029 4631 1086 4679 et
1108 4622 1174 4678 ad
1192 4639 1250 4680 se
1273 4616 1614 4695 pontiﬁcatus
1635 4628 1719 4681 sui
1748 4622 1902 4683 initio
1925 4629 2171 4695 missam,
2200 4600 2251 4661 D
2278 4624 2377 4682 nec
2407 4626 2571 4681 unum
2616 4620 2738 4681 cum
2766 4622 2832 4681 eo
2858 4626 2877 4697 (
2905 4620 3120 4692 semper
3147 4620 3290 4677 enim
3320 4618 3349 4676 a'
3393 4618 3528 4677 vero
3575 4620 3867 4677 similitudo

575 4709 620 4766 si
672 4704 841 4768 ratam
891 4731 1010 4771 eam
1062 4716 1306 4784 haberet,
1361 4718 1815 4789 quemadmodum
1864 4716 2007 4777 idem
2056 4720 2171 4792 ipse

574 4801 822 4860 Liberius
848 4807 901 4862 in
928 4804 1155 4879 epistola
1203 4809 1271 4865 ad
1303 4804 1697 4880 Constantium,
1729 4827 1851 4883 quae
1895 4813 1983 4870 hic
2024 4815 2170 4871 edita

576 4896 805 4955 habetur
834 4894 1074 4975 (Fraqm.
1101 4898 1153 4967 ti,
1184 4921 1238 4959 η.
1269 4888 1350 4976 2).
1378 4905 1531 4960 testis
1558 4915 1660 4970 est,
1708 4901 1927 4978 accepta
1976 4896 2166 4965 eodem

575 4999 818 5083 tempore
844 4994 1176 5065 septuaginta
1206 4998 1444 5069 quinque
1479 4999 1855 5071 episcoporum
1885 4984 2169 5075 Egyptio-

572 5098 692 5138 rum
723 5078 999 5141 Athanasii
1045 5082 1406 5145 innecentiam
1448 5094 1677 5148 testante
1720 5095 1984 5148 sententia
2015 5110 2166 5150 com-

575 5174 805 5246 probare
836 5179 1040 5235 noluit?
1060 5180 1261 5238 Omitto
1291 5182 1432 5255 quod
1454 5182 1677 5255 hujusce
1701 5182 2168 5245 condemnationis

575 5272 676 5324 ncc
697 5268 1023 5328 Athanasius
1049 5272 1187 5343 ipse,
1210 5275 1301 5345 qui
1332 5291 1417 5331 res
1446 5272 1572 5331 suas
1606 5270 2018 5350 diligentissime
2060 5276 2165 5335 non

577 5377 681 5416 uno
708 5362 842 5418 libro
871 5366 1185 5437 complexus
1232 5378 1346 5435 est,
1388 5384 1487 5449 nec
1514 5372 1794 5442 quiStlualll
1840 5368 1983 5428 alius
2024 5373 2168 5444 quod

573 5454 740 5510 sciam
772 5466 1015 5514 veterum
1039 5476 1263 5532 usquam
1297 5454 1559 5519 meminit.
1611 5458 1823 5521 Falsau'i
1870 5458 2046 5521 auieiri
2077 5475 2171 5522 aut.

645 5614 722 5703 (εἰ)
743 5608 1079 5703 Euphratem
1100 5635 1205 5703 “seu
1233 5621 1560 5703 Euphratam
1588 5639 1653 5681 ex
1668 5618 2019 5703 Ilieodoreto
2044 5606 2082 5681 l.
2104 5644 2162 5697 ιι,

574 5686 817 5770 (ἐῖῗζιεκ
858 5703 964 5770 quo
991 5689 1204 5770 quidem
1236 5686 1448 5747 constat
1485 5695 1621 5770 duos
1668 5697 1787 5751 illos
1827 5686 2165 5770 episcoposa

580 5750 895 5834 ξεν-ὤρειηί
935 5750 1164 5834 οωῇεῑιίο
1192 5781 1461 5834 reversos,
1497 5762 1539 5834 1a
1584 5750 1887 5826 Constante
1903 5750 2167 5828 δἐιὲριοῖἐ

579 5821 771 5896 tuisse,
798 5843 908 5903 quo
927 5824 1182 5922 epistolas
1203 5849 1328 5895 suas
1352 5821 1421 5899 ad
1442 5821 2163 5924 Cbbstatitiitmperferrem;

2275 4719 2493 4792 abest,)'
2537 4704 2982 4784 conlicientibus,
3039 4711 3345 4773 creaturam
3403 4712 3569 4771 éliain
3623 4724 3862 4786 negatum

2273 4817 2411 4872 sicut
2441 4822 2566 4870 s'nnt
2590 4814 2713 4871 alia:
2752 4818 3052 4878 cr‘baturaa;
3093 4802 3525 4881 praestantiorem
3557 4804 3701 4864 enim
3728 4822 3861 4871 esse,

2273 4908 2368 4964 sed
2399 4914 2704 4964 creaturam
2762 4896 2940 4962 tamen
2988 4894 3330 4961 eludentibus
3378 4921 3393 4957 :
3449 4896 3710 4979 Ingemuit
3739 4898 3865 4956 (oles

2275 4980 2429 5064 orbis,
2465 5000 2635 5070 inquit
2671 4996 3032 5071 Hieronymus
3078 4980 3344 5066 (aduersus
3388 4986 3792 5066 Luciferianos),
3818 5010 3843 5047 ε

2273 5112 2326 5151 sc
2347 5093 2590 5149 Arianum
2623 5090 2833 5147 miratus
2856 5101 2947 5147 est.
2968 5091 3034 5146 Et
3058 5105 3185 5167 sane
3197 5087 3345 5161 τὸ,’0
3358 5096 3502 5161 jacio
3522 5110 3544 5142 δ
3569 5090 3731 5145 me
3753 5089 3863 5149 ni:

2273 5202 2353 5269 Γρ
2367 5192 2544 5269 αφάςς,
2566 5188 2674 5250 τοῖς
2705 5186 3093 5269 ἆῶτλουστέροις,
3110 5175 3279 5252 inquit
3302 5178 3528 5263 magnus
3561 5180 3650 5239 ille
3669 5183 3863 5252 Grego-

2276 5264 2388 5339 rius
2420 5264 2443 5349 V(
2472 5264 2726 5335 Ναέὶηηέ.
2783 5264 2876 5334 Ur.
2926 5264 3016 5345 2i,
3062 5295 3114 5333 ιι.
3156 5274 3295 5349 26),
3345 5268 3523 5357 δέλεαρ
3568 5272 3628 5335 ἦν
3671 5275 3726 5357 τᾷ
3770 5276 3855 5336 τῆξ

2275 5375 2515 5435 ἀσεϐείας
2537 5375 2715 5447 χαλκῷ
2770 5368 3132 5449 περὶκείμενον.
3180 5370 3211 5427 ἦ
3263 5366 3391 5444 arpi);
3440 5352 3641 5429 πάντας
3696 5352 3861 5443 ipsa:

2274 5466 2398 5528 eis.»
2452 5464 2723 5544 παριόντας
2771 5462 2933 5529 ἐίκὼν,
2968 5464 2999 5522 ἡ
3040 5462 3169 5518 κατά
3201 5461 3375 5517 nam
3403 5452 3589 5531 ἄνεμον
3613 5459 3858 5530 lituum...

2271 5612 2354 5693 Ah
2386 5616 2514 5679 'ver'o
2556 5604 2705 5693 prius
2733 5621 2796 5677 ad
2846 5602 2986 5675 iiit‘ill
3020 5620 3212 5674 munus
3230 5606 3543 5693 obeundum
3580 5631 3612 5683 a
3641 5612 3861 5693 concilio

2276 5682 2343 5752 ad
2382 5681 2630 5752 eumdem
2682 5694 3064 5764 imperatorem
3108 5681 3359 5746 destinati
3401 5681 3765 5755 luerint,hoh
3793 5682 3858 5742 ita

2276 5776 2508 5826 constat.

2310 5812 2662 5927 Vinii-lbera
2691 5832 2915 5924 epistola
2947 5834 3116 5919 priora
3143 5831 3302 5899 dubia
3333 5812 3503 5915 (Frag
3545 5830 3647 5911 iv),
3675 5884 3691 5907 ι
