3978 6196
78 308 208 367 893

1292 284 1567 367 NicoLAt
1608 284 1808 366 [insin
1853 284 2242 368 immuto.

3316 319 3425 374 8η

82 425 269 482 Tunc
300 422 439 505 (ergo
476 420 842 482 concurrebant
873 424 1099 499 episcopi
1124 466 1139 490 ,
1171 425 1259 505 qui
1288 426 1539 499 ejusmodi
1590 422 1722 479 dolis
1749 426 1801 486 Α
1831 420 2092 495 laipltum,
2144 443 2282 500 quos
2343 429 2580 502 gessisse
2637 432 2978 489 consulatum
3008 458 3011 467 ι
3045 434 3235 490 saluti,-
3282 452 3425 491 anno

82 502 327 589 irretiti,
375 513 574 605 διανοίᾳ
615 514 859 593 quidem,
904 512 961 579 ut
984 516 1104 574 cum
1148 502 1340 576 eodem
1386 508 1725 575 Nazianzeno
1828 517 1932 574 566
1953 510 2408 591 chronologorum
2438 508 2835 595 diligentissimi
2864 527 3105 581 tradunt.
3138 528 3273 583 Male
3302 512 3425 584 illos

82 608 228 681 (ΟΥ.
260 612 378 679 21.,
404 630 460 667 η.
487 610 582 685 50)
636 612 842 683 loquar,
877 615 935 667 οὐ
970 612 1232 679 πεσόντες,
1256 614 1523 690 γράμματι
1548 608 1603 666 δέ
1622 633 1726 667 πα·-

80 706 565 781 ραχθέντεςηκαὶ
612 712 703 763 τοῦ
754 711 950 761 καπνοῦ
993 727 1050 782 7s
1090 706 1134 760 si
1175 706 1260 761 καὶ
1309 711 1379 780 μὴ
1429 711 1521 760 τοῦ
1557 705 1724 780 πυρὸς

82 795 515 871 μετασχόντες,
571 796 681 851 sine
737 797 1046 851 conscientia
1111 795 1339 852 Itwretici
1405 796 1720 865 ferebantur,

83 884 456 945 contestantes
504 906 692 961 corpus
746 882 955 944 Domini
1008 891 1148 958 (eam
1195 890 1338 944 enim
1399 888 1720 943 sacramenti

90 980 407 1038 lormulam
466 986 635 1038 multo
673 991 807 1055 ante
860 980 977 1036 hzec
1025 989 1269 1052 tempora
1320 987 1629 1049 usurpatam
1662 981 1712 1034 in

93 1072 361 1131 Ecclesia
423 1073 590 1131 fuisse
650 1070 845 1146 probat
895 1068 1290 1145 jusjurandum,
1343 1072 1487 1147 quod
1554 1071 1715 1144 impie

85 1165 476 1223 Novatianum
503 1169 520 1239 (
547 1184 659 1234 seu,
691 1164 996 1236 Novatum)
1027 1183 1056 1222 a
1088 1168 1221 1243 suis
1247 1164 1493 1235 exegisse
1532 1162 1719 1222 scribit

84 1259 253 1337 apud
280 1256 575 1315 Eusebium
601 1246 882 1316 Cornelius
899 1256 1137 1333 [Euseb.,
1164 1259 1253 1314 lib.
1282 1276 1331 1314 νι
1362 1257 1501 1316 Hist.
1533 1278 1578 1314 c.
1609 1258 1711 1325 43;

91 1349 338 1407 Hieron.
399 1363 579 1413 contra
647 1346 898 1424 Luci/2])
953 1362 999 1406 et
1039 1352 1290 1423 quidquid
1356 1352 1409 1407 in
1483 1352 1716 1406 Ecclesia

85 1453 348 1497 sanctum
400 1455 498 1510 est,
548 1461 602 1498 se
647 1443 779 1498 nihil
829 1444 955 1498 mali
994 1445 1047 1497 iu
1093 1462 1186 1498 sua
1243 1443 1347 1514 ﬁde
1399 1445 1710 1515 auspicatos.

91 1538 433 1596 Putavimus
453 1584 467 1607 ,
521 1545 754 1609 aiebant,
799 1560 1002 1596 sensum
1032 1558 1312 1614 congruere
1336 1558 1453 1594 cum
1500 1538 1665 1593 verbis
1693 1554 1714 1594 :

84 1624 190 1688 nec
224 1635 281 1688 in
317 1632 550 1690 Ecclesia
595 1626 717 1703 Dei,
772 1633 858 1689 ubi
908 1635 1233 1708 simplicitas,
1280 1634 1365 1687 ubi
1414 1649 1544 1706 pura
1591 1644 1715 1686 con-

84 1724 267 1795 fessio
293 1736 396 1792 est,
429 1727 577 1781 aliud
602 1728 652 1780 in
681 1726 854 1793 corde,
895 1712 1042 1781 aliud
1087 1728 1141 1780 in
1186 1724 1334 1779 labiis
1393 1718 1613 1797 proferri
1638 1722 1715 1777 ei-

1830 606 2113 668 haereticos
2138 608 2368 669 habebat
2395 628 2549 671 vetus
2573 618 2700 672 illud
2726 622 2776 672 in
2807 634 2865 675 se
2894 617 3146 689 experiri,
3179 619 3298 673 Cito
3325 610 3425 695 im-

1828 700 2119 773 proborum
2155 694 2289 761 laeta
2320 708 2369 761 in
2397 710 2690 780 perniciem
2713 696 2906 766 cadere
2938 729 2952 765 :
2985 726 3084 766 nec
3124 727 3189 766 ex
3220 694 3425 767 Arimi-

1826 799 1977 851 nensi
2008 796 2198 854 fraude
2218 799 2328 869 jam
2361 799 2462 858 sibi
2493 803 2810 873 quidquam,
2865 811 3060 873 praeter
3095 792 3279 858 odidm
3320 798 3420 874 pu-

1826 886 2043 955 blicum,
2075 884 2337 948 invidiam
2368 908 2431 947 ac
2454 893 2728 949 infamiam
2758 911 3074 965 superesse;
3107 876 3261 952 ﬁdem
3290 912 3421 952 vero

1823 981 2094 1038 Nicacnam
2154 985 2352 1058 ubique
2421 988 2661 1044 locorum
2716 989 2993 1058 pristinam
3048 984 3420 1044 auctoritatem

1823 1070 2253 1153 (lignitateque
2306 1093 2648 1149 recuperare.
2699 1080 2805 1136 Sed
2861 1078 3134 1150 praecipue
3190 1084 3424 1153 augebat

1821 1150 2080 1222 διτηιῆιῆ
2107 1166 2303 1243 veteris
2326 1164 2411 1245 sui
2438 1158 2643 1225 sodalis
2670 1186 2733 1226 ac
2753 1174 3110 1243 congerrnuis
3131 1150 3414 1247 individui,

1818 1257 1934 1313 sine
1964 1254 2072 1329 quo
2102 1256 2314 1315 Theseo
2346 1250 2480 1316 nillil
2533 1256 2637 1317 huc
2687 1281 2856 1334 usque
2895 1252 3140 1319 ieritaver
3178 1273 3234 1317 ut
3259 1306 3273 1322 .
3324 1260 3422 1319 tle-

1820 1348 1999 1405 l’ectio.
2048 1350 2096 1405 ls
2134 1346 2277 1407 enim
2328 1350 2659 1409 confessioni
2708 1350 3057 1411 Semiariana‘:
3105 1352 3414 1423 adhaerens,

1817 1440 1962 1497 Patri
1995 1442 2191 1499 Filium
2224 1460 2321 1515 per
2350 1448 2528 1501 omnia
2560 1449 2793 1504 similem
2823 1449 3037 1505 dicebat
3067 1467 3078 1502 :
3113 1466 3139 1503 a
3165 1467 3266 1521 qua
3297 1466 3421 1521 pro-

1818 1532 2051 1590 fessione
2080 1530 2178 1591 nec
2213 1537 2573 1595 Ariminensis
2603 1539 2734 1595 ﬁdes
2765 1554 2885 1612 post
2909 1543 3014 1596 vim
3057 1536 3260 1597 illatam
3291 1524 3414 1597 sus-

1815 1636 1971 1693 cepta
2017 1612 2335 1684 diSsidebat.
2388 1630 2642 1696 Quamvis
2692 1633 2860 1701 enim,
2914 1645 2970 1687 ut
3011 1626 3175 1702 supra
3210 1627 3411 1689 dietuin

1815 1731 1921 1785 est,
1955 1736 2049 1776 eas
2075 1737 2234 1777 voces
2264 1739 2355 1795 per
2400 1725 2570 1778 omnia
2618 1742 2728 1781 non
2756 1727 3023 1795 habuerit,
3076 1728 3207 1782 satis
3232 1719 3411 1783 tamen

80 1820 350 1874 maiorue.
405 1818 473 1903 Et
513 1836 664 1883 sane,
707 1822 1011 1897 ἀφύλακτον,
1063 1806 1235 1889 inquit.
1264 1817 1406 1872 idem
1451 1815 1540 1869 ille
1582 1806 1714 1870 Gre-
1746 1822 1790 1883 Β
1822 1812 1953 1887 ipsa:
1976 1814 2216 1869 clausula
2257 1816 2344 1869 illa
2392 1818 2674 1873 secundum
2708 1817 3029 1891 Scripturas,
3063 1819 3188 1889 quia
3219 1810 3412 1875 Filium

81 1910 310 1983 gbtius.
356 1916 387 1973 ἡ
445 1913 687 1978 ἁπλότης.
748 1917 831 1969 καὶ
882 1915 1014 1985 μετά
1051 1919 1143 1968 τοῦ
1186 1913 1381 1987 σαθροῦ
1425 1916 1515 1970 τήν
1540 1908 1710 1983 φιλάν-

80 2008 326 2084 θρωπον,
374 2011 461 2063 καὶ
502 2009 689 2067 ἥκιστα
736 2014 826 2069 τήν
873 2002 1051 2063 aanimi
1102 2008 1357 2082 ὑφορᾶται
1412 2006 1471 2060 τὸ
1529 2007 1709 2064 κακίας

84 2098 380 2177 ἐλεύθερον.
415 2118 433 2151 t
470 2086 744 2177 interrogo
776 2098 931 2165 istos,
992 2117 1011 2151 ι
1065 2095 1341 2167 subjungit
1382 2095 1523 2149 idem
1578 2093 1706 2148 Ilie-

82 2172 363 2264 rouynius
390 2186 658 2265 [adversus
708 2172 930 2267 Lucili],
964 2211 982 2244 ι
1023 2191 1181 2246 nimis
1215 2190 1529 2261 religiosos,
1573 2186 1703 2258 quid

82 2280 508 2340 confessoribus
544 2302 565 2338 ι
618 2278 718 2356 (sic
768 2284 911 2341 enim
967 2270 1117 2341 locus
1166 2283 1257 2339 ille
1296 2282 1460 2357 scribi
1520 2279 1703 2353 debet)

88 2395 107 2427 ι
146 2356 429 2449 agendum
461 2377 824 2449 putaverunt?
852 2366 925 2431 lla
952 2375 1052 2431 hac
1078 2356 1492 2431 mansuetudine
1517 2383 1571 2428 et
1596 2372 1705 2427 cle-

86 2462 307 2523 monilia
339 2464 477 2524 ﬁdes
505 2460 721 2522 Nicaena
757 2460 1001 2540 reparata
1045 2477 1205 2538 atque
1253 2465 1488 2521 stabilita
1517 2470 1617 2527 est,
1653 2472 1708 2518 et

81 2575 112 2613 a
167 2554 354 2614 tribus
417 2554 825 2615 confessoribus
891 2556 1106 2615 Satanm
1170 2547 1411 2613 faucibus
1474 2554 1704 2610 unuiidus

83 2642 337 2721 ereptus.
385 2642 405 2704 ἰ
439 2646 572 2706 Cinn
599 2648 792 2724 quibus
814 2648 976 2707 etiam
1008 2648 1283 2705 Liberium
1306 2649 1366 2706 P.
1399 2642 1461 2704 Β.
1495 2648 1702 2704 uicino-

82 2759 205 2799 rem
252 2738 544 2799 verborum
584 2741 798 2799 Domini
828 2761 840 2798 :
878 2761 896 2796 ι
934 2744 999 2799 Et
1028 2755 1079 2798 tu
1111 2744 1408 2799 Conversus
1437 2740 1703 2797 conﬁrma

82 2832 293 2894 fratres
318 2834 440 2895 tuos
486 2857 517 2913 ι,
560 2830 729 2910 (Luc.
761 2854 903 2903 xxu,
944 2837 1063 2909 25),
1112 2834 1218 2892 non
1264 2837 1436 2892 solum
1488 2834 1700 2891 cadenti

80 2916 279 2998 Petro,
320 2918 427 3009 ‘sed.
450 2926 611 2986 etiam
656 2928 756 2987 sibi
789 2930 1057 2986 dicturum
1088 2973 1103 2999 ,
1135 2931 1225 3002 qui
1264 2930 1408 2985 sedis
1448 2928 1586 2985 Petri
1620 2926 1700 2984 in-

81 3016 474 3093 ﬂrtititatisque
501 3024 789 3079 Suc‘cessor
813 3018 1094 3079 exstiterat
1117 3066 1133 3092 ,
1172 3023 1439 3095 egregiam
1485 3022 1698 3094 quoque

81 3130 325 3173 navasse
344 3110 564 3186 operam
598 3112 836 3172 historiae
864 3119 1118 3189 produnt.

1814 1902 1990 1960 Patris
2045 1908 2338 1978 imaginem
2388 1908 2575 1964 dicunt
2622 1910 2938 1982 Scriptum,
2989 1904 3215 1982 intelligi
3253 1921 3415 1981 atque

1811 1990 2042 2068 exprimi
2071 1994 2453 2056 censebantur.
2474 1990 2541 2057 Ᾱι
2571 1990 3089 2071 Ursacius,Valetns,
3118 2005 3415 2074 caeterique

1811 2089 1877 2144 de
1908 2106 2071 2161 grege
2098 2082 2189 2145 illo
2220 2105 2406 2147 contra
2435 2137 2447 2157 ,
2482 2082 2672 2149 Filium
2703 2092 2922 2166 quidem
2951 2092 3054 2151 dici
3090 2092 3235 2149 Patri
3264 2090 3415 2149 siiu‘i-

1809 2170 1936 2247 lem,
1994 2182 2084 2236 sed
2132 2199 2234 2237 non
2281 2184 2563 2238 secundum
2610 2176 2970 2253 substantiam,
3024 2182 3272 2263 inquiunt
3314 2180 3415 2240 hac

1809 2272 2060 2346 epistola,
2092 2285 2181 2331 aut
2206 2293 2295 2348 per
2323 2270 2494 2332 omnia
2533 2272 2621 2333 seu
2661 2273 2891 2333 absolute
2919 2296 2937 2333 :
2979 2272 3090 2348 (ita
3136 2280 3280 2333 enim
3329 2276 3416 2334 hic

1810 2371 1959 2425 locns
1981 2362 2353 2426 emendandus
2383 2362 2466 2425 est
2559 2352 2644 2427 vel
2672 2371 2815 2427 enim
2846 2372 3197 2442 subjungunt,
3227 2362 3414 2426 Basilii

1807 2452 2149 2535 Anquiritani
2205 2463 2447 2534 episcopi
2502 2456 3062 2541 inter‘rSemia'rianos
3121 2463 3407 2533 praecipui,

1807 2574 1963 2628 quem
1993 2544 2181 2611 Ariani
2211 2548 2439 2613 concilio
2511 2573 2601 2612 an.
2632 2538 2777 2629 566)
2805 2538 3408 2625 Constantinopolitano

1805 2651 2191 2722 deposuerant,
2236 2652 2499 2721 cujusque
2529 2649 2840 2720 Opinionem
2876 2646 2953 2723 (b)
2982 2650 3179 2704 deinde
3212 2648 3405 2703 Antio-

1805 2744 1981 2801 cheuo
2000 2738 2407 2811 damnaverant,
2438 2744 2636 2817 perﬁda
2667 2738 2883 2799 assertio
2912 2743 3258 2812 reparabitur.
3280 2738 3402 2796 Non

1803 2830 1940 2892 adeo
1971 2822 2234 2893 scelerate
2267 2837 2428 2907 igitur
2456 2834 2619 2907 atque
2646 2834 2807 2907 impie
2828 2824 3162 2901 Carminius,
3188 2835 3277 2903 qui
3306 2832 3407 2889 hac

1801 2922 2031 2998 episiola
2080 2939 2405 2999 provocatus
2458 2945 2577 2984 eam
2647 2943 2760 2982 suae
2825 2918 2951 2983 ﬁdei
3015 2922 3404 2997 professionem

1800 3020 2141 3094 conscripsit,
2326 3022 2469 3077 inter
2511 3023 2627 3078 hac
2657 3020 2955 3093 fragmenta
2999 3018 3140 3075 nunc
3171 3016 3402 3091 primum

1801 3112 2009 3186 vulgata
2045 3110 2221 3187 (modo
2262 3112 2425 3187 Frag.
2482 3125 2601 3185 sui)
2650 3113 2927 3170 Christum
2977 3108 3068 3168 ϋὸί
3113 3106 3281 3167 ﬁlium
3337 3127 3404 3166 ac

150 3210 208 3263 8.
248 3207 417 3264 Plane
445 3200 588 3279 quod
619 3208 706 3264 hic
730 3208 1028 3265 obtestatur
1058 3194 1306 3265 Liberius
1376 3192 1537 3283 Frag.
1572 3204 1687 3281 xu),
1721 3212 1765 3276 C
1800 3204 1968 3263 Deum
2015 3207 2284 3277 agnoscit,
2324 3200 2611 3273 divinitate,
2660 3206 2931 3271 cltaritate,
2972 3208 3258 3287 majestate,
3305 3203 3408 3258 vir-

81 3298 384 3373 episcopos
413 3317 602 3359 onmes
628 3302 794 3359 Italia:
819 3292 1142 3385 Arimidensi
1170 3286 1687 3376 perﬁdiadeccptos,

81 3402 140 3449 ut
174 3390 503 3463 peStil’eritm
536 3388 666 3450 illud
696 3388 889 3465 dogma
917 3380 1297 3462 condemnant,
1321 3380 1693 3452 vehementius

79 3481 134 3538 in
165 3483 294 3556 ejus
326 3474 580 3540 auciores
624 3485 931 3552 insaeviant,
965 3484 1099 3555 quos
1142 3482 1195 3540 in
1238 3501 1297 3543 se
1330 3480 1595 3565 violentos
1638 3474 1696 3543 ei

77 3572 350 3632 subdolos
396 3570 605 3647 experti
653 3587 799 3644 sunt,
845 3580 1090 3649 totosque
1116 3594 1175 3633 se
1205 3578 1328 3633 ﬁdei
1361 3577 1590 3634 Nicena:
1627 3578 1695 3634 de

79 3668 299 3741 integro
349 3660 693 3743 mancipem;
728 3678 836 3726 tam
880 3666 953 3743 pii
1000 3670 1108 3725 voti
1159 3672 1333 3742 ipsum
1387 3672 1693 3743 compotem

79 3778 187 3818 non
219 3762 398 3817 multo
431 3756 552 3834 post
582 3742 803 3833 iactum,
835 3742 955 3820 cum
1005 3782 1072 3820 ex
1116 3766 1236 3835 ejus
1279 3758 1695 3839 cpistolaquam

78 3850 314 3911 exhibet
342 3850 595 3912 Socrates
624 3854 761 3926 (Lib.
791 3854 862 3924 iv,
893 3852 939 3912 c.
968 3852 1057 3931 12)
1087 3857 1152 3914 ad
1176 3858 1477 3915 Orientales
1508 3859 1692 3927 mis.~a,

77 3963 182 4015 qua
212 3954 416 4002 omnes
436 3948 723 4018 episcopos
753 3948 922 4005 Italia:
940 3951 1267 4006 Arim'inensi
1293 3946 1535 4007 fortuulze
1561 3969 1693 4010 aua-

79 4040 268 4095 thema
299 4038 527 4107 dixisse,
559 4038 778 4097 Nicena:
809 4038 932 4098 ﬁdei
976 4038 1386 4114 subscripsisse,
1432 4047 1699 4101 maximo-

76 4140 181 4201 Que
214 4132 360 4187 mStu
414 4132 466 4186 in
516 4131 631 4187 Arii
682 4133 874 4206 dogma
921 4132 1147 4208 ejusque
1193 4124 1488 4209 discipulos
1537 4153 1697 4194 exar-

77 4217 315 4279 descére
342 4220 634 4295 signiﬁcat,
659 4233 769 4280 tum
794 4226 956 4282 etiam
984 4222 1049 4284 ex
1080 4243 1168 4296 ea,
1197 4244 1317 4300 quae
1343 4227 1431 4286 hic
1454 4231 1697 4300 proxime

81 4312 344 4389 sequitur
383 4314 459 4390 (in
492 4310 686 4373 eodem
717 4314 1093 4393 Fr'agmento),
1126 4322 1504 4393 episcoinorum
1530 4306 1699 4381 italia:

79 4412 140 4466 ad
184 4404 487 4483 episcopos
529 4402 727 4485 llly'rici
784 4411 946 4469 missa
997 4400 1280 4471 discimus.
1338 4414 1463 4472 Hrec
1514 4414 1693 4474 autem

76 4504 354 4573 posterior
384 4498 612 4574 epistola
653 4506 878 4576 apparet
922 4496 1123 4576 Scripta
1157 4503 1241 4595 (αλ
1278 4500 1397 4577 post
1427 4492 1692 4580 Synodum

1801 3310 1927 3364 tute,
1961 3290 2224 3366 claritate,
2252 3298 2376 3367 vita,
2420 3298 2695 3369 sapientia,
2742 3290 2976 3361 scientia,
3010 3294 3156 3353 Patri
3181 3313 3270 3369 per
3299 3313 3408 3351 om-

1800 3394 1887 3448 nia
1916 3392 2173 3456 similem;
2231 3393 2384 3463 cujus
2426 3395 2590 3448 etiam
2638 3391 2936 3461 pleniorem
2988 3390 3403 3460 Uberioremque

1797 3487 2299 3556 interpretationem
2327 3486 2556 3555 epistola
2599 3485 2665 3539 ad
2712 3468 3021 3548 iiuﬁauum,
3074 3466 3401 3547 Palladium,

1797 3570 2116 3637 Severinum
2146 3581 2310 3634 missa
2342 3566 2509 3634 edidit
2541 3566 2726 3650 (Frag.
2761 3575 2873 3650 xv).

1871 3667 1957 3728 10.
2004 3660 2257 3727 Forinula
2301 3688 2333 3724 a
2388 3647 2566 3724 Marcii
2599 3647 2774 3724 Arelli.
2806 3647 3018 3733 dictata,
3049 3684 3182 3739 quae.
3210 3698 3284 3708 —
3324 3647 3403 3723 Εἰ

1798 3782 1899 3836 qua
1932 3760 2146 3837 quidem
2180 3765 2405 3835 epistOIa
2439 3756 2698 3833 priirtei'ea
2726 3760 3019 3828 discimus,
3050 3768 3296 3832 quaenam
3330 3760 3402 3815 sit

1798 3858 1888 3914 illa
1930 3857 2053 3914 ﬁdei
2113 3838 2361 3925 iormula,
2408 3857 2495 3913 cui
2535 3854 2807 3911 dictandus
2862 3855 3070 3909 Marcus
3119 3850 3404 3908 Arethusa:

1798 3950 2086 4022 episcopus
2110 3953 2303 4006 electus
2331 3962 2436 4015 est;
2463 3944 2568 4026 (sic
2593 3954 2736 4005 enim
2758 3940 3102 4004 scribendum
3131 3960 3274 4007 esse,
3298 3938 3403 4000 non

1799 4048 2022 4121 ejectum
2051 4044 2117 4101 e'x
2144 4044 2366 4101 Sticrate
2396 4028 2508 4118 [Πὸ.
2543 4040 2601 4103 it.
2636 4062 2680 4097 c.
2713 4043 2804 4115 50]
2836 4032 3084 4112 constat)
3117 4052 3170 4095 et
3209 4034 3406 4110 quide

1797 4134 2113 4195 auctbribits
2150 4145 2435 4207 concepta,
2479 4136 2909 4206 quibuscun‘ique
2929 4132 3183 4201 auspiciis
3204 4132 3404 4187 emissa

1801 4229 1986 4286 fuerit.
2020 4224 2229 4285 Veieor
2256 4230 2400 4283 enim
2445 4243 2512 4281 ne
2560 4224 2756 4281 frustra
2805 4216 2994 4297 (Ibid)
3022 4223 3088 4278 sit
3121 4222 3399 4288 Sbcrales‘,

1799 4318 1923 4378 cum
1950 4312 2073 4377 ﬁdei
2102 4314 2341 4392 regulam
2383 4335 2412 4374 a
2455 4303 2637 4374 Marco
2663 4316 2954 4373 Arethusia
2982 4316 3238 4385 seripta'm‘
3278 4312 3400 4398 eain

1799 4412 2013 4477 aSSerit,
2043 4412 2162 4485 qu‘a:
2189 4422 2378 4468 contra
2433 4406 2725 4468 Pholitit'tm
2759 4410 2811 4466 in
2839 4406 3073 4466 concilio
3115 4400 3403 4465 Sirntiensi

1800 4492 2116 4578 provtilgata
2153 4516 2267 4569 est;
2308 4516 2362 4561 et
2413 4506 2517 4561 non
2572 4502 2754 4577 potius
2799 4503 2944 4559 illam
2973 4545 2988 4567 ,
3038 4518 3196 4571 quam
3256 4496 3398 4556 idem

76 4590 358 4683 Illyricam
380 4588 525 4652 circa
552 4594 752 4652 anitum
781 4592 984 4653 Christi
1016 4599 1120 4683 565
1157 4588 1416 4668 habitam;
1450 4618 1569 4673 qua:
1600 4600 1693 4683 Νἰέ
1724 4606 1774 4671 D
1799 4607 2005 4681 auctor
2031 4602 2131 4672 ait,
2178 4608 2239 4659 ut
2288 4590 2520 4683 primum
2572 4602 2624 4657 in
2671 4596 2860 4655 eadem
2891 4595 3101 4668 synodo
3131 4592 3399 4664 publicata

76 4686 229 4745 omna
266 4680 405 4744 ﬁdes
440 4690 491 4745 in
534 4686 772 4763 Illyrici),
806 4692 947 4748 unde
978 4692 1027 4747 vi
1060 4676 1266 4764 deiecta
1318 4682 1511 4759 fuerat,
1546 4682 1694 4752 velut

82 4796 144 4839 ex
193 4776 458 4867 Przctoris
495 4778 674 4841 edicto
714 4782 962 4841 restituta
991 4786 1092 4867 est.
1120 4782 1300 4867 Cujus
1334 4782 1690 4867 restitutionis

76 4866 534 4933 nosterllilarlus
565 4874 823 4948 primum,
871 4862 1067 4934 deinde
1114 4864 1373 4935 Eusebius
1414 4862 1694 4938 Vercella-

77 4974 200 5023 rttm
232 4968 525 5039 episcopus
553 4972 620 5026 ab
652 4968 818 5026 eiilio
858 4970 1170 5037 redeuntes,
1201 4976 1307 5028 non
1338 4966 1478 5030 levia
1501 4966 1689 5031 funda:

80 5062 273 5117 menta
305 5054 569 5130 iaeeraht.

144 5156 205 5210 9.
253 5148 503 5209 Germlnii
533 5172 563 5208 a
596 5153 809 5210 Valente
835 5167 883 5211 et
918 5146 1134 5212 Ursacio
1160 5157 1398 5229 defectio.
1450 5188 1523 5199 —
1564 5156 1683 5227 Epi-

80 5246 219 5302 SIOla
248 5240 432 5301 autem
463 5242 666 5303 Urs:tl:ii
693 5247 863 5321 (nunc
892 5242 1108 5318 Fragnt.
1141 5248 1273 5320 xw),
1304 5248 1545 5304 Valentis
1574 5250 1688 5307 Caii

78 5346 129 5394 et
158 5334 399 5394 aliorum
440 5332 720 5411 Singiduni
751 5340 1063 5397 coactorum
1098 5328 1163 5397 ad
1195 5341 1530 5399 Geriniuium
1560 5361 1691 5402 con-

79 5432 229 5490 sules
257 5424 567 5504 adscriptas
594 5431 794 5502 habet,
825 5434 1144 5491 Gratianum
1194 5434 1260 5492 N.
1306 5434 1367 5490 P.
1409 5426 1464 5492 ei
1515 5414 1689 5510 baga-

175 5617 231 5687 α)
269 5602 412 5688 Ante
437 5612 693 5688 scriptam
720 5628 841 5673 esse
870 5608 1231 5688 probavimus.

175 5685 227 5756 lt)
270 5685 386 5759 Non
411 5685 627 5756 uiridem
651 5702 748 5759 per
772 5702 831 5743 se
847 5685 993 5751 {sed
1019 5688 1307 5744 adversam
1331 5686 1681 5757 suscipiendo

79 5757 509 5898 iptidsAthanas.
539 5758 609 5817 de
644 5757 850 5839 Synod.
884 5777 937 5836 p.
969 5760 1097 5831 906,
1143 5769 1201 5818 et
1233 5760 1446 5819 Soerat.
1490 5760 1584 5817 lib.
1618 5776 1677 5828 ιι,

1794 4688 1899 4767 esi,
1929 4697 2074 4756 velut
2105 4688 2242 4753 inalé
2273 4696 2457 4753 natum
2490 4697 2656 4752 fetum
2696 4696 2763 4751 eri
2793 4690 2863 4747 ιιιὶ
2897 4690 3090 4745 tabulis
3135 4686 3211 4761 (c)
3260 4703 3395 4758 sup-

1793 4790 2064 4866 pressam,
2096 4792 2282 4864 postca
2308 4776 2585 4849 Ursacium
2617 4799 2672 4843 ct
2695 4782 2974 4841 Valentem
3008 4783 3247 4854 patrihus
3275 4781 3397 4839 Ari-

1794 4878 1927 4942 mini
1953 4878 2295 4956 congreg'n‘tis
2318 4873 2761 4941 subscribendam
2791 4874 3075 4931 obtulisse.
3100 4872 3227 4929 Sola
3251 4870 3395 4929 enini

1792 4978 1909 5034 haec
1959 4980 2072 5049 ipsa
2124 4994 2229 5033 non
2286 4986 2492 5031 tantum
2524 4972 2796 5031 extribus
2842 4968 3112 5034 formulis,
3153 4984 3286 5037 quas
3331 4964 3395 5021 ea

1793 5069 2001 5142 synodo
2040 5071 2191 5124 aiunt
2221 5060 2467 5131 emissas,
2500 5081 2685 5121 verum
2717 5060 2880 5121 etiam
2922 5062 2987 5120 ex
3035 5074 3229 5119 novem
3259 5074 3395 5130 pran-

1791 5163 1989 5232 Cipuis,
2041 5174 2176 5233 quas
2227 5152 2478 5215 Soet-ales
2533 5160 2710 5232 (nisus
2767 5158 3155 5231 labyrinthum,
3188 5165 3240 5208 ut
3270 5151 3391 5221 ipse

1790 5260 1966 5320 Vocat,
2008 5254 2361 5309 formularum
2394 5251 2517 5308 ﬁdei
2550 5250 2836 5315 exlricare,
2870 5267 3028 5321 quem
3069 5263 3248 5304 tamen
3280 5260 3396 5300 ma-

1788 5350 1870 5419 gis
1893 5344 2147 5417 involvii)
2178 5342 2245 5401 ab
2268 5328 2480 5400 Arianis
2501 5344 2795 5414 publicatas
2818 5345 2994 5413 spatio
3010 5338 3384 5396 novemdecim

1788 5448 2055 5498 annorum
2108 5440 2393 5497 enumerat
2433 5436 2545 5510 (lib.
2581 5453 2640 5502 ιι,
2672 5453 2719 5491 c.
2750 5434 2841 5509 41)
2887 5436 2939 5490 id
2987 5443 3093 5500 est,
3140 5434 3209 5488 ab
3245 5442 3390 5487 anno

1852 5608 1923 5692 (c)
1965 5616 2299 5676 Probabilius
2313 5626 2396 5675 est
2422 5633 2540 5672 eam
2565 5614 2912 5692 suppreSsaiu'
2936 5614 3386 5692 esse,_postq_nam‘

1788 5686 2020 5748 Arimini
2047 5695 2203 5761 lecta,
2236 5693 2307 5768 ob
2352 5686 2648 5746 animatos
2668 5686 2924 5745 Consules
2944 5688 3187 5745 omnium
3216 5690 3389 5743 risum

1789 5768 2119 5841 provocavit.
