3978 6196
589 237 696 294 895

1525 236 1591 291 IN
1632 235 2056 294 FRAGMENTA
2091 236 2334 294 SANCTI
2380 235 2638 296 Hll.AR|l
2672 234 2979 293 EPISCOPI
3808 235 3909 291 896

589 353 791 411 Christi
823 353 1089 426 5l2(eum
1112 352 1322 425 synodo
1350 350 1685 408 Antiochena
1712 352 1764 406 in
1784 351 2051 409 Enczcniis
2075 363 2193 423 post
2220 357 2274 415 Α
2297 352 2429 407 Nam
2462 351 2607 421 quod
2632 351 2818 406 dicunt
2845 351 3029 407 Sirmii
3061 352 3281 418 editam,
3311 352 3474 410 valde
3513 353 3712 423 probo,
3767 353 3910 422 quod

587 449 748 506 ﬁdem
791 447 1060 502 Nicmnant
1092 460 1289 500 novam
1338 445 1498 499 aliam
1542 444 1780 500 condere
1812 445 2041 515 primum
2074 445 2189 499 ausi

587 538 737 610 sunt)
764 537 830 604 ad
863 537 1082 592 Eusebii
1114 547 1168 592 et
1201 536 1414 609 Hypatii
1443 535 1809 601 consulatum,
1854 551 1962 604 quo
1988 535 2189 591 Arimi-

589 632 773 689 neusis
799 640 1029 686 consuta
1056 640 1139 686 est
1170 629 1415 700 perﬁdia,
1451 629 1471 702 (
1493 629 1630 683 adeo
1659 637 1744 685 est
1769 632 1828 686 τὸ
1859 628 2045 702 ψεῦδος
2089 651 2189 684 πο-

585 723 860 802 λύμορφον)
888 742 902 778 :
933 727 1044 795 ipsa
1071 725 1186 779 sola
1206 763 1222 789 ,
1249 723 1463 794 inquam
1495 722 1656 778 habet
1700 723 1813 776 haec
1861 723 2024 777 verba
2055 740 2069 774 :
2097 720 2192 776 Fi-

522 819 530 829 ’
586 819 712 873 lium
740 815 963 871 similem
998 815 1145 870 Patri
1174 832 1266 886 per
1291 816 1482 879 omnia,
1516 824 1571 868 ut
1595 824 1787 868 sant-la:
1813 813 1990 868 dicunt
2022 823 2068 866 et
2098 814 2194 867 do-

585 922 699 970 cent
731 911 1038 984 Scriptum,
1069 927 1190 981 qum
1220 909 1470 965 extitisse
1499 907 1554 965 in
1586 907 1772 980 regula
1806 908 1928 963 lidei
1954 923 1984 963 a
2013 907 2192 963 Marco

586 1007 811 1071 dictata,
840 1007 996 1061 testis
1015 1015 1100 1060 est
1125 1005 1226 1073 hac,
1251 1002 1474 1073 epistola
1499 1001 1826 1066 Germinius,
1852 1001 1997 1057 unde
2026 1002 2190 1055 etiam

583 1099 655 1156 ab
707 1097 1009 1167 Epiphanio
1082 1094 1279 1168 (Ha’r.
1337 1110 1548 1156 Lxxm,
1595 1094 1763 1166 22):
1827 1097 2003 1156 πίστις
2073 1096 2194 1170 περὶ

577 1196 681 1246 ’τοῦ
749 1186 920 1262 ὅμοιον
965 1184 1092 1246 εἶναι
1145 1189 1232 1244 τὸν
1278 1188 1381 1241 υἱὸν
1434 1190 1596 1264 πατρὶ
1649 1189 1779 1243 κατὰ
1825 1188 2008 1259 πάντα.
2049 1201 2190 1240 ιιυη-

585 1291 778 1352 cupata
825 1293 929 1336 est.
978 1279 1104 1336 Haec
1155 1279 1342 1334 eadem
1401 1289 1523 1342 est.
1588 1289 1644 1334 ut
1690 1296 1758 1334 ex
1788 1279 2087 1334 Athanasio
2139 1280 2190 1334 in

586 1372 818 1445 epistola
873 1372 942 1427 de
985 1370 1220 1445 Synodis
1267 1381 1513 1435 constat,
1566 1386 1685 1442 qua:
1733 1381 1920 1426 cantra
1983 1387 2192 1427 morem

584 1466 1013 1521 ecclesiasticum
1071 1461 1341 1519 Consules
1402 1461 1616 1518 additos
1683 1463 1904 1531 habuit,
1975 1473 2196 1534 propter

583 1556 729 1628 quod
779 1557 1021 1627 patribus
1069 1555 1306 1611 Arimini
1351 1556 1691 1626 congregatis
1738 1571 1846 1610 non
1894 1558 2068 1626 magis
2117 1557 2197 1612 hi-

585 1652 694 1705 lem
749 1651 820 1706 ob
877 1649 1254 1721 impietatem,
1315 1663 1477 1720 quam
1536 1649 1606 1704 ob
1666 1649 1958 1712 novitatem
2027 1651 2192 1704 risum

586 1744 777 1799 movit;

662 1838 748 1892 Η.
792 1835 990 1902 Quibus
1020 1837 1275 1907 episcopis
1306 1837 1570 1890 constabat
1611 1835 1913 1892 Sirmiemis
1951 1838 2038 1892 ille
2069 1853 2192 1892 con-

584 1939 784 1984 ventus.
809 1958 880 1968 —
904 1928 1074 1983 Porro
1116 1927 1404 1997 Georgius,
1453 1943 1613 1998 quem
1654 1927 2000 1984 Alexandria:
2038 1938 2194 1985 vocat

585 2021 922 2091 episcopum,
948 2021 1035 2075 ille
1055 2029 1139 2075 est
1155 2035 1356 2090 genere
1370 2020 1531 2086 Cilix,
1553 2020 1597 2076 si
1611 2023 1894 2077 Ammiano
1912 2023 2027 2090 (lib.
2055 2021 2190 2095 uti)

586 2113 884 2177 credimus,
911 2113 996 2168 vel
1026 2111 1319 2183 Cappadox
1347 2115 1390 2167 si
1424 2113 1724 2169 Athanasio
1755 2123 1811 2169 et
1842 2117 2056 2171 caeteris
2084 2116 2193 2188 (ad

587 2204 748 2260 Solit.
780 2221 832 2266 p.
856 2203 965 2273 ‘8bl
991 2221 1004 2269 ;
1042 2202 1142 2258 Tit.
1171 2220 1211 2270 ι,
1237 2203 1329 2276 12)
1365 2223 1378 2260 :
1409 2218 1572 2275 atque
1597 2206 1762 2260 etiam
1792 2207 1836 2261 si
1869 2221 2049 2261 mores
2075 2207 2194 2277 ejus

586 2295 857 2360 attendas,
891 2297 1052 2368 plane
1082 2293 1381 2364 Cretensis,
1413 2299 1494 2353 ἀεὶ
1521 2298 1775 2371 ψεύστης,
1826 2302 1976 2357 κακὸν
1996 2302 2190 2378 θηρίον,

586 2395 670 2447 καὶ
703 2396 906 2467 γαστὴρ
931 2392 1114 2464 ἀργός,
1137 2399 1192 2445 ιιι
1221 2407 1328 2446 non
1356 2392 1620 2462 pessimus
1643 2407 1763 2449 esse
1784 2396 2114 2464 nequiverit,
2140 2395 2193 2449 in

584 2498 747 2554 quem
774 2485 894 2559 τριά
915 2485 1093 2538 κάππα
1111 2486 1335 2541 κάκιστα
1353 2487 1749 2540 concurrerint.
1773 2485 1844 2541 lis
1865 2489 2009 2542 enim
2039 2487 2190 2542 illum

585 2576 828 2646 depingit
857 2576 1132 2631 coloribus
1163 2575 1536 2633 Nazianzenus
1581 2577 1759 2652 (Orat.
1813 2597 1924 2645 ut,
1975 2599 2028 2636 η.
2077 2583 2191 2653 19),

585 2671 678 2742 qui
711 2671 868 2741 plane
907 2672 1057 2748 τέρας
1092 2693 1146 2728 τι
1173 2671 1546 2739 ωππαδόκιον,
1599 2688 1706 2728 non
1757 2673 2029 2729 hominem
2077 2675 2196 2731 elﬁ-

585 2767 758 2836 giettt,
785 2766 1040 2820 nimirum
1080 2767 1298 2839 πονηρὸν
1320 2767 1378 2821 τὸ
1405 2769 1568 2841 γένος,
1600 2770 1935 2848 πὸνηρότερον
1962 2776 2053 2830 τὴν
2083 2769 2195 2827 διὰ·

587 2879 742 2922 νοιαν,
777 2855 892 2912 οὐδέ
933 2857 1194 2919 παντελῶς
1237 2858 1517 2934 ἐλεύθερον,
1556 2861 1661 2914 ἀλλ’
1691 2863 1975 2934 ἐπίμικτον,
2004 2859 2105 2917 οἷον
2137 2867 2194 2920 τὸ

589 2960 694 3007 τῶν
722 2954 953 3025 ἡμιόνων,
985 2954 1051 3007 τὰ
1075 2955 1166 3025 μὲν
1188 2961 1374 3030 πρῶτα
1417 2958 1677 3032 τραπέζης
1704 2957 1974 3032 ἀλλοτρίας
1997 2956 2191 3022 δοῦλον,

587 3050 675 3102 καὶ
727 3049 894 3119 μάζης
934 3045 1079 3102 ὤνιον
1104 3087 1118 3108 ,
1151 3047 1239 3116 qui
1287 3063 1354 3102 ex
1390 3049 1566 3102 terat-ii
1611 3045 2190 3119 Consmntiniipolitani

2297 442 2586 500 Sirntiensi
2640 444 2873 498 concilio
2917 445 3118 515 ἐπέχω.
3147 443 3394 500 Tradnnt
3425 443 3606 517 (Sorr.
3636 444 3740 498 lib.
3781 458 3842 506 ιι,
3871 459 3912 493 ε.

2293 537 2400 601 20;
2429 535 2638 592 Sozam.
2675 537 2764 592 lib.
2800 553 2874 603 tv,
2907 555 2954 591 c.
2986 536 3043 609 6)
3076 538 3125 591 in
3149 553 3211 592 ea
3252 537 3462 608 synodo
3494 546 3607 592 tres
3634 535 3779 592 ﬁdei
3837 551 3916 590 re—

2293 629 2447 700 gulas
2473 628 2686 684 editas:
2720 630 2950 699 primam
2999 631 3142 683 illam
3167 641 3358 683 contra
3396 629 3730 693 Photinum,
3784 628 3917 682 aite-

2295 737 2408 776 ram
2442 738 2603 791 quam
2632 721 2866 776 dicimus
2892 737 2920 776 a
2956 722 3135 779 Marco
3160 728 3434 788 scriptam.
3469 722 3686 778 tertiam
3739 733 3807 778 et
3844 724 3920 776 ul-

2299 815 2480 870 timam
2527 832 2670 882 eam,
2703 831 2863 886 quam
2898 825 3082 871 noster
3126 815 3360 870 Hilarius
3406 815 3519 871 Osii
3569 826 3624 871 ct
3670 816 3922 872 Putatnii

2297 908 2686 978 blasphemiam
2739 921 2915 965 vocat.
2955 911 3018 965 At
3051 909 3190 964 idem
3221 910 3336 980 ipse
3364 909 3605 964 Hilarius
3633 923 3687 964 et
3741 911 3927 965 Atha-

2298 1001 2506 1067 nasius,
2535 1002 2624 1070 qui
2656 1001 2722 1058 de
2751 1001 2986 1074 Synodis
3015 1018 3081 1057 ex
3112 1001 3357 1071 professo
3373 1004 3744 1074 scrip~ernnt,
3779 1019 3926 1074 quo-

2297 1109 2525 1161 rumque
2571 1095 2947 1150 auctoritatem
2998 1110 3159 1150 netno
3203 1111 3366 1151 sanus
3408 1096 3690 1168 defugere,
3742 1107 3930 1168 atque

2299 1188 2460 1241 etiam
2508 1201 2612 1240 non
2661 1202 2980 1257 praeponere
3019 1188 3191 1242 cuivis
3218 1189 3310 1243 alii
3339 1189 3390 1243 in
3419 1204 3479 1244 ea
3512 1206 3572 1244 re
3617 1200 3834 1258 pote~t.
3873 1191 3928 1243 in

2298 1296 2400 1349 qua
2434 1280 2633 1348 primas
2663 1289 2910 1349 egerunt,
2953 1280 3178 1334 duarmn
3214 1287 3448 1347 tantum,
3477 1281 3670 1353 prima:
3696 1282 3929 1336 scilicet

2299 1381 2354 1426 et
2382 1372 2608 1433 nllimaa,
2639 1366 2920 1426 Sirtuiensi
2949 1373 3180 1426 concilio
3209 1374 3533 1443 scriptarum
3581 1374 3923 1428 meminere.

2298 1465 2439 1532 Quin
2463 1465 2624 1520 etiam
2654 1465 2740 1519 hic
2775 1465 2997 1520 disertis
3041 1466 3222 1521 verbis
3265 1476 3388 1536 post
3420 1466 3568 1521 illam
3601 1466 3715 1521 Osii
3767 1466 3926 1520 blas-

2299 1556 2598 1628 phemiam,
2623 1555 2989 1628 conscriptam
3017 1556 3184 1612 fuisse
3211 1557 3334 1612 ﬁdei
3369 1559 3614 1628 regulam
3636 1575 3759 1629 quin
3792 1572 3926 1612 con.

2299 1651 2445 1705 sules
2494 1650 2678 1714 habet,
2723 1667 2882 1720 quam
2925 1667 2954 1704 a
3003 1651 3182 1709 Marco
3221 1652 3476 1708 dictatam
3531 1653 3923 1724 piohavimus,

2225 1751 2268 1810 Β
2301 1741 2486 1798 tradit.
2530 1741 2666 1798 Cum
2697 1743 2842 1798 enim
2877 1744 3047 1815 ipsam
3092 1744 3205 1799 Osii
3237 1743 3524 1819 furinulam
3557 1763 3658 1802 suo
3681 1745 3752 1801 de
3769 1746 3924 1817 Syn-

2292 1833 2413 1890 odis
2460 1837 2609 1903 Operi
2676 1834 3042 1903 inseruissct,
3113 1838 3374 1892 continuo
3431 1837 3538 1891 ista
3611 1839 3918 1909 subjecit:

2301 1945 2321 1979 ι
2359 1925 2484 1981 Haec
2517 1929 2604 1981 ubi
2646 1927 2943 1994 misissent,
2990 1927 3170 1983 denuo
3202 1938 3409 1984 mutata
3455 1935 3729 1985 sententia
3763 1947 3922 1986 com-

2296 2030 2597 2090 posuerunt
2642 2035 2759 2074 eam
2814 2019 2997 2086 ﬁdem,
3045 2036 3206 2092 quam
3247 2023 3371 2093 quia
3420 2038 3546 2079 cunt
3589 2025 3923 2080 consulibus

2297 2112 2616 2177 edidissent,
2667 2113 2840 2168 multo
2891 2113 3102 2184 pudore
3150 2127 3204 2171 et
3249 2117 3449 2186 probro
3491 2117 3708 2173 confusi
3761 2132 3921 2184 sunt,

2295 2193 2521 2280 ejusque
2551 2202 2887 2280 exemplaria
2918 2226 3180 2266 cnravere
3211 2220 3268 2265 ut
3293 2227 3416 2267 eum
3448 2226 3550 2267 suo
3596 2227 3754 2268 more
3782 2228 3924 2268 sen-

2298 2303 2517 2357 tentiam
2548 2313 2868 2370 mutassent,
2908 2304 2975 2359 ab
3005 2305 3068 2358 iis
3099 2303 3191 2374 qui
3218 2319 3280 2359 ea
3329 2305 3587 2360 tenebant
3619 2321 3717 2374 per
3752 2317 3920 2360 nota-

2297 2394 2438 2449 rium
2483 2393 2802 2449 Martianum
2854 2395 3288 2466 subriperentur,
3334 2410 3387 2452 et
3433 2411 3698 2467 persuaso
3764 2395 3922 2453 Con-

2295 2489 2497 2544 stantio
2540 2498 2598 2542 ut
2645 2498 2832 2545 contra
2881 2505 2998 2544 eam
3051 2489 3209 2545 ﬁdem
3265 2489 3442 2546 edicta
3509 2493 3916 2562 promulgat-et,

2295 2581 2454 2635 aliam
2503 2597 2716 2636 rursum
2767 2583 2927 2637 lidem
2979 2585 3398 2648 constituerunt,
3469 2582 3788 2655 additisque
3856 2594 3919 2638 ut

2297 2674 2478 2728 solent
2505 2674 2824 2745 quihusdam
2855 2675 3031 2731 dictis.
3063 2676 3285 2731 Isauria:
3317 2677 3481 2748 igitur
3527 2678 3628 2732 ista
3658 2681 3914 2734 conscri-

2297 2778 2542 2838 pserunt,
2573 2781 2714 2824 etc.)
2754 2769 2872 2841 (Lib
2898 2771 2962 2824 de
2993 2770 3195 2841 Synod.
3223 2788 3276 2840 p.
3307 2770 3459 2840 904).
3489 2773 3565 2825 lix
3595 2773 3712 2826 istis
3739 2772 3913 2826 Atha-

2300 2861 2434 2914 nasii
2479 2860 2664 2915 verbis
2693 2862 2800 2915 duo
2837 2862 2920 2916 iila
2955 2862 3323 2917 conﬁciuntur
3364 2881 3377 2916 :
3429 2865 3683 2930 alterum,
3741 2866 3909 2919 ﬁdem

2300 2953 2444 3008 illam
2471 2952 2606 3020 Ομίἰ,
2639 2972 2756 3024 qna-
2785 2955 2980 3010 Filium
3024 2956 3184 3010 Patre
3217 2957 3480 3014 minorem
3510 2974 3577 3013 ac
3605 2961 3770 3028 plane
3797 2961 3914 3016 dis-

2299 3047 2528 3101 similem
2575 3050 2793 3114 asserit,
2843 3052 2988 3104 velut
3031 3049 3276 3103 ultimam
3328 3052 3542 3106 consilii
3583 3053 3910 3108 Sirmiensis

586 3140 995 3209 depeculatore,
1028 3141 1254 3211 ejusque
1283 3141 1533 3196 criminis
1581 3156 1674 3195 reo
1717 3156 1779 3196 ac
1825 3140 2050 3213 profugo
2093 3142 2192 3196 mi-
2221 3141 2266 3204 C
2297 3138 2668 3196 deﬁnitionem
2695 3156 2757 3195 ac
2786 3143 3108 3197 sententiam
3141 3142 3377 3198 habitam
3412 3142 3601 3204 fuisse,
3633 3153 3805 3215 atque
3834 3162 3903 3200 eo

587 3231 728 3286 litari
763 3248 923 3286 manu
950 3233 1289 3294 κατασκὸπως
1319 3232 1708 3288 Alexandrina:
1738 3233 1986 3288 ecclesia:
2003 3245 2189 3287 contra

586 3324 763 3392 ipsum
836 3325 1196 3380 Athanasium
1247 3327 1511 3396 Gregorio
1564 3326 1806 3398 praedoni
1867 3328 2192 3382 substitutus

585 3413 784 3470 fuerat.
820 3415 1075 3470 Basilium
1109 3432 1176 3470 ne
1207 3418 1320 3470 suis
1359 3417 1576 3487 quidem
1609 3419 1890 3484 probatutn
1921 3420 2193 3475 exstitisse

587 3525 747 3579 supra
772 3508 1034 3564 diximus.
1062 3509 1396 3565 Pelusiorum
1423 3526 1550 3565 vero
1590 3513 1896 3582 episcopus,
1929 3514 2082 3584 Clljlls
2110 3515 2194 3570 hic

587 3617 785 3658 nomen
814 3603 1158 3657 obliteratum
1201 3611 1308 3661 est.
1345 3604 1659 3659 Pancratius
1705 3620 1735 3658 a
1790 3606 2012 3662 Socrate
2061 3589 2192 3663 dici-

590 3707 676 3751 tur
700 3697 814 3769 (lib.
851 3713 910 3760 ιι,
945 3714 991 3750 ι’.
1021 3696 1136 3768 29),
1165 3699 1304 3753 inter
1334 3698 1664 3755 Arianorum
1694 3703 2080 3773 antesignanos
2110 3721 2194 3759 rc-

588 3791 850 3843 censitus.
871 3790 1080 3845 Marcus
1110 3802 1289 3847 autem
1322 3793 1412 3848 ille
1435 3804 1519 3849 est
1551 3798 1834 3851 Arethusa:
1861 3797 2056 3869 Syrim,
2087 3815 2192 3854 non

589 3881 942 3952 Maceilonim,
973 3894 1027 3938 ut
1062 3886 1250 3939 volunt
1291 3889 1707 3954 centuriatores,
1763 3891 2072 3962 episeopus,
2105 3894 2193 3963 qtti

590 3985 750 4030 antea
777 3993 898 4030 cum
922 3975 1180 4032 Narcisso
1208 3977 1496 4049 Ner0p0|is
1529 3980 1802 4054 (At/ianos.
1833 3984 1866 4038 l.
1905 3985 1969 4039 de
1992 3986 2191 4056 Synod.

590 4083 643 4137 p.
676 4066 829 4137 894).
859 4068 1004 4124 Mare
1041 4067 1420 4137 Chalcedonis,
1476 4083 1530 4128 et
1580 4073 1869 4130 Theodoro
1921 4077 2195 4133 Heracleae

590 4160 836 4216 Thracia
891 4164 1160 4234 episeOpis
1188 4163 1254 4218 ad
1285 4179 1506 4220 omnem
1549 4167 1881 4237 impietatem
1915 4170 2197 4240 projectis-

589 4253 762 4320 simis,
790 4253 856 4308 ad
883 4253 1234 4310 COnStantem
1281 4258 1333 4311 in
1381 4255 1584 4334 Gallias
1629 4271 1748 4328 post
1792 4262 2056 4332 synodum
2086 4265 2196 4318 An-

590 4347 895 4401 tiochenam
925 4349 977 4401 in
1005 4348 1270 4403 Encaeniis
1295 4350 1365 4405 ab
1393 4351 1606 4407 Arianls
1627 4363 1814 4408 contra
1842 4355 2192 4411 Athanasium

591 4439 791 4494 missus
813 4437 1010 4502 fuerat,
1031 4452 1136 4495 tam
1167 4441 1403 4498 Itaaresos
1423 4448 1758 4514 professione
1777 4449 2194 4521 subscriptione-

2295 3234 2512 3286 nomine
2537 3233 2602 3286 ad
2644 3231 2914 3288 Ecclesias
2958 3248 3054 3304 pro
3083 3249 3232 3289 more
3265 3235 3640 3289 t’ranSini~sam
3674 3252 3702 3290 a
3734 3252 3908 3309 syno-

2294 3323 2437 3379 nodo
2482 3342 2494 3377 :
2543 3325 2684 3395 quod
2711 3327 2872 3380 etiam
2907 3325 3141 3382 Hilarius
3184 3327 3336 3383 initio
3385 3329 3504 3383 libri
3556 3329 3625 3384 de
3673 3333 3909 3402 synodis

2297 3413 2465 3486 (nam.
2498 3416 2554 3487 2)
2605 3419 2945 3484 perspicuum
2979 3416 3062 3472 his
3091 3419 3271 3473 verbis
3305 3418 3429 3473 facit
3461 3438 3472 3473 :
3531 3439 3550 3472 ι
3585 3421 3908 3485 Gratulatus

2295 3523 2435 3572 sum,
2470 3509 2663 3582 inquit,
2699 3512 2749 3564 in
2777 3512 3023 3579 Domino,
3059 3515 3511 3572 incontaminatos
3543 3533 3642 3573 Vos
3685 3531 3739 3573 et
3771 3520 3906 3574 ille-

2295 3616 2386 3657 sos
2425 3605 2494 3658 ab
2537 3605 2683 3659 omni
2729 3607 2986 3678 contagio
3017 3610 3355 3664 detesmndae
3386 3610 3664 3666 haereseos
3708 3615 3905 3682 persti-

2298 3697 2450 3761 tisse,
2483 3707 2536 3751 et
2575 3699 2791 3752 missam
2827 3703 3068 3768 proxime
3108 3701 3261 3756 vobis
3289 3718 3353 3759 ex
3387 3702 3670 3759 Sir-triensi
3699 3707 3904 3777 oppido

2299 3787 2532 3843 inlidelis
2577 3789 2700 3845 ﬁdei
2741 3793 3070 3862 impietatem
3100 3811 3208 3850 non
3241 3795 3400 3850 modo
3430 3813 3540 3852 non
3567 3800 3899 3868 suscepisse,

2297 3882 2390 3937 sed
2425 3883 2722 3939 nuntiatam
2756 3894 2810 3940 rt
2836 3888 3192 3959 signiﬁcatam
3223 3890 3531 3946 damnasse.
3571 3911 3591 3945 ι
3631 3893 3704 3947 Ita
3740 3895 3903 3960 igitur

2299 3991 2407 4030 non
2453 3977 2626 4032 solum
2675 3981 2918 4045 missam,
2972 3981 3064 4036 sed
3113 3983 3274 4037 etiam
3326 3986 3651 4052 auctoritate
3682 3988 3898 4056 publica

2299 4073 2674 4140 provulgatani
2703 4084 2865 4142 atque
2899 4074 3150 4129 indictam
3183 4077 3412 4145 populis.
3457 4088 3514 4131 ut
3545 4083 3599 4132 in
3646 4095 3764 4132 eam
3811 4080 3900 4148 ju-

2298 4171 2506 4226 rarent,
2556 4174 2799 4231 apparet.
2831 4163 3098 4232 Alterum,
3136 4165 3295 4220 ﬁdem
3340 4183 3462 4236 qua:
3504 4171 3764 4225 consules
3808 4171 3900 4224 ad-

2298 4254 2534 4322 scriptos
2569 4255 2776 4323 habuit,
2803 4268 2923 4325 post
2949 4258 3246 4314 Sirmieuse
3267 4261 3583 4328 concilium,
3613 4278 3714 4319 nec
3732 4266 3902 4319 multo

2297 4358 2428 4402 ante
2472 4348 2874 4406 Seleucieusem
2925 4353 3188 4423 synodum
3234 4356 3594 4421 compositam
3623 4371 3688 4411 ac
3716 4361 3901 4426 vulga-

2297 4445 2428 4493 tam.
2462 4438 2657 4494 Verum
2681 4441 2725 4496 si
2753 4457 2814 4496 ea
2845 4440 3001 4506 ﬁdes,
3028 4459 3148 4513 qua:
3179 4444 3322 4499 Patri
3348 4444 3542 4500 Filium
3587 4462 3682 4515 per
3721 4450 3900 4502 onmia

588 4546 694 4603 que
742 4533 1069 4602 supposililii
1114 4534 1453 4592 Sardicensis
1493 4539 1701 4596 decreti
1743 4541 1984 4610 infamis,
2025 4559 2187 4615 qua...
2219 4532 2269 4592 D
2297 4532 2527 4586 similem
2565 4533 2866 4602 proﬁtetur,
2895 4553 2922 4587 a
2957 4536 3134 4619 Marco
3157 4539 3356 4611 scripta
3375 4540 3517 4596 diem
3541 4553 3596 4597 et
3619 4543 3897 4600 consulem

591 4638 774 4695 postea
822 4624 1157 4698 (Theodoret.
1205 4629 1244 4684 l.
1277 4645 1334 4684 ιιι
1366 4629 1505 4687 Hist.
1558 4632 1697 4688 Eccl.
1755 4652 1802 4690 c.
1854 4636 1922 4701 7;
1972 4637 2182 4692 Sozam.

591 4717 682 4771 lib.
719 4735 768 4783 ν,
801 4737 848 4773 c.
886 4720 984 4790 '10)
1010 4721 1394 4786 confessionis,
1429 4725 1510 4779 vel
1539 4728 1701 4780 etiam
1748 4729 1990 4800 martyrii
2022 4730 2189 4797 gloria

591 4811 827 4880 (variant
850 4811 990 4867 enim
1024 4813 1074 4868 itt
1109 4813 1212 4869 hoc
1239 4815 1512 4887 auctores)
1543 4817 1644 4872 sub
1667 4816 1886 4872 luliauo
1920 4820 2099 4875 clarus
2129 4837 2192 4877 ac

591 4903 842 4960 celebris.

666 4994 754 5052 12.
809 4998 924 5065 Quo
969 5007 1193 5067 tempore
1241 5001 1540 5056 celebratus.
1593 5033 1665 5043 —
1694 5003 1918 5070 Verum,
1969 5005 2189 5075 quando

590 5088 810 5160 quidem
855 5091 944 5160 qui
986 5091 1156 5145 semel
1187 5095 1528 5148 verecundia:
1579 5098 1711 5151 lines
1737 5097 2034 5160 transierit,
2065 5113 2188 5152 eunt
2235 5117 2242 5124 ·

592 5183 731 5238 bene
758 5191 812 5237 et
839 5184 1044 5238 naviter
1073 5186 1442 5254 impudentem
1471 5203 1593 5242 esse
1614 5199 1850 5257 Oportet,
1878 5190 2042 5258 inquit
2069 5190 2188 5256 ille;

593 5277 723 5349 quid
771 5286 938 5340 velat,
994 5277 1452 5347 Quemadmodum
1500 5281 1551 5334 in
1595 5279 1879 5335 indicanda
1929 5281 2018 5337 illa
2069 5281 2192 5337 ﬁdei

594 5371 800 5438 regula,
829 5385 948 5439 qnze
979 5385 1007 5423 a
1040 5370 1223 5425 Marco
1255 5371 1548 5425 Arethnsio
1592 5373 1788 5426 dietata
1827 5383 1932 5438 est,
1969 5373 2195 5428 halluci-

595 5471 756 5518 natos
799 5462 1183 5519 ecclesiastica:
1214 5462 1456 5519 historia:
1495 5466 1789 5534 scriptores
1819 5467 2046 5536 probare
2078 5478 2197 5524 ten-

597 5555 849 5622 tavimus,
903 5573 1007 5611 non
1053 5555 1196 5612 idem
1246 5557 1313 5612 iis
1365 5559 1626 5614 acciderit
1670 5560 1723 5615 in
1755 5571 1998 5631 tempore
2044 5559 2194 5618 desi-

599 5647 836 5713 gnanda,
865 5664 971 5717 quo
997 5648 1254 5716 scriptam
1282 5663 1327 5704 et
1348 5651 1548 5707 editam
1573 5652 1828 5723 produnt,
1853 5653 2193 5724 disquirere?

597 5735 680 5796 Εἰς
700 5740 877 5810 Τροίην
899 5743 1201 5816 πειρώμενοι
1248 5739 1390 5801 ἦλθον
1439 5742 1666 5815 Ἀχαιοί,
1715 5748 1792 5800 ait
1837 5745 2179 5802 Theocritus.

2296 4624 2494 4694 quibus
2521 4627 2664 4680 edita
2689 4640 2770 4681 est
2797 4627 2980 4684 Sirmii
3015 4629 3202 4695 habet;
3251 4633 3393 4686 unde
3433 4633 3639 4689 certius
3687 4643 3896 4704 tempus

2299 4716 2750 4787 promulgationis
2779 4722 2921 4785 ejus,
2947 4735 3108 4792 qnam
3129 4737 3158 4776 a
3181 4724 3499 4779 consulibus
3525 4727 3725 4795 quibus
3751 4727 3890 4782 edita

2295 4809 2514 4876 dicitur,
2547 4815 2714 4878 repeti
2752 4814 2964 4880 potest?
2997 4815 3072 4870 De
3097 4829 3156 4868 ea
3189 4824 3368 4870 autem
3398 4818 3478 4870 sic
3508 4816 3888 4874 Tlteodoretus

2293 4901 2419 4974 (leg.
2453 4904 2537 4956 hic
2579 4911 2629 4956 et
2665 4905 2808 4976 infra
2842 4904 3199 4971 Sozomenus,
3250 4908 3364 4962 scil.
3411 4907 3502 4963 lib.
3529 4925 3603 4973 tv,
3633 4927 3683 4964 ο.
3721 4909 3803 4971 16,
3834 4927 3894 4966 ea:

2295 4996 2398 5050 edi.
2447 4995 2831 5070 Cltristophors.
2863 5001 2941 5054 vel
2967 5017 3084 5072 cap.
3120 5003 3186 5057 17
3210 5019 3273 5056 ea:
3301 5005 3425 5058 edit.
3473 5002 3733 5076 Vales.):r
3761 5005 3890 5074 Quin

2297 5091 2458 5146 etiam
2487 5092 2776 5147 absurdum
2805 5096 3083 5161 putabant,
3113 5105 3167 5148 ut
3191 5095 3316 5151 huic
3340 5096 3588 5152 formula:
3615 5099 3742 5154 talis
3769 5113 3889 5168 praa~

2301 5193 2595 5252 poneretur
2643 5187 2848 5246 titulus,
2877 5187 3092 5258 qualem
3139 5187 3326 5243 habuit
3370 5204 3493 5244 cum
3544 5189 3731 5245 Sirmii
3757 5192 3887 5245 edita

2299 5288 2403 5343 est,
2441 5288 2704 5344 prazsente
2729 5279 3045 5339 Constantio
3089 5293 3315 5347 aeterno,
3365 5299 3596 5354 inagna,
3629 5282 3883 5354 Augusto,

2301 5369 2538 5428 Eusebio
2565 5384 2619 5428 et
2649 5374 2876 5443 llypatio
2905 5389 3048 5427 ωδε.
3087 5375 3541 5444 quemadmodum
3573 5375 3885 5430 Athanasius

2297 5479 2509 5534 quoque
2538 5466 2743 5520 scribit.
2771 5485 2789 5518 ι
2826 5466 2950 5521 Haec
2975 5466 3370 5522 Theodoretns.
3399 5467 3508 5523 Nec
3529 5469 3688 5523 aliter
3704 5469 3887 5523 Socra-

2301 5569 2381 5616 tes
2432 5560 2547 5634 (lib.
2579 5577 2636 5623 n,
2665 5578 2711 5615 c.
2741 5563 2831 5626 57,
2882 5562 3127 5618 Athanas.
3161 5565 3197 5616 ι.
3228 5563 3290 5618 de
3332 5562 3532 5634 Synod.
3580 5582 3633 5636 p.
3682 5562 3828 5630 874),
3856 5577 3881 5614 a

2299 5669 2406 5727 quo
2432 5666 2607 5711 tamen
2624 5666 2856 5723 emptus,
2882 5667 2934 5711 et
2957 5667 3202 5726 smuptos
3227 5672 3407 5712 error.
3437 5657 3574 5725 Quid
3602 5657 3719 5726 ipst-
3736 5655 3882 5711 Atha-

2299 5747 2517 5804 nasius?
2561 5765 2580 5800 ι
2619 5745 2929 5817 Postquam,
2972 5743 3162 5820 inquit,
3214 5747 3410 5804 dii'isio
3461 5747 3605 5805 facta
3663 5757 3782 5804 est:
3832 5752 3880 5801 et
