3978 6196
43 282 158 335 S97

1236 280 1507 340 NICOLAI
1546 283 1632 340 FA
1643 283 1754 341 BBI
1791 283 2185 342 PBEFATIO.

3255 291 3360 351 898

44 397 141 449 alii
179 395 486 452 Seleuciam
530 407 890 467 cognomento
917 399 1183 469 Asperam
1230 402 1512 466 abiissent,
1564 403 1654 457 alii
1683 406 1741 489 A_
1763 403 1814 458 in
1843 404 2062 459 dubium
2094 405 2390 471 revocabit,
2427 406 2516 473 qui
2549 405 2710 478 hujus
2741 409 3066 463 narrationis
3088 417 3362 464 aur-torem

43 489 359 544 Ariminum
389 504 452 546 se
487 491 872 557 contulissent,
907 494 992 547 ubi
1023 492 1175 549 fuere
1194 498 1577 568 quinquaginta
1606 507 1661 552 et

44 594 115 634 eo
152 581 336 648 plures
363 582 631 654 episcopi,
670 603 690 636 ι
747 586 926 648 (error
946 595 1030 640 est
1074 585 1126 641 in
1173 603 1422 654 numero,
1468 589 1562 644 sed
1593 589 1662 644 de

43 687 114 727 eo
146 688 294 730 nunc
331 689 439 730 non
473 676 815 747 laboramus)
857 695 876 729 ι
915 677 1063 732 venit
1107 680 1268 734 etiam
1298 680 1365 735 ad
1406 697 1526 736 eum
1582 682 1662 736 lo-

47 780 178 820 cum
223 764 562 834 Germinius,
613 769 938 833 Auxentius,
982 769 1197 832 Valens.
1247 771 1523 836 Ursaeius,
1560 773 1662 828 De-

46 857 353 927 mophilus,
384 858 571 914 Caius.
597 858 672 914 lbi
715 874 837 915 cum
883 870 1065 916 creteri
1098 864 1338 934 episcopi
1381 881 1446 919 ex
1493 865 1663 922 sacris

49 949 250 1004 litteris
265 950 431 1005 verba
444 965 538 1004 sua
555 950 868 1017 formarent,
880 953 952 1006 illi
967 953 1262 1009 chartulam
1279 956 1633 1012 exhibuerum
1645 1000 1661 1027 ,

50 1045 412 1114 recitati~que
451 1045 768 1100 consulibus
793 1045 989 1117 quibus
1024 1048 1220 1116 scripta
1256 1059 1395 1116 erat,
1425 1051 1666 1121 pestula-

49 1135 208 1198 bant,
235 1146 291 1189 ut
319 1151 382 1191 ea
412 1137 662 1191 omnibus
706 1137 933 1209 synodis
963 1146 1406 1208 anteponeretur.
1452 1141 1664 1214 Omissa

50 1231 203 1284 enim
254 1229 326 1286 de
372 1229 645 1286 lia-reticis
673 1232 999 1297 qumstiooe,
1030 1234 1284 1304 nullaque
1312 1236 1492 1291 habita
1545 1253 1665 1304 per-

52 1327 411 1378 cunctatione
452 1339 562 1391 quo
615 1326 798 1379 animo
839 1335 934 1380 aut
981 1342 1084 1396 qua
1142 1329 1408 1382 sententia
1457 1339 1662 1396 eSsem,

53 1416 282 1483 scriptis
344 1415 604 1472 chartulae
651 1417 994 1472 solummodo
1037 1428 1322 1474 contentos
1380 1435 1503 1475 esse
1566 1421 1659 1476 dc—

54 1509 214 1564 bcre.
263 1510 474 1579 Scripta
523 1517 702 1565 autem
746 1527 933 1566 eorum
978 1511 1242 1580 ejusmodi
1289 1513 1457 1567 fuere.
1510 1512 1690 1567 Edita.

54 1614 136 1658 est
169 1603 439 1658 catholica
475 1603 608 1657 ﬁdes
639 1603 692 1658 in
739 1604 1028 1673 praesentia
1060 1605 1121 1658 ί).
1163 1603 1227 1658 Ν.
1273 1604 1664 1675 religiosissimi

56 1695 425 1766 przrclariquo
456 1696 679 1750 victoris
709 1697 1049 1766 imperatoris
1076 1696 1380 1752 Constantii
1415 1698 1663 1768 Augusti,

56 1787 278 1850 attenti,
311 1787 465 1842 Coss.
500 1786 614 1842 νγ.
646 1787 752 1844 CC.
798 1787 1039 1844 Eusebio
1083 1799 1135 1843 cl
1164 1787 1394 1860 Hypatio
1423 1790 1602 1846 Sirmii
1638 1809 1656 1842 ι

58 1881 157 1948 (ita
189 1880 337 1934 enim
369 1879 654 1949 legendum
683 1895 749 1935 ex
773 1881 996 1936 Socrate
1026 1891 1080 1935 et
1105 1880 1450 1938 Theodoreto
1480 1881 1668 1954 (Soza—

59 1978 238 2040 meno)
287 1985 414 2028 ante
463 1987 561 2028 nos
587 1972 676 2028 alii
704 1973 1030 2043 docuerunt)
1086 1989 1139 2027 ιιι
1173 1975 1272 2028 cal.
1299 1975 1500 2046 junias.
1533 1973 1659 2029 Cre-

60 2068 238 2120 dimus
284 2067 341 2120 in
381 2082 561 2128 unum,
593 2073 699 2121 etc.
749 2067 802 2121 Si
849 2083 972 2121 cum
1003 2066 1182 2122 Sirmii
1214 2067 1356 2122 edita
1403 2075 1488 2123 est
1530 2084 1664 2138 pras-

61 2169 223 2216 scntc
250 2159 573 2215 Constantio
607 2175 660 2214 x1
717 2161 822 2215 cal.
853 2160 972 2230 jun.
1023 2161 1276 2216 consules
1327 2160 1517 2215 habuit
1567 2163 1672 2216 Eu-

59 2256 280 2310 sebium
309 2262 361 2308 et
387 2253 674 2326 Hypatium
694 2253 967 2324 praefixos,
987 2254 1076 2324 qui
1099 2254 1369 2323 potuitedi
1387 2254 1668 2309 Sirmiensi

61 2345 326 2409 concilio,
361 2349 500 2416 quod
529 2346 623 2415 qui
651 2347 846 2412 minus,
876 2345 1111 2400 triennio
1151 2334 1276 2400 ante
1321 2346 1453 2400 istos
1475 2361 1674 2403 consu-

65 2444 142 2496 les
178 2441 348 2496 fuisse
390 2448 638 2495 coactum
687 2441 1038 2511 asseverant?
1091 2439 1191 2494 Cui
1237 2457 1342 2494 non
1393 2442 1551 2510 igitur
1595 2449 1675 2495 tot

68 2531 403 2588 testimoniis
436 2540 671 2599 Constet,
725 2531 826 2585 nisi
859 2533 948 2600 qui
992 2530 1222 2601 meridie
1271 2532 1451 2586 lucere
1491 2540 1670 2600 neget,

67 2625 217 2676 illam
268 2621 451 2687 fidem,
503 2637 626 2690 quae
660 2621 804 2676 Patri
839 2621 1031 2676 Filium
1081 2637 1177 2691 per
1214 2622 1394 2675 omnia
1441 2621 1671 2676 similem

67 2713 457 2785 proﬁtebatur,
491 2711 728 2768 Eusebio
755 2714 972 2768 demum
1017 2722 1072 2766 et
1104 2711 1337 2784 Hypatio
1365 2712 1677 2768 consulibus

67 2808 254 2863 Sirmii
285 2807 529 2876 quidem,
559 2805 656 2861 sed
687 2805 845 2875 longe
879 2815 997 2874 post
1041 2804 1340 2860 Sirmiense
1385 2805 1675 2859 concilium

67 2901 435 2969 compositam
480 2897 690 2964 fuisse,
743 2912 844 2952 nec
892 2896 1062 2951 multo
1117 2904 1398 2968 postquam
1476 2896 1675 2966 scripta

67 3003 180 3056 εει,
217 2989 660 3046 Ariminensibus
688 2990 930 3058 patribus
967 2988 1237 3044 oblatam?

144 3088 233 3143 l5.
290 3084 579 3141 Conventus
631 3084 929 3140 Sirmiensis
981 3086 1202 3141 occasio.
1246 3114 1317 3125 —
1365 3083 1434 3140 Ut
1493 3097 1674 3139 autem

1765 496 2124 553 Sozomennm
2157 499 2343 568 legerit
2378 498 2495 571 (lib.
2521 515 2596 566 tv,
2630 517 2676 552 ε.
2712 498 2837 571 lii):
2869 516 2989 571 .quo
3037 515 3178 556 anno
3221 501 3366 556 Con-

1763 589 2019 643 stantium
2057 590 2370 647 hibernasse
2406 589 2609 655 Sirmii,
2659 591 3044 660 melioremque
3089 592 3206 661 ejus
3236 591 3365 647 anni

1765 690 1970 748 partem
2004 681 2076 734 ibi
2129 683 2477 752 transegisse,
2517 697 2638 738 cum
2690 683 3008 738 Ammianus
3051 683 3166 754 ipse
3213 683 3365 738 testis

1764 782 1868 836 est,
1917 784 2028 830 tum
2073 775 2235 830 etiam
2278 777 2524 846 plurima:
2569 777 2714 847 leges
2761 777 2825 831 iis
2873 777 3183 833 consulibus
3206 777 3366 832 editae

1764 879 1860 918 sna
1893 865 2292 936 subscriptione
2318 865 2568 934 probant.
2599 867 2654 923 In
2691 885 2756 923 eo
2787 884 3079 940 congressu
3110 871 3366 940 qna-stio-

1766 969 1888 1008 nem
1922 956 2078 1010 istam
2108 971 2292 1012 coram
2327 956 2656 1024 imperatore
2685 959 2938 1030 agitatam
2971 959 3038 1014 de
3070 960 3175 1014 fide
3200 975 3363 1031 quam

1765 1049 1960 1103 recitat
1982 1049 2318 1118 liacepistola
2347 1050 2680 1118 Germinius,
2703 1051 2969 1122 fidemque
2989 1055 3362 1122 compositam,

1765 1139 1849 1192 cui
1879 1140 2145 1194 dictanda:
2173 1139 2383 1196 Marcus
2411 1143 2620 1197 elei-tus
2649 1153 2754 1208 est,
2798 1153 2854 1197 ut
2883 1143 3165 1210 conjiciatn
3199 1143 3364 1200 multa

1767 1231 1992 1287 faciunt.
2039 1233 2299 1294 Primum,
2328 1235 2624 1302 Personat;
2682 1236 2842 1291 iidem
2870 1252 3062 1308 nempe
3105 1238 3367 1306 episcopi,

1769 1323 1909 1377 inter
1952 1339 2088 1394 quos
2136 1325 2205 1381 de
2250 1326 2356 1381 fide
2403 1328 2710 1397 quaesitum,
2770 1329 2822 1383 in
2874 1329 2973 1383 hac
3016 1341 3370 1386 recensentur

1767 1418 2016 1485 epistola,
2048 1419 2137 1487 qui
2168 1437 2196 1472 a
2225 1422 2530 1475 Soztimeno
2562 1419 2812 1493 (Ibidem)
2843 1421 3171 1476 incomitalu
3201 1422 3369 1479 fuisse
3429 1465 3433 1470 ι

1769 1521 2156 1576 memorantur,
2188 1512 2388 1568 deinde
2411 1515 2625 1568 fortuita
2660 1517 2945 1587 utrobique
2975 1516 3220 1582 occasio;
3255 1534 3362 1573 non

1767 1604 1910 1657 enim
1959 1604 2045 1658 hic
2088 1606 2162 1658 ait
2211 1605 2521 1661 Germinius
2568 1609 2700 1663 istos
2728 1597 3014 1679 episcopos
3043 1619 3369 1665 convocatos

1768 1704 1827 1749 ut
1857 1695 1924 1750 de
1955 1696 2059 1751 lide
2087 1697 2459 1766 disputarent;
2498 1699 2592 1754 sed
2621 1711 2736 1754 orta
2779 1701 3144 1770 diSputatione
3184 1717 3366 1757 coram

1695 1785 1741 1844 Β
1773 1787 2122 1855 imperatore,
2157 1797 2320 1859 atque
2348 1791 2399 1844 in
2433 1791 2655 1845 multato
2699 1801 2911 1847 noctem
2962 1801 3253 1861 prmracta,
3303 1791 3370 1846 ad

1771 1895 1890 1936 eam
1925 1880 2210 1936 formulam
2243 1884 2456 1938 tandem
2479 1898 2600 1939 e~se
2631 1885 2892 1940 deductos
2921 1903 2933 1938 :
2965 1885 3200 1956 denique
3222 1885 3374 1942 locus

1770 1982 1824 2027 et
1868 1984 2108 2042 tempus;
2145 1974 2328 2030 Sirmii
2358 1977 2501 2030 enim
2541 1975 2711 2047 ipsam
2742 1976 2925 2041 fidem,
2956 1993 3077 2050 qua:
3104 1978 3249 2032 Patri
3280 1978 3373 2034 Fi-

1775 2066 1905 2121 lium
1951 2083 2048 2137 per
2093 2069 2274 2123 omnia
2322 2071 2555 2125 similem
2605 2071 2756 2133 dietl,
2791 2071 3026 2127 Eusebio
3066 2083 3122 2127 et
3147 2071 3377 2144 Hypatio

1772 2160 1926 2216 Coss.
1961 2163 2215 2233 scriptam
2247 2163 2552 2219 docuimus.
2603 2165 2711 2219 Nec
2748 2165 2814 2219 ad
2847 2167 3010 2220 aliam
3043 2166 3224 2227 ﬁdem,
3257 2181 3380 2237 quae

1774 2254 1912 2324 apud
1947 2255 2304 2326 Epiphmium
2337 2256 2590 2324 leguntur
2617 2255 2810 2311 ha-resi
2857 2273 3023 2313 Lxxm
3051 2260 3217 2330 (mam.
3249 2258 3371 2327 22),

1775 2348 1843 2403 tle
1875 2351 1976 2403 lide
2006 2352 2126 2426 περὶ
2169 2355 2260 2404 τοῦ
2310 2348 2483 2422 ὅμοιον
2527 2344 2652 2404 εἶναι
2692 2352 2779 2404 τὸν
2818 2351 2925 2404 υἱὸν
2955 2358 3030 2406 τῶ
3058 2354 3221 2427 πατρί
3247 2354 3379 2409 κατὰ

1777 2444 1963 2497 πάντα.
1996 2439 2183 2494 referri
2234 2455 2395 2511 posse
2435 2438 2671 2494 arbitror
2715 2441 2843 2495 :coi
2884 2441 3230 2497 subscribens
3263 2445 3379 2513 ipse

1779 2531 1979 2588 Valens
2008 2547 2130 2588 cum
2179 2533 2232 2586 in
2284 2532 2680 2603 subscriptione
2722 2530 2916 2586 Filium
2949 2533 3097 2588 Patri
3143 2533 3375 2589 similem

1778 2625 2115 2694 repetiisset,
2175 2625 2416 2691 duasque
2454 2625 2574 2678 illas
2610 2625 2825 2679 voculas
2871 2642 2962 2693 per
2991 2625 3164 2680 omnia
3207 2625 3378 2681 subti-

1779 2716 2012 2779 coisset;
2044 2731 2138 2770 eas
2162 2716 2230 2768 ab
2260 2717 2587 2787 imperatore
2614 2715 2949 2784 Constantio,
2978 2733 3084 2788 quo
3113 2727 3380 2788 prasente

1779 2823 1868 2862 res
1897 2807 2182 2877 agebatur,
2214 2819 2435 2863 coactus
2477 2816 2564 2864 est
2611 2807 2828 2864 addere.
2879 2809 3025 2864 ldem
3075 2812 3220 2866 enim
3263 2812 3380 2881 ipse

1779 2900 1980 2956 Valens
2020 2902 2410 2972 subscripsisse
2453 2917 2513 2958 se
2541 2903 2590 2958 ei
2622 2911 2876 2958 teSIatum
2902 2905 3072 2959 voluit
3100 2906 3264 2977 (apud
3309 2906 3380 2960 Ε-

1782 2995 1995 3067 pipltan.
2029 2998 2156 3051 Ita’r.
2209 3012 2394 3065 LXXIII,
2443 3014 2496 3051 η.
2531 2997 2647 3069 '2‘2),
2697 3006 2760 3074 τῇ
2808 3002 2950 3059 νυκτί
2993 2999 3382 3072 ἔπιφωσκοῦσης

1781 3096 1872 3148 τῆς
1913 3088 2252 3150 πεπεκόστης
2300 3106 2314 3142 :
2361 3087 2651 3158 subditque
2696 3089 3046 3158 Epiphanius,
3098 3091 3377 3148 Valentem

69 3180 200 3251 quid
233 3178 306 3234 de
331 3194 397 3234 ea
447 3193 506 3232 re
537 3177 668 3232 mihi
701 3177 910 3232 venerit
940 3179 991 3232 in
1031 3187 1297 3246 mentem,
1346 3179 1400 3233 in
1442 3178 1674 3232 medium
1703 3175 1748 3240 C
1781 3178 1962 3233 statim
2010 3188 2171 3247 atque
2214 3194 2244 3234 a
2300 3193 2360 3234 se
2409 3179 2712 3250 subscripta
2764 3191 2866 3248 est,
2911 3193 3216 3254 correptam
3261 3197 3380 3240 eam

72 3273 390 3343 proferam;
454 3281 662 3327 certum
721 3280 805 3327 est
866 3271 1244 3340 imperatorem
1307 3271 1678 3326 Constantium

70 3380 294 3421 omnem
339 3363 577 3419 movisse
626 3363 884 3432 lapidem,
935 3377 1042 3434 quo
1083 3363 1410 3418 dissidentes
1458 3363 1509 3417 in
1557 3362 1680 3417 reli-

72 3459 238 3526 gione
269 3454 558 3526 opiniones
588 3463 960 3524 componeret.
1010 3455 1206 3511 Verum
1238 3455 1364 3509 dum
1405 3471 1465 3511 se
1509 3455 1682 3512 facilis

73 3551 240 3604 nimis
269 3547 545 3603 hiereticis
575 3548 842 3617 praebens,
876 3563 998 3618 quae
1045 3549 1137 3603 Dei
1179 3558 1305 3603 sunt
1344 3549 1528 3602 Caesar
1568 3548 1683 3617 ipse

73 3652 321 3697 tractare
351 3639 533 3695 audet.
569 3659 590 3692 ‹
620 3641 670 3695 in
698 3639 930 3710 simplici
959 3649 1014 3695 et
1053 3639 1296 3694 absoluta
1338 3639 1620 3721 religione,
1659 3660 1678 3694 ι

71 3735 254 3805 inquit
276 3735 596 3789 Ammianus
627 3732 768 3806 (Lib.
803 3732 922 3806 XXI)
956 3751 976 3786 ς
1028 3733 1314 3790 scrutanda
1353 3734 1682 3804 perplexior,

71 3845 239 3902 quam
283 3828 660 3899 componenda
706 3828 958 3899 gravior,
1025 3827 1140 3897 ipsa
1190 3827 1321 3882 aluit
1363 3827 1687 3898 adauxitque

74 3921 332 3979 dissidia.
371 3939 389 3973 ι
425 3920 633 3988 Quibus
663 3932 725 3978 ut
758 3921 1057 3976 remedium
1089 3921 1302 3975 tandem
1344 3921 1559 3991 aliquod
1591 3919 1687 3975 ad-

77 4016 330 4077 hiberet,
360 4015 751 4070 tecumenicam
776 4014 1041 4085 synodum
1082 4029 1275 4084 cogere
1302 4013 1540 4069 decrevit
1561 4013 1689 4086 (So-

76 4125 215 4162 zom.
251 4107 290 4161 ι.
329 4121 403 4168 tv,
435 4124 480 4160 r.
512 4105 624 4176 16).
654 4105 886 4182 Litteris~
906 4106 1068 4177 igitur
1090 4104 1156 4160 ad
1182 4105 1439 4160 Basilium
1482 4105 1689 4177 Anqui-

76 4202 326 4256 ritanum
387 4199 700 4268 episcopum
768 4198 968 4262 missis,
1032 4196 1338 4254 Orientales
1403 4199 1689 4268 episcopos

73 4294 261 4364 jubet,
297 4301 353 4345 ut
387 4291 564 4346 locum
595 4291 938 4347 celebranda:
978 4291 1188 4362 synodo
1235 4301 1417 4362 aptum
1443 4301 1499 4348 et
1541 4306 1690 4348 com-

78 4388 313 4444 modum
347 4387 732 4455 perspicerent.
765 4385 965 4442 Verum
1015 4401 1138 4441 cum
1172 4386 1312 4442 inter
1355 4401 1450 4443 eos
1491 4401 1691 4442 conve-

82 4481 208 4535 nire
251 4493 362 4533 non
397 4486 601 4544 posset,
630 4477 752 4533 aliis
780 4477 943 4533 alium
991 4478 1427 4548 praeferentibus.
1461 4477 1691 4535 Basilius

1787 3268 1944 3324 fidem
1974 3270 2278 3325 Ariminum
2310 3285 2494 3326 secum
2527 3271 2592 3326 ad
2629 3273 2894 3344 synodum
2923 3269 3202 3332 detulisse.
3233 3275 3381 3332 scri-

1787 3371 1876 3432 pta
1897 3372 1980 3416 est
2005 3378 2133 3434 ergo
2158 3379 2218 3418 ea
2254 3363 2408 3428 ﬁdes,
2441 3380 2562 3435 quae
2592 3381 2687 3436 per
2713 3368 2891 3422 omnia
2924 3367 3118 3424 Filium
3150 3370 3381 3427 similem
3447 3375 3449 3377 ’

1788 3453 1930 3509 Patri
1959 3457 2173 3522 asserit,
2205 3473 2272 3511 eo
2315 3467 2556 3528 tempore
2604 3475 2713 3530 quo
2755 3461 2994 3532 synodus
3023 3463 3384 3520 Ariminensis

1785 3559 1903 3601 acta
1948 3557 2052 3616 est,
2101 3547 2154 3604 id
2182 3560 2284 3614 est,
2324 3550 2557 3606 Eusebio
2585 3561 2641 3606 et
2669 3551 2900 3624 Hypatio
2927 3555 3081 3610 Coss.
3111 3556 3163 3610 in
3196 3556 3380 3626 vigilia

1789 3648 2148 3708 pentecostes,
2198 3641 2247 3696 id
2277 3652 2361 3697 est
2396 3658 2450 3697 χι
2503 3644 2606 3699 cal.
2635 3645 2755 3713 jun.
2807 3645 3085 3716 Siquidem
3140 3646 3206 3702 iis
3234 3663 3379 3704 coss.

1789 3730 1877 3800 qui
1905 3730 2106 3786 Christi
2136 3732 2245 3787 559
2273 3748 2446 3788 anmts
2473 3742 2580 3799 est,
2637 3735 2761 3790 luna
2795 3751 2905 3800 ειν,
2936 3736 2991 3791 in
3041 3753 3097 3792 tv
3131 3737 3238 3794 cal.
3263 3753 3381 3809 apr.

1790 3821 2082 3886 incidente,
2114 3825 2420 3879 veneranda
2454 3825 2895 3882 Resurrectionis
2939 3828 3224 3885 dominica:
3267 3831 3387 3889 dies

1793 3912 1931 3982 prid.
1985 3928 2111 3968 non.
2141 3915 2384 3985 ejusdem
2417 3917 2641 3984 mensis,
2685 3919 2960 3976 missionis
3003 3923 3175 3977 sancti
3218 3923 3392 3993 Spiri-

1793 4012 1878 4057 tus
1936 4020 1970 4058 χ
2011 4005 2114 4060 cal.
2142 4005 2260 4075 jun.
2312 4007 2488 4062 littera
2519 4023 2596 4074 c.,
2645 4008 2755 4065 diei
2808 4011 3102 4066 Dominica:
3145 4024 3294 4079 nota,
3343 4015 3389 4069 si

1794 4105 1921 4150 tunc
1944 4111 2043 4152 usu
2065 4107 2282 4168 recepta
2305 4100 2625 4165 exstitisset,
2656 4101 2942 4155 celebrata:
2964 4111 3108 4156 sunt.

1875 4303 1963 4359 Η.
1998 4302 2345 4375 Epilogu8.—
2373 4303 2597 4360 Videtur
2625 4320 2775 4372 ergo,
2814 4314 2873 4361 ut
2894 4315 3002 4362 tota
3028 4305 3145 4364 htec
3170 4281 3393 4366 conclu-

1793 4393 1951 4448 datur
1977 4393 2300 4464 disputatio,
2349 4394 2482 4452 fides
2525 4412 2646 4467 quze
2675 4396 2869 4454 Filium
2912 4397 3054 4455 Patri
3087 4415 3182 4470 per
3210 4401 3395 4457 omnia

1795 4486 2026 4541 similem
2072 4485 2377 4555 proﬁtetur,
2427 4489 2630 4559 scripta
2675 4489 2883 4558 Sirmii,
2918 4508 3026 4546 non
3059 4491 3240 4549 habita
3283 4493 3397 4550 dis-

84 4574 154 4626 ad
186 4573 599 4640 imperatorem.
631 4569 724 4638 ιιυί
752 4579 864 4624 lum
895 4570 1076 4626 Sirmii
1112 4570 1251 4626 Γυτιθ
1277 4570 1528 4638 degebat
1566 4586 1692 4640 pro-
1723 4569 1770 4628 D
1796 4578 2088 4649 quisitione
2120 4579 2171 4634 in
2223 4580 2427 4635 celebri
2469 4582 2851 4652 episcoporum
2899 4582 3149 4650 concilio,
3196 4583 3292 4639 sed
3342 4585 3394 4641 in

83 4666 265 4722 fectus
293 4673 399 4729 est,
428 4664 611 4734 ibique
640 4678 762 4718 cum
793 4663 931 4718 alios
953 4663 1214 4732 quosdam
1258 4666 1482 4735 privatis
1530 4680 1696 4734 nego-

87 4762 181 4816 liis
213 4761 266 4813 in
300 4758 558 4814 comitatu
604 4757 878 4822 delentes,
911 4767 1024 4812 tum
1057 4758 1293 4824 Marcum
1321 4757 1692 4823 Arethusium,

85 4852 392 4920 Georgium
431 4848 776 4905 Alexandria:
805 4849 1118 4920 episcopum
1163 4858 1220 4905 et
1266 4847 1541 4904 Valentem
1574 4865 1694 4904 cum

84 4944 208 4999 suis
255 4939 500 4997 offendit.
548 4940 701 4995 Tunc
751 4941 911 5011 igitur
954 4941 1028 4996 illi
1073 4940 1396 4996 Arianorum
1425 4941 1700 5012 coryphzci

86 5036 243 5091 inter
297 5049 358 5086 se
387 5048 492 5101 quo
520 5041 678 5102 pacto
708 5031 866 5087 ﬁdem
900 5031 1170 5087 Nicamam
1202 5033 1578 5088 subverterent
1604 5047 1696 5086 ca-

90 5128 206 5198 pita
234 5123 604 5191 conferentes,
633 5125 699 5178 ah
723 5125 1048 5194 imperatore
1071 5126 1360 5194 impetrant
1381 5136 1436 5180 ut
1460 5125 1700 5197 synodus

93 5216 426 5273 universalis
453 5215 646 5271 Nicaea:
679 5215 944 5284 Bithynia:
973 5217 1196 5284 indicta,
1231 5229 1557 5287 propterque
1585 5220 1702 5287 ejus

93 5311 253 5365 urbis
283 5307 490 5362 cladem
537 5315 696 5363 terra:
731 5318 878 5363 motu
910 5317 1190 5375 acceptam
1236 5308 1399 5364 dilata
1425 5309 1700 5365 dividere-

96 5416 192 5458 tur
234 5419 247 5455 :
299 5399 712 5469 Orientalesque
767 5402 1053 5472 episrojios
1112 5401 1410 5457 Seleuciam
1463 5403 1702 5470 lsaurizn,

95 5493 484 5550 Occidentales
531 5509 662 5549 vero
710 5494 1010 5550 Ariminum
1060 5496 1344 5550 convocari
1392 5507 1701 5567 procurant.

97 5587 262 5643 Hunc
306 5586 682 5657 episcoporum
710 5587 1033 5643 Arianorum
1060 5594 1111 5643 in
1153 5592 1414 5645 comitatu
1444 5605 1702 5659 congres-

98 5697 226 5738 sum
282 5679 520 5738 Eusebio
559 5689 613 5735 et
659 5679 888 5752 Hypatio
931 5681 1242 5738 consulibus
1290 5685 1600 5756 contigisse,
1652 5685 1703 5741 id

101 5782 214 5839 est,
247 5787 316 5829 eo
341 5773 462 5844 ipso
480 5785 625 5831 anno
653 5789 764 5844 quo
794 5772 901 5830 illae
927 5773 1121 5846 synodi
1169 5783 1305 5832 actae
1347 5785 1494 5844 sunt,
1542 5791 1705 5834 nemo

1799 4671 2024 4728 fortuito
2053 4669 2350 4742 paucorum
2380 4689 2680 4747 congressu
2712 4692 2892 4732 coram
2925 4676 3256 4746 imperatore
3285 4678 3398 4734 dis-

1803 4765 2075 4834 putatione
2097 4776 2215 4820 orta
2237 4783 2251 4832 ;
2277 4783 2383 4822 non
2410 4769 2462 4822 in
2490 4769 2664 4839 aliqua
2692 4771 2910 4826 basilica
2933 4779 3026 4824 aut
3044 4770 3398 4832 publiroluco

1801 4858 1854 4912 in
1883 4875 1989 4928 quo
2017 4859 2260 4914 solerent
2286 4861 2480 4932 synodi
2522 4860 2730 4927 haberi,
2761 4863 2853 4917 sed
2888 4864 2948 4936 in
2973 4864 3188 4932 privato
3228 4866 3401 4936 impe-

1803 4952 1997 5006 ratoris
2024 4951 2307 5020 cubiculo;
2342 4969 2446 5009 non
2479 4954 2671 5026 Sergio
2700 4966 2753 5011 et
2791 4955 3069 5025 Nigriano,
3123 4957 3206 5013 vel
3253 4956 3399 5015 Con-

1804 5045 2005 5099 stantio
2050 5061 2104 5100 1x
2169 5052 2226 5101 et
2265 5046 2483 5102 .lnliano
2520 5063 2576 5102 ιι
2634 5048 2972 5115 consulibus,
3015 5065 3122 5120 quo
3151 5061 3400 5122 tempore

1803 5136 2118 5191 Sirmiensis
2175 5139 2415 5210 synodus
2455 5139 2634 5196 habita
2676 5139 2896 5206 dicitur,
2949 5142 3045 5197 sed
3090 5157 3143 5197 ιι
3187 5143 3400 5199 calend.

1801 5227 1919 5298 jun.
1950 5227 2189 5285 Eusebio
2214 5242 2266 5286 et
2307 5230 2539 5301 Hypatio
2581 5248 2722 5288 coss.
2758 5249 2866 5304 quo
2912 5234 3074 5290 etiam
3122 5235 3213 5291 die
3259 5237 3400 5292 idem

1811 5325 1928 5388 ipse
1959 5322 2255 5390 imperator
2287 5321 2488 5378 Sirmio
2533 5323 2679 5393 leges
2718 5340 2813 5380 XIV
2866 5335 2920 5380 et
2945 5342 3013 5380 xv
3061 5326 3130 5382 de
3159 5327 3320 5383 Prtet.
3349 5337 3406 5384 et

1811 5411 2014 5479 Quaest.
2045 5411 2180 5467 Cod.
2213 5412 2315 5466 Th.
2349 5413 2414 5467 ad
2446 5415 2706 5470 Senatum
2757 5417 2920 5470 misit.
2954 5417 3133 5484 Quare
3165 5435 3268 5474 non
3305 5421 3407 5477 mi-

1811 5519 1929 5559 rum
1979 5513 2063 5560 est
2108 5505 2154 5558 si
2204 5505 2526 5561 Athanasius
2571 5506 2688 5579 (lib.
2723 5509 2785 5564 de
2817 5509 3023 5581 Synod.
3057 5530 3111 5582 p.
3143 5513 3270 5584 875)
3315 5528 3410 5570 eo-

1812 5613 1955 5662 rum,
2002 5598 2091 5668 qui
2136 5598 2402 5669 ejusmodi
2449 5599 2608 5656 fidem
2659 5603 3012 5674 scripserunt,
3048 5609 3406 5666 temeritatem

1813 5687 2048 5759 exagitet
2092 5705 2106 5742 :
2164 5707 2184 5740 ι
2219 5691 2311 5761 qui
2362 5705 2486 5746 cum
2541 5705 2648 5747 non
2698 5693 2801 5748 nisi
2832 5704 2942 5752 tres
2967 5706 3060 5752 aut
3091 5707 3341 5768 quatuor,
3383 5719 3403 5756 ι

1815 5779 2009 5852 inquit,
2051 5797 2070 5834 ι
2101 5790 2306 5852 essent,
2347 5801 2368 5836 ι
2417 5783 2495 5856 (ἱη
2540 5799 2649 5856 quo
2693 5784 2914 5859 quidem
2960 5804 3077 5850 rem
3117 5801 3407 5866 extenuat;
