3978 6196
605 258 710 324 899

1493 261 1557 316 IN
1600 259 2027 318 FRAGMENTA
2064 257 2314 322 SAECTI
2352 259 2610 322 HILARII
2642 261 2950 324 EPISCOPI

3803 267 3881 320 90ft

601 396 810 449 sepem
842 382 986 435 enim
1017 381 1094 434 vel
1125 389 1248 435 octo
1277 381 1353 451 (a)
1381 380 1628 451 aderant)
1669 400 1688 434 ς
1726 381 1839 436 ausi
1863 392 1984 436 sunt
2018 388 2196 434 tamen
2230 379 2305 448 Α·
2377 380 2466 435 l7.
2496 382 2672 436 Altera
2700 383 3014 438 callet-tionis
3046 399 3188 453 pars.
3228 412 3301 424 —
3323 382 3564 448 Cmtera,
3613 398 3738 452 qua!
3780 386 3881 438 alte-

606 475 810 543 rcgnla:
838 473 958 528 lidei
991 475 1242 528 Consules
1285 473 1508 543 addere,
1543 474 1683 541 quod
1716 474 1939 528 trecenti
1969 482 2022 528 et
2048 480 2197 525 octo-

603 566 776 621 decim
810 578 986 634 patres
1016 565 1217 622 Nicacni
1267 582 1374 622 non
1423 567 1682 622 fecerant.
1717 586 1736 620 ι
1789 566 1898 624 διιὰ
1943 566 2060 620 hinc
2088 565 2200 619 lor-

604 667 748 712 tasse
796 657 966 713 fusius
1014 675 1174 729 quam
1225 660 1474 728 epistulae
1519 661 1604 715 vel
1638 657 1971 730 pra‘fationis
2010 657 2203 716 modus

608 751 843 820 patiatur
875 769 888 804 :
942 751 1147 822 reliqua
1179 753 1334 810 nobis
1382 753 1618 809 breviter
1659 752 2021 824 percurrentia
2054 761 2200 806 Slltll.

678 844 764 899 15.
801 847 1056 914 Epistula:
1089 847 1227 914 (qua:
1281 865 1414 902 nunc
1452 848 1727 918 conﬁciunt
1756 852 2095 920 fragmentum
2129 844 2203 915 vt)

605 935 805 994 Liberii
854 939 914 993 P.
959 937 1170 1008 B.quzc
1215 939 1341 996 huic
1391 939 1652 996 Ger-minii
1705 939 2007 1009 subjuncta:
2052 944 2200 1002 sunt,

605 1043 728 1084 cum
779 1031 1210 1100 praecedentibus
1258 1047 1358 1088 nec
1402 1041 1744 1101 argumento.
1813 1047 1914 1086 nec
1960 1041 2205 1099 tempore

607 1134 1024 1180 connectuntur.
1057 1125 1135 1178 Ad
1168 1141 1327 1195 quam
1374 1134 1551 1180 tamen
1606 1123 1926 1180 Arianorum
1967 1122 2205 1178 historia:

601 1228 810 1286 partem
835 1226 1101 1283 spectent,
1132 1217 1255 1286 quia
1287 1217 1650 1274 exactissimis
1684 1217 1790 1270 illis
1819 1213 2206 1270 ecclesiasticis

608 1307 909 1364 Annalibus
939 1310 1161 1366 intextae
1204 1321 1351 1373 sunt,
1383 1310 1428 1365 si
1460 1309 1642 1365 dicere
1671 1308 2022 1378 supersedeo,
2070 1315 2207 1360 tem-

607 1405 758 1474 poris
786 1414 839 1458 et
867 1405 1074 1459 charta:
1117 1404 1498 1474 Compendium
1531 1406 1726 1458 iecero.
1775 1403 1886 1457 Hoc
1913 1417 2074 1456 unum
2104 1399 2205 1454 ad-

608 1496 740 1551 dere
763 1496 992 1554 sulticiet
1029 1513 1096 1553 ex
1129 1499 1306 1552 verbis
1355 1497 1539 1552 Hilarii
1571 1513 1693 1567 quae
1735 1496 1931 1552 Liberii
1963 1494 2207 1565 epistola:

608 1591 675 1644 ad
700 1591 1006 1646 Orientales
1033 1591 1323 1661 episc0pos
1349 1591 1566 1646 adtexta
1597 1601 1726 1646 sunt
1757 1590 1998 1662 (Fragm.
2049 1605 2118 1650 vi.
2149 1606 2203 1642 η.

609 1683 664 1748 6,
693 1685 777 1738 cui
806 1685 1047 1756 [ormqu
1072 1686 1427 1755 subscripserit
1456 1684 1736 1752 Liberius),
1772 1684 1942 1738 videri
1967 1684 2204 1753 regulam

2308 489 2423 528 ram
2471 476 2633 530 veluti
2680 476 3058 532 collectionem
3115 475 3291 532 facere
3338 477 3616 539 videntur,
3667 477 3886 546 quamvis

2309 563 2362 618 in
2412 566 2604 621 codice
2647 583 2810 623 manu
2854 569 3097 639 scripto,
3146 585 3212 623 ex
3272 586 3380 640 quo
3427 569 3528 623 ista
3585 567 3884 637 transcripta

2304 668 2449 724 sunt,
2500 658 2608 713 illis
2657 675 2777 727 qu:e
2823 659 3180 729 explicuimus
3216 661 3503 728 prmposita
3537 661 3807 729 legantur,
3841 674 3889 713 ex

2306 751 2497 806 eodem
2543 759 2720 806 tamen
2768 751 2827 809 Β.
2879 751 3064 808 Hilarii
3109 767 3274 822 Opere
3318 759 3578 820 excerpta
3630 765 3780 814 esse,
3829 751 3892 804 vel

2308 843 2434 898 hinc
2461 843 2735 913 conjicere
2765 844 2915 907 licet,
2943 845 3084 912 quod
3115 845 3276 901 verba
3310 847 3550 900 auctoris
3578 844 3727 900 unde
3763 858 3892 898 sutu-

2308 946 2394 1006 ptzi
2429 945 2576 997 sunt.
2604 937 2814 1008 aliquot
2858 939 2991 993 locis
3023 939 3152 1002 ipsis
3186 939 3322 992 actis
3369 937 3639 1005 immixta,
3668 936 3893 1006 ejusdem

2305 1029 2632 1087 sanctissimi
2662 1028 2992 1085 confessoris
3025 1029 3242 1099 phrasin
3274 1030 3595 1093 exhibeant,
3643 1040 3700 1086 et
3729 1032 3892 1084 omnia

2308 1117 2421 1175 fere
2451 1120 2516 1174 ad
2551 1121 2813 1192 synodum
2843 1121 3267 1185 Ariminensem,
3300 1122 3370 1178 de
3405 1138 3510 1193 qua
3540 1122 3814 1192 praaripue
3852 1124 3896 1177 in

2307 1227 2374 1267 eo
2401 1215 2517 1281 ipso
2551 1213 2882 1268 metabatur
2902 1229 3090 1284 opere,
3119 1225 3390 1285 spectent,
3420 1215 3472 1269 in
3502 1217 3707 1286 quibus
3735 1228 3895 1270 tamen

2308 1303 2617 1373 digerendis
2663 1320 2772 1360 non
2818 1306 3058 1362 exactior
3103 1305 3236 1361 ordo
3279 1323 3460 1362 rerum
3509 1308 3595 1362 vel
3629 1310 3894 1376 temporis,

2310 1409 2468 1464 qnam
2498 1395 2551 1450 in
2581 1397 2976 1464 superioribus,
3007 1397 3328 1454 observatus
3357 1409 3462 1454 est.

2385 1492 2470 1546 l8.
2504 1489 2772 1546 I’arisiaca
2794 1493 3023 1562 synodus
3055 1511 3188 1547 nunc
3220 1497 3353 1564 frag.
3389 1493 3725 1550 xr—Porro
3757 1495 3894 1550 Iidem

2311 1583 2458 1638 illam
2492 1601 2611 1653 qua:
2641 1586 2784 1653 apud
2820 1585 3084 1641 Fariseam
3129 1589 3382 1644 civitatem
3411 1591 3660 1660 exposita
3695 1591 3893 1658 dicitur,

2314 1675 2540 1730 Lutetia:
2568 1677 2899 1732 Parisiorum
2931 1680 3188 1752 scriptam
3238 1681 3402 1735 fuisse
3447 1683 3710 1747 arbitror,
3758 1695 3898 1752 atque

609 1776 758 1842 ﬁdei,
790 1794 949 1843 quam
997 1777 1198 1834 Sirmio
1238 1795 1267 1828 a
1318 1777 1526 1848 synodo
1568 1777 1633 1832 ad
1681 1778 1939 1832 ecclesias
1986 1777 2206 1830 missam
2241 1770 2288 1831 B
2315 1767 2366 1820 in
2396 1769 2513 1836 ejus
2540 1769 2856 1839 epigraplte,
2899 1770 3042 1839 apud
3074 1770 3335 1826 Paristam
3370 1774 3628 1828 civitatem
3672 1775 3777 1844 legi
3818 1775 3898 1829 de-

606 1883 767 1938 supra
799 1869 1053 1935 diximus,
1085 1870 1152 1925 ab
1179 1870 1369 1924 eodem
1417 1869 1632 1924 Liberio
1679 1868 1839 1922 taedio
1887 1869 2029 1922 exilii
2060 1868 2201 1921 desi-

606 1962 867 2033 derioque
905 1964 1052 2032 sedis
1077 1979 1187 2018 sum
1218 1964 1526 2033 praefracto,
1557 1962 2010 2033 quemadmodum
2043 1978 2070 2012 a
2103 1977 2208 2015 ete-

607 2056 737 2109 teris
767 2055 857 2126 qui
883 2054 1225 2124 imperatoris
1249 2053 1548 2109 Constantii
1582 2053 1853 2109 violentia:
1897 2061 2202 2118 cesserant,

605 2147 1000 2216 subscriptione
1051 2147 1327 2216 probatam
1380 2147 1586 2201 fuisse:
1621 2155 1678 2200 ut
1711 2160 1816 2199 non
1857 2144 2078 2200 omnino
2110 2161 2202 2194 va-

605 2254 706 2296 nus
751 2239 1018 2294 exstiterit
1065 2253 1272 2304 rumor,
1335 2254 1492 2308 quem
1537 2239 1770 2292 Arianos
1819 2235 2204 2292 disseminasse

607 2330 941 2389 Sozotiienns
985 2329 1048 2396 (ι.
1096 2344 1169 2394 tv,
1223 2346 1267 2382 ε.
1323 2331 1410 2398 il)
1462 2329 1721 2399 scriptum
1763 2329 2000 2398 reliquit,
2043 2328 2200 2381 Pont.

605 2421 670 2476 R.
708 2422 759 2476 in
807 2422 1116 2491 opinionem
1146 2411 1607 2477 Auomceanorum
1650 2420 1932 2476 defecisse.
1966 2419 2084 2488 Quo
2108 2436 2206 2472 no-

600 2514 745 2568 mine
767 2523 951 2569 noster
981 2513 1216 2569 Hdarius
1245 2527 1382 2569 testu
1417 2514 1536 2568 lidei
1564 2515 1823 2582 abreptus
1853 2515 1951 2584 ipsi
1978 2513 2202 2569 Liberio

603 2610 748 2662 velut
776 2619 1040 2678 apostatte
1079 2624 1142 2662 ac
1177 2609 1576 2677 pravaricatori
1606 2610 1901 2662 Anathema
1932 2608 2201 2675 impingit.

602 2700 670 2756 Et
695 2717 824 2755 sane
858 2717 965 2756 non
993 2703 1096 2756 alia
1123 2702 1298 2770 potttit
1323 2716 1448 2756 esse
1489 2701 1579 2754 illa
1609 2700 1763 2769 ﬁdes,
1799 2716 1957 2769 quam
1987 2700 2206 2755 Narcis-

598 2809 715 2857 Stis,
757 2794 1100 2859 Theodorus,
1153 2795 1450 2856 Eudoxius,
1505 2793 1876 2864 Demophilus,
1924 2802 1976 2848 et
2018 2793 2202 2848 ea’teri

598 2889 674 2943 illi
712 2888 1016 2944 temeritate
1040 2901 1203 2960 atque
1230 2890 1449 2958 perlidia
1482 2891 1624 2944 inter
1645 2889 1875 2944 Arianos
1901 2889 2200 2958 conSpicui,

599 2991 651 3046 ut
699 2981 838 3038 infra
883 2982 1210 3047 videbimus,
1257 2983 1599 3038 dictaverint.
1655 2982 1790 3036 llinc
1831 2982 1989 3036 etiam
2041 2981 2203 3036 disci-

601 3093 744 3142 mus,
775 3076 927 3146 cujus
957 3077 1066 3129 sint
1094 3076 1357 3141 auctoris,
1402 3085 1457 3131 et
1487 3091 1594 3144 quo
1626 3075 1931 3145 pertineant
1979 3073 2198 3128 nomina

2312 1861 2442 1917 bere
2472 1863 2723 1931 conjicio.
2752 1863 2869 1922 Jatn
2900 1865 3045 1920 enim
3085 1877 3213 1920 tunc
3242 1865 3484 1922 obsoleta
3534 1867 3646 1923 fere
3691 1868 3898 1922 Lutetiae

2312 1957 2676 2024 appellatione
2714 1955 2816 2012 hoc
2861 1973 3056 2012 nomen
3095 1959 3184 2014 illa
3214 1960 3403 2014 civitas
3431 1961 3716 2017 audiebat.
3764 1961 3899 2015 Zosi-

2317 2064 2438 2103 mus
2468 2049 2540 2121 (ε)
2565 2066 2627 2104 ea
2667 2059 2828 2105 aetate
2859 2067 2966 2106 non
3010 2052 3181 2106 multo
3221 2052 3446 2108 inferior
3476 2053 3546 2108 de
3585 2053 3806 2108 Juliano
3832 2055 3900 2107 lo-

2316 2157 2488 2211 quens
2515 2143 2741 2198 Lutetite
2769 2142 3042 2200 hiemante
3060 2146 3142 2200 sic
3167 2145 3658 2215 scribit.‘toolmoa
3690 2147 3748 2204 δᾶ
3775 2151 3822 2203 ἐν
3840 2156 3901 2220 τῷ

2313 2240 2539 2311 Παρισίῳ
2565 2277 2579 2301 ,
2632 2242 2915 2314 Γερμανίας
2949 2237 3003 2293 δέ
3055 2235 3190 2298 αὕτη
3228 2240 3449 2312 πολίχνη
3475 2282 3491 2305 ,
3540 2240 3898 2318 διατρίϐοντος.

2310 2328 2570 2393 Quamvis
2599 2330 2743 2383 enim
2777 2330 2896 2399 ejus
2927 2331 3074 2385 urbis
3101 2341 3228 2386 tunc
3266 2349 3373 2387 non
3407 2349 3470 2388 ea
3522 2332 3687 2390 luerit
3729 2337 3903 2404 ampli-

2310 2421 2438 2475 tudo
2483 2421 2565 2475 vel
2597 2424 2828 2476 nominis
2873 2425 3110 2488 claritas,
3165 2425 3214 2479 in
3265 2441 3426 2493 quam
3479 2438 3665 2492 postea
3723 2442 3897 2497 regum

2310 2512 2899 2568 Christianissimorum
2929 2515 3360 2584 frequentatione
3386 2517 3806 2588 studiorumque
3825 2537 3901 2574 ce-

2310 2604 2558 2659 lebritate
2580 2615 2765 2660 evecta
2795 2616 2900 2672 est,
2946 2609 3110 2662 immo
3141 2624 3270 2663 vero
3294 2611 3569 2682 πολίχνην,
3602 2623 3658 2666 et
3687 2613 3760 2666 ab
3786 2615 3901 2667 Am-

2310 2696 2492 2750 miano
2523 2697 2636 2769 (lib.
2667 2714 2758 2763 xv,
2793 2715 2840 2752 c.
2883 2698 2974 2769 ll)
3004 2700 3288 2754 castellum
3315 2701 3524 2757 ambitu
3555 2703 3785 2757 insulari
3809 2704 3902 2757 cir-

2308 2788 2646 2844 cumclusum
2699 2799 2904 2844 tantum
2953 2790 3060 2846 dici
3105 2791 3416 2858 videamus;
3450 2805 3511 2848 ut
3553 2809 3675 2864 qua:
3727 2795 3900 2848 insula:

2307 2877 2457 2934 ﬂuvii
2503 2880 2765 2950 Sequana:
2808 2882 3013 2936 ambitu
3060 2883 3478 2952 comprehensa,
3529 2894 3588 2940 et
3633 2893 3901 2952 utrimque

2306 2971 2546 3025 subliciis
2597 2972 2851 3041 pontibus
2897 2975 3192 3028 continenti
3248 2975 3434 3043 juncta
3469 3016 3483 3039 ,
3533 2976 3631 3030 ‘vix
3676 2977 3900 3031 mediam

2306 3071 2514 3130 partem
2547 3064 2663 3132 ejus
2692 3065 2929 3134 regionis
2973 3066 3447 3136 complecteretur,
3498 3083 3623 3138 qua:
3672 3069 3900 3125 civitatis

595 3167 687 3223 illa
735 3167 1134 3234 haereticorum,
1185 3182 1308 3238 qua:
1355 3167 1479 3222 huic
1524 3166 1726 3222 Liberii
1775 3165 1841 3221 ad
1889 3164 2191 3220 Orientales

2303 3170 2499 3210 nomen
2531 3157 2634 3212 sibi
2682 3159 2952 3225 peculiare
3007 3161 3168 3215 fecit:
3218 3162 3345 3216 cadi
3395 3171 3574 3217 tamen
3623 3165 3899 3234 temperie,

592 3261 839 3330 epistola:
883 3261 1123 3315 subnexa
1169 3275 1292 3315 esse
1344 3260 1395 3313 in
1448 3275 1547 3314 suo
1595 3257 1782 3313 codice
1827 3257 2198 3312 nobilissimus

593 3351 867 3406 annalium
893 3351 1130 3420 scriptor
1157 3342 1365 3405 notavit
1396 3350 1484 3420 (ad
1513 3367 1599 3402 au.
1631 3350 1758 3415 557,
1787 3366 1839 3402 n.
1869 3347 1961 3417 54)
1993 3366 2005 3400 :
2039 3355 2097 3402 ut
2142 3357 2197 3402 et

590 3441 683 3498 illa
715 3442 874 3497 verba
909 3443 962 3496 in
1013 3441 1163 3496 calce
1189 3442 1468 3510 sequentis
1496 3441 1739 3510 ejusdem
1769 3439 2038 3508 pontiﬁcis
2069 3441 2193 3508 epi-

595 3537 752 3593 stolae
779 3537 848 3592 ad
882 3536 1186 3602 Ursacium,
1221 3535 1499 3588 Valentem
1529 3543 1584 3588 et
1611 3533 1948 3588 Germiuium
1978 3551 1990 3585 :
2025 3531 2195 3589 «Prat-

587 3632 870 3688 varicatori
901 3631 1184 3686 anathema
1217 3645 1336 3682 cum
1367 3627 1579 3682 Arionis
1605 3643 1634 3679 a
1667 3641 1752 3681 me
1778 3625 2002 3680 dictum.

655 3724 746 3780 l6.
783 3723 1046 3789 Superest
1075 3721 1258 3775 ultima
1289 3720 1448 3788 hujus
1474 3717 1813 3773 collectionis
1841 3718 1919 3784 (ὁ)
1961 3717 2190 3785 epistola

581 3815 893 3882 adlegatus
924 3813 1286 3867 Ariminensis
1314 3811 1549 3865 concilii.
1583 3810 1698 3876 Ipsa
1744 3821 1924 3862 autem
1957 3818 2041 3862 est
2087 3808 2188 3864 Se-

581 3909 976 3963 miarianorum
1025 3905 1429 3973 episcopormn,
1463 3911 1518 3956 et
1544 3901 1753 3970 majore
1797 3917 1860 3955 es
1905 3913 2055 3970 parte
2081 3899 2187 3953 Pa-

582 3998 918 4054 laestinorum
943 4005 1132 4051 contra
1161 3977 1359 4048 {litium
1385 4003 1747 4063 cognomento
1775 3991 2002 4061 lmpium
2026 4001 2188 4059 atque

578 4087 835 4148 Atheuin.
884 4089 1069 4146 Ariani
1111 4087 1254 4142 enim
1287 4086 1386 4141 etsi
1421 4099 1709 4154 numquam
1759 4085 1889 4153 ipsis
1939 4084 2080 4137 inter
2125 4097 2186 4136 se

576 4183 715 4239 bene
744 4181 1057 4237 convenerit
1095 4180 1206 4250 (qui
1263 4192 1380 4232 mos
1401 4178 1640 4230 omnimn
1667 4175 2046 4230 haereticorum
2077 4184 2183 4234 est,

575 4275 680 4330 nisi
711 4278 762 4328 in
791 4289 856 4330 eo
885 4282 942 4330 ut
1001 4273 1296 4327 Ecclesium
1343 4269 1546 4326 Chriin
1591 4265 1950 4342 oppugnent),
1998 4281 2184 4319 succe-

573 4369 735 4424 dente
766 4379 942 4422 tamen
967 4381 1038 4422 ex
1060 4364 1228 4422 animi
1261 4363 1528 4419 sententia
1551 4361 1912 4418 Ariminensis
1941 4358 2182 4430 perﬁdia:

573 4461 722 4524 dolo,
754 4458 1056 4514 conlectum
1101 4457 1199 4511 sibi
1232 4471 1354 4510 cum
1385 4454 1664 4510 catholicis
1707 4454 1986 4524 negotium
2033 4452 2180 4507 arbi-

2305 3249 2447 3316 quod
2477 3250 2638 3304 etiam
2668 3249 2806 3306 licus
2835 3251 3025 3315 aleret,
3071 3252 3327 3322 ﬂuviique
3377 3254 3738 3324 placidissimi
3781 3257 3900 3311 niti-

2303 3339 2620 3411 dissitnique
2667 3344 2978 3399 amoenitate
3017 3345 3155 3402 adeo
3195 3357 3346 3414 grata
3391 3359 3446 3402 et
3493 3348 3787 3404 commoda
3816 3349 3901 3404 Ju-

2300 3433 2445 3488 liano
2476 3434 2528 3488 in
2559 3435 2750 3492 Galliis
2778 3438 2956 3505 agenti
3007 3437 3118 3492 visa
3167 3449 3270 3504 est,
3321 3450 3380 3494 ut
3421 3439 3495 3496 ibi
3543 3442 3898 3499 libentissime

2301 3525 2526 3582 hiberna
2554 3529 2774 3584 duxerit
2801 3530 3082 3601 (Ammian.
3116 3531 3208 3587 lib.
3238 3549 3370 3598 xvn,
3415 3551 3462 3588 c.
3496 3536 3551 3601 7,
3584 3535 3682 3606 8);
3725 3548 3778 3592 et
3807 3537 3896 3590 im-

2301 3630 2519 3687 perator
2549 3620 2618 3674 ab
2645 3621 2886 3676 exercitu
2917 3623 2970 3676 in
3003 3638 3064 3678 ea
3103 3625 3387 3688 salutatus,
3425 3635 3615 3694 postea
3668 3626 3894 3682 festivis-

2299 3711 2440 3766 simo
2466 3711 2532 3765 ad
2559 3713 2955 3770 Antioclieuses
2984 3716 3187 3784 scripto
3215 3717 3291 3784 (in
3323 3715 3612 3789 Miwpog.)
3659 3722 3892 3793 φιλτάτην

2297 3803 2552 3874 πολίχνην
2584 3806 2856 3871 vocitarit,
2886 3807 3322 3880 elegantiamque
3348 3811 3430 3864 sui
3469 3813 3672 3882 ingenii
3705 3816 3760 3867 in
3791 3817 3892 3883 ipsa

2296 3893 2646 3950 describenda
2680 3905 2957 3954 ostentare
2998 3901 3252 3956 voluerit.
3298 3902 3369 3956 Et
3393 3917 3531 3958 sane
3559 3904 3724 3975 longe
3751 3917 3889 3969 ante,

2292 3985 2436 4044 .lulio
2465 3986 2687 4055 Caesari,
2721 3992 2960 4048 concilio
2987 3994 3288 4050 Galliarum
3335 3995 3561 4063 indicto,
3615 3998 3770 4053 locus
3809 3999 3891 4054 ille

2293 4081 2418 4138 huic
2468 4084 2717 4141 habendo
2761 4085 2938 4142 visus
2971 4087 3150 4143 fuerat
3198 4090 3445 4157 idoneus,
3515 4092 3890 4164 Lutetiamque

2291 4175 2620 4232 Parisiorum
2689 4179 2980 4236 concilium
3040 4183 3410 4237 transtulerat.
3465 4182 3568 4240 Ubi
3630 4185 3722 4240 ubi
3786 4187 3890 4238 Ιιειξε

2290 4271 2466 4324 habita
2499 4270 2662 4330 fuerit
2679 4273 2942 4344 synodus,
2989 4291 3098 4330 non
3125 4274 3349 4330 dubium
3393 4284 3477 4331 est
3526 4293 3690 4332 unam
3717 4278 3799 4350 (Δ)
3827 4294 3885 4332 ex

2288 4360 2397 4416 illis
2424 4377 2564 4427 esse,
2599 4379 2734 4432 quas
2763 4365 2880 4434 ipse
2910 4365 3144 4422 Hilarius
3184 4369 3487 4423 Constantii
3518 4368 3885 4440 hnperatoris,

2289 4453 2448 4521 paulo
2501 4464 2790 4525 antequam
2820 4471 2885 4512 ex
2918 4459 3052 4514 vivis
3083 4459 3393 4525 decederet,
3434 4459 3616 4516 edicto
3654 4461 3727 4517 ad
3783 4462 3888 4532 epi-

573 4555 717 4620 trati,
771 4554 941 4608 multo
989 4552 1230 4622 apertius
1271 4547 1638 4620 Opinionibus,
1670 4548 1886 4612 animis,
1939 4545 2172 4602 nomini-
2198 4537 2254 4599 D
2279 4557 2560 4613 scepatum
2585 4547 2765 4603 redire
2794 4550 3107 4617 permissus,
3139 4551 3226 4605 ubi
3263 4568 3563 4620 permensus
3583 4563 3686 4618 est,
3724 4555 3887 4624 inquit

571 4649 780 4720 basque
826 4647 984 4706 divisi
1032 4645 1214 4700 acrius
1247 4645 1388 4698 inter
1435 4657 1494 4697 se
1541 4640 1819 4710 digladiari
1869 4649 2169 4708 coeperunt.

571 4742 708 4798 Hine
730 4742 1018 4797 factionum
1033 4749 1416 4808 sectarumque
1449 4739 1663 4790 nomina
1695 4735 1865 4797 mille,
1899 4734 2044 4790 mille
2073 4750 2172 4788 no-

572 4835 730 4891 cendi
778 4834 1031 4888 artilices.
1090 4849 1108 4882 ι
1149 4830 1309 4886 Plura
1351 4829 1569 4884 nomina
1609 4827 1806 4898 (inquit
1855 4827 2172 4882 Ambrosius

567 4929 664 4988 lib.
716 4945 732 4983 ι
785 4929 850 4981 de
891 4926 994 4996 ﬁde
1031 4945 1086 4979 n.
1119 4923 1211 4995 44)
1257 4924 1351 4980 sed
1401 4939 1501 4980 una
1549 4920 1808 4990 perﬁdia:
1857 4919 2170 4976 inﬁrmitate

567 5038 675 5077 non
707 5019 1010 5082 disstinans,
1044 5016 1426 5080 communione
1451 5010 1807 5078 discordans;
1854 5024 1960 5068 n0n
2007 5011 2168 5072 dissi—

566 5113 711 5168 milis
741 5109 948 5180 frande,
982 5108 1079 5165 sed
1107 5107 1434 5178 cogitatione
1461 5105 1718 5170 discreta.
1756 5120 1776 5156 ι
1811 5102 1880 5158 Ει
1907 5103 2025 5162 hac
2048 5105 2163 5174 qui-

566 5203 689 5259 dem
735 5204 803 5260 de
850 5203 916 5258 iis
965 5217 1085 5274 quae
1117 5200 1203 5254 hic
1251 5200 1351 5256 sub
1383 5200 1602 5256 nomine
1636 5197 1756 5268 libri
1787 5197 1846 5258 Β.
1879 5197 2069 5268 Hilarii
2095 5197 2164 5266 de

563 5294 892 5354 Arimineusi
919 5291 1151 5348 concilio
1181 5290 1324 5346 edita
1349 5289 1714 5364 continentur.

637 5464 714 5538 (a)
747 5464 952 5538 At_non
983 5462 1050 5538 in
1082 5460 1203 5520 illos
1230 5459 1470 5538 respicit,
1503 5457 1598 5518 sed
1620 5458 1680 5538 _i_u
1715 5456 2020 5538 prsacimn,
2051 5457 2155 5538 Ya-

560 5527 781 5596 ien‘te'in.
813 5534 1171 5599 Germinium,
1219 5527 1471 5587 Acacium
1519 5539 1568 5584 et
1616 5527 1943 5603 “Eudoxium,
1981 5527 2040 5583 ut
2083 5527 2152 5582 li-

564 5615 692 5676 quet
719 5621 787 5660 ex
817 5620 946 5676 pag.
969 5603 1095 5660 869.

639 5677 715 5743 (ὁ)
752 5671 909 5730 Nunc
928 5675 1062 5746 trag.
1094 5691 1151 5742 χ,
1181 5681 1368 5732 contra
1399 5673 1626 5740 litium,
1650 5673 1734 5730 vel
1759 5671 1936 5744 potius
1957 5681 2151 5728 contra

571 5755 753 5814 partes
782 5746 986 5812 Acacii.

2277 4638 2515 4694 SeVerus
2564 4638 2743 4708 (lib.n
2778 4640 2918 4698 llist.
2972 4640 3177 4714 ὅσοι),
3229 4643 3402 4701 orbem
3453 4661 3584 4716 pene
3634 4655 3883 4702 terrarum

2273 4735 2412 4785 malo
2456 4732 2692 4802 perﬁdiae
2739 4735 3008 4804 infectum,
3044 4737 3120 4790 uir
3149 4747 3339 4792 natura
3370 4737 3502 4791 lenis
3545 4749 3591 4792 et
3624 4738 3879 4806 placidus.

2275 4825 2428 4876 simul
2451 4824 2518 4878 ad
2552 4825 2967 4893 persuadendum
2994 4837 3165 4896 aptus,
3202 4843 3310 4896 quo
3354 4828 3537 4898 elogio
3569 4830 3752 4899 ipsum
3797 4845 3882 4884 or-

2277 4919 2425 4970 navit
2441 4915 2795 4988 RulluusUib.
2824 4934 2840 4974 ι
2875 4918 3014 4980 Hist.
3033 4918 3202 4984 Eccl.,
3231 4937 3280 4974 c.
3308 4920 3429 4988 51).
3462 4922 3716 4992 Optimum
3745 4923 3880 4992 [actu

2271 5008 2549 5063 arbitratus
2575 5025 2811 5064 reuocare
2829 5019 3040 5064 cunctos
3067 5010 3136 5070 ad
3167 5011 3541 5081 paenitentiam,
3564 5011 3880 5085 frequentes

2273 5100 2327 5155 in
2352 5100 2525 5157 Gallia
2555 5103 2732 5172 coegit
2757 5101 2990 5174 (Sulpic.
3019 5121 3073 5175 p.
3097 5102 3249 5174 262).
3275 5105 3481 5171 Quibus
3509 5107 3769 5162 ell'ectutn
3797 5115 3876 5162 est

2271 5206 2329 5250 ut
2378 5198 2627 5252 omnibus
2675 5197 2944 5267 episcopis
2991 5197 3061 5252 de
3093 5213 3279 5253 errore
3322 5199 3710 5267 profitentibus
3741 5199 3874 5268 apud

2269 5290 2574 5346 Ariminum
2603 5299 2754 5362 gesta
2793 5292 3135 5359 damnarent,
3177 5293 3578 5366 pristinamque
3619 5293 3875 5350 Ecclesiis

2333 5456 2406 5527 (ε)
2449 5454 2623 5512 thsar
2663 5456 2879 5522 hiemem
2929 5455 3070 5524 apud
3125 5453 3360 5514 Parisios
3399 5451 3563 5529 qgéns
3613 5472 3870 5522 mmora.-

2265 5538 2413 5667 τωδὶ)
2440 5597 2593 5674 time
2621 5597 2810 5653 Hilarii
2859 5598 2910 5653 in
2940 5597 3139 5655 Gallias
3178 5596 3412 5672 reditum
3460 5607 3711 5674 coactam
3753 5613 3868 5656 esse

2259 5669 2622 5732 ostendituus.
