3978 6196
72 241 150 300 901
1197 231 1718 306 MGOLALFABRI
1747 233 2147 291 PHEFATlO.

3236 219 3344 295 962

72 359 209 413 ﬁdem
249 356 618 412 restituerent.
669 355 761 410 His
811 354 972 409 etiam
1018 361 1074 408 et
1122 351 1453 407 Victorinum
1492 351 1639 405 Pari-
1666 350 1946 411 Aclarum
1990 358 2093 405 est.
2135 348 2302 404 Plane
2332 349 2446 404 haec
2471 349 2735 406 Germinii
2782 347 3006 405 formula
3052 349 3346 404 conformis

70 451 278 504 sieusem
323 450 637 518 episcopum
666 488 682 513 ,
733 462 893 517 quem
945 444 1152 517 synodo
1196 444 1505 501 Sardicensi
1556 443 1640 496 in-

73 540 291 596 terluisse
318 541 474 595 testis
504 549 584 595 est
613 539 942 594 Athanasius
970 537 1215 609 (Apotog.
1250 536 1320 591 ad
1345 535 1634 600 Genuam,

72 651 112 700 ρ.
141 633 275 700 767),
303 640 360 686 et
388 631 458 686 ad
487 631 937 702 Agrippinensem
965 636 1154 684 contra
1181 627 1513 699 Euphratem
1545 628 1641 682 de-

70 727 274 795 legasse,
303 726 480 794 ipsius
523 723 934 795 Agrippinensis
981 723 1194 777 concilii
1235 733 1354 776 acta
1386 721 1636 791 probant,

69 819 103 871 si
129 817 186 870 ad
217 816 328 870 ha-e
373 827 619 887 tempora
664 817 930 886 pervenit,
975 815 1272 886 symbolam
1316 829 1467 872 suam
1504 829 1637 868 con-

70 911 229 964 tulisse
271 909 569 964 verisimile
613 917 718 963 est.
766 907 846 963 Ad
889 923 982 963 eas
1013 906 1250 979 synodos
1279 905 1640 977 Hieronymus

70 1003 111 1055 in
136 1001 429 1056 Eusebiano
458 1000 722 1056 chronico
747 1002 987 1071 respicit,
1019 1016 1139 1055 cum
1182 999 1248 1054 ad
1274 1014 1473 1054 annum
1517 999 1637 1053 vita:
1691 1037 1702 1045 .

75 1094 346 1148 Constantii
371 1105 677 1150 extremum
710 1096 858 1166 (nam
888 1093 977 1163 qui
1005 1094 1057 1148 in
1092 1107 1159 1148 eo
1183 1092 1440 1146 chronico
1472 1090 1638 1145 notati

71 1189 309 1244 habentur
338 1188 540 1244 Christi
570 1189 721 1253 anni,
772 1205 871 1243 nec
919 1187 1139 1243 Eusebii
1187 1202 1285 1242 nec
1325 1185 1637 1256 Hieronymi

70 1283 215 1355 sunt),
241 1282 469 1339 Galliam
497 1300 588 1354 per
622 1281 879 1337 Hilarium
907 1281 1243 1335 Ariminensis
1284 1277 1516 1348 perﬁdiis
1544 1276 1640 1330 do-

70 1379 154 1429 lum
176 1376 271 1446 (sic
312 1376 458 1430 enim
491 1375 676 1446 legunt
715 1384 928 1430 veteres
957 1372 1101 1444 libri)
1127 1373 1436 1435 damnasse
1465 1377 1633 1436 uetat,

67 1468 186 1538 quod
210 1481 261 1524 et
286 1471 388 1524 hac
419 1468 546 1524 ﬁdei
571 1467 799 1523 formula
823 1467 1120 1538 praestitum
1147 1465 1412 1522 videmus.
1438 1466 1638 1530 Quam-

69 1564 132 1616 vis
158 1576 253 1616 non
276 1562 388 1616 nisi
415 1559 674 1616 defuncto
698 1558 1038 1636 Constantio,
1078 1573 1364 1627 rerumque
1395 1555 1636 1626 potiente

67 1655 276 1718 luliauo.
303 1656 409 1710 illa
441 1654 638 1726 synodi
677 1653 966 1710 celebrata:
999 1651 1217 1717 fuerint,
1265 1649 1319 1704 id
1350 1659 1452 1716 est,
1491 1649 1631 1704 circa

67 1764 235 1804 annum
264 1749 465 1803 Christi
495 1763 731 1804 eccuni.

125 1842 200 1898 l9.
240 1842 390 1896 Osius
436 1845 642 1912 quando
685 1841 850 1895 vivere
888 1840 1112 1894 desierit.
1149 1868 1220 1879 —
1264 1835 1502 1906 Epistola
1553 1833 1632 1906 (α)

68 1944 216 1989 autem
259 1933 478 1989 Eusebii
514 1933 880 1987 Vercellarum
927 1930 1166 2000 episc0pi
1212 1929 1277 1983 ad
1309 1927 1631 1996 Gregorium

69 2024 237 2080 Eliberi
262 2025 502 2080 civitatis
529 2024 798 2094 Hispania:
821 2023 1140 2086 antistitem,
1171 2023 1296 2074 licet
1315 2017 1635 2074 Constantio

70 2120 359 2188 imperatore
387 2118 566 2174 adhuc
598 2121 652 2172 in
679 2118 815 2172 vivis
841 2128 1037 2188 agente
1071 2117 1272 2186 (ipsum
1302 2114 1444 2168 enim
1477 2111 1636 2166 intel-

69 2211 188 2281 ligit,
226 2227 342 2268 cum
387 2227 542 2282 spem
585 2210 1074 2270 Ariomauitarum,
1109 2225 1212 2262 non
1243 2211 1298 2261 in
1340 2222 1434 2260 sua
1473 2205 1520 2258 vi
1547 2217 1636 2258 aut

71 2307 183 2359 unita
209 2321 449 2360 consensu
475 2321 495 2371 ;
522 2305 602 2358 sic
623 2304 768 2358 enim
797 2301 884 2358 hic
913 2304 1060 2356 locus
1088 2297 1456 2356 emendandus
1487 2296 1636 2350 vide.-

68 2405 135 2450 tur
159 2414 171 2448 :
195 2397 278 2451 sed
318 2398 372 2451 in
412 2396 725 2467 protectione
758 2395 891 2465 regis
917 2392 1180 2447 saecularis
1209 2391 1428 2461 pendere
1469 2389 1632 2453 dicit,

70 2491 235 2559 quippe
277 2490 406 2558 qui,
455 2499 517 2544 ut
557 2487 834 2542 Athanasii
878 2485 1058 2541 verbis
1091 2495 1231 2549 utar,
1269 2501 1288 2534 ι
1343 2498 1470 2537 suas
1510 2495 1635 2551 spes

71 2580 187 2634 luuui
213 2590 264 2636 et
283 2581 496 2636 inferne
525 2580 786 2634 haberent
808 2621 822 2644 ,
867 2578 919 2632 in
951 2579 1167 2632 Caesare
1195 2577 1448 2630 nimirum
1496 2583 1549 2628 et
1581 2575 1633 2626 in

69 2675 162 2738 ejus
195 2673 476 2738 eunuchis,
516 2691 537 2724 s
591 2682 711 2742 post
743 2671 855 2726 Osii
899 2680 1080 2725 tamen
1127 2667 1633 2740 praevaricationem

71 2774 202 2833 atque
228 2764 384 2820 etiam
433 2764 784 2821 Ariminense
833 2763 1120 2818 concilium
1171 2762 1371 2830 scripta
1421 2769 1523 2815 est.
1579 2759 1635 2812 In

70 2871 151 2924 qua
189 2867 356 2914 tamen
393 2857 776 2913 observatione
811 2855 1029 2925 dignum
1061 2861 1145 2910 est
1182 2867 1490 2908 sermonem
1537 2852 1629 2904 ba-

70 2949 161 3004 beri
199 2951 260 3006 de
287 2952 414 3007 Usio
457 2952 601 3006 velut
632 2950 808 3005 adhuc
834 2954 1078 3010 vivente,
1110 2957 1164 3002 et
1189 2949 1272 3002 cui
1318 2964 1421 3001 non
1468 2945 1638 3000 multo

71 3054 175 3097 ante
199 3059 286 3112 pro
314 3043 530 3099 Arianis
559 3043 757 3114 aliquid
800 3041 1041 3097 molienti
1075 3038 1368 3110 Grchrins
1396 3039 1638 3092 animose

1740 453 1824 498 est
1867 443 2063 513 regulae
2112 442 2232 498 ﬁdei
2279 459 2399 496 eum
2443 442 2765 498 Consulibus
2795 443 2992 508 editae,
3041 459 3160 511 quae
3201 441 3349 497 Patri

1739 537 1954 591 similem
2007 552 2096 605 per
2123 537 2293 590 omnia
2337 535 2531 590 Filium
2571 538 2807 601 dicebat,
2843 544 2901 590 et
2938 536 3084 589 velut
3123 553 3187 590 ex
3228 537 3349 592 dia-

1741 639 1914 683 metro
1941 629 2187 699 opposita
2227 629 2548 684 Sirmieusis
2589 630 2803 684 eoncilii
2839 628 3073 683 inﬁdelis
3103 627 3258 694 ﬁdei,
3290 637 3352 684 ut

1741 735 1858 774 eam
1909 729 2064 776 vocat
2113 731 2298 777 noster
2349 722 2584 776 Hilarius
2631 723 2744 795 (tib.
2793 723 2858 776 de
2907 721 3133 793 Synod.,
3167 739 3218 774 η.
3264 722 3345 790 2),

1740 811 2000 876 impietati
2049 829 2168 884 qua:
2217 814 2430 870 Patrem
2481 815 2710 876 honore,
2744 815 3031 886 dignitate,
3089 815 3346 880 claritate,

1741 908 2008 978 majestate
2035 906 2174 961 Filio
2203 908 2466 977 majorem
2495 907 2812 964 deﬁniebat.

1811 996 1902 1050 21.
1941 999 2076 1064 Qua:
2117 1000 2363 1068 sequitur
2402 999 2748 1054 Sardicensis
2775 998 2988 1054 concilii
3033 998 3098 1053 ad
3132 997 3344 1068 Gregoo

1741 1089 1879 1144 rium
1907 1093 2222 1160 episcopum
2252 1092 2598 1147 Alexandria:
2625 1101 2960 1160 cst-torosque
2981 1090 3206 1160 epistola
3238 1088 3338 1160 (b),

1750 1182 2178 1249 pratcedentibus
2205 1185 2372 1239 multo
2405 1185 2552 1256 prior
2576 1194 2684 1250 est,
2712 1194 2764 1239 ει
2791 1194 3110 1255 argumento
3135 1183 3347 1252 penitus

1740 1277 1972 1332 diversa.
1999 1277 2253 1333 Contiuet
2272 1279 2412 1333 enim
2437 1279 2719 1334 decretum
2753 1278 3092 1335 Sardiceusis
3131 1277 3348 1333 concilii

1741 1369 1960 1424 nomine
1986 1369 2054 1422 ab
2083 1370 2297 1424 Ariauis
2325 1372 2614 1426 conlictum
2635 1412 2650 1439 ,
2685 1371 2839 1441 cujus
2865 1370 3122 1425 Socrates
3151 1369 3346 1424 memi-

1741 1462 1838 1525 nit.
1863 1461 2198 1519 Sozomenus
2222 1463 2381 1519 etiam
2406 1480 2519 1519 sua:
2550 1464 2799 1520 Historia:
2823 1480 3088 1519 summam
3120 1463 3348 1518 intexuit

1740 1555 1916 1627 (Sorr.
1963 1556 2054 1609 lib.
2100 1573 2158 1620 Il,
2204 1556 2314 1620 ‘20;
2352 1558 2474 1610 Sos.
2527 1556 2618 1612 lib.
2650 1573 2728 1621 ιιι,
2765 1557 2878 1623 Η),
2923 1556 3170 1610 ultimum
3213 1569 3345 1609 sane

1738 1649 2009 1706 litereticze
2032 1650 2356 1705 temeritatis
2378 1667 2439 1705 ac
2461 1651 2702 1705 audacirc
2726 1649 3056 1716 exemplum.
3083 1648 3163 1702 [lli
3190 1663 3343 1702 nam-
3443 1689 3448 1694 .

1664 1733 1712 1794 Β
1738 1759 1845 1814 que
1874 1759 1932 1798 se
1971 1745 2216 1813 patribus
2256 1760 2400 1798 anno
2452 1743 2649 1799 Christi
2695 1743 2801 1799 διε
2843 1741 3080 1800 Sardicac
3111 1755 3345 1810 congre-

1739 1837 1874 1906 gatis
1913 1846 1971 1890 ut
2010 1837 2266 1892 sisterent
2309 1846 2576 1906 prasente
2610 1835 2936 1900 Athanasio,
2967 1849 3125 1904 quem
3170 1834 3346 1903 impu-

1740 1928 1934 1983 denter
1976 1928 2115 1982 adeo
2159 1927 2431 1984 criminati
2476 1927 2898 1992 calumniatique
2943 1927 3174 1990 luerant,
3216 1925 3346 1979 satis

1742 2021 1948 2076 ﬁrmam
2001 2021 2233 2076 frontem
2282 2037 2386 2076 non
2437 2020 2728 2087 habentes,
2782 2017 3182 2088 Philippopoli,
3226 2032 3348 2088 quas

1741 2113 1986 2168 Thraciae
2026 2124 2110 2168 est
2159 2113 2316 2178 urbs,
2349 2113 2554 2176 coacti,
2607 2114 2710 2167 hoc
2756 2111 2897 2182 quod
2945 2113 2998 2164 in
3051 2126 3209 2165 manu
3263 2117 3351 2163 est

1738 2205 2040 2273 decretum,
2071 2206 2175 2259 sub
2206 2206 2423 2260 nomine
2445 2215 2660 2274 patrum
2690 2205 2927 2260 Sardicze
2958 2205 3339 2270 collectorum,

1755 2316 1984 2370 quorum
2031 2300 2170 2354 fama
2213 2300 2323 2369 jam
2371 2315 2472 2370 per
2517 2299 2748 2369 populos
2796 2309 3081 2370 pervagata
3138 2301 3345 2368 fuerat,

1739 2393 2028 2446 commenti
2074 2401 2202 2446 sunt
2243 2411 2254 2446 :
2298 2408 2540 2464 quonon
2583 2393 2758 2448 solum
2801 2392 3154 2447 Athanasium
3201 2395 3349 2450 velut

1750 2486 1992 2554 gravium
2035 2485 2302 2541 scelerum
2351 2486 2659 2540 convictum
2703 2484 3105 2556 deposuerunt,
3159 2501 3345 2541 verum

1740 2579 1902 2631 etiam
1947 2576 2146 2632 Julium
2186 2578 2247 2634 P.
2292 2576 2357 2632 Β.
2390 2577 2575 2633 Osium
2599 2618 2612 2641 ,
2649 2577 3005 2646 Protogenem
3029 2619 3042 2640 .
3089 2577 3345 2634 Gauden-

1743 2673 1908 2737 tium,
1952 2682 2008 2726 et
2058 2671 2439 2736 Maximinum,
2487 2671 2609 2727 ﬁdei
2655 2669 2885 2726 Nicmna:
2930 2671 3224 2736 columina,
3277 2671 3347 2739 de

1741 2765 1906 2834 gradu
1934 2765 2426 2835 communioueque
2453 2765 2820 2818 ecclesiastica
2869 2763 3107 2817 dimotos
3131 2762 3344 2831 judica-

1742 2868 1886 2913 rnnt.
1922 2858 2027 2914 Nec
2068 2858 2307 2913 contenti
2339 2857 2390 2912 in
2432 2867 2609 2912 tantos
2641 2858 2784 2911 viros
2826 2856 3007 2926 injurii
3039 2856 3343 2920 exstitiSSe,

1743 2952 1844 3005 nisi
1885 2949 2082 3016 etiam,
2118 2959 2176 3004 ut
2201 2967 2323 3005 cum
2355 2950 2625 3020 Propheta
2673 2949 2861 3020 loquar
2901 2947 3054 3020 (Esai
3098 2963 3190 3012 vit.
3227 2948 3343 3019 i5),

1743 3044 1955 3100 molesti
2001 3053 2185 3099 essent
2227 3053 2282 3098 et
2323 3044 2432 3098 Deo
2479 3052 2687 3106 nostro,
2735 3042 2910 3112 ipsum
2951 3039 3228 3100 Christum
3277 3042 3346 3096 de

69 3143 111 3186 et
132 3135 376 3204 intrepide
407 3135 689 3192 restiterit.
730 3134 883 3203 Quod
915 3137 960 3188 si
998 3142 1081 3188 est
1104 3175 1117 3196 .
1159 3133 1224 3186 ad
1262 3146 1462 3185 animm
1490 3128 1636 3184 Con-

1748 3135 1920 3190 Patris
1966 3135 2178 3199 dextra,
2232 3134 2283 3189 id
2331 3145 2444 3201 est,
2489 3143 2581 3197 τῆς
2622 3133 2903 3206 ὀμοουσίας
2946 3135 3030 3188 καὶ
3075 3131 3348 3205 ὁμοτιμίας

69 3227 220 3280 stautii
249 3243 394 3295 xxiv,
449 3228 540 3298 qui
571 3227 769 3281 Christi
801 3226 853 3280 lx
883 3237 964 3280 eat
1009 3235 1128 3294 post
1159 3222 1634 3282 trecentesimum.

71 3317 225 3372 Osium
271 3320 588 3388 pervenisse
641 3332 865 3373 necesse
909 3324 1028 3382 est,
1080 3331 1186 3386 quo
1229 3329 1373 3369 anno
1419 3315 1638 3368 missam

73 3408 184 3464 lianc
218 3411 498 3480 epistolam
541 3411 825 3480 ipsumque
866 3408 1051 3465 Osium
1093 3407 1253 3476 paulo
1282 3416 1401 3476 post
1444 3422 1476 3462 e
1504 3406 1641 3461 vivis

72 3501 308 3558 sublattun
344 3504 589 3574 oportuit
623 3522 635 3557 :
663 3501 879 3572 quando
915 3501 1130 3572 quidem
1156 3500 1484 3556 Athanasius
1513 3514 1639 3554 oras

73 3592 196 3649 tione
220 3595 380 3664 prima
403 3605 597 3654 contra
622 3596 854 3649 Arianos
875 3609 1015 3648 anno
1043 3603 1156 3662 post
1179 3591 1452 3647 Nicaenam
1475 3606 1642 3662 syno-

73 3683 176 3740 dum
199 3688 474 3758 trigesimo
499 3697 674 3753 sexto,
699 3687 753 3741 id
780 3696 863 3741 est
891 3701 1034 3741 anno
1058 3684 1258 3740 Christi
1292 3685 1391 3740 56l
1433 3683 1639 3749 habita,

74 3776 164 3829 Usii
191 3789 244 3832 ut
269 3780 369 3833 vita
413 3779 583 3834 functi
612 3779 878 3833 meminit.
910 3778 1044 3834 Hinc
1073 3777 1300 3832 fortasse
1331 3776 1642 3831 Marcellino

72 3869 356 3940 exterisque
385 3870 742 3927 Luciferianis
782 3870 959 3927 oblata
988 3868 1202 3924 occasio
1229 3867 1549 3942 (Marcellin.
1596 3877 1642 3928 et

75 3958 285 4018 Faustini.
315 3964 406 4022 lib.
434 3965 504 4020 ad
533 3962 798 4035 imperat.)
829 3965 911 4031 (ut
940 3978 1058 4018 mos
1086 3971 1170 4018 est
1198 3962 1493 4026 haereticis,
1522 3975 1643 4030 tmte

74 4067 155 4108 suo
181 4055 286 4110 Fato
327 4058 584 4114 accidunt
615 4057 1027 4127 interpolando,
1061 4055 1348 4126 verbisque
1388 4055 1438 4110 in
1471 4054 1644 4124 majus

79 4147 317 4218 tollendo,
345 4153 478 4223 quia
505 4154 647 4208 veris
693 4153 1079 4216 destituuntur,
1124 4151 1177 4210 iu
1219 4149 1341 4206 licia
1385 4149 1643 4205 miracula

76 4241 306 4315 trahere),
353 4243 640 4302 horreuth
690 4244 834 4302 illius
880 4243 1154 4312 tragmdiae
1193 4246 1261 4298 de
1307 4243 1424 4309 ejus
1469 4253 1646 4298 morte

77 4332 188 4390 diris
211 4337 445 4408 ejusdem
473 4338 722 4411 Gregorii
753 4339 1013 4394 accersita
1051 4337 1450 4408 conﬁngendze;
1490 4336 1645 4406 cujus

78 4424 332 4486 falsitatem
366 4434 448 4490 vel
482 4433 570 4487 hic
613 4449 750 4487 unus
795 4432 945 4486 locus
982 4430 1203 4500 detegit.
1235 4430 1365 4483 Nam
1413 4430 1456 4484 si
1490 4430 1540 4482 iu
1575 4445 1640 4484 ea

1742 3229 1934 3300 gradu,
1965 3245 2100 3283 nova
2149 3228 2272 3283 ﬁdei
2321 3228 2548 3284 formula
2575 3229 2881 3296 coiiseripta
2903 3269 2916 3292 ,
2949 3226 3004 3280 in
3030 3241 3133 3296 qua
3166 3227 3345 3288 οὐσίας

1743 3328 1824 3378 καί
1861 3323 2137 3395 ὁμοουσίου
2170 3337 2330 3378 voces
2371 3321 2835 3392 prwtermiseruut
2859 3362 2873 3388 ,
2906 3317 3197 3374 deturbare
3239 3317 3346 3373 nisi

1743 3423 1891 3470 sunt.

1815 3509 1909 3562 22.
1952 3507 2144 3562 Mirum
2181 3517 2356 3561 tamen
2386 3517 2500 3574 est,
2534 3505 2616 3562 vel
2655 3514 2898 3560 nostrum
2933 3503 3192 3558 llilarium
3225 3517 3344 3556 eam

1746 3600 1915 3670 ipsam
1961 3600 2083 3654 ﬁdei
2125 3600 2363 3669 regulam
2408 3616 2505 3671 pro
2549 3599 2781 3668 legitima
2813 3596 2887 3670 (c)
2919 3597 3116 3668 synodi
3159 3595 3346 3651 Sardi-

1746 3694 1923 3747 censis
1953 3708 2052 3746 suo
2091 3693 2240 3761 operi
2270 3693 2339 3748 de
2367 3692 2600 3763 Synodis
2627 3692 2923 3748 inseruisse
2943 3734 2957 3756 ,
2987 3707 3049 3746 ac
3081 3692 3227 3746 velut
3253 3707 3348 3745 ca-

1747 3783 2001 3838 tholicam
2029 3785 2369 3852 exposuisse,
2427 3785 2509 3838 vel
2544 3788 2718 3854 ipsum
2755 3783 3107 3838 Athanasium
3143 3783 3199 3837 in
3232 3784 3349 3854 epi-

1747 3873 1882 3928 Stola
1914 3875 1982 3928 de
2014 3875 2341 3929 Arimineusi
2361 3885 2414 3930 et
2446 3875 2707 3931 Seleuciae
2731 3876 2976 3948 synodis,
3007 3885 3061 3930 et
3081 3885 3199 3946 post
3222 3892 3346 3932 eum

1747 3967 2025 4022 Socratem
2066 3983 2258 4023 novem
2288 3980 2340 4023 et
2365 3969 2545 4026 verbis
2565 3977 2620 4022 et
2657 3984 2818 4024 sensu
2857 3969 3089 4024 diversis
3120 3971 3351 4024 Ariano-

1747 4077 1866 4116 rum
1895 4062 2176 4118 recensitis
2193 4062 2463 4127 formulis,
2482 4062 2618 4115 hanc
2639 4063 2901 4119 decimam
2923 4077 3028 4115 non
3050 4061 3344 4118 addidisse.

1748 4153 1893 4209 Idem
1911 4155 2052 4208 enim
2074 4155 2187 4225 ipse
2205 4154 2529 4208 Athanasius
2545 4153 2716 4222 (epist.
2741 4152 2810 4204 ad
2832 4151 3167 4222 Antioch.,[p.
3189 4151 3343 4224 5’76),

1749 4261 1855 4301 non
1899 4263 2003 4300 uno
2029 4247 2145 4300 loco
2174 4247 2326 4300 testis
2353 4255 2434 4301 est
2463 4245 2950 4314 locuplezissimus,
2981 4245 3142 4302 certis
3175 4243 3348 4298 homi-

1749 4340 1906 4394 nibus
1935 4339 2189 4394 nonnulla
2223 4338 2376 4409 quasi
2405 4354 2522 4408 qua:
2551 4337 2806 4393 deessent
2833 4337 3068 4392 Nicaauaa
3098 4338 3347 4396 formula:

1748 4430 2057 4485 adscribere
2100 4429 2427 4496 volentibus,
2478 4430 2830 4486 Sardicenses
2877 4444 3058 4500 patres
3103 4445 3163 4486 se
3212 4446 3345 4486 eon-

76 4524 391 4580 Contentione
417 4525 582 4584 Osius
611 4526 745 4582 adeo
789 4525 985 4579 misere
1015 4524 1247 4579 animam
1284 4522 1604 4592 projecisset
1629 4563 1642 4586 ,
1671 4504 1725 4565 D
1751 4530 1928 4576 tentos
1958 4520 2168 4576 Nicwna
2196 4521 2298 4576 ﬁde
2328 4523 2694 4592 respondisse.
2719 4523 3049 4592 decretoque
3078 4522 3345 4588 sanxisse,

79 4618 170 4666 tam
207 4615 502 4674 mirandum
544 4616 1018 4686 miserandumque
1063 4615 1279 4669 maximi
1315 4616 1414 4668 viri
1460 4615 1646 4668 interi-

80 4709 209 4770 tum,
238 4713 451 4778 tamque
501 4719 823 4779 praesentem
874 4707 1041 4762 divini
1091 4707 1324 4760 numinis
1357 4705 1645 4762 vindictam

80 4789 200 4849 haud
229 4798 298 4866 ita
326 4799 435 4870 levi
469 4799 609 4871 pede
637 4799 903 4856 Eusebius
945 4799 997 4853 iu
1030 4797 1130 4853 hac
1169 4797 1406 4868 Epistola
1437 4805 1648 4853 transe-

83 4883 243 4951 sisset.

140 4978 221 5034 20.
258 4980 564 5042 Formulam
607 4985 784 5057 (nunc
829 4982 992 5055 Frag.
1037 4981 1172 5052 χιιι)
1219 4993 1394 5040 autem
1435 4983 1561 5041 ﬁdei
1610 5000 1642 5041 a

79 5067 330 5129 Germiuio
366 5085 705 5146 conceptam,
736 5092 856 5146 quae
901 5079 1150 5146 proxime
1183 5075 1322 5131 hanc
1360 5076 1644 5146 epistolam

81 5167 318 5231 sequitur,
350 5171 518 5232 multo
560 5169 915 5239 posteriorem
959 5183 1079 5224 esse
1123 5183 1190 5223 ea
1217 5167 1442 5236 epistola
1475 5183 1540 5226 ex
1579 5168 1644 5224 iis

82 5268 183 5319 (Ιῑιίὲ
207 5261 637 5330 Supradiximus,
661 5277 782 5317 cum
804 5261 873 5318 de
897 5261 1124 5331 epistola
1150 5260 1410 5326 Valentis,
1440 5260 1646 5316 Ursacii

82 5346 388 5426 aliorumque
429 5356 499 5416 ad
537 5357 872 5413 Germinium
920 5355 1277 5411 disseruimus
1301 5395 1317 5420 ,
1367 5368 1488 5424 qua:
1518 5353 1648 5410 huic

82 5449 272 5498 causam
321 5445 468 5502 dedit
513 5447 622 5520 (aut
668 5448 839 5518 potius
885 5463 1092 5503 causam
1137 5446 1200 5500 ab
1251 5445 1347 5499 hac
1398 5446 1646 5518 accepit),

147 5579 217 5790 ζα)
255 5583 554 5657 Fragmenti
582 5605 633 5645 xi
660 5604 786 5660 pars
811 5587 1070 5656 secunda,
1099 5586 1314 5658 quando
1344 5587 1564 5657 scripta.

170 5652 214 5790 0)
234 5655 1072 5745 Pseudo-Sardicensisepistola,
1090 5675 1212 5742 qua:
1229 5675 1368 5714 nunc
1385 5658 1564 5740 lingat

170 5739 192 5774 ε
249 5727 302 5784 Si
325 5745 421 5790 oro
443 5733 675 5790 leaitima
700 5731 882 5790 habita
901 5732 972 5790 ab
987 5746 1058 5789 eo
1079 5730 1274 5788 fuisset
1291 5745 1360 5786 an
1387 5743 1564 5790 inserti

170 5652 214 5794 0)
234 5652 802 5716 Pseudo-Sardicensis
821 5652 1072 5729 epistola,
1090 5652 1212 5729 qua:
1229 5675 1368 5714 nunc
1385 5652 1539 5728 Frag.
1561 5673 1641 5713 tu.

170 5739 192 5774 ε
249 5727 302 5784 Si
325 5745 421 5794 pro
443 5733 675 5794 legitima
700 5731 882 5790 habita
901 5732 972 5790 ab
987 5746 1058 5789 eo
1079 5730 1274 5788 fuisset
1291 5745 1360 5786 an
1387 5728 1641 5794 inscripta

170 5727 213 5794 ε)
249 5727 302 5784 Si
325 5745 421 5800 pro
443 5733 675 5804 legitima
700 5727 882 5790 habita
901 5732 972 5790 ab
987 5746 1058 5789 eo
1079 5727 1274 5788 fuisset
1291 5745 1360 5786 an
1387 5727 1646 5801 inscripta

1751 4630 1818 4669 ne
1850 4615 1975 4683 quid
2001 4616 2223 4669 ulterius
2244 4617 2613 4672 scriberetur:
2645 4634 2664 4667 s
2700 4615 2778 4670 Ne
2805 4616 2935 4683 illis,
2960 4615 3155 4685 quibus
3181 4616 3350 4672 libido

1750 4718 1865 4763 erat
1895 4722 2108 4778 Semper
2138 4724 2272 4763 nova
2301 4719 2572 4771 statuere,
2605 4708 2826 4766 occasio
2855 4707 3122 4777 ejusmodi
3151 4723 3350 4776 suppe-

1753 4812 1909 4867 teret,
1939 4812 1995 4858 ut
2017 4804 2207 4864 iterum
2231 4813 2391 4871 atque
2408 4803 2602 4859 iterum
2626 4818 2760 4856 nova
2784 4802 2851 4856 de
2873 4801 2978 4857 ﬁde
2999 4801 3342 4857 delinirent.s

1753 4896 1870 4962 Quo
1912 4907 2060 4951 certe
2087 4896 2352 4954 manifesti
2377 4897 2579 4954 erroris
2617 4897 2953 4952 convincitur
2989 4896 3344 4965 Sozomenus,

1751 5002 1872 5042 cum
1904 4988 2093 5043 scribit
2121 4987 2260 5061 (Lib.
2292 5004 2369 5048 ιιι,
2392 5005 2510 5059 cap.
2541 4988 2656 5055 12),
2685 4987 2982 5044 catholicos
3013 4997 3193 5058 patres
3220 4990 3350 5046 Sar-

1751 5079 1886 5135 dica)
1932 5080 2058 5138 ﬁdei
2109 5080 2392 5136 formulam
2440 5080 2713 5145 edidisse,
2767 5082 3168 5153 scusuquidom
3221 5098 3346 5139 cum

1753 5173 1966 5228 Niczcna
1996 5173 2263 5237 eamdem,
2295 5174 2538 5243 pluribus
2571 5186 2746 5229 tamen
2773 5177 2955 5231 verbis
2981 5190 3296 5247 conceptam
3331 5195 3346 5234 :

1753 5264 1906 5333 cujus
1929 5265 2142 5319 nomine
2167 5264 2327 5319 Osius
2349 5277 2402 5320 et
2431 5265 2764 5336 Protogenes
2785 5269 2926 5338 apud
2948 5267 3166 5325 Iulium.
3197 5270 3254 5326 Ρ.
3280 5271 3346 5326 Β.

1754 5371 1874 5412 sese
1900 5359 2229 5412 exeusarint.
2273 5357 2439 5413 Plane
2477 5359 2686 5414 videtur
2717 5372 2900 5416 noster
2927 5362 3160 5418 Hilarius
3199 5365 3252 5419 iu
3283 5380 3350 5420 eo

1755 5449 1822 5505 de
1850 5451 2086 5522 Synodis
2121 5451 2260 5508 libro
2282 5493 2296 5519 ,
2328 5468 2433 5507 non
2462 5453 2636 5508 solum
2670 5452 2898 5510 formula
2931 5457 3353 5527 pseudo-Sardi-

1747 5599 1911 5654 esset,
1976 5590 2129 5644 Fides
2156 5591 2437 5663 secundum
2469 5591 2702 5663 Orientis
2737 5591 3047 5663 Synodum.’
3076 5595 3237 5652 Aliud
3268 5605 3356 5654 est.

1749 5669 1928 5716 autem
1975 5676 2285 5731 excusasse,
2333 5661 2476 5718 aliud
2529 5661 2853 5719 catholicam
2900 5681 3020 5734 eam
3046 5669 3348 5738 censuisse.
