3978 6196
588 215 694 274 905

1500 208 1567 267 IN
1594 206 2023 266 FRAGMENTA
2054 197 2301 263 SANCTI
2334 201 2488 258 Hle
2501 201 2590 260 [ΠΙ
2632 199 2936 258 EPISCOPI
3793 198 3878 254 904

591 331 764 398 censi,
789 328 882 385 sed
907 344 1004 386 nec
1025 327 1356 385 Antiochena
1381 329 1432 384 in
1459 329 1752 393 Enczeniis,
1781 343 1878 382 nec
1900 325 2177 381 Sirmiensi
2209 318 2263 381 Α
2288 322 2454 376 titatis
2529 321 2837 390 apostolica:
2913 333 2977 374 ac
3047 313 3404 372 confessionis
3476 313 3548 368 ab
3603 311 3884 369 Athanasio

592 435 780 482 contra
827 425 1149 486 Photiniun,
1199 439 1333 494 quas
1357 433 1466 479 tres
1509 423 1826 479 Semiariani
1881 422 1932 476 in
1965 419 2186 492 Synodo

594 518 945 588 Anquiritana
975 515 1208 570 maxime
1235 515 1552 584 probarunt,
1577 516 1647 569 ita
1681 514 1901 569 minime
1929 511 2184 576 oll‘ensus,

594 621 654 666 ιιι
678 626 772 666 eas
801 611 882 679 (a)
907 609 1242 680 exposuerit,
1276 620 1330 664 et
1357 609 1440 664 liis
1467 609 1646 664 verbis
1672 623 1932 664 excusare
1961 615 2187 662 Conatus

593 704 662 758 sit
695 719 708 758 :
749 721 766 754 ι
803 700 945 756 Nihil
970 701 1164 756 mirum
1188 743 1203 769 ,
1244 719 1262 753 ι
1295 703 1363 755 ait
1399 699 1538 774 (Lib.
1566 702 1629 756 de
1661 700 1860 772 Synod.
1893 716 2035 754 niim.
2070 699 2184 764 65),

599 815 619 852 ι
647 797 798 851 Vobis
825 794 993 852 videri
1018 795 1198 859 debet,
1227 797 1418 850 fratres
1443 795 1767 858 charissiini,
1791 795 1930 865 quod
1954 804 2058 846 iani
2085 791 2190 845 frc-

590 899 818 964 qiienter
850 891 1046 961 exponi
1089 891 1220 945 fides
1241 901 1434 960 coeptae
1451 898 1608 951 sunt;
1634 888 2013 943 necessitatem
2049 886 2189 938 hanc

593 984 1304 1054 furorliieretieusimpouit,
1329 1003 1346 1036 ι
1380 991 1435 1038 ει
1458 981 1618 1052 paulo
1648 979 1975 1052 povt(lbid.)
2005 997 2058 1032 :i
2083 975 2188 1033 Sed

591 1079 886 1135 necessitas
935 1075 1378 1132 consuetudinem
1433 1074 1614 1128 intulit
1659 1073 1856 1141 exponi
1914 1071 2086 1130 fides,
2136 1076 2191 1124 et

589 1172 848 1242 expositis
869 1171 1156 1225 subscribi.
1179 1169 1279 1224 Ubi
1301 1167 1444 1224 enim
1469 1181 1663 1222 sensus
1684 1163 2028 1220 conscientim
2047 1161 2192 1234 peri-

589 1265 828 1325 clitatur.
877 1262 988 1317 illic
1026 1261 1201 1316 littera
1233 1259 1535 1328 postulatur
1567 1276 1581 1311 :
1615 1272 1714 1312 nec
1744 1271 1874 1312 sane
1902 1254 2062 1310 scribi
2095 1254 2193 1307 iui-

591 1354 758 1427 pedit.
807 1355 947 1419 quod
995 1353 1232 1408 salutare
1275 1359 1358 1406 est
1397 1349 1663 1406 confiteri.
1715 1367 1733 1400 ι
1771 1347 1964 1402 Postea
2013 1354 2191 1399 tamen

591 1446 921 1518 experientia
945 1445 1137 1500 doctus
1160 1459 1266 1499 non
1291 1445 1465 1498 solum
1477 1441 1818 1498 Camarinain
1845 1456 1948 1494 non
1975 1453 2192 1493 uioven-

591 1540 744 1606 dam,
797 1549 854 1594 ut
885 1539 937 1593 iu
971 1537 1255 1608 proverbio
1293 1545 1404 1601 est,
1449 1535 1544 1589 sed
1590 1535 1759 1588 inulto
1792 1533 1968 1586 minus
2013 1547 2132 1600 qua:
2161 1545 2190 1584 a

590 1633 840 1688 Patribus
861 1640 1005 1687 recte
1025 1639 1226 1688 statuta
1251 1639 1399 1696 sunt,
1434 1629 1543 1682 nllo
1570 1629 1748 1696 aliquo
1773 1635 2033 1697 praitcxtu
2060 1639 2193 1679 coii-

2291 419 2338 470 ei
2397 417 2448 469 in
2499 415 2760 470 Oratione
2815 414 2986 484 prima
3039 421 3227 467 contra
3276 407 3510 462 Arianos
3568 407 3881 476 perhibituin

2292 509 2448 580 (Pag.
2503 507 2675 578 291),
2724 523 2753 562 a
2810 506 3125 562 doctissimo
3179 505 3479 572 interprete
3529 509 3714 555 tamen
3771 501 3884 558 vitio

2292 604 2491 658 codicis
2519 602 2694 659 Graeci
2740 617 2848 672 quo
2878 615 3007 656 usus
3037 610 3139 662 est,
3171 605 3484 666 corruptum
3518 593 3880 648 restituamus.

2293 696 2568 768 Siquidem
2600 711 2704 766 quo
2758 695 2878 750 loco
2908 695 2958 747 iii
2988 708 3051 748 ea
3074 692 3329 747 Oratione
3355 687 3660 742 catholicos
3689 699 3879 749 monrt,

2293 803 2350 846 ut
2379 791 2636 846 formulas
2673 788 2793 844 lidei
2822 786 3028 844 Ursacii
3051 829 3065 854 ,
3097 787 3359 853 Valentis,
3393 785 3734 853 Demopliili,
3770 783 3886 840 Ger.

2293 885 2484 952 minii,
2537 893 2968 947 cmteroruiiique
3017 882 3134 949 ejus
3190 880 3378 934 farina:
3434 879 3715 934 hominum
3763 877 3888 932 .licet

2293 981 2474 1036 verbis
2518 995 2583 1034 ex
2615 993 2767 1033 sacra
2798 978 3074 1048 Scriptura
3104 975 3403 1044 desumplis
3430 975 3684 1047 scriptas,
3730 975 3888 1029 nihilo

2295 1073 2463 1143 magis
2494 1081 2671 1126 tamen
2702 1069 3028 1135 admittant,
3061 1084 3219 1138 quam
3246 1068 3497 1122 Christus
3524 1067 3801 1121 diabolum
3831 1084 3885 1121 ex

2295 1166 2482 1220 iisdem
2506 1163 2800 1232 Scripturis
2826 1165 3153 1231 loquentem,
3177 1161 3298 1228 quin
3325 1161 3612 1225 impiorum
3636 1175 3888 1214 sermones

2293 1256 2457 1310 dolosi
2488 1265 2650 1310 sunt:
2673 1254 2872 1308 Iumina
2904 1252 3148 1307 ecclesiae
3174 1251 3254 1305 sui
3285 1251 3468 1305 sarculi
3498 1265 3814 1316 recensens,
3843 1262 3890 1306 et

2293 1351 2624 1420 apostolicos
2650 1349 2795 1403 viros
2823 1347 2874 1400 in
2903 1361 3130 1418 quorum
3159 1345 3376 1416 scriptis
3404 1345 3538 1398 nihil
3569 1345 3695 1399 inali
3724 1345 3888 1414 suspi-

2294 1447 2402 1500 cari
2438 1445 2562 1498 Ιὶειιι
2583 1485 2596 1506 ,
2622 1443 2735 1497 hate
2760 1443 2923 1496 verba
2955 1441 3118 1495 latina
3148 1440 3327 1494 versio
3354 1439 3580 1494 exhibet
3613 1456 3625 1490 :
3655 1439 3737 1493 vel
3767 1438 3889 1508 Lupi

2294 1550 2339 1593 et
2369 1539 2594 1607 Appiani
2633 1537 2858 1600 Ciliciw,
2907 1535 3129 1591 Grmcus
3168 1534 3338 1589 codex
3389 1533 3789 1602 manuscriptus
3820 1535 3885 1588 sic

2299 1631 2464 1702 legit,
2513 1632 2546 1690 ἦ
2592 1633 2802 1686 Λούπου
2853 1633 2940 1684 καὶ
2969 1627 3241 1704 ’Λμφίωνος
3297 1635 3389 1684 τοῦ
3448 1626 3765 1701 ὁμολογητώ
3817 1632 3884 1681 καὶ

590 1722 868 1786 vellenda,
898 1737 1164 1794 quamque
1187 1721 1549 1792 periculosum
1577 1734 1642 1774 ac
1673 1717 1980 1773 miserabile
2008 1725 2183 1778 esset,

2299 1725 2575 1780 ἐπισκόπου
2611 1732 2702 1784 τῆς
2733 1723 2984 1785 mittiue;
3014 1732 3298 1791 uirumque
3326 1721 3470 1776 enim
3499 1720 3816 1784 vocabatur,
3839 1728 3884 1772 et

595 1834 614 1869 ι
652 1815 894 1872 diversas
922 1815 1056 1869 ﬁdes
1087 1815 1287 1870 habere
1307 1856 1320 1878 ,
1351 1830 1469 1883 quas
1495 1813 1623 1867 ditiii
1651 1815 1835 1881 plures
1884 1813 2047 1876 liunt,
2083 1830 2101 1862 ι
2133 1819 2190 1863 ιιι

588 1907 730 1964 idem
781 1909 897 1976 ipse
942 1909 1019 1962 ait
1058 1905 1194 1976 (Lib.
1239 1921 1276 1960 tt
1311 1905 1380 1959 ad
1401 1904 1574 1959 Const.
1606 1921 1660 1958 η.
1690 1901 1801 1973 4),‹
1838 1901 1890 1957 id
1931 1901 2192 1972 incipiunt

588 2015 712 2056 esse
742 2015 810 2055 ne
859 1999 963 2053 ulla
1009 1998 1114 2063 sit;
1156 2015 1174 2050 ι
1210 1997 1263 2051 in
1313 1996 1451 2051 libro
1494 1995 1560 2050 ad
1590 1995 1966 2051 Constantium
1999 2008 2190 2049 omnes

592 2103 792 2165 printer
831 2091 1102 2147 Nicaanam
1131 2107 1240 2145 uno
1273 2091 1448 2160 elogio
1477 2088 1774 2146 damnavit.
1811 2107 1827 2139 i
1867 2087 1998 2141 Nam
2027 2087 2188 2142 etiam

589 2184 638 2240 si
667 2187 781 2249 liis,
814 2185 983 2254 inquit
1023 2181 1161 2254 (Lib.
1202 2185 1255 2235 in
1282 2179 1480 2242 Const.,
1509 2199 1561 2234 ii.
1596 2179 1714 2246 24),
1762 2178 1895 2233 nihil
1939 2179 2188 2234 vitiosum

590 2279 874 2349 suhjacere
918 2277 1250 2341 affirnietur,
1310 2290 1416 2330 non
1476 2287 1653 2330 tamen
1706 2288 1870 2329 causa
1921 2272 2191 2345 religiosa:

591 2371 884 2427 voluntatis
910 2369 1068 2433 inest,
1101 2371 1225 2436 quia
1252 2366 1377 2422 mali
1411 2365 1688 2422 meditatio
1713 2377 1818 2421 est.
1852 2385 1871 2418 ›

660 2461 752 2517 25.
798 2460 1048 2528 Qualibus
1088 2460 1344 2531 episcopis
1383 2459 1578 2513 directa
1625 2442 1841 2530 epistola
1882 2457 2186 2529 PhilippOp.

588 2554 793 2627 synodi.
826 2584 895 2596 —
923 2554 1093 2609 Porro
1123 2552 1323 2609 nemini
1353 2553 1572 2607 dubium
1603 2562 1682 2607 est
1703 2595 1717 2616 ,
1756 2553 2048 2623 prmclaros
2074 2551 2192 2605 illos

593 2647 903 2704 novae-fidei
944 2647 1333 2704 architectores
1369 2645 1680 2717 synodicam
1729 2644 1868 2700 hanc
1906 2645 2190 2715 epistolam

595 2743 663 2799 iis
725 2744 959 2798 maxime
1026 2742 1366 2811 inscripsisse
1417 2740 1726 2810 epise0pis.
1777 2739 1972 2808 quibus
2037 2737 2193 2792 lacile

594 2836 896 2908 imponere,
939 2835 1026 2889 vel
1069 2833 1337 2905 ejusmodi
1380 2833 1733 2903 imposwram
1776 2847 1880 2886 nou
1929 2832 2190 2902 ingratam

594 2927 709 2984 fore
756 2926 1071 2998 sperabant.
1126 2924 1274 2980 Inter
1325 2938 1462 2993 quos
1511 2923 1717 2994 optimo
1761 2921 1883 2992 jure
1935 2921 2191 2976 familiam

593 3021 743 3076 ducit
767 3019 1061 3092 Gregorius
1099 3017 1189 3073 ille
1212 3015 1504 3088 Cappadox
1536 3014 1918 3072 Alexandrinae
1947 3014 2192 3070 ecclesia:

2291 1815 2495 1871 Ciliciae
2516 1857 2531 1879 ,
2565 1825 2617 1869 et
2649 1815 2974 1868 Nicomediae
3006 1814 3313 1882 episcolius.
3342 1811 3454 1867 Nec
3486 1822 3571 1865 est
3605 1810 3748 1880 quod
3780 1813 3884 1878 quis

2292 1906 2618 1976 suSpicetur,
2671 1905 2818 1958 illitiii
2849 1920 2876 1956 a
2920 1913 3064 1959 recta
3098 1903 3201 1958 lide
3248 1911 3368 1973 past
3400 1904 3516 1957 hth
3561 1900 3880 1957 deﬂexisse;

2294 2017 2416 2056 nam
2447 2002 2499 2055 in
2531 1999 2800 2054 catholica
2832 2013 2962 2070 pace
2992 2013 3371 2068 perseverasse
3403 2000 3556 2052 testis
3583 2007 3666 2051 εει
3714 1996 3883 2050 Eccle-

2294 2095 2413 2155 sia,
2459 2107 2581 2162 qua:
2627 2092 2859 2146 natalem
2913 2092 3032 2160 ejus
3082 2089 3220 2158 prid.
3267 2089 3343 2142 ιιι.
3395 2087 3585 2143 Junias
3633 2087 3879 2143 celebrat.

2294 2188 2472 2254 Quare
2503 2185 2782 2241 sceleratis
2810 2185 2927 2239 istis
2958 2184 3265 2239 immixtum
3293 2182 3567 2254 conjicere
3595 2192 3700 2248 est,
3729 2192 3783 2234 ut
3812 2181 3883 2234 vir

2293 2279 2512 2334 virtutis
2561 2275 2700 2332 fama
2745 2277 2976 2332 celebris
3016 2277 3155 2346 apud
3186 2290 3376 2330 omnes
3413 2286 3465 2330 ει
3512 2275 3718 2337 clarus,
3752 2286 3877 2328 tene-

2294 2372 2576 2426 brionibus
2622 2370 2728 2426 illis
2773 2369 3074 2425 sanctitatis
3117 2368 3350 2440 aliquam
3375 2367 3690 2438 opinionem
3719 2368 3880 2423 concio

2295 2465 2470 2521 liaret.

2365 2559 2458 2614 24.
2503 2558 2785 2631 Augustino
2831 2558 3144 2630 incomperta
3195 2554 3532 2610 Sardicensia
3574 2553 3792 2608 decreta.
3821 2583 3883 2594 -—-

2299 2651 2486 2707 Mirum
2536 2661 2714 2705 tamen
2753 2661 2859 2710 est.
2905 2665 3026 2705 cum
3057 2649 3117 2703 Β.
3149 2649 3482 2718 Augustinus
3515 2647 3800 2703 Donatistis
3824 2662 3878 2700 cx

2298 2744 2400 2799 hoc
2452 2744 2673 2799 decreto
2718 2743 2894 2797 fucum
2943 2741 3143 2808 facere,
3194 2751 3248 2796 et
3295 2756 3354 2795 se
3397 2755 3498 2812 pro
3539 2739 3812 2796 catholicis
3854 2755 3878 2790 :i

2300 2837 2607 2894 Sardicensi
2637 2837 2867 2892 concilio
2913 2838 3124 2908 agnitus
3155 2835 3383 2906 probare
3432 2834 3756 2898 nitentibus,
3786 2849 3878 2886 non

2297 2929 2430 2986 satis
2460 2928 2620 2997 hujus
2671 2927 2876 2982 fraudis
2919 2942 3121 2998 gnarus
3164 2938 3352 2981 contra
3399 2923 3751 2980 Cresconium
3787 2941 3879 2978 non

2297 3038 2407 3079 uno
2460 3022 2580 3076 loco
2626 3021 2860 3090 excipiat
2905 3019 3044 3092 (Lib.
3076 3035 3152 3081 III,
3186 3035 3233 3073 c.
3268 3018 3375 3083 54;
3408 3029 3456 3074 et
3486 3019 3574 3073 tib.
3607 3034 3680 3084 tv,
3709 3035 3754 3073 ε.
3777 3018 3878 3086 Η),

591 3111 812 3184 praedo,
865 3111 956 3182 qui
997 3111 1154 3182 lenge
1203 3117 1329 3164 ante
1380 3119 1598 3178 promer
1642 3107 1892 3163 haeresim
1939 3106 2188 3161 Arianam

2302 3115 2516 3172 nomina
2539 3115 2835 3179 civitatum,
2862 3129 3088 3184 quarunt
3114 3113 3350 3182 episcOpi
3374 3111 3715 3175 dicebantur,
3733 3126 3877 3181 appo

592 3203 854 3259 Ecclesia:
897 3202 1279 3258 communione
1322 3201 1624 3267 submotus,
1677 3199 1984 3256 Sardicensi
2029 3199 2190 3255 etiam

593 3296 826 3352 concilio
851 3313 920 3350 ne
947 3311 1044 3366 pro
1066 3297 1365 3351 christiano
1391 3295 1605 3364 quidem
1633 3293 1817 3349 haberi
1847 3294 2051 3363 jussus,
2085 3311 2192 3351 non

595 3388 768 3443 multo
791 3396 912 3457 post
931 3387 1000 3442 ab
1028 3387 1410 3442 Alexandrinis
1433 3387 1660 3440 tumultu
1685 3387 1928 3456 populari
1958 3385 2189 3455 occisus,

593 3481 1006 3537 convenientem
1032 3479 1307 3538 eﬂ'renatze
1338 3495 1448 3534 sua:
1479 3477 1752 3533 violentia:
1782 3478 1942 3532 finem
1972 3477 2193 3533 sortitus

592 3583 678 3631 εει
701 3572 888 3650 (Frag.
919 3590 978 3642 ιι,
1013 3592 1069 3630 ιι.
1098 3573 1177 3646 8).
1207 3573 1318 3630 Νεε
1345 3573 1516 3628 multo
1543 3556 1786 3648 sanctior
1816 3572 2075 3640 Donatus,
2102 3573 2193 3642 qui

589 3667 932 3740 Carthaginis
957 3669 1244 3738 episcopus
1265 3666 1592 3722 nominatur.
1627 3664 1722 3720 Ille
1743 3665 1884 3719 enim
1909 3673 1994 3720 est
2021 3666 2194 3719 Dona-

591 3768 700 3827 tus,
719 3762 808 3827 qui
833 3760 1094 3830 Majorino
1115 3760 1436 3822 succedens,
1459 3755 1967 3825 perniciosissimam
1988 3764 2190 3812 sectam

592 3850 647 3908 in
695 3853 870 3907 Africa
923 3852 1014 3907 diu
1067 3853 1236 3907 altare
1261 3865 1448 3906 contra
1493 3850 1666 3904 altare
1719 3849 1812 3904 Dei
1865 3849 2194 3922 Carthagine

591 3946 808 4016 erigens
852 3944 985 4000 aluit
1021 3960 1084 4001 ac
1116 3944 1248 3998 fovit
1280 3962 1294 3999 :
1329 3959 1502 4014 eoque
1542 3941 1809 4010 superbia:
1855 3957 1919 3997 ac
1962 3944 2193 4001 vesaniae

591 4050 812 4096 evectus
839 4047 943 4107 est,
972 4047 1029 4093 ut
1059 4038 1224 4093 veluti
1256 4037 1625 4110 Pythagoreos
1656 4035 1803 4090 aiunt
1833 4050 1927 4104 per
1958 4053 2194 4108 praecep-

592 4140 764 4188 torem
793 4131 981 4188 Solitos
1011 4129 1215 4201 (Optat.
1248 4128 1338 4184 lib.
1367 4144 1446 4194 ιιι,
1465 4138 1602 4184 cont.
1644 4125 1933 4198 Parmam),
1968 4129 2039 4183 ita
2070 4143 2194 4186 suos

591 4242 690 4299 per
717 4241 777 4283 se
807 4229 982 4298 ipsum
1009 4229 1194 4296 jurare
1220 4233 1492 4295 tamquam
1521 4237 1617 4294 per
1645 4222 1839 4286 Deum,
1864 4221 2195 4293 eosdemque

593 4320 740 4390 ipsos
766 4335 826 4374 se
857 4321 1024 4390 partis
1055 4317 1246 4373 Donati
1283 4315 1370 4372 vel
1401 4315 1709 4371 Donatistas
1743 4328 1839 4383 pro
1868 4313 2194 4370 Christianis

593 4427 905 4484 nuncupare
983 4412 1286 4481 permiserit
1355 4425 1418 4466 ac
1473 4411 1588 4480 ipse
1648 4407 1810 4462 etiam
1879 4406 2186 4464 nominarit.

593 4507 808 4562 Arianae
851 4507 1015 4561 etiam
1059 4505 1301 4575 Opinioni
1346 4512 1729 4572 congruentem
1780 4503 1975 4559 librum
2023 4503 2192 4572 scrip-

591 4599 730 4655 sisse
761 4597 913 4654 testis
953 4607 1037 4654 est
1085 4597 1442 4670 llieronyiuiis
1484 4595 1622 4670 (Lib.
1671 4598 1734 4652 de
1778 4598 1954 4667 Scrip.
1988 4595 2190 4664 ἕξεσι).

589 4690 738 4747 Inter
759 4693 858 4746 hos
883 4690 1020 4746 duos
1041 4704 1218 4745 tamen
1241 4690 1482 4758 insignes
1505 4689 1810 4754 haereticos,
1833 4689 2190 4758 Amphionem

581 4783 849 4840 'eximium
877 4783 1073 4839 Christi
1102 4783 1470 4840 confessorem
1488 4825 1503 4849 ,
1547 4784 1746 4838 canitie
1775 4784 2006 4854 vitzeqne
2035 4797 2191 4838 sanc-

591 4878 745 4934 titate
771 4877 1138 4934 venerandum
1162 4920 1178 4944 ,
1209 4876 1275 4932 ad
1306 4877 1617 4946 exemplum
1658 4875 1895 4946 Magistri
1934 4891 2057 4930 cum
2091 4877 2193 4930 ini-

588 4973 713 5045 quis
752 4973 1066 5040 deputatum
1118 4973 1482 5044 agnoscimus.
1527 4969 1803 5037 Siquidem
1847 4969 1891 5024 is
1932 4979 2015 5024 est
2054 4971 2186 5024 Atii-

590 5065 753 5136 phion
808 5063 1125 5136 Epiphania:
1173 5062 1375 5120 Cilicia:
1427 5063 1657 5132 primum
1711 5063 2039 5132 episeopiis,
2098 5062 2189 5133 qui

589 5168 716 5214 ante
749 5159 860 5215 fere
889 5157 1241 5230 quadraginta
1271 5172 1442 5212 annos
1463 5154 1737 5211 Christum
1769 5156 1870 5210 sub
1899 5156 2190 5212 Maximino

589 5249 857 5320 intrepide
885 5250 1184 5320 professus,
1213 5248 1411 5305 deinde
1439 5250 1489 5304 iii
1523 5247 1734 5303 Nicaaiia
1763 5249 1994 5320 synodo,
2024 5251 2191 5317 depo-

591 5340 700 5395 sito
732 5349 952 5410 propter
982 5338 1232 5394 haeresim
1267 5339 1499 5394 Eusebio
1541 5337 1868 5394 Nicomedia:
1898 5341 2154 5410 episeopo
2174 5380 2189 5405 ,

591 5431 648 5486 in
677 5432 796 5500 ejus
825 5432 1001 5487 locum
1031 5430 1285 5487 suﬂ'ectus
1309 5431 1482 5487 fuerat
1512 5431 1814 5502 (Sozomen.
1845 5433 1933 5486 lib.
1963 5449 2004 5499 ι,
2041 5449 2088 5487 c.
2127 5434 2193 5489 10

587 5534 638 5581 et
683 5525 800 5596 21).
852 5525 981 5595 Ejus
1033 5525 1284 5582 meritum
1336 5533 1456 5591 εει,
1513 5534 1571 5579 ιιι
1625 5525 1990 5582 testimonium
2039 5541 2193 5584 sanc-

2217 4472 2270 4531 D

2294 3212 2394 3264 sita
2418 3223 2524 3264 non
2552 3207 2740 3272 fuisse,
2767 3206 2908 3262 unde
2927 3213 3204 3260 constaret
3225 3205 3512 3268 Donatum,
3531 3206 3686 3276 cujus
3703 3218 3880 3258 nomen

2295 3303 2348 3357 in
2373 3302 2472 3356 hac
2501 3301 2743 3373 synodali
2768 3299 2995 3370 epistola
3026 3297 3389 3360 ostentabant,
3423 3298 3571 3352 illum
3599 3297 3779 3359 fuisse.
3802 3297 3879 3363 qui

2295 3409 2353 3450 se
2391 3410 2487 3464 pro
2515 3393 2922 3463 Carthaginensi
2964 3392 3222 3461 episcopo
3268 3401 3542 3461 gesserat;
3577 3391 3700 3458 plus
3736 3391 3876 3445 etiam

2293 3487 2476 3552 addat,
2510 3503 2608 3541 nec
2642 3485 2810 3541 moris
2839 3499 2960 3540 esse
2988 3481 3622 3553 ecclesiastici,.quando
3661 3481 3874 3552 episcopi

2294 3579 2562 3651 episcopis
2591 3577 2855 3642 scribunt,
2890 3591 3082 3632 nomen
3125 3573 3356 3629 civitatis
3385 3573 3682 3644 adjuogere
3713 3590 3725 3624 :
3755 3570 3874 3625 unde

2295 3675 2400 3731 huc
2430 3675 2516 3729 illa
2548 3673 2818 3728 civitatum
2853 3669 3065 3725 nomina
3100 3667 3451 3740 irrepseriut?
3484 3669 3586 3721 nisi
3617 3668 3828 3720 fortasse
3848 3680 3872 3717 a

2297 3767 2584 3822 Donaiistis
2613 3774 2740 3820 sunt
2767 3764 2978 3828 addita;
3012 3763 3172 3832 hujus
3204 3763 3346 3817 cnim
3380 3760 3456 3815 rei
3487 3759 3698 3816 videtur
3723 3757 3873 3823 suspi-

2296 3863 2505 3918 cionem
2549 3860 2774 3930 injicere
2824 3860 2938 3929 ipse
2966 3857 3316 3928 Augustinus,
3369 3871 3491 3910 cum
3521 3855 3749 3910 scribit:
3786 3852 3874 3907 Μί-

2295 3971 2382 4008 ror
2408 3954 2576 4008 nescio
2619 3953 2733 4020 quis
2770 3952 2866 4006 iste
2898 3949 3149 4014 Donatus,
3195 3951 3240 4004 si
3265 3966 3365 4003 non
3392 3949 3447 4001 in
3474 3949 3655 4003 castris
3693 3947 3869 4009 litteris,

2297 4047 2712 4119 Carthaginiensis
2755 4047 2922 4113 factus
2949 4055 3024 4100 est
3071 4046 3187 4119 (lib.
3235 4060 3286 4099 tv
3333 4054 3468 4099 cont.
3501 4041 3653 4098 Cresc
3705 4039 3868 4108 au).

2366 4141 2458 4198 25.
2498 4141 2666 4196 Nimis
2696 4140 2914 4210 longum
2945 4148 3112 4205 esset,
3145 4139 3196 4193 in
3227 4153 3418 4193 Omnes
3460 4139 3550 4209 qui
3594 4137 3719 4192 huic
3769 4136 3867 4206 epi-

2305 4233 2460 4290 stola:
2481 4233 2918 4302 subscripserunt
2949 4232 3237 4299 inquirere,
3290 4244 3390 4284 nec
3446 4229 3678 4284 fortasse
3719 4242 3871 4296 opera:

2297 4325 2548 4396 pretium.
2599 4323 2762 4379 Plane
2807 4324 2876 4377 ah
2925 4321 3193 4377 haereticis
3240 4325 3494 4390 scriptam
3542 4335 3668 4376 esse
3711 4319 3870 4374 Μυιιο-

2298 4418 2526 4488 pliantus
2555 4417 2622 4472 ab
2663 4417 2897 4486 Epheso,
2940 4415 3166 4471 Aeacius
3213 4431 3242 4468 a
3272 4413 3544 4481 Caesarea,
3584 4413 3873 4469 Theodorus

2296 4511 2364 4566 ab
2415 4511 2694 4576 Heraclea,
2739 4510 2947 4564 Marciis
2983 4509 3051 4562 ab
3092 4507 3382 4573 Arethusa,
3413 4508 3726 4578 (operarum
3754 4506 3870 4561 enini

2295 4612 2528 4657 erratum
2555 4613 2659 4667 εει,
2692 4599 2832 4667 quod
2864 4599 2951 4654 hic
2979 4601 3043 4654 ab
3071 4600 3256 4653 Aretiis
3287 4597 3530 4670 legitur),
3565 4598 3826 4653 Eudoxius
3846 4613 3867 4647 a

2295 4694 2672 4759 Germanicia,
2741 4689 3021 4748 Narcissus
3075 4693 3144 4746 ab
3189 4691 3446 4761 Neropoli
3496 4692 3581 4746 vel
3634 4689 3867 4760 lreiiopoli

2297 4785 2608 4859 (utrumque
2635 4801 2830 4840 nomen
2875 4785 3017 4840 enim
3045 4783 3340 4855 audiebat),
3375 4782 3722 4854 Demophilus
3740 4801 3765 4836 a
3793 4783 3869 4836 Be-

2297 4896 2444 4945 roea,
2467 4889 2522 4935 et
2548 4879 2636 4950 qui
2665 4879 2861 4934 claudit
2884 4893 3097 4948 agmen,
3129 4876 3325 4931 Valens
3348 4893 3376 4930 a
3407 4875 3585 4931 Marsa
3613 4879 3756 4930 velut
3779 4875 3871 4945 My-

2295 4986 2478 5027 somm
2525 4971 2765 5035 ultimus,
2796 4970 3037 5025 celebres
3085 4968 3386 5034 Athanasii,
3422 4969 3634 5033 Hilarii,
3667 4967 3869 5036 Epipha-

2297 5064 2393 5130 nii,
2425 5072 2813 5132 aiictoruinque
2853 5062 3234 5118 ecclesiasticae
3267 5061 3506 5116 historiae
3550 5061 3865 5120 teSiinioniis.

2297 5158 2617 5212 Arianorum
2659 5157 2992 5226 antesignani
3034 5173 3096 5211 ac
3132 5156 3319 5221 duces,
3355 5156 3496 5212 inter
3531 5169 3627 5212 eos
3653 5156 3736 5225 qui
3768 5155 3866 5209 huic

2295 5251 2518 5308 decreto
2569 5251 3002 5322 subscripserunt
3051 5251 3298 5306 recensiti
3353 5251 3512 5305 fidem
3567 5249 3778 5306 faciunt.
3815 5249 3865 5303 Et

2295 5342 2412 5397 hmc
2453 5342 2668 5414 quidem
2705 5342 2774 5398 de
2817 5343 3155 5413 suppositiiio
3199 5341 3292 5397 illo
3321 5341 3547 5398 decreto
3577 5343 3735 5398 nimis
3781 5342 3866 5396 for-

2295 5445 2440 5490 tasse
2467 5435 2650 5490 inulta.

2367 5528 2458 5586 26.
2501 5527 2636 5583 Eam
2671 5545 2808 5584 anno
2836 5529 2963 5597 554,
3015 5530 3378 5600 consignamus
3405 5544 3436 5584 ν
3470 5527 3636 5600 Frag.
3667 5556 3736 5569 —
3757 5526 3862 5594 Qum

677 5711 758 5778 (α)
779 5710 891 5766 Hoc
918 5711 1208 5782 prudenter
1235 5714 1361 5785 egit,
1392 5723 1450 5770 ut
1491 5713 1796 5771 Orientales
1825 5714 1924 5772 hac
1949 5715 2325 5776 benevolentia
2349 5715 2416 5774 ad
2445 5731 2628 5774 veram
2662 5716 2820 5774 [idem
2844 5717 3157 5774 adduceret.
