3978 6196
83 276 200 331 905

1287 277 1558 336 MCOLAI
1597 276 1807 336 FABIil
1848 274 2240 332 PRIEFATIO.

3317 286 3422 345 906

85 399 382 462 superant,
418 391 544 448 licet
567 391 821 462 pleraque
851 394 1054 458 omnia,
1087 395 1128 448 si
1163 380 1363 450 Liberii
1412 395 1468 449 Ρ.
1517 396 1577 449 R.
1609 395 1721 461 epi-
1748 393 1799 453 Α
1824 390 2120 446 christiano
2142 433 2155 455 ,
2188 391 2355 462 inquit
2386 391 2712 446 Athanasius
2743 394 2846 464 (ep.
2878 400 2947 448 ad
2989 394 3144 452 Solit.
3177 416 3230 467 ρ.
3265 399 3418 470 861).

87 487 298 540 stolam
330 485 398 540 ad
429 485 804 540 Constantium
827 502 970 540 anno
1000 487 1197 543 Salutis
1223 489 1347 552 551,
1381 503 1476 558 per
1499 487 1709 542 Lucife-

87 594 212 632 rum
259 577 630 634 Calaritanum
670 579 1007 649 episcopum,
1053 579 1397 635 Pancratium
1429 581 1710 654 presbyte-

87 685 212 724 rum
243 670 320 742 (si
348 669 566 739 quidem
614 685 865 741 corrupte
909 672 1048 742 apud
1095 672 1447 728 Alhatt'tsitttlt
1494 678 1546 729 in
1590 677 1705 744 epi-

91 763 235 816 stola
270 763 338 817 ad
369 763 669 819 solitariam
693 765 860 830 vitam
888 775 1111 835 agentes
1145 765 1433 837 Eutropius
1458 769 1705 822 nomina-

92 867 184 911 tur
232 858 381 930 (pag.
413 856 628 930 856),)
685 869 738 912 et
787 857 1045 914 Hilarium
1095 859 1381 915 diacoaum
1434 861 1708 918 Romanos

91 954 324 1006 missam
358 952 617 1019 excipias,
648 952 714 1008 ad
759 953 1151 1009 Ariminensem
1199 955 1504 1024 pertineant
1545 971 1708 1027 syno~

88 1044 248 1110 dum,
296 1044 605 1114 perturbata
651 1043 822 1099 nihilo
865 1044 1042 1099 minus
1075 1044 1214 1099 inter
1249 1059 1327 1108 se,
1359 1061 1458 1101 nec
1483 1045 1590 1100 ullo
1620 1045 1708 1100 di-

88 1149 245 1208 gesta
277 1136 468 1192 ordine
499 1136 784 1192 exsistunt.
835 1136 910 1192 De
941 1135 1138 1191 Liberii
1171 1138 1396 1204 epistola
1434 1138 1520 1208 qui
1557 1138 1706 1206 plura

91 1230 414 1294 desiderat,
479 1245 769 1301 numquam
825 1228 956 1283 satis
1007 1229 1251 1284 laudatos
1303 1229 1426 1284 illos
1471 1232 1710 1285 Annales

94 1321 326 1391 (Baron.
359 1339 447 1376 an.
475 1320 602 1384 554,
635 1339 688 1375 n.
723 1321 775 1393 1)
806 1320 1080 1383 consulat;
1118 1322 1185 1375 ibi
1217 1321 1359 1375 enim
1385 1324 1524 1376 unde
1553 1338 1704 1377 suam

90 1416 244 1470 sitim
289 1416 589 1484 extinguat,
627 1415 899 1470 uberrime
926 1415 1180 1470 inveniet.
1215 1412 1420 1470 Castera
1453 1414 1564 1470 fere
1589 1432 1708 1471 om-

92 1507 177 1562 nia
211 1523 361 1562 nunc
386 1506 623 1578 primum
669 1507 719 1560 in
751 1507 923 1562 lucem
965 1507 1217 1562 eduntur.
1252 1506 1497 1576 Quonam
1527 1519 1704 1563 autem

91 1598 436 1670 disponenda
479 1599 588 1654 sint
618 1598 830 1665 ordine,
863 1600 942 1656 rei
973 1612 1137 1672 gessit:
1166 1599 1472 1656 narratione
1503 1601 1708 1672 perspi-

94 1707 262 1747 Cnutn
293 1694 403 1747 liet.

1814 481 1883 552 (is
1911 483 1979 537 ab
2008 485 2333 551 imperatore
2369 486 2494 539 Ιῑουι
2539 485 2716 540 latinae
2760 487 2954 557 lit-gum
2985 493 3199 558 penitus
3225 509 3422 564 expers

1811 577 2197 636 esset.militari
2219 593 2376 632 mann
2401 579 2450 632 in
2479 576 2936 635 Mediolanensem
2957 583 3166 648 sedem,
3182 585 3422 656 relegata

1814 677 2033 737 propter
2072 673 2323 738 pietatem
2363 671 2636 743 Dionysio,
2670 673 2906 728 intrttsus
2935 674 3152 748 fuerat),
3183 678 3336 743 Caio.
3368 690 3425 737 et

1811 760 1932 814 aliis
1957 777 2094 831 quos
2119 762 2223 817 sibi
2255 761 2496 819 faventes
2524 764 2576 818 in
2625 781 2684 818 ca
2713 767 2922 838 synodo
2953 769 3262 836 reperiere;
3299 788 3424 844 pos-

1814 851 2006 917 tulant,
2055 855 2197 924 quod
2237 870 2398 924 supra
2431 872 2495 910 ex
2528 855 2826 912 Athanasio
2871 860 2982 928 (lib.
3017 862 3080 916 de
3118 862 3316 933 Synod.
3363 883 3418 936 p.

1811 943 1938 1016 874)
1970 945 2226 1011 diximus',
2259 957 2315 1000 ut
2346 946 2471 1002 huic
2502 963 2613 1002 suze
2644 949 2886 1005 lormula:
2918 951 3124 1022 absque
3154 955 3260 1008 ulla
3291 972 3420 1010 cau-

1811 1051 1886 1088 sa:
1917 1037 2224 1107 cognitione
2251 1050 2302 1092 et
2339 1046 2545 1092 tantum
2572 1057 2675 1094 non
2703 1041 2861 1096 caecis
2890 1043 3060 1098 oculis
3083 1061 3269 1101 omnes
3294 1049 3421 1104 sub-

1811 1129 2074 1183 scribant.
2113 1131 2306 1186 Verum
2341 1149 2446 1186 non
2471 1132 2647 1186 solum
2675 1145 2897 1202 propter
2924 1134 3189 1192 Consules
3225 1144 3419 1209 regula:

1810 1221 2085 1288 appositus
2109 1221 2298 1290 derisi,
2327 1224 2422 1279 sed
2456 1226 2618 1278 etiam
2643 1236 2865 1294 proliter
2887 1228 3214 1291 impietatem
3245 1231 3413 1286 laten-

1811 1321 2030 1384 temque
2055 1316 2238 1384 vapido
2259 1317 2349 1370 sub
2372 1327 2572 1386 pectore
2591 1320 2814 1387 vulpem,
2843 1321 3081 1376 literetiei
3101 1324 3415 1390 rrnuntiati,

1808 1421 1872 1460 ex
1904 1407 2016 1476 ipsa
2049 1408 2255 1478 synodo
2297 1409 2512 1480 expulsi
2539 1420 2685 1465 sunt.
2719 1410 2858 1481 Ergo
2901 1427 2971 1466 xu
3003 1413 3107 1466 cal.
3167 1416 3414 1486 Augusti,

1814 1515 1932 1569 qua:
1989 1501 2250 1570 proxima:
2292 1513 2490 1558 secuta:
2531 1512 2679 1568 sunt,
2729 1505 2890 1558 totius
2931 1506 3120 1577 synodi
3159 1508 3420 1564 concordi

1808 1595 2079 1649 sententia
2123 1594 2357 1650 Niczenm
2389 1597 2588 1666 regulae
2615 1612 2716 1651 nec
2743 1597 2865 1652 addi
2911 1598 3203 1670 quidquam
3232 1615 3415 1671 posse,

1811 1700 1910 1741 nec
1938 1686 2103 1741 minui
2134 1688 2444 1744 decernitur
2469 1687 2656 1762 (Frag.
2693 1706 2790 1754 vn,
2813 1707 2865 1747 η.
2894 1689 2954 1762 4)
2981 1711 2992 1742 :
3029 1691 3414 1768 Ursaciusque,

164 1786 267 1840 27.
310 1784 648 1840 Ariminensis
673 1785 876 1840 concilii
901 1786 1147 1840 historica
1173 1787 1328 1842 series
1380 1788 1706 1843 —Dixitnus
1739 1785 1781 1845 Β
1813 1778 2012 1834 Valens
2044 1822 2060 1846 ν
2114 1779 2276 1837 Caius
2321 1790 2376 1835 ει
2428 1781 2776 1849 Gerlllillius.
2838 1785 3035 1854 quibus
3091 1785 3420 1844 Athanasius

93 1895 285 1948 supra,
317 1879 478 1933 tidem
525 1878 705 1934 Sirtnii
732 1878 1060 1934 Con~u|ibus
1087 1879 1283 1935 additis
1311 1895 1494 1936 coram
1531 1881 1705 1952 [mpe-

92 1979 281 2026 nitore
308 1971 587 2041 scriptam,
615 1987 732 2041 qua:
760 1970 956 2026 Filium
986 1971 1126 2026 Patri
1153 1989 1249 2041 per
1273 1975 1452 2026 omnia
1471 1974 1700 2028 similem

93 2062 437 2127 continebat,
490 2062 812 2118 ﬁctionibus
868 2062 1191 2119 Arianorum
1246 2073 1581 2133 procuratam
1641 2080 1702 2121 ac

93 2156 356 2226 scriptam
386 2155 574 2220 fuisse,
617 2155 982 2225 indictumque
1034 2155 1301 2228 synodum
1345 2157 1699 2213 universalem

92 2247 290 2304 Nicwae
319 2247 612 2320 Bithyniae,
641 2247 891 2315 divisam;
912 2259 968 2305 et
990 2248 1357 2306 Orientalitus
1398 2251 1700 2307 Seleuciam

96 2340 320 2397 hauriat
354 2385 368 2406 ,
416 2341 852 2397 Occidentalibus
907 2358 1039 2398 vero
1080 2343 1348 2413 episcoliis
1397 2344 1700 2400 Ariminum

94 2451 201 2505 quo
227 2435 586 2491 convenirent
613 2433 805 2490 dictas.
837 2433 935 2490 Cui
981 2435 1093 2502 lini,
1136 2437 1233 2491 nisi
1277 2446 1334 2492 ut
1363 2438 1607 2493 fallerent
1641 2451 1704 2494 ac

95 2527 594 2582 circumvenirent?
624 2527 766 2583 Certi
807 2528 952 2584 enim
982 2537 1239 2597 quantum
1270 2546 1365 2584 sua
1390 2529 1621 2586 factione
1649 2533 1700 2586 in

93 2618 320 2675 Oriente
371 2619 656 2689 pollerent,
691 2623 1068 2675 veteratoriam
1115 2633 1170 2677 et
1213 2625 1510 2691 Captiusam
1555 2624 1700 2680 illam

98 2713 219 2769 ﬁdei
268 2713 514 2774 regulam
544 2712 908 2769 Orientalibus
936 2713 1203 2784 episcopis
1240 2715 1399 2771 facile
1437 2717 1703 2788 approba—

97 2816 248 2862 turos
277 2822 340 2860 se
381 2822 479 2876 pro
509 2815 788 2876 comperto
819 2805 1101 2871 habentes,
1137 2808 1510 2866 Occidentales
1538 2825 1700 2866 coac-

97 2909 176 2955 tos
219 2899 445 2955 tandem
488 2898 601 2954 fore
644 2899 695 2955 ei
749 2900 1091 2956 subscribere
1134 2901 1498 2968 crediderunt,
1542 2919 1700 2974 quam

93 2995 295 3049 Oriens
343 2993 647 3064 probasset,
669 3003 725 3047 et
757 2994 1051 3063 imperator
1079 2995 1448 3064 inexiirabilis,
1493 3005 1550 3052 ut
1576 3014 1699 3054 eum

93 3087 420 3142 Ammianus
448 3086 707 3144 describit
731 3088 843 3158 (lib.
873 3103 988 3156 XIV,
1020 3105 1066 3144 ε.
1106 3089 1186 3160 5),
1211 3105 1322 3146 sua:
1364 3093 1701 3146 auctoritatis

1808 1874 2133 1930 Auxentium
2157 1885 2212 1931 et
2243 1875 2618 1944 Detnupltilutn
2651 1878 2914 1946 :tdjttngit,
2967 1879 3114 1934 velut
3155 1881 3417 1938 ecclesia-

1807 1967 1956 2024 stica:
1986 1970 2132 2039 pacis
2162 1969 2639 2039 perturbatoresac
2662 1970 2921 2035 haeretici,
2952 1973 3022 2027 de
3041 1973 3210 2043 gradu
3237 1990 3336 2032 suo
3359 1983 3417 2031 et

1808 2058 2044 2113 tidelium
2063 2061 3147 2130 communionedeturbautur,decemque
3169 2065 3324 2137 legati
3349 2068 3416 2122 ad

1809 2153 2191 2223 imperatorem
2225 2153 2408 2214 missi;
2459 2169 2556 2221 per
2583 2171 2718 2225 quos
2751 2155 2866 2212 hmc
2907 2157 3123 2214 concilii
3170 2159 3416 2216 deﬁnitio

1808 2240 2218 2300 inttoteseeret:
2269 2245 2336 2299 Et
2381 2246 2492 2299 [nec
2528 2247 2733 2316 quidem
2775 2247 2998 2302 Arimini
3045 2262 3160 2303 acta
3210 2252 3417 2308 cleriter

1810 2338 2021 2410 (scribit
2061 2337 2410 2408 Athanasius)
2453 2339 2743 2393 istiusmodi
2783 2341 2937 2407 ﬁnem
2985 2342 3226 2398 habuere.
3279 2345 3416 2400 Eam

1805 2432 2018 2488 concilii
2062 2433 2388 2488 sententiam
2419 2434 2736 2502 ampliorem
2779 2443 2835 2490 ct
2862 2437 3230 2506 integriorem,
3257 2457 3418 2510 quam

1806 2524 1946 2594 apud
1979 2515 2230 2594 antiquos
2258 2533 2508 2580 auctores
2537 2535 2737 2593 exstet,
2772 2526 3004 2596 adjectis
3031 2528 3241 2584 duobus
3270 2531 3420 2602 ejus-

1804 2619 1928 2676 dem
1955 2619 2145 2692 synodi
2177 2619 2516 2689 fragmentis.
2550 2620 2666 2674 tunc
2696 2621 2950 2676 collectio
2979 2621 3218 2678 exhibet.

1875 2713 1969 2767 28.
1989 2713 2304 2767 Arianorum
2320 2712 2682 2767 damnatorum
2695 2721 2850 2767 artes.
2879 2710 2958 2766 De
2978 2715 3202 2786 formula
3221 2714 3274 2770 Ν
3277 2717 3420 2773 ictam

1809 2804 2256 2860 Thracia—Nec
2277 2819 2454 2862 tamen
2473 2806 2572 2876 ipsi
2597 2808 2634 2861 A
2646 2807 2781 2861 riani
2809 2822 2870 2862 ea
2893 2811 3160 2864 sententia
3177 2813 3420 2880 percussi

1805 2899 2015 2953 animos
2027 2899 2324 2968 deponunt,
2343 2909 2434 2951 aut
2459 2899 2526 2952 ab
2542 2898 2774 2964 inceptis
2795 2899 3067 2956 desistunt
3090 2919 3103 2955 :
3127 2903 3220 2958 sed
3237 2915 3290 2959 et
3313 2906 3419 2974 ipsi

1805 2990 1992 3047 decem
2031 3007 2094 3046 ex
2140 2992 2252 3046 suis
2280 3033 2295 3058 ,
2329 2991 2380 3047 in
2410 3007 2640 3063 quorum
2671 3007 2899 3049 numero
2934 2996 3280 3052 condemnati
3339 2999 3417 3055 illi

1803 3086 2150 3153 exstiterunt,
2173 3085 2238 3141 ad
2270 3085 2651 3156 Imperatorem
2693 3085 3034 3157 delegarunt,
3061 3092 3150 3162 qui
3178 3091 3414 3148 Concilii

94 3180 296 3236 vindex
335 3184 622 3236 sanxisset.
667 3179 736 3235 Et
777 3195 908 3236 sane
943 3184 1097 3238 testis
1131 3195 1212 3238 est
1247 3193 1429 3240 noster
1460 3185 1694 3241 Hilarius
1723 3178 1770 3242 C
1801 3178 2005 3251 legatos
2055 3180 2334 3234 celeritate
2358 3191 2782 3248 praevertentes,
2815 3180 2993 3250 ipsitm
3023 3183 3413 3254 Imperatorem

93 3274 208 3344 (lib.
258 3273 326 3328 de
370 3273 569 3346 Synod.
613 3291 665 3328 η.
695 3273 807 3343 63).
855 3275 1058 3346 absque
1093 3281 1348 3347 episcopo
1378 3270 1594 3334 Eleusin
1635 3278 1705 3360 (is

91 3376 213 3422 erat
241 3365 424 3439 Cyzici
454 3366 766 3439 episcopus)
805 3377 859 3423 et
888 3370 1072 3441 paucis
1111 3385 1235 3425 cum
1281 3385 1369 3436 eo,
1402 3389 1465 3428 ex
1515 3371 1704 3444 majori

96 3468 257 3528 parte
285 3456 514 3512 Asianus
543 3458 728 3514 decem
760 3459 1061 3529 provincias
1092 3461 1230 3516 intra
1269 3477 1406 3534 quas
1435 3467 1703 3520 consiste-

96 3552 213 3618 bat,
246 3568 433 3608 verum
468 3551 636 3608 Deum
671 3552 907 3610 nescisse
941 3571 954 3610 :
989 3554 1152 3623 Atque
1182 3557 1400 3622 utinam,
1431 3557 1706 3628 snbjungit

95 3645 216 3712 ille,
251 3644 417 3701 Deum
448 3649 736 3702 nescirent:
759 3664 873 3702 cum
898 3650 1201 3721 procliviore
1233 3650 1367 3704 enim
1393 3651 1536 3704 venia
1559 3652 1705 3722 igno-

93 3749 299 3805 rarent,
345 3755 497 3809 quam
559 3738 912 3794 obtrectarent.
969 3739 1074 3796 Sed
1121 3741 1304 3795 horum
1350 3743 1706 3814 episcoporum

95 3832 253 3886 dolor
295 3847 351 3886 se
394 3832 528 3884 intra
555 3832 812 3886 silentium
850 3849 951 3887 non
988 3835 1271 3900 continens,
1305 3835 1549 3890 unitatem
1584 3836 1708 3905 ﬁdei

97 3928 261 4001 hujus
282 3926 487 3994 quierit,
510 3943 664 3994 quam
686 3927 935 3994 iamdudu
945 3945 992 3981 m
1023 3944 1111 4000 per
1131 3929 1260 3983 alios
1276 3930 1463 3984 amisit.
1494 3930 1705 3999 Scripta

95 4018 286 4090 itaque
315 4034 378 4074 ea
410 4018 536 4085 ﬁde,
567 4018 850 4089 divisaque
878 4020 1086 4079 sVnndo
1117 4021 1442 4088 universali,
1468 4023 1702 4092 rescrip-

99 4125 214 4168 tum
247 4113 316 4167 ad
349 4120 630 4183 utramque
661 4112 926 4184 synodum
957 4114 1025 4168 ab
1055 4113 1381 4184 imperatore
1418 4115 1708 4185 impetrant

98 4205 316 4268 Ariani,
349 4220 456 4276 quo
498 4203 576 4277 (a)
609 4205 840 4276 primum
871 4205 938 4261 de
986 4205 1089 4262 [ide
1115 4221 1463 4277 cognoscere,
1509 4206 1706 4263 deinde

96 4314 297 4354 causas
323 4300 723 4368 episcoporum,
770 4311 1089 4371 mutuasque
1119 4301 1258 4355 inter
1295 4316 1418 4357 sese
1447 4301 1707 4373 digladia-

98 4391 281 4446 tiones
296 4388 456 4464 741
470 4405 532 4447 ac
551 4391 958 4448 criminationes
980 4392 1250 4448 discutere
1274 4393 1487 4448 collecti
1517 4393 1706 4452 Patres

92 4485 381 4552 jnbentur,
427 4486 695 4552 rebusque
720 4484 973 4554 judicatis
994 4502 1056 4540 ac
1075 4485 1273 4542 decisis
1291 4488 1476 4543 decem
1502 4487 1706 4558 legatos

1805 3273 2070 3329 adversus
2085 3272 2352 3344 synodum
2377 3273 2516 3328 adeo
2527 3272 2890 3340 concitarunt,
2907 3287 2968 3330 ut
2991 3275 3138 3347 ipsos
3159 3286 3320 3333 recta:
3350 3279 3412 3333 li-

1805 3366 1891 3422 dei
1922 3367 2126 3438 legatos
2149 3367 2201 3422 in
2224 3382 2381 3422 suum
2414 3374 2763 3437 conspectum
2793 3369 2981 3423 venire
3005 3385 3111 3425 non
3139 3371 3416 3427 sustinue-

1805 3461 1876 3514 rit
1903 3477 1915 3513 :
1933 3459 2028 3516 sed
2051 3462 2280 3529 primum
2313 3459 2720 3530 Hadriauoiioli,
2739 3461 2940 3518 deinde
2955 3461 3150 3519 Nicazaa
3170 3465 3418 3522 Thracia:

1807 3553 1971 3606 variis
1993 3552 2338 3607 dilationibus
2367 3552 2607 3618 delusos,
2633 3547 2712 3608 ea‘
2751 3568 2849 3624 spe
2909 3556 3222 3621 detinui-rit,
3270 3559 3416 3629 quod

1807 3643 2075 3710 crederet,
2109 3643 2224 3698 ittlit
2247 3643 2622 3700 Tbeodoretus
2644 3645 2758 3717 (tib.
2803 3661 2866 3706 ιι.
2899 3648 3022 3704 hist.
3048 3651 3175 3704 ecct.
3218 3669 3265 3704 ε.
3297 3651 3412 3723 l9),

1807 3739 2095 3812 episcopus
2147 3736 2374 3792 Arimini
2426 3738 2724 3808 legatorum
2765 3755 2985 3796 suorum
3033 3741 3267 3798 reditum
3321 3760 3420 3802 ex-

1807 3811 2140 3900 spectantes,
2198 3830 2392 3898 partim
2439 3832 2628 3898 seuio,
2684 3835 2878 3902 partim
2925 3835 3104 3905 inapia
3174 3854 3418 3909 pressos,

1807 3938 1994 3979 omnes
2066 3921 2420 3979 diuturnioris
2490 3940 2518 3978 a
2583 3927 2816 3995 pI'Opriis
2867 3927 3087 3985 sedibus
3155 3931 3418 3989 absentia:

1809 4025 2091 4086 pertmsus,
2119 4016 2321 4071 reditus
2351 4016 2620 4071 desiderio
2664 4017 2732 4071 ad
2781 4017 2903 4074 lidt-i
2945 4022 3238 4090 propositae
3289 4025 3419 4080 sub-

1808 4108 2158 4179 scriptionem
2191 4109 2331 4164 ﬂeeti
2359 4123 2532 4176 posse.
2565 4109 2702 4176 Quin
2731 4110 2893 4164 etiam
2931 4110 3158 4168 Ursacio
3191 4115 3416 4172 faculta-

1812 4213 1918 4259 tem
1953 4203 2194 4268 tradidit,
2239 4203 2306 4256 de
2353 4201 2456 4256 lide
2507 4217 2603 4272 pro
2654 4203 2915 4259 arbitratu
2945 4209 3256 4265 statuendi:
3309 4227 3416 4283 qua

1809 4304 2031 4365 accepta
2075 4305 2356 4350 strenuum
2405 4293 2554 4348 illum
2604 4293 2870 4351 Plautina:
2943 4298 3159 4356 familia:
3221 4303 3415 4360 ducem

1809 4392 2158 4463 compressis,
2184 4400 2243 4446 ut
2261 4391 2432 4456 aiunt,
2465 4391 2714 4447 manibus
2745 4409 2852 4449 non
2877 4394 3106 4464 sedisse,
3149 4413 3311 4455 nemo
3335 4412 3420 4458 est

1809 4487 1896 4541 cui
1926 4499 2031 4542 non
2064 4485 2244 4540 statim
2275 4485 2327 4539 in
2352 4493 2589 4540 mentem
2647 4486 2849 4541 veniat.
2890 4487 3041 4544 Tunc
3092 4506 3223 4562 ergo
3272 4504 3419 4549 tanta

97 4579 370 4631 rationem
396 4591 583 4632 eorum
610 4593 730 4648 qua:
768 4587 917 4648 gesta
964 4585 1148 4634 essent
1175 4578 1479 4634 reddituros
1501 4579 1567 4634 ad
1613 4596 1708 4634 co-
1739 4570 1793 4632 D
1817 4580 2140 4634 auctoritate
2167 4576 2381 4632 subnixi
2406 4575 2611 4642 Ariani,
2632 4575 2866 4634 derisam
2891 4579 3035 4635 illam
3067 4597 3216 4636 suam
3249 4583 3410 4640 ﬁdem

97 4672 352 4724 mitatum
383 4669 666 4741 delegare;
706 4669 936 4724 alterum
963 4671 1124 4724 etiam
1163 4669 1228 4724 ad
1269 4669 1456 4725 Patres
1483 4669 1707 4726 Arimini

97 4775 482 4835 congregatos,
535 4779 641 4834 quo
665 4764 733 4819 de
758 4763 1122 4820 Orientalibus
1161 4765 1430 4835 episcopis
1474 4765 1710 4835 cognitio

101 4859 167 4913 iis
219 4855 581 4922 interdicitur,
630 4857 931 4927 iterumque
980 4857 1048 4911 de
1093 4855 1278 4912 decent
1323 4857 1599 4912 mittendis
1640 4857 1707 4913 ad

98 4953 422 5009 comitatum
453 4951 644 5021 legatis
672 4948 1049 5004 admonentur.
1097 4949 1298 5004 l’rioris
1331 4951 1574 5020 rescripti
1600 4951 1705 5007 So-

99 5059 365 5100 zomenus
413 5043 655 5097 meminit
686 5059 698 5096 :
735 5043 1001 5112 posterius
1046 5042 1182 5112 (scil.
1216 5039 1372 5113 Frag.
1414 5058 1510 5108 vn,
1543 5061 1594 5098 ιι.
1630 5045 1708 5114 l),

101 5137 192 5192 hic
237 5153 288 5191 γι
337 5133 450 5190 kal.
495 5135 704 5201 .lnnias,
756 5134 806 5188 id
858 5143 959 5197 est,
988 5136 1178 5205 quinto
1209 5147 1330 5204 post
1361 5135 1504 5190 illam
1553 5135 1712 5219 tidem

101 5230 472 5300 consci'iptam
517 5230 606 5284 die
653 5229 876 5282 missum
919 5228 1164 5283 habetur.
1219 5226 1370 5283 Tunc
1415 5228 1578 5297 igitur
1629 5229 1715 5284 his

103 5326 328 5397 scriptis
365 5322 721 5381 sttbttrcinali
757 5322 972 5382 Valens.
1019 5321 1275 5378 Ursacius
1316 5331 1372 5378 et
1404 5322 1715 5380 Carminius

109 5421 416 5477 Ariminum
477 5418 684 5488 magnis
764 5414 1053 5470 itineribus
1126 5417 1520 5472 contendentes
1587 5432 1711 5472 cum

107 5515 383 5572 Auxentio
410 5527 612 5584 genere
637 5510 962 5581 Cappaduce
1018 5509 1196 5580 potius
1250 5510 1494 5565 delatore
1547 5525 1712 5582 quam

182 5652 261 5724 (a)
304 5651 378 5724 ita
408 5649 745 5724 Sozomenns
773 5645 866 5702 lib.
897 5660 976 5712 tv,
1009 5659 1060 5701 c.
1087 5647 1183 5724 fi;
1217 5646 1309 5699 sed
1338 5645 1587 5724 Socrates
1618 5645 1713 5702 lib.

109 5739 168 5788 tt,
190 5715 253 5780 lc:
301 5722 394 5780 '59.
438 5720 591 5775 testis
629 5728 714 5773 est
745 5733 990 5788 magnam
1031 5735 1091 5773 ea
1122 5715 1192 5772 de
1223 5731 1281 5773 re
1311 5717 1716 5773 contentioiietn

109 5797 298 5863 fuisse,
325 5792 465 5850 alios
492 5790 559 5846 dc
585 5790 711 5853 tide,
739 5789 878 5844 alios
905 5789 972 5844 de
993 5789 1374 5861 episc0porum
1402 5790 1580 5845 causis
1612 5789 1719 5861 pri-

573 5887 846 5948 Ps'rttOL.
932 5884 1012 5946 X.

1819 4671 2152 4743 interpolare
2183 4671 2359 4741 potius
2401 4685 2569 4742 quam.
2589 4669 2880 4726 emendare
2906 4673 3190 4742 cupientes
3244 4675 3415 4747 (quod

1816 4782 1978 4837 supra
1997 4764 2142 4820 aliud
2167 4773 2389 4836 agentes
2420 4762 2749 4835 retulimus),
2775 4764 3103 4833 exemplaria
3125 4765 3244 4836 ejus
3263 4768 3420 4825 undi—

1816 4875 1921 4930 que
1949 4858 2194 4928 conquiri
2227 4864 2282 4912 et
2311 4853 2586 4924 corrogari
2636 4868 2731 4923 per
2772 4855 3093 4911 Martianum
3147 4860 3415 4916 notariutn

1816 4960 2076 5007 curarunt
2103 4948 2376 5022 (Athanas.
2401 4947 2465 5001 de
2487 4945 2687 5017 Synod.
2713 4963 2833 5018 pag.
2868 4946 3020 5020 904),
3056 4951 3420 5023 detractisque

1817 5041 2152 5106 consulibus,
2186 5040 2333 5093 velut
2362 5034 2511 5092 l‘ures
2538 5035 2732 5091 alienis
2779 5037 2985 5103 poculis
3012 5054 3175 5095 ansas
3201 5041 3419 5101 atiferre

1821 5137 2022 5199 solent,
2051 5132 2346 5202 paucisque
2375 5129 2577 5184 vnculis
2625 5131 2992 5196 commutatis,
3021 5134 3266 5190 eamdem
3297 5153 3421 5206 per-

1821 5231 2028 5295 fidiam,
2056 5230 2221 5283 immo
2247 5227 2408 5281 etiam
2435 5224 2783 5287 deteriorem,
2823 5222 2994 5279 bonos
3041 5225 3162 5283 ὶιιυε
3214 5229 3421 5301 legatos

1819 5341 1923 5397 qua
1957 5323 2031 5387 vi,
2059 5337 2161 5392 qua
2181 5319 2370 5376 fraude
2399 5334 2506 5374 non
2527 5321 2700 5373 Solum
2723 5333 2819 5372 sua
2851 5318 3255 5391 subscriptione
3291 5341 3416 5382 con-

1822 5417 2063 5478 ﬁrmare,
2095 5413 2189 5469 sed
2226 5413 2389 5468 etiam
2419 5413 2588 5482 ipsius
2634 5410 2874 5475 concilii,
2926 5413 3082 5480 enjus
3134 5433 3423 5485 personam

1825 5507 2196 5566 sustentabant
2211 5548 2224 5569 ,
2244 5507 2496 5560 damnata
2522 5502 2702 5558 verbis
2719 5503 2938 5558 disertis
2954 5512 3245 5575 sententia,
3263 5510 3426 5585 742

1827 5660 1972 5700 mum
1996 5640 2376 5708 inquirendum
2405 5653 2526 5694 esse
2553 5638 2940 5712 disceptantes,
2967 5645 3090 5712 quia
3116 5647 3307 5705 “nemo.
3325 5654 3428 5708 im.

1829 5712 2512 5840 peratorisbauerebantur,
2563 5710 2758 5781 quibus
2795 5725 2939 5768 nunc
2971 5710 3095 5784 hoc,
3129 5737 3271 5778 nunc
3299 5725 3427 5784 illud

1830 5799 2082 5840 ormcmtc
2123 5795 2196 5839 at.

1830 5799 2196 5861 pt‘tBCIpchal.

2877 5880 2958 5944 29
