3978 6196
549 252 654 316 907

1458 237 1527 300 ιΝ
1565 231 1990 297 FRAGMENTA
2026 228 2270 292 SANGTI
2313 228 2570 290 HILARII
2612 229 2920 290 EPISCOPI

3803 226 3900 283 9τέδὲ

550 382 674 422 cum
699 361 940 424 Ursacio,
972 355 1216 421 Valente,
1245 355 1567 424 eteterisque
1597 353 1882 418 abdicatis,
1902 360 2145 406 commu-
2177 350 2230 411 Α
2255 348 2441 416 cessit,
2475 349 2523 405 ei
2555 349 2840 418 praefuisse
2866 353 3145 417 appareat.
3182 344 3386 399 Verum
3421 349 3581 397 notat
3626 338 3892 404 laidttr.z$,

558 460 777 515 nionem
826 454 964 509 inire
989 449 1389 520 compulerunt,
1438 446 1710 517 iidemque
1753 445 1898 500 illam
1952 443 2032 498 sic
2072 443 2153 496 in—

558 548 906 620 terpolatam,
938 557 1046 613 quo
1065 539 1484 610 simplicioribus
1514 537 1868 592 similitudine
1919 534 2153 590 nominis

491 621 503 632 ’
557 645 918 711 imponerent,
944 635 1216 691 Nicenam
1238 631 1398 688 fidem
1438 639 1836 701 nuncuparunt.
1896 629 1960 683 Et
2008 635 2156 682 certe

555 737 645 807 qui
675 732 838 788 fidem
863 730 1031 795 illam,
1070 742 1230 799 quam
1261 716 1632 781 Ariminenses
1659 732 1840 794 patres
1886 722 2156 790 subscrip-

557 827 794 883 tionibus
815 824 928 879 suis
950 823 1253 893 approbare
1279 818 1543 888 compulsi
1563 825 1710 882 sunt,
1739 823 1801 870 ut
1822 813 1964 884 apud
1994 812 2159 867 Atha-

557 921 768 976 nasium
799 915 918 990 (lib.
949 915 1012 970 de
1042 911 1247 984 Synod.
1275 927 1394 981 pag.
1425 907 1554 980 875)
1578 916 1739 978 atque
1767 906 2156 975 Hieronymum

557 1022 738 1071 exstat
760 1009 930 1084 (Dial.
959 1008 1202 1063 adversus
1223 1004 1502 1074 Lucifer.),
1527 1001 1871 1058 contenderit
1894 1014 2015 1055 cum
2067 998 2158 1053 illa

558 1124 678 1180 qum
701 1103 954 1162 consules
971 1100 1180 1169 habuit,
1217 1097 1559 1170 perfidiorem
1590 1097 1640 1150 in
1673 1110 1738 1150 eo
1767 1094 1986 1158 sentiet,
2017 1089 2160 1162 quod

561 1200 669 1256 duo
695 1199 784 1253 illa
829 1193 1113 1260 vocabula,
1145 1208 1236 1263 per
1266 1191 1461 1256 omnia,
1505 1203 1626 1258 quae
1658 1187 1856 1241 Valens
1902 1188 1980 1257 (ut
2023 1183 2162 1238 testis

563 1303 641 1348 est
686 1288 1012 1362 Epiphanius
1054 1282 1300 1354 Itan“)
1349 1281 1548 1336 invitus
1594 1279 1906 1343 admiserat,
1960 1277 2010 1330 iu
2061 1275 2184 1330 ista‘

561 1384 834 1441 subtracta
866 1390 1007 1445 sunt,
1035 1386 1232 1433 caetera
1275 1376 1492 1447 penitus
1536 1372 1791 1428 similem.
1836 1367 2166 1424 Athanasius

563 1475 649 1549 (de
681 1473 882 1546 Synod.
917 1488 1038 1543 pag.
1063 1468 1192 1540 905)
1219 1465 1481 1538 ejusmodi
1512 1463 1987 1532 interpolationem
2027 1474 2163 1514 con-

561 1569 688 1625 cilio
703 1562 1324 1633 Constantinopolitano,
1349 1557 1493 1630 quod
1518 1565 1639 1627 post
1653 1555 2003 1612 Seleuciense
2031 1553 2167 1606 Aca-

564 1658 705 1716 ciani
734 1663 1050 1727 coegerunt,
1082 1651 1290 1708 tribuit.
1321 1648 1476 1717 Quod
1501 1647 1549 1703 si
1567 1656 1673 1712 est,
1707 1661 1813 1702 non
1841 1645 2001 1699 video
2031 1656 2166 1711 quo-

2259 443 2360 498 hoc
2390 443 2676 497 concilium
2708 441 3038 495 celebratum
3061 439 3222 493 fuisse
3249 453 3357 492 tera
3391 434 3521 500 428;
3549 435 3693 488 haec
3721 447 3890 487 autem

2258 550 2364 590 tera
2397 535 2447 588 itt
2476 550 2676 590 annum
2707 532 2913 588 Christi
2959 532 3067 588 590
3111 529 3318 594 incidit,
3349 529 3436 584 cui
3479 543 3644 582 anno
3705 525 3893 578 V'aleno

2261 629 2520 685 tinianum
2538 645 2590 684 tv
2608 626 3013 691 etNeoterium,
3040 640 3146 680 non
3159 623 3557 687 Theodosium,
3585 636 3759 676 coss.
3790 621 3895 678 fasti

2259 723 2554 793 assignant.
2584 721 2688 776 Pro
2721 720 3028 776 Theodosio
3083 719 3245 790 igitur
3293 715 3627 772 Neoterium
3699 717 3894 770 susbti-

2265 814 2526 871 tuendum
2551 828 2695 881 esse,
2728 828 2889 868 nemo
2912 821 2995 867 est
3023 811 3114 882 qui
3139 826 3244 865 non
3274 809 3474 865 videat.
3511 807 3777 865 Genetlii
3805 824 3894 862 δυσ

2264 918 2372 964 tem
2398 922 2594 963 nomen
2628 915 2844 962 veteres
2892 904 3012 960 libri
3061 903 3315 976 omnibus
3362 902 3499 956 locis
3548 900 3798 965 habent,
3849 904 3895 956 in

2264 1001 2458 1072 quibus
2498 1000 2840 1055 coalescente
2881 997 3060 1053 littera
3112 1007 3129 1050 t
3183 1011 3304 1051 cum
3360 995 3400 1061 l,
3429 993 3742 1049 Genedium
3772 993 3897 1049 editi

2264 1093 2543 1148 exhibent.
2613 1092 2679 1147 Et
2739 1105 2946 1146 canone
2997 1105 3034 1144 ιι
3086 1089 3245 1156 huius
3285 1087 3518 1143 Concilii
3551 1129 3566 1152 ,
3629 1102 3755 1156 quo
3801 1087 3896 1141 loci

2268 1185 2518 1251 habetur,
2561 1183 2800 1238 Aurelius
2830 1182 3116 1255 EpiscOpus
3147 1182 3299 1244 dixit,
3322 1179 3485 1235 iidem
3519 1178 3651 1235 libri
3689 1179 3896 1248 legunt,

2271 1276 2562 1348 Epigonius
2587 1275 2879 1347 Episcopus
2901 1273 3165 1329 Bullensis
3191 1274 3459 1344 regiorum
3485 1272 3653 1327 dixit.
3693 1273 3894 1338 Quinto

2271 1369 2396 1424 item
2427 1378 2480 1425 et
2509 1384 2559 1423 vr
2614 1384 2822 1424 canone
2855 1383 2951 1438 pro
2981 1366 3202 1422 Aurelio
3247 1366 3558 1422 Genetlium
3607 1365 3891 1420 scribunt.

2270 1461 2477 1529 Quibus
2503 1460 2980 1524 eniendatis,nihil
3005 1468 3255 1530 superest
3302 1459 3448 1514 unde
3503 1457 3628 1529 ejus
3671 1467 3892 1513 contro-

2271 1555 2446 1609 versia
2476 1552 2640 1626 743
2671 1554 2880 1609 moveri.
2931 1565 3112 1624 queat.
3160 1552 3254 1606 His
3301 1552 3466 1607 etiam
3519 1552 3888 1621 adstipulatur

2273 1647 2592 1718 Fulgentius
2615 1647 2921 1703 Ferrandus
2953 1646 3400 1718 Cartliaginensis
3451 1647 3730 1702 diaconus
3757 1689 3771 1712 ,
3803 1664 3886 1700 cu-

565 1749 731 1808 modo
769 1763 893 1803 mra:
943 1747 1086 1802 inter
1131 1759 1190 1799 se
1244 1758 1351 1797 non
1397 1740 1725 1808 discrepent.
1781 1736 2165 1806 Fragmentum
2199 1738 2356 1810 Bjus
2378 1739 2638 1794 Breviarii
2681 1755 2947 1794 canonum
2999 1754 3120 1810 cap.
3171 1738 3277 1795 194
3357 1739 3473 1794 hsce
3523 1739 3699 1794 verba
3752 1746 3882 1801 sunt,

565 1842 712 1900 enim
743 1838 952 1896 Niczeni
982 1833 1366 1902 conventiculi,
1399 1830 1541 1902 quod
1589 1831 1675 1885 hic
1717 1828 1895 1885 editur
1924 1824 2165 1899 (Fragm.

566 1950 684 1998 vni.
707 1951 763 1988 η.
795 1931 876 2002 5),
901 1940 1085 1986 actum
1112 1927 1278 1982 fuisse
1293 1918 1437 1980 'iilud
1458 1922 1892 1979 conventiculum
1946 1934 1998 1973 vr
2051 1918 2172 1972 idus

568 2027 832 2094 Octobris,
865 2023 1055 2080 iisdem
1086 2021 1324 2077 Eusebio
1370 2030 1425 2075 et
1465 2018 1696 2090 Hypatio
1725 2005 2040 2071 consulibus
2092 2014 2174 2068 in-

569 2122 718 2179 dicat
761 2118 908 2193 (nisi
964 2119 1190 2172 fortasse
1245 2116 1298 2169 in
1355 2112 1617 2183 temporis
1669 2109 2042 2180 designatione
2072 2104 2175 2178 (a)

577 2211 834 2270 mendum
865 2209 1187 2278 obrepserit,
1237 2204 1450 2276 legique
1497 2218 1546 2257 vi
1596 2201 1720 2256 ldus
1761 2200 2023 2256 Novemb.
2073 2197 2174 2252 de-

573 2304 740 2376 beat)
765 2323 778 2371 ;
808 2303 1156 2360 Seleuciense
1183 2314 1312 2354 vero
1336 2299 1640 2354 Concilium
1671 2297 1861 2368 quinto
1880 2295 1980 2350 cal.
2013 2293 2175 2348 Octo-

575 2401 692 2458 bris
719 2400 1041 2468 incoeptum,
1091 2393 1498 2464 locupletissimi
1547 2402 1672 2448 sunt
1723 2399 1892 2446 testes
1933 2387 2170 2442 Athana-

571 2493 706 2561 sius,
739 2499 794 2547 et
819 2487 963 2561 apud
983 2486 1264 2544 Socratem
1301 2484 1537 2540 Sabinus
1567 2482 1680 2556 (tib.
1714 2498 1774 2546 ιι,
1817 2497 1865 2536 c.
1918 2478 2032 2550 59).
2058 2478 2176 2532 Non

567 2586 676 2642 fert
727 2591 904 2640 autem
942 2581 1182 2636 locorum
1213 2577 1489 2641 distantia,
1539 2577 1623 2631 vel
1668 2575 1867 2646 negotii
1912 2571 2175 2633 conditio,

573 2676 744 2747 utqui
788 2660 1054 2731 Seleuciae
1079 2670 1295 2726 lsaurire
1325 2669 1488 2724 vcal.
1534 2667 1716 2722 octob.
1771 2665 1992 2730 fuerint,
2039 2664 2178 2718 intra

572 2785 634 2825 Vl
665 2769 787 2824 idus
811 2763 1056 2837 ejusdem
1099 2761 1307 2819 mensis
1341 2759 1841 2831 Constantinopolis
1887 2756 2178 2814 concilium

573 2859 890 2924 habuerint,
918 2871 984 2914 ac
1013 2854 1367 2926 pet-fecerint.

655 2956 746 3011 29.
781 2951 1012 3021 Quinam
1035 2961 1216 3006 autem
1247 2948 1322 3003 illi
1353 2947 1716 3003 Ariminensis
1742 2947 1957 3004 concilii
1986 2947 2050 3003 ad
2072 2946 2178 3001 lm-

571 3058 885 3123 peratorem
906 3044 1093 3118 legati,
1128 3043 1214 3098 vel
1249 3042 1404 3112 cujus
1451 3042 1505 3096 in
1552 3041 1795 3098 Ecclesia
1842 3040 2039 3112 gradus
2089 3048 2183 3094 aut

2281 1851 2300 1885 ι
2351 1842 2407 1886 ιιι
2430 1833 2518 1902 qui
2550 1830 2817 1903 aliquibus
2846 1831 3148 1888 sceleribus
3174 1830 3414 1886 irretitus
3437 1841 3554 1896 est,
3579 1846 3780 1886 vocem
3804 1846 3883 1884 ac-

2275 1925 2504 1979 cusandi
2537 1937 2642 1978 non
2675 1923 2888 1990 habeat,
2942 1923 3148 1978 Concil.
3194 1922 3381 1978 Carth.
3412 1923 3514 1978 sub
3545 1929 3748 1978 sancto
3795 1921 3885 1977 Ge-

2275 2017 2442 2072 netlio
2467 2017 2546 2070 tit.
2579 2032 2627 2069 vr
2670 2033 2688 2068 ι
2717 2004 2858 2086 quod
2889 2016 2942 2071 in
2975 2019 3096 2080 hoc,
3124 2015 3189 2070 de
3213 2030 3319 2086 quo
3364 2016 3602 2088 agimus,
3663 2015 3883 2069 concilio

2275 2123 2482 2166 canone
2521 2124 2572 2163 vr
2597 2117 2793 2164 exstat.
2836 2107 2946 2164 Sed
2972 2108 3088 2163 hac
3115 2110 3397 2164 hactenus.

2349 2205 2409 2260 3i
2428 2246 2441 2258 .
2478 2201 2555 2258 De
2581 2202 2821 2258 Musonio
2849 2213 2894 2257 et
2917 2203 2980 2256 de
3009 2201 3365 2258 Restituto.—
3379 2187 3490 2258 Soli
3515 2217 3651 2272 ergo
3675 2199 3879 2265 Gratus,

2277 2307 2335 2352 ut
2358 2295 2500 2351 unde
2545 2296 2771 2367 digressi
2795 2310 2980 2350 sumus
2998 2306 3358 2362 revertamur,
3391 2300 3448 2351 et
3473 2293 3763 2351 Genetlius
3789 2294 3878 2347 iste

2278 2388 2726 2458 Carthaginensis
2773 2388 3014 2458 episcopi
3070 2388 3213 2444 circa
3261 2387 3478 2443 concilii
3525 2385 3881 2442 Ariminensis

2286 2494 2550 2554 tempusa
2593 2482 2951 2552 scriptoribus
2996 2491 3386 2538 memorantur.
3441 2480 3780 2536 Athanasius
3833 2479 3877 2530 in

2281 2576 2507 2645 epistola
2534 2575 2600 2629 ad
2625 2575 2911 2645 episcopos
2942 2575 3136 2630 Africae
3165 2591 3229 2630 ex
3266 2590 3455 2631 eorum
3512 2575 3878 2646 cpisc0poruni

2281 2681 2508 2721 numero
2539 2666 2724 2737 plures
2755 2666 3083 2722 Ariminensi
3114 2667 3345 2722 concilio
3373 2664 3690 2720 interfuisse
3721 2664 3877 2718 tacitis

2283 2770 2460 2815 tamen
2493 2761 2798 2816 nominibus
2823 2761 3080 2831 prodidit.
3105 2761 3472 2831 Hieronymus
3500 2769 3690 2816 contra
3729 2759 3875 2815 Luci-

2283 2852 2526 2909 ferianos
2580 2854 2884 2909 Musonium
2927 2855 3203 2911 Bizacena:
3255 2857 3549 2926 provinciae
3596 2855 3873 2908 antistitem

2290 2947 2554 3015 nominat,
2582 2949 2665 3002 cui
2702 2948 2902 3018 primas
2935 2949 2987 3002 in
3011 2964 3073 3004 ea
3105 2948 3314 3020 synodo
3333 2958 3558 3020 propter
3583 2957 3790 3002 aetatem
3817 2946 3875 2999 ab

2293 3040 2545 3095 omnibus
2569 3039 2777 3095 delatas
2813 3040 3019 3096 scribit.
3073 3040 3400 3112 Corruptum
3434 3040 3583 3096 enim
3606 3050 3712 3107 est,
3749 3037 3875 3106 quod

571 3139 852 3212 dignitatis
894 3135 1221 3201 exstiterint,
1255 3150 1362 3190 non
1395 3132 1552 3189 facile
1579 3143 1752 3189 estex
1787 3133 2030 3189 historiis
2081 3131 2178 3186 de-
2207 3129 2253 3194 C
2286 3147 2478 3188 omnes
2532 3132 2798 3188 editiones
2843 3134 3046 3204 legunt,
3091 3133 3381 3188 Bizantinte
3409 3133 3724 3204 provinciis;
3781 3145 3871 3185 non

575 3231 939 3305 prehendere,
970 3243 1092 3284 cuin
1116 3227 1200 3281 vix
1242 3224 1386 3282 nuda
1415 3240 1601 3280 eorum
1628 3225 1844 3279 nomina
1877 3233 2178 3280 teneamus.

575 3324 739 3383 solus
771 3322 1074 3378 Restitutus
1098 3317 1536 3388 Carthaginensis
1582 3318 1871 3385 episcopus
1921 3315 2178 3380 refertur,

573 3415 668 3488 qui
697 3425 880 3470 tamen
905 3421 960 3467 et
985 3411 1104 3482 ipse
1125 3409 1363 3478 antiquis
1385 3407 1696 3462 auctoribus
1747 3406 2019 3476 ignobilis.
2053 3406 2183 3471 Nam

578 3514 779 3579 praeter
807 3502 1056 3569 Gratum,
1091 3516 1250 3571 quem
1283 3498 1592 3556 Sardicensi
1629 3498 1859 3554 concilio
1886 3498 2183 3564 adstitisse,

583 3601 922 3671 primumque
947 3594 1090 3667 quod
1113 3593 1352 3649 lsidorus
1381 3591 1648 3647 Mercator
1700 3601 1855 3648 vocat
1904 3591 2185 3664 Carthagi-

579 3707 751 3749 nense
780 3689 1072 3748 concilium
1126 3687 1397 3757 coegisse,
1445 3701 1512 3740 ex
1561 3685 1875 3740 eorumdem
1921 3686 2186 3756 concilio.

579 3799 701 3839 rum
732 3781 868 3837 actis
897 3789 954 3836 et
977 3777 1276 3834 Athanasio
1296 3777 1620 3840 didicimus;
1653 3790 1707 3832 et
1734 3777 2064 3846 Genetlium,
2097 3777 2188 3834 cui

581 3872 844 3929 successit
863 3871 1008 3926 circa
1031 3884 1235 3924 annum
1254 3867 1456 3922 Christi
1501 3869 1608 3924 590
1661 3869 1934 3938 Aurelius,
1989 3872 2190 3926 nullius

582 3965 809 4021 alterius
833 3962 1096 4038 episcopi,
1129 3962 1219 4031 qui
1249 3959 1391 4016 circa
1429 3960 1546 4016 IIth
1575 3970 1818 4033 tempora
1861 3961 2190 4036 Carthagine

593 4059 819 4126 sederit,
843 4065 1026 4116 exstat
1045 4056 1332 4112 memoria.

666 4153 758 4210 '50.
807 4150 881 4205 De
930 4149 1148 4204 concilio
1173 4145 1476 4218 Cartltagin.
1504 4189 1519 4212 ,
1551 4147 1642 4201 sub
1669 4145 1920 4202 Genetfio.
1951 4179 2023 4188 —
2055 4149 2193 4218 Quin

591 4248 755 4306 etiam
789 4246 960 4316 ipsius
1001 4242 1238 4312 Genetlii
1285 4253 1432 4311 pene'
1464 4243 1860 4313 exscriptornm
1920 4244 2050 4298 vitio
2103 4258 2199 4297 no-

599 4356 727 4398 men
757 4339 1126 4394 oblitteratum
1158 4345 1244 4390 est
1272 4351 1338 4390 ex
1366 4335 1604 4391 secundo
1627 4336 1871 4405 ejusdem
1899 4337 2050 4392 urbis
2068 4354 2201 4392 con-

590 4431 740 4497 cilio,
768 4428 909 4501 quod
937 4429 1056 4499 ejus
1085 4429 1250 4482 ductu
1283 4436 1461 4483 tamen
1485 4437 1540 4483 et
1569 4429 1824 4498 auspiciis
1845 4440 1930 4486 est
1952 4440 2197 4501 gestum;

2287 3228 2430 3282 enim
2449 3225 2904 3297 quemadmodum
2927 3226 3126 3293 Grtnci,
3161 3229 3232 3283 ita
3260 3239 3314 3283 et
3336 3227 3510 3282 Latini
3544 3243 3607 3282 ea
3636 3225 3870 3280 vocabula

2293 3335 2518 3390 usquam
2543 3319 2903 3376 confundunt.
2939 3321 3201 3377 Bizacena
3224 3336 3356 3376 vero
3385 3321 3505 3392 ejus
3529 3319 3744 3382 Africa},
3769 3333 3870 3388 quae

2289 3411 2621 3468 Occidentali
2647 3414 2874 3483 imperio
2901 3414 3098 3470 tributa
3123 3413 3243 3480 fuit,
3277 3413 3551 3485 provincia
3585 3424 3689 3480 est,
3718 3410 3865 3466 Piinio

2291 3505 2726 3576 geographisque
2756 3506 2952 3561 eximia
3005 3507 3284 3564 fertilitate
3335 3523 3455 3563 eum
3497 3517 3722 3562 centena
3744 3505 3868 3574 fruge

2293 3597 2546 3668 agricolis
2572 3597 2748 3654 fanus
2781 3598 3047 3654 reddente
3100 3600 3322 3664 nobilis,
3356 3599 3514 3671 cujus
3535 3601 3659 3655 etin
3681 3597 3866 3653 concilii

2295 3690 2565 3746 Africanis
2591 3707 2698 3746 non
2722 3692 2889 3747 semel
2920 3693 2978 3746 fit
3009 3693 3235 3748 mentio.
3270 3693 3501 3748 Musonii
3539 3694 3699 3748 etiam
3745 3693 3866 3746 senis

2296 3781 2574 3838 Bizacenaa
2598 3783 2888 3853 provincia:
2931 3785 3117 3854 prima:
3144 3787 3290 3840 sedis
3307 3783 3553 3856 episcopi
3577 3784 3766 3838 mentio
3786 3783 3865 3836 lia-

2299 3877 2456 3932 betur
2476 3877 2706 3931 concilio
2734 3877 3146 3949 Cartliaginensi
3177 3877 3361 3932 habito
3393 3878 3531 3934 idib.
3574 3878 3731 3947 Aug.,
3783 3877 3863 3928 At-

2300 3970 2408 4026 tico
2428 3978 2482 4024 et
2507 3968 2745 4025 Caesario
2766 3971 3102 4036 consulibus,
3143 3986 3285 4025 anno
3315 3969 3520 4026 Christi
3576 3969 3677 4024 597
3725 3983 3857 4039 quem

2301 4069 2482 4117 tamen
2512 4061 2761 4118 eumdem
2786 4077 2909 4118 esse
2937 4078 3058 4118 cum
3106 4079 3172 4117 eo
3215 4061 3286 4118 de
3338 4079 3446 4133 quo
3468 4062 3676 4132 agimus
3704 4074 3864 4132 perne-

2303 4169 2508 4225 garein,
2541 4155 2644 4209 nisi
2673 4171 2834 4224 supra
2870 4155 3193 4212 vidissemus
3215 4155 3407 4210 Osium
3449 4170 3634 4210 senem
3682 4155 3863 4208 Nicaeae

2303 4248 2535 4303 concilio
2565 4248 2846 4318 praefuisse
2870 4292 2884 4316 ,
2919 4250 3280 4321 eamdemque
3322 4250 3608 4306 Sirmiensi
3645 4249 3862 4312 concilio,

2305 4340 2449 4410 quod
2483 4341 2696 4412 triginta
2725 4355 2779 4396 et
2808 4342 2950 4412 quod
2980 4344 3239 4410 excurrit,
3275 4344 3433 4397 annis
3465 4350 3648 4413 postea
3689 4351 3862 4414 gestum

2307 4446 2414 4498 est,
2445 4437 2757 4491 centenario
2781 4437 3040 4506 majorem
3068 4436 3368 4504 adstitisse,
3395 4447 3559 4507 atque
3595 4435 3658 4492 ad
3697 4450 3860 4490 annum

593 4535 655 4583 ιιι
693 4540 800 4580 non
823 4523 1024 4592 absque
1046 4521 1278 4585 ratione,
1329 4520 1545 4590 quando
1577 4521 1706 4576 illud
1747 4522 1988 4577 habitum
2041 4523 2204 4578 fuerit
2231 4524 2285 4586 D
2309 4528 2510 4584 Christi
2531 4529 2640 4584 360
2673 4531 3004 4598 pervenisse.
3033 4529 3287 4584 Restituti
3316 4539 3496 4586 autem
3544 4529 3765 4600 episcopi
3789 4542 3862 4601 par

595 4630 653 4680 et
674 4638 700 4674 a
730 4635 858 4692 quo,
888 4617 1105 4673 maximi
1137 4617 1235 4671 viri
1263 4626 1506 4686 qurerant
1531 4633 1545 4668 :
1573 4632 1680 4686 quo
1707 4619 1922 4687 negotio
1942 4619 1984 4673 si
2008 4633 2070 4673 ει
2104 4634 2195 4674 ve-

598 4715 806 4772 teribus
828 4712 978 4768 libris
1000 4725 1095 4766 eos
1119 4709 1541 4780 expedierimns,
1574 4711 1782 4764 auctori
1814 4726 1912 4765 suo
1934 4710 2065 4765 illud
2117 4711 2196 4780 ip-

600 4824 726 4864 sum
751 4814 1084 4869 asserentes,
1107 4818 1328 4873 operam
1356 4803 1584 4857 fortasse
1610 4803 1712 4858 hoc
1733 4804 1957 4857 exordio
1980 4820 2082 4858 non
2117 4805 2200 4859 lu-

601 4902 854 4958 serimus.
889 4898 1019 4954 Tria
1044 4904 1172 4952 sunt
1199 4904 1402 4962 autem,
1437 4909 1656 4966 propter
1675 4913 1794 4966 quas
1841 4897 1970 4951 illud
2014 4898 2199 4953 conci-

609 4995 742 5051 lium
766 4989 1209 5047 controvertitur.
1244 4988 1504 5054 Primum,
1537 4989 1662 5056 quia
1691 4989 2019 5044 celebratum
2063 4991 2201 5046 diei-

610 5098 696 5142 tur
729 5083 1108 5140 Valentiniano
1138 5098 1190 5136 tv
1215 5092 1267 5135 et
1292 5080 1599 5136 Theodosio
1655 5096 1798 5136 coss.
1856 5098 1977 5138 cum
2030 5094 2210 5138 tamen

609 5176 1022 5234 Valentinianus
1071 5172 1254 5229 senior
1285 5188 1407 5227 cum
1432 5172 1738 5228 Theodosio
1760 5173 1975 5244 Imperii
2004 5176 2209 5246 collega

608 5271 947 5329 consulatum
969 5267 1206 5338 gessisse
1231 5282 1491 5336 nusquam
1519 5266 1758 5337 legatur:
1788 5267 2043 5334 alterum,
2066 5271 2207 5338 quod

605 5366 658 5421 in
684 5380 750 5420 eo
779 5361 1014 5418 Cenetiii.
1035 5376 1230 5416 nomen
1264 5376 1368 5415 non
1407 5359 1670 5415 habeatur
1697 5377 1709 5414 :
1746 5363 1962 5416 tertium
1987 5377 2049 5417 ac
2079 5379 2205 5432 pos-

605 5465 874 5522 tremum,
899 5452 1039 5524 quod
1069 5452 1317 5508 Aurelius
1343 5452 1652 5522 episcopus,
1682 5454 1771 5523 qui
1802 5452 2053 5510 Genetl-io
2085 5470 2207 5512 suc-

683 5593 758 5663 (a)
780 5589 1027 5663 blandum
1057 5605 1163 5663 non
1191 5590 1433 5663 obrepsit
1459 5609 1471 5642 :
1512 5590 1608 5646 scd
1636 5605 1760 5663 cum
1816 5592 2200 5650 Constantino-

613 5659 722 5731 poli
742 5659 1042 5729 subscripta
1091 5661 1160 5713 sit
1198 5659 1448 5731 formula,
1485 5677 1603 5730 qum
1625 5661 1818 5717 Nicaeae
1866 5665 1917 5718 in
1972 5665 2204 5721 Thracia

614 5730 755 5785 eum
783 5742 890 5784 erat
926 5730 1466 5800 ;Constantinopolit.
1503 5733 1767 5802 synodum
1812 5735 2094 5792 Sirtniensi
2147 5739 2207 5790 fi-

2301 4621 2441 4689 apud
2471 4637 2660 4677 omnes
2704 4623 2998 4678 silentium.
3032 4622 3146 4678 Nisi
3171 4622 3401 4678 fortasse
3428 4623 3646 4679 basilica
3671 4622 3757 4695 (ιτ.
3783 4624 3862 4674 Au-

2303 4725 2437 4789 gust.
2473 4716 2642 4770 Serm.
2674 4717 2763 4784 19,
2809 4730 2916 4771 not.
2958 4735 2989 4771 a
3021 4721 3038 4787 )
3067 4717 3331 4771 Restitute
3379 4719 3640 4788 Perpetua
3674 4715 3860 4771 Cartha-

2303 4811 2450 4881 gine,
2482 4811 2534 4864 in
2567 4819 2680 4880 qua"
2702 4826 2807 4865 non
2830 4827 2933 4866 una
2957 4812 3196 4883 synodus
3249 4813 3427 4867 habita
3459 4821 3562 4877 est,
3592 4811 3655 4868 ab
3681 4813 3767 4865 hoc
3792 4811 3859 4880 qui

2308 4903 2363 4956 in
2395 4904 2693 4971 qumstioae
2729 4914 2808 4957 est
2841 4903 3132 4967 Restituto,
3209 4903 3258 4956 in
3314 4904 3576 4958 honorem
3630 4904 3859 4974 Perpetua:

2313 4994 2567 5064 martyris
2588 4992 2849 5049 aedificata
2879 5011 3076 5051 nomen
3124 4997 3426 5064 acceperit;
3460 4995 3858 5066 quemadmodum

2318 5087 2592 5142 basilicam
2623 5087 2822 5143 ibidem
2847 5088 2914 5142 ab
2937 5088 3159 5144 Aurelio
3189 5088 3466 5160 episcopo,
3490 5088 3584 5158 qui
3613 5099 3663 5144 et
3684 5088 3858 5144 Florens

2317 5179 2617 5246 dicebatur,
2649 5191 3016 5238 constructam
3049 5185 3101 5236 in
3130 5182 3246 5252 ejus
3298 5181 3530 5251 gratiam
3581 5179 3856 5238 Florentiam

2315 5277 2752 5345 cognominatam
2787 5318 2801 5341 ,
2834 5293 2898 5332 ex
2934 5277 3211 5331 Sermonis
3267 5275 3326 5329 Β.
3387 5275 3523 5346 Aug.
3581 5275 3673 5347 (V.
3722 5274 3852 5329 Serm.

2315 5368 2533 5442 August.
2567 5371 2694 5435 359,
2725 5382 2771 5425 et
2803 5381 2976 5425 notam
2997 5372 3044 5433 ὁ.
3067 5389 3187 5444 pag.
3224 5368 3386 5442 MUS)
3421 5379 3541 5441 post
3571 5370 3855 5427 collationem

2313 5464 2368 5519 in
2419 5465 2661 5535 ejusdem
2728 5467 2966 5522 basilicae
3009 5465 3346 5520 dedicatione
3407 5465 3576 5520 habiti
3617 5463 3856 5534 fragmento

2312 5601 2397 5675 dei
2430 5619 2535 5675 non
2596 5605 2812 5659 stetisse
2851 5619 2980 5659 vere
3029 5603 3165 5658 dixit
3218 5603 3570 5670 Athanasius,
3616 5602 3853 5675 prmserlim

2313 5673 2400 5729 ubi
2429 5673 2628 5730 Nicaeni
2659 5675 3028 5731 conventiculi
3054 5690 3158 5730 non
3182 5675 3446 5730 meminit.
