3978 6196
62 328 169 391 ϋϋθ

1277 311 1553 373 NICOLAI
1584 310 1793 371 FABIll
1831 307 2222 370 PR/EFATIO.

3266 300 3371 361 910

65 438 271 508 insigni
308 434 542 492 nondum
571 433 715 489 edito
751 429 1057 488 didicimus.
1099 428 1351 500 Quisquis
1382 437 1560 482 autem
1589 420 1672 479 vel
1705 425 1752 486 Α
1779 423 2133 495 abnegatlmre
2181 419 2340 478 verba
2393 418 2593 477 faciens
2635 418 2852 491 egregie
2892 417 3101 484 scribit,
3142 436 3161 471 ι
3199 415 3373 474 Etiam

66 534 382 590 ReStitutns
407 531 498 586 ille
531 529 689 585 fuerit
716 569 732 594 ,
766 526 853 584 vel
875 526 1057 582 caeteri
1085 539 1206 580 cum
1237 539 1302 579 eo
1326 522 1391 577 ad
1439 522 1678 591 impera-

73 638 249 681 torem
305 641 335 680 a
380 622 587 697 synodo
633 621 903 693 delegati,
948 619 1105 687 plane
1159 618 1344 688 quales
1393 632 1417 668 a
1471 616 1678 670 Severo

72 720 183 790 (ιώ.
219 734 261 773 ιι
301 716 439 771 llist.
466 712 629 785 sacr.)
656 711 911 783 descripti
946 720 1109 778 sunt,
1140 724 1260 766 sese
1306 706 1682 763 adolescentes

76 826 268 881 parum
296 809 509 873 doctos,
542 820 834 878 parumque
856 810 1043 859 cautos
1071 802 1202 858 satis
1236 815 1507 870 superque
1552 812 1676 868 pro-

76 903 360 967 diderunt,
388 916 509 957 cum
528 897 763 954 mandati
790 897 926 977 fines
947 893 1337 967 praetergressi,
1360 890 1526 947 immo
1553 906 1684 946 con-

81 1010 159 1056 tra
189 1002 378 1071 ipsum
423 995 733 1053 mandatum
764 1036 777 1059 ,
828 1009 898 1048 ne
942 1005 1049 1063 quo
1102 987 1263 1045 modo
1303 1003 1425 1043 eum
1468 985 1683 1041 Arianis

78 1090 527 1148 ctuntnunionem
560 1087 777 1148 inirent,
810 1094 927 1139 acta
954 1081 1125 1155 ipsius
1171 1079 1387 1154 synodi,
1433 1077 1687 1133 admissis

82 1188 133 1241 in
155 1184 605 1241 communionem
638 1197 774 1253 quos
807 1179 891 1235 illa
918 1179 1179 1249 reiecerat
1204 1174 1497 1242 btcrelicis,
1522 1172 1689 1228 resci-

81 1277 311 1333 derunt.

154 1372 247 1427 52.
289 1368 427 1426 Dum
456 1369 571 1425 hmc
597 1378 775 1424 autem
807 1367 860 1420 in
890 1362 1123 1422 Thracia
1157 1368 1440 1435 geruntur,
1482 1361 1688 1416 interea

85 1464 191 1520 loci
235 1464 331 1536 qui
373 1462 674 1519 Ariminum
733 1466 1130 1522 convenerant,
1186 1465 1291 1512 tam
1348 1466 1512 1511 reetze
1565 1451 1688 1508 ﬁdei

94 1574 257 1629 quam
292 1555 509 1613 Ariante
536 1552 774 1627 perﬁdia:
800 1551 1065 1625 episcopi,
1111 1544 1412 1619 legatorum
1470 1560 1690 1602 suorum

89 1652 330 1707 reditum
357 1658 672 1722 exspectare
698 1642 832 1720 jussi
863 1662 890 1699 a
912 1644 1093 1699 Tauro
1116 1640 1370 1713 prtefecto
1415 1636 1690 1710 prmtorio,

92 1746 173 1803 cui
207 1745 511 1816 injunctnm
545 1741 741 1811 fuerat,
788 1755 856 1795 ne
903 1737 1163 1795 collectos
1214 1741 1339 1790 ante
1399 1732 1697 1788 dimitteret

1781 515 1961 587 lapsus
1984 526 2293 571 sanctorum
2336 512 2482 571 utilis
2511 522 2594 570 est
2620 532 2631 567 :
2662 513 2792 568 nihil
2823 512 2951 568 mihi
3001 513 3185 568 nocuit
3234 512 3377 582 quod

1782 610 1996 680 negavit
2024 608 2235 673 Petrus,
2264 609 2462 680 profuit
2485 608 2627 678 quod
2649 605 2954 663 emendavit
2979 623 2991 660 :
3022 606 3183 662 didici
3208 607 3382 663 vitare

1782 703 2048 773 colloquia
2073 701 2419 773 perﬁdorum.
2455 723 2473 755 ι
2498 702 2755 774 (Ambros.
2778 700 2866 755 lib.
2894 719 2923 754 χ
2945 701 2999 755 in
3020 698 3148 755 Luc.
3174 717 3229 755 η.
3258 696 3382 772 89.)

1783 794 1927 851 Idem
1953 808 2144 854 auctor
2161 796 2287 851 alibi
2325 805 2510 853 monet
2549 794 2920 852 adversarium
2943 804 3161 873 sanctos
3200 795 3252 849 in
3282 780 3382 850 sua

1786 889 1979 946 damna
2014 900 2220 946 tentare
2240 890 2529 962 aliquando
2558 890 2698 961 cogi.
2737 910 2755 942 ι
2793 891 2927 945 Dum
2954 890 3098 946 enim
3130 897 3321 956 tentat,
3355 908 3375 943 ι

1788 983 2081 1056 subjungit,
2117 1003 2135 1037 t
2173 985 2425 1040 meliores
2448 980 2643 1051 reddit,
2696 993 2753 1039 ttt
2804 984 2891 1053 qui
2932 989 3166 1039 tentatur
3217 980 3387 1054 possit

1789 1080 1925 1136 alios
1955 1080 2261 1146 instituere,
2286 1079 2374 1149 qui
2407 1077 2508 1132 sibi
2540 1078 2639 1148 ipsi
2664 1074 2932 1132 invalidus
2957 1072 3254 1132 videbatur.
3285 1075 3384 1129 De-

1790 1172 1954 1243 nique
1983 1169 2176 1226 Pe‘trns
2197 1168 2452 1225 Ecclesiae
2486 1169 2845 1239 praeponitur,
2900 1180 3179 1239 pOSIquam
3211 1184 3239 1221 a
3271 1166 3384 1222 dia.

1792 1262 1919 1320 bolo
1950 1272 2187 1320 tentatus
2210 1273 2309 1320 est.
2348 1282 2367 1315 ι
2400 1256 2473 1318 lla
2502 1277 2607 1318 non
2656 1262 2831 1318 solum
2883 1262 3025 1331 aliis,
3076 1261 3171 1318 sed
3225 1261 3389 1317 etiam

1792 1356 1859 1414 iis
1879 1359 1969 1430 qui
2004 1358 2089 1413 illa
2113 1356 2472 1422 committunt,
2505 1367 2562 1412 ut
2597 1372 2693 1412 sua
2718 1366 2936 1427 peccata
2983 1356 3121 1412 bene
3169 1355 3389 1424 cedant,

1790 1453 2056 1508 immensa
2086 1450 2176 1507 Dei
2225 1450 2524 1521 benignitas
2550 1446 2733 1505 efﬁcit.
2779 1446 2905 1504 llrec
2950 1448 3097 1504 enim
3144 1458 3291 1515 sunt,
3324 1448 3393 1502 ad

1795 1558 1914 1611 qu-e
1942 1557 2097 1597 mens
2120 1542 2349 1596 humana
2382 1540 2684 1611 pertingere
2712 1553 2815 1594 non
2842 1547 3020 1611 potest
3045 1534 3239 1594 divina:
3272 1556 3392 1609 [πο.

1796 1632 2050 1688 videmiae
2105 1632 2388 1697 miracula,
2419 1630 2597 1685 omnia
2646 1616 2747 1700 piis
2791 1630 2928 1686 bene
2974 1638 3233 1685 vertere:
3267 1648 3285 1681 ι
3343 1637 3398 1685 et

1799 1723 1941 1796 quod
1974 1723 2040 1779 ab
2080 1723 2351 1794 assignata
2385 1723 2594 1778 Ordinis
2641 1722 2847 1778 ratione
2896 1720 3246 1789 discrsserit,
3294 1722 3399 1777 hoc

94 1814 350 1913 quam—in
374 1855 532 1895 unam
558 1836 713 1893 fidem
747 1833 1137 1897 convenirent;
1191 1828 1264 1885 ibi
1315 1843 1522 1883 summa
1572 1841 1693 1882 cum
1729 1820 1772 1881 Β
1801 1815 1943 1873 idem
1995 1816 2120 1872 licet
2164 1817 2216 1871 in
2246 1814 2409 1871 alium
2446 1822 2625 1871 tamen
2686 1815 2931 1871 ordinem
2981 1815 3282 1872 reducere:
3334 1832 3403 1871 ne

94 1933 350 1990 molestia
375 1947 438 1987 ac
467 1928 625 1986 tasdio
654 1926 987 1984 detinentur.
1021 1922 1199 1991 Quare
1221 1920 1416 1976 litteris
1467 1927 1697 1988 utraque

99 2040 223 2096 pars
250 2021 530 2095 sigillatim
561 2021 941 2091 imperatorem
991 2010 1348 2069 obnixissime
1398 2018 1549 2081 rcgat
1602 2009 1700 2064 ob-

100 2130 463 2190 testaturque,
491 2114 707 2189 quando
735 2112 955 2186 quidem
980 2111 1157 2167 hicms
1185 2109 1434 2173 instaret,
1478 2121 1547 2161 ne
1582 2119 1703 2174 pcr-

102 2213 352 2267 mitteret
380 2224 539 2264 senes
562 2217 613 2262 et
635 2224 662 2260 a
696 2208 807 2261 suis
833 2202 1054 2259 sedibus
1075 2201 1235 2271 longe
1253 2197 1498 2264 dissitos,
1529 2197 1580 2250 in
1603 2192 1705 2250 dif-

103 2304 401 2359 ﬁcillimam
427 2308 796 2371 tempestatem
824 2295 1049 2363 differri,
1076 2291 1168 2347 sed
1197 2305 1355 2363 quam
1376 2289 1603 2358 primum
1637 2285 1704 2340 ad

103 2412 228 2453 suas
260 2392 514 2451 civitates
546 2389 743 2446 reverti
766 2387 1108 2445 concederet.
1140 2383 1319 2438 Recta:
1353 2380 1475 2435 ﬁdei
1497 2379 1707 2447 episco-

105 2504 296 2561 porum
325 2485 606 2557 epistolam
629 2487 882 2539 Socrates
910 2478 1023 2555 (lib.
1054 2494 1089 2533 n
1118 2494 1165 2532 c.
1188 2473 1280 2549 57)
1306 2474 1470 2529 habet
1502 2489 1516 2525 :
1548 2468 1709 2527 Aria-

108 2599 300 2637 norum
337 2580 439 2635 sub
468 2578 684 2633 nontine
707 2574 896 2647 synodi
935 2569 1294 2628 Arimlncnsis
1345 2561 1711 2622 Orientalibus

108 2673 502 2734 consentientis
527 2672 643 2727 haec
678 2668 925 2725 collectio
955 2664 1177 2721 exhibet
1220 2658 1463 2735 (Fragm.
1499 2658 1597 2727 is).

177 2770 271 2826 '55.
306 2764 602 2839 Insigninm
644 2764 867 2818 t-irormn
937 2760 1114 2825 lapsus
1153 2756 1366 2811 historia
1421 2770 1522 2807 non
1574 2749 1707 2803 silet.

109 2862 185 2918 Iis
207 2859 522 2929 quandoque
548 2856 672 2911 bene
720 2861 942 2909 vertunt.
982 2849 1174 2905 Libet-ii
1219 2846 1508 2918 exemplum
1578 2841 1714 2915 (Au-

110 2968 246 3030 gust.
278 2955 347 3010 de
369 2953 543 3026 Agaue
568 2948 780 3005 Christi.
812 2943 1277 3017 c.30).——C:ctera
1306 2957 1424 3011 qua:
1459 2937 1716 3030 deinceps

112 3028 161 3105 in
189 3067 255 3105 eo
302 3048 517 3119 negotio
537 3058 688 3117 ερεῖο
732 3049 877 3105 sunt,
933 3051 1201 3109 quemque
1244 3034 1447 3091 exitum
1499 3028 1715 3086 tandem

113 3142 449 3206 invenerint,
480 3136 696 3210 quando
747 3131 912 3207 744.
954 3130 1171 3203 quidem
1214 3143 1372 3198 supra
1401 3121 1719 3196 perstrinxi-

1801 1910 1929 1982 qttid
1961 1908 2013 1964 in
2047 1924 2210 1981 regno
2238 1904 2589 1979 providentiae
2622 1907 2784 1963 liceat
2810 1908 3122 1964 temeritati.
3162 1927 3181 1961 ι
3223 1908 3403 1977 Quare

1804 2006 2007 2061 nemini
2025 2004 2247 2060 dubium
2271 2019 2393 2060 esse
2412 2000 2574 2060 debet
2594 2003 2719 2074 quin
2754 2012 3067 2057 renovatum
3101 2001 3155 2056 in
3186 2000 3404 2057 Liberio

1803 2098 2064 2155 Pontiﬁce
2090 2096 2234 2152 Petri
2265 2112 2585 2152 succesmre
2614 2094 2797 2161 fuerit,
2826 2093 2968 2166 quod
2997 2093 3224 2164 Optatos
3249 2093 3404 2149 Mile-

1805 2191 2020 2246 vitanus
2041 2198 2093 2243 et
2109 2188 2440 2258 Augusunus
2461 2187 2815 2242 observarunt
2850 2228 2863 2250 ,
2896 2184 3077 2241 divina
3115 2182 3407 2255 providen-

1808 2285 1881 2339 tia
1899 2283 2175 2345 eﬁ‘ectum,
2206 2288 2261 2335 ut
2292 2279 2432 2337 idem
2465 2279 2554 2334 ille
2577 2279 2869 2349 Apostolus
2900 2287 3141 2348 negaret,
3165 2276 3256 2347 qui
3300 2275 3411 2333 cla-

1810 2393 1905 2432 ves
1952 2382 2271 2445 accepturus
2303 2382 2468 2438 esset,
2496 2389 2603 2443 quo
2634 2371 2882 2427 Ecclesia
2920 2370 3209 2436 catholica,
3254 2370 3411 2442 cujus

1812 2471 1929 2541 ipse
1954 2483 2240 2541 personam
2266 2467 2507 2539 gerebat,
2541 2465 2774 2522 disceret
2799 2458 3069 2535 tamquam
3097 2482 3116 2517 t
3148 2480 3275 2519 vera
3297 2480 3412 2521 ma-

1815 2570 1897 2618 ter
1918 2576 2017 2615 nec
2043 2559 2384 2630 peccantibus
2417 2557 2542 2614 ﬁliis
2563 2557 2794 2629 superbe
2818 2557 3097 2622 insultare,
3145 2570 3243 2611 nec
3287 2570 3412 2611 cor-

1815 2657 1981 2712 rectis
1999 2653 2215 2709 difﬁcile
2238 2649 2731 2725 ignoscereUdem,
2760 2650 2935 2721 ibid.),
2965 2669 2983 2703 ι
3016 2649 3302 2722 ipsumque
3324 2647 3415 2704 Li-

1819 2748 2028 2802 berium
2059 2744 2124 2801 ad
2157 2754 2370 2817 tempus
2392 2744 2496 2800 labi
2531 2743 2873 2815 permissum,
2907 2752 2963 2798 ut
3014 2758 3079 2798 ex
3121 2757 3220 2798 suo
3261 2742 3415 2813 lapsu

1820 2838 2000 2894 acrior
2012 2853 2071 2893 ac
2086 2837 2341 2893 fo'rtiorin
2361 2836 2608 2892 haeresim
2625 2844 2926 2907 resurgeret
2951 2854 2962 2888 :
2987 2835 3106 2891 etin
3139 2833 3411 2905 poeniten-

1822 2940 1903 2985 tes
1931 2930 2232 3000 revertique
2262 2928 2547 3000 cupientes
2582 2926 2899 2983 clementior
2914 2942 2977 2983 ac
3001 2925 3171 2983 veniae
3198 2925 3418 2998 pronior

1822 3024 2149 3079 exsisteret:
2182 3023 2417 3095 itemque
2453 3023 2557 3079 hoc
2582 3020 2773 3078 litteris
2801 3022 3173 3092 consignatum
3205 3020 3271 3076 ad
3304 3020 3420 3077 hzec

1824 3131 1996 3187 usque
2018 3124 2257 3187 tempora
2288 3114 2396 3171 illis
2419 3115 2754 3186 temporibus
2778 3131 2881 3170 non
2905 3114 3129 3170 multum
3152 3113 3420 3170 absimilia

114 3253 229 3290 mus
268 3278 283 3300 ,
319 3244 372 3289 et
405 3209 675 3287 fusissime
706 3227 772 3282 ab
796 3223 1115 3286 Athanasio,
1155 3221 1485 3290 llieronytno
1526 3224 1713 3271 contra
1742 3209 1789 3275 C
1821 3213 2166 3287 perductum,
2200 3222 2258 3269 ut
2278 3213 2368 3284 qui
2389 3223 2551 3279 stent,
2575 3212 2699 3267 inde
2721 3212 2822 3267 sibi
2849 3213 3037 3267 timere
3063 3211 3295 3278 discant,
3320 3225 3422 3267 nec

113 3328 509 3392 Lucifer-ianos,
543 3334 597 3381 et
625 3322 861 3393 Sulpicio
881 3318 1084 3375 Severo
1116 3323 1435 3387 pertractata
1458 3320 1604 3377 sunt,
1631 3308 1718 3363 hic

114 3422 447 3493 subiungere
476 3417 809 3489 superfluum
841 3423 942 3470 est.
975 3409 1142 3467 Nobis
1185 3409 1329 3464 enim
1374 3402 1719 3461 solummodo

115 3533 175 3572 ea
204 3524 466 3581 tractare,
496 3528 616 3583 qua:
650 3508 827 3564 facere
850 3506 916 3562 ad
949 3503 1342 3559 councxionem
1401 3497 1717 3554 illustratio-

116 3622 356 3682 nemque
390 3607 577 3663 borum
622 3603 1069 3669 Fragmcutorum
1115 3594 1454 3658 videbantur,
1507 3592 1721 3646 animus

116 3704 231 3759 fuit.
268 3702 330 3757 In
359 3699 553 3770 quibus
586 3696 747 3752 etiam
780 3708 991 3754 vereor,
1015 3706 1083 3745 ne
1106 3688 1276 3770 nimio
1301 3686 1453 3756 plura
1496 3685 1719 3750 dixisse,

118 3796 492 3867 tragicamque
544 3790 689 3846 illam
726 3785 1152 3844 exsecrationem
1198 3768 1333 3838 67.0w
1363 3782 1550 3840 θνητῶν
1594 3778 1721 3834 συλ·

117 3890 276 3964 Ενων
329 3886 422 3948 τὰς
475 3882 770 3961 συμφοράς,
818 3880 870 3935 in
921 3895 1005 3933 me
1034 3874 1336 3959 concitasse
1385 3872 1588 3935 videar,
1632 3869 1721 3940 qui

120 3978 558 4040 venerandornm
592 3978 809 4033 Patrum
834 3969 1143 4044 opinionem
1176 3983 1237 4022 ac
1262 3966 1477 4029 famam,
1504 3971 1725 4018 contro-

121 4077 332 4131 versias
372 4087 580 4136 eorum,
624 4066 990 4125 disSensiones
1041 4059 1532 4127 defectionetnque,
1579 4054 1725 4109 velut

122 4169 357 4224 obducta
392 4164 570 4220 ulcera
624 4177 744 4234 qua:
781 4158 954 4216 occuli
1004 4155 1174 4210 satius
1228 4158 1365 4216 erat,
1419 4144 1727 4205 refricaudo

123 4262 396 4334 sugillem.
426 4259 625 4315 Verum
652 4271 772 4312 cum
794 4252 1146 4308 historiarum
1189 4263 1327 4302 unas
1351 4244 1395 4300 is
1416 4244 1485 4298 sit
1507 4255 1723 4313 scopas,

1823 3305 2175 3380 redeuntibus
2205 3304 2270 3360 ad
2300 3304 2593 3362 Ecclesiatn
2616 3320 2674 3360 se
2690 3303 3025 3384 difficiliores
3052 3303 3346 3375 prmbeant.

1894 3398 1985 3456 δι.
2043 3399 2155 3455 Osii
2184 3411 2231 3455 et
2252 3396 2480 3469 Luciferi
2534 3414 2684 3453 casus
2716 3438 2729 3451 .
2762 3428 2833 3439 —-
2864 3396 2970 3453 Nec
3020 3392 3244 3452 minoris
3290 3410 3423 3452 sane

1826 3492 1911 3550 vel
1931 3492 2337 3565 speculationis,
2383 3492 2465 3548 vel
2508 3492 2816 3547 documenti
2844 3491 3144 3563 fragilitatis
3174 3491 3425 3548 humana:

1820 3587 2254 3658 jutlieiorumque
2309 3587 2614 3642 divinorum
2682 3585 3166 3657 imperserutabilis
3230 3585 3415 3640 arcani

1828 3678 2174 3735 suntﬂsiiac
2199 3678 2449 3746 Luciferi,
2501 3678 2917 3734 fortissimorum
2956 3677 3237 3734 catholicze
3292 3677 3419 3734 ﬁdei

1827 3780 2287 3844 propugnatorum
2340 3779 2555 3833 eventa,
2601 3786 2829 3842 quorum
2864 3769 2955 3827 ille
2984 3771 3120 3827 alter
3149 3779 3271 3842 post
3324 3773 3424 3827 nti-

1833 3865 1992 3921 minis
2039 3864 2316 3919 christiani
2376 3863 2774 3920 confessionem
2827 3846 2929 3920 sub
2992 3864 3428 3935 persecutoribus

1832 3959 2142 4014 saevissimis
2194 3958 2634 4013 constantissime
2682 3958 2908 4023 fartam,
2969 3964 3090 4027 post
3133 3957 3429 4014 exhaustos

1834 4068 1931 4122 pro
1954 4050 2117 4125 745
2140 4050 2245 4109 ﬁde
2266 4050 2529 4106 catholica
2573 4061 2759 4106 contra
2806 4050 3057 4104 haeresim
3089 4049 3300 4105 labores
3329 4050 3431 4107 im‘

1832 4161 2072 4211 mensos,
2101 4145 2467 4215 perfectasque
2510 4143 2822 4212 dignissime
2865 4143 3159 4214 legationes
3204 4143 3425 4213 multas,

1834 4239 1907 4293 ita
1933 4246 1990 4292 ut
2019 4245 2169 4307 pater
2197 4236 2574 4305 episc0porum
2602 4235 2910 4302 haberetur,
2967 4234 3191 4290 nimium
3246 4245 3425 4292 tamen

123 4325 350 4419 utvsint,
373 4346 824 4424 quemadmodum
855 4338 1197 4416 Thucydides
1228 4338 1465 4425 scriptis
1489 4333 1725 4404 reliquit,
1799 4327 1918 4386 ‘sui
1963 4330 2193 4401 sepulcri
2228 4343 2414 4383 amans
2456 4325 2682 4398 (Hilar.,
2714 4328 2801 4382 lib.
2844 4328 2908 4382 de
2951 4328 3178 4401 Synod.,
3225 4347 3279 4385 η.
3336 4329 3428 4401 87)

125 4466 304 4523 xeapm
332 4449 376 4502 εὶ
406 4447 486 4502 ἀεὶ
505 4445 841 4518 ξυγκείμενον,
876 4456 938 4495 ex
968 4452 1076 4508 quo
1115 4433 1291 4489 omnis
1336 4420 1711 4486 tevi‘hominCt

1839 4423 2213 4498 (centesimum
2229 4421 2373 4476 enim
2396 4436 2592 4475 annum
2618 4422 2947 4492 excesserat)
2971 4420 3024 4476 in
3040 4436 3291 4492 suprema
3307 4422 3432 4477 vita:

127 4510 412 4609 utriusque
439 4510 611 4593 laudis
639 4510 705 4591 ac
731 4533 959 4589 fortuna:
989 4526 1239 4599 exempla
1276 4524 1623 4595 depromere,
1675 4525 1733 4574 et
1759 4599 1780 4609 Δ
1841 4515 2003 4571 ﬁbula
2042 4514 2251 4584 penitus
2275 4511 2605 4580 defecisset,
2655 4512 2757 4567 nisi
2797 4510 3070 4568 violentiae
3108 4512 3431 4568 Arianorum

126 4638 191 4691 ad
211 4651 278 4691 ea
298 4599 478 4689 varios
505 4627 921 4700 repentinosque
948 4619 1338 4692 casus,'quibus
1357 4612 1597 4688 quotidie
1625 4612 1729 4667 im-
1758 4599 1811 4662 l)
1840 4609 2289 4680 imperatorisque
2327 4608 2486 4663 minis
2508 4606 2743 4676 cedenti,
2791 4615 2847 4662 et
2891 4607 3280 4677 approbatione
3320 4605 3433 4663 Sir-

129 4731 390 4799 pelitnur,
421 4737 748 4794 componere
778 4726 978 4791 queant
1010 4734 1023 4770 :
1060 4732 1165 4771 non
1201 4712 1357 4769 video
1403 4724 1501 4765 cur
1552 4707 1728 4761 minus

130 4820 387 4878 utilitatis
408 4833 470 4873 ac
485 4813 755 4872 commodi
779 4829 845 4870 ex
861 4810 1126 4867 clarorum
1145 4808 1381 4863 virorum
1407 4800 1693 4860 calamitati
1707 4831 1727 4840 -

129 4915 253 4985 bus,
279 4912 490 4975 erratis,
516 4920 679 4982 atque
699 4908 836 4963 adeo
863 4905 1157 4963 sceleribus
1188 4902 1255 4958 ad
1288 4888 1385 4957 nﬂs
1430 4896 1727 4970 perveniat,

132 5009 219 5079 qui
246 5020 312 5062 ea
335 5004 562 5075 legimus
586 5010 817 5066 tantum,
848 5014 953 5053 non
982 4992 1268 5057 sentimus,
1322 5006 1482 5063 quam
1513 5005 1577 5044 ex
1618 4987 1730 5041 vir-

131 5100 338 5156 tutibus
366 5096 633 5166 rebusque
665 5093 919 5164 praeclare
944 5091 1110 5162 gestis
1138 5103 1294 5142 :cum
1331 5085 1493 5141 etiam
1524 5082 1626 5137 illis
1656 5081 1736 5151 ip-

133 5190 230 5259 sis,
258 5186 352 5261 qni
382 5186 752 5243 imbecillitate
777 5180 1009 5238 humana
1031 5181 1084 5236 in
1107 5175 1370 5250 ejusmodi
1399 5174 1737 5231 calamitates

134 5284 466 5349 inciderunt,
499 5294 604 5336 non
629 5294 751 5334 raro
777 5279 915 5333 bene
940 5283 1153 5331 vertere
1206 5270 1438 5327 soleant.
1486 5269 1734 5324 Crtesutn

135 5376 274 5448 apud
304 5370 630 5430 Herodotum
660 5372 961 5444 παθήματα,
998 5367 1274 5443 μαθήματα
1300 5359 1404 5416 sibi
1435 5356 1735 5421 exstitisse.

137 5481 190 5527 et
210 5466 467 5540 hleropen
497 5467 549 5522 in
576 5463 798 5521 theatris
825 5479 885 5519 se
909 5457 1219 5517 infortuniis
1241 5456 1481 5511 evasisse
1516 5455 1735 5524 sapien-

138 5568 245 5621 tem
268 5563 502 5633 ingenue
552 5564 908 5631 agnoscentes
949 5554 1123 5609 libens
1155 5548 1528 5621 prsetermitto,
1571 5554 1628 5601 ut
1680 5544 1733 5599 in

139 5651 506 5714 ecclesiastica
551 5650 872 5706 tractatione
892 5646 1179 5715 desumpto
1207 5657 1270 5697 ex
1302 5654 1454 5696 sacra
1485 5636 1737 5699 historia,

137 5728 330 5819 ex‘qna
357 5746 585 5801 formam
611 5738 775 5797 trahit
804 5739 1080 5805 Ecclesla,
1133 5735 1381 5805 exemplo
1430 5732 1608 5788 locum
1661 5726 1737 5782 fa-

138 5843 298 5899 ciam.
333 5838 398 5896 Β.
430 5836 743 5895 Ambrosius
770 5833 838 5891 de
860 5833 1002 5890 Petri
1050 5827 1415 5903 apestolorum
1482 5822 1741 5895 coriphaei

1837 4702 2067 4759 miensis.
2092 4704 2549 4757 Anomceauorum
2577 4700 2816 4775 perﬁdiae
2853 4700 2905 4754 in
2958 4713 3200 4771 praeceps
3232 4702 3434 4764 ruenti,

1837 4794 2363 4853 divina’clementia
2434 4808 2653 4848 manum
2710 4792 3125 4862 supposuisset:
3176 4791 3315 4847 alter
3370 4792 3435 4847 iis

1837 4891 2000 4965 etiam
2024 4890 2292 4961 superior,
2310 4887 2506 4959 quibus
2518 4885 2948 4949 Osiuscesscrat,
2969 4892 3093 4955 post
3110 4894 3188 4940 tot
3202 4894 3382 4941 erecta
3418 4926 3434 4950 ,

1840 4995 1898 5038 ut
1922 4982 2230 5053 Hieronymi
2255 4980 2415 5035 verba
2440 4993 2692 5050 usurpem
2717 4976 2962 5050 (Hieron.
2993 4977 3239 5033 adversus
3279 4976 3437 5032 Luci-

1845 5075 1994 5148 {er.),
2025 5074 2091 5129 de
2123 5072 2342 5144 perﬁdia
2375 5072 2640 5127 debellata
2666 5072 2937 5142 trophaeo,
2968 5073 3068 5128 sub
3099 5073 3217 5142 ipso
3244 5073 3437 5128 trium-

1842 5167 1952 5239 pho
1981 5165 2189 5236 abipso
2217 5163 2615 5219 dissensionum
2667 5173 2889 5220 auctore
2936 5172 3243 5233 superatus,
3281 5179 3439 5234 sepa-

1843 5271 1993 5317 ratus
2020 5259 2086 5315 ab
2136 5257 2375 5314 Ecclesia
2406 5267 2508 5323 est,
2542 5273 2604 5312 ac
2632 5256 2787 5327 plane
2814 5267 3136 5329 prostratus.
3184 5257 3267 5314 Ad
3322 5257 3437 5313 hme

1843 5354 1986 5411 enim
2007 5354 2124 5425 quis
2141 5366 2246 5407 non
2271 5350 2514 5419 protinus
2543 5364 2662 5404 cum
2686 5348 2913 5421 Tragico
2935 5350 3222 5423 exclamet,
3454 5344 3461 5345 ί

2096 5469 2145 5524 άς
2169 5478 2299 5524 θνητὸν
2318 5471 2457 5528 ἀνδρῶν
2480 5448 2542 5515 mi.
2564 5475 2793 5526 πλιικυρον
2814 5476 2915 5525 τινος
2934 5500 2947 5523 ,

2100 5531 2150 5586 ti;
2175 5536 2282 5579 cson
2301 5541 2423 5588 ισμιν.

1850 5647 1904 5693 et
1931 5635 2136 5706 objecta
2172 5635 2317 5691 omni
2348 5627 2549 5689 ﬁducia
2581 5632 2686 5702 sui,
2718 5631 2948 5688 salutem
2994 5621 3147 5687 suam
3186 5645 3254 5688 ex
3291 5629 3433 5704 Apo-

1853 5729 1975 5784 stoli
2003 5728 2317 5798 praescripto
2343 5742 2463 5782 cum
2494 5726 2687 5783 timore
2711 5739 2774 5781 ac
2811 5731 3053 5781 tremore
3082 5723 3296 5794 operari
3336 5739 3447 5780 non

1853 5817 2129 5876 condiscat
2161 5818 2332 5891 (Phil.
2362 5834 2422 5887 tt,
2456 5818 2588 5891 12)?
