3978 6196
567 266 666 322 9H

1475 262 1542 319 ΙΝ
1585 260 2010 320 FRAGMENTA
2039 257 2284 317 SANCTI
2315 259 2576 318 HILARII
2603 260 2913 322 EPISCOPI

3705 282 3721 299 '
3773 267 3875 322 M2

639 381 730 437 35.
773 380 1032 436 Generalis
1072 378 1470 432 Ariminensium
1517 378 1732 433 Patrum
1777 379 1994 450 defectio
2039 378 2160 448 quid
2186 384 2237 441 Α
2266 378 2506 432 recentia
2544 397 2562 430 ι
2615 379 2962 448 profanarum
2993 379 3288 435 novitatum
3333 379 3637 450 apostolica
3688 382 3876 453 prohi-

568 491 661 528 nos
689 471 1034 526 doceat.-—At
1063 485 1192 525 vero
1213 470 1480 540 generalis
1511 470 1657 525 illius
1684 470 2161 526 t-ircutnventionis

567 563 916 620 ecclesiastici
943 562 1149 617 ordinis
1177 571 1231 618 et
1256 564 1407 632 quasi
1434 580 1497 617 ex
1527 576 1813 634 compacto
1842 564 2160 619 defectionis

567 653 926 707 consideratio
954 669 1114 722 quam
1148 653 1292 708 utilis
1320 664 1375 708 et
1421 654 1543 708 huic
1585 663 1774 708 nostro
1812 656 2011 709 sa~culo
2038 665 2159 725 apta

564 760 640 803 est
671 752 684 803 !
713 747 793 802 Ex
833 762 896 802 ea
925 751 1068 802 enim
1100 749 1257 818 plane
1288 749 1608 803 instrnimur
1662 764 1820 819 quam
1863 749 2003 803 cauti
2048 750 2157 803 cir-

562 842 963 911 cumspectique
990 856 1111 895 cum
1144 840 1414 896 haereticis
1455 851 1749 896 tractantes
1796 855 1916 896 esse
1961 839 2161 895 debea-

562 950 714 998 mus,
744 941 800 988 et
827 933 1011 1005 quanti
1063 934 1284 1004 periculi
1318 936 1388 990 sit
1418 951 1446 988 a
1487 934 1768 1000 terminis,
1824 949 1960 1004 quos
1994 935 2159 989 littere

566 1027 780 1091 Patres,
811 1026 897 1082 vel
941 1042 1172 1095 unguem
1206 1026 1370 1080 latum
1419 1025 1718 1082 discedere.
1757 1025 1887 1080 Nam
1927 1025 2054 1080 boni
2083 1024 2158 1079 illi

559 1119 749 1175 Patres
771 1119 900 1174 dum
928 1119 1095 1174 nudas
1124 1119 1407 1191 quasdam,
1433 1128 1492 1175 ut
1511 1119 1581 1174 ab
1608 1119 1825 1175 Arianis
1849 1119 2159 1189 persuaderi

558 1213 662 1268 sibi
695 1213 978 1279 sinebant,
1032 1216 1210 1275 οὐσίας
1259 1219 1344 1270 καὶ
1371 1214 1642 1274 anmatos
1672 1216 1892 1268 Voculas
1941 1213 1994 1268 in
2036 1211 2160 1268 lidei

563 1305 900 1374 professione
929 1307 1103 1360 omitti
1138 1306 1278 1375 passi
1309 1313 1469 1372 sunt,
1502 1306 1856 1360 sanctissimae
1878 1304 2158 1359 Trinitatis

556 1413 677 1467 quae
709 1396 852 1452 Dens
899 1407 982 1452 est
1012 1396 1410 1452 confessionem
1440 1439 1454 1462 ,
1497 1397 1550 1452 id
1580 1408 1661 1453 est
1688 1438 1702 1458 .
1732 1412 1997 1452 summam
2029 1397 2156 1450 reli-

554 1491 769 1559 gionem
797 1531 811 1556 ,
846 1505 946 1560 pro
991 1505 1096 1561 qna
1140 1490 1510 1546 conservanda
1555 1502 1763 1546 tantum
1815 1490 2096 1562 sanguinis
2125 1506 2154 1544 a

554 1581 774 1638 Christo
803 1593 928 1637 nato
956 1583 1196 1640 Ecclesia
1229 1584 1560 1650 profuderat,
1587 1593 1665 1639 tot
1695 1593 1962 1656 martyres
1990 1583 2157 1639 dede-

554 1685 670 1741 rat,
716 1674 820 1729 sibi
847 1683 1089 1746 ereptam
1138 1687 1300 1745 atque
1327 1687 1595 1732 extortam
1625 1693 1750 1733 sero
1789 1678 2010 1734 tandem
2037 1677 2156 1732 ani-

2265 471 2470 526 bitione
2493 488 2654 527 nemo
2687 489 2852 528 sanus
2874 472 3144 528 excludat.

2335 566 2425 621 57.
2474 567 2641 633 Quam
2669 566 2917 622 Ecclesia:
2965 583 3072 621 sua:
3113 568 3368 621 laboranti
3398 584 3502 622 non
3532 567 3671 620 desit
3715 563 3873 619 Deus.

2268 659 2418 714 Hanc
2461 662 2606 732 erigit
2635 660 2884 715 Julianus
2906 702 2920 725 ,
2951 677 3067 715 cum
3097 662 3301 715 ruinam
3327 665 3440 734 ejus
3466 660 3778 715 meditatur.
3807 687 3877 699 ~—

2263 753 2382 808 Jam
2429 769 2559 808 vero
2587 754 2678 824 qui
2709 755 2900 809 faciem
2933 753 3216 817 Ecclesia},
3243 754 3419 825 qualis
3449 755 3517 809 ab
3549 754 3640 809 illa
3688 753 3879 810 defec-

2265 845 2413 900 tione
2444 844 2682 908 exstitit.
2714 846 2907 913 turbis,
2939 845 3093 913 rixis,
3123 847 3600 914 contentionibus,
3628 847 3884 903 discidiis

2263 937 2462 1008 ubique
2489 939 2794 1002 confusam,
2819 937 3052 994 laceram
3079 947 3242 1010 atque
3271 939 3622 1008 dissipatam,
3658 939 3769 994 sibi
3810 942 3885 994 ob

2265 1030 2458 1084 oculos
2499 1031 2780 1095 Statuerit,
2815 1046 2919 1085 non
2967 1030 3148 1085 minus
3200 1042 3326 1086 tunc
3364 1047 3393 1085 a
3441 1030 3557 1086 suis
3599 1032 3884 1102 episcopis

2262 1136 2424 1191 quam
2483 1121 2643 1192 paulo
2697 1131 2823 1176 ante
2861 1137 2891 1175 a
2941 1121 3241 1192 conjuratis
3295 1123 3529 1177 nominis
3583 1121 3883 1179 christiani

2262 1213 2512 1271 hostibus
2534 1230 2786 1272 vexatam
2809 1258 2824 1282 ,
2854 1215 2908 1270 in
2936 1232 3040 1287 qua
3081 1231 3182 1272 nec
3219 1217 3492 1273 antisnites
3536 1218 3670 1286 quid
3711 1218 3883 1273 dooe-

2263 1316 2419 1376 rent,
2457 1324 2557 1365 nec
2599 1310 2786 1380 plebes
2812 1310 2941 1379 quid
2972 1320 3328 1380 sequerentur
3363 1313 3467 1368 rati
3497 1325 3564 1367 ac
3602 1312 3749 1366 firmi
3776 1314 3880 1367 ha.

2263 1402 2488 1469 herent.
2519 1404 2755 1473 denique
2783 1405 2920 1460 adeo
2964 1404 3305 1474 desperatam
3354 1421 3420 1461 ac
3467 1405 3781 1476 perditam,
3819 1415 3882 1460 ut

2260 1496 2620 1551 sanctissimis
2644 1498 2774 1552 viris
2795 1495 3251 1562 Neronianorum,
3283 1497 3672 1562 Deeianorum,
3705 1498 3877 1553 Maxi-

2261 1591 2676 1660 mianorumque
2727 1599 3032 1658 temporum
3073 1588 3400 1645 desiderium
3437 1591 3702 1646 excitaret
3733 1590 3878 1658 (Ili-

2266 1683 2366 1736 lar.
2399 1684 2452 1736 in
2483 1680 2662 1737 Const.
2688 1699 2741 1736 η.
2766 1680 2858 1754 4);
2891 1683 3182 1748 statimque
3205 1681 3404 1736 mentis
3425 1684 3601 1738 aciem
3629 1683 3699 1738 ad
3724 1684 3875 1739 subi-

553 1765 921 1821 madvertunt.
953 1767 1167 1836 Quanto
1202 1766 1393 1823 fortius
1422 1768 1848 1839 prudentiusque
1875 1778 2002 1824 ante
2041 1769 2149 1824 vim
2183 1777 2231 1838 Β
2262 1785 2367 1831 tam
2409 1777 2558 1832 illam
2605 1775 3051 1846 repentinamque
3078 1776 3430 1832 mutationem
3482 1791 3664 1832 rerum
3690 1819 3704 1842 ,
3747 1793 3876 1848 qua:

554 1859 759 1914 illatam
792 1861 952 1917 iidem
1002 1860 1102 1930 ipsi
1154 1861 1505 1927 deﬁnieram.
1538 1863 1604 1918 iis
1648 1881 1767 1934 qtne
1815 1863 2025 1936 synodo
2055 1864 2148 1918 Ni-

558 1967 708 2007 etena
739 1961 938 2007 statuta
978 1962 1134 2008 erant
1174 1969 1273 2008 nec
1304 1953 1426 2008 addi
1458 1953 1746 2024 quidquam
1776 1953 2007 2017 debere.
2052 1969 2152 2010 nec

552 2042 800 2108 detrahi;
839 2054 896 2099 et
932 2046 1247 2100 substantiae
1279 2062 1472 2101 nomen
1492 2088 1506 2109 ,
1538 2057 1593 2102 et
1621 2062 1735 2103 rem
1765 2063 1918 2102 suam
1950 2048 2152 2103 debere

551 2135 797 2191 obtinere
820 2134 1126 2192 ﬁrmitatem
1147 2136 1470 2209 (Fragment.
1505 2154 1603 2205 vn,
1637 2156 1690 2192 η.
1719 2139 1771 2206 5,
1798 2149 1844 2195 et
1871 2143 2148 2211 fragment.

550 2242 644 2282 vni
667 2226 724 2298 )‘t

622 2319 715 2374 56.
731 2318 1076 2374 Conciliornm
1092 2321 1361 2376 necessitas
1389 2321 1458 2376 ad
1483 2323 1610 2394 quid
1617 2322 1991 2378 .—Fallnntur
2004 2324 2148 2379 enim

549 2429 757 2477 errore.
783 2421 840 2466 at
860 2428 944 2479 lue
974 2429 1073 2469 nos
1104 2413 1156 2467 in
1181 2415 1429 2472 eumdem
1461 2432 1642 2472 secum
1672 2433 1912 2473 errorem
1943 2427 2150 2488 pertra-

553 2505 684 2562 here
710 2519 1002 2572 cenantur,
1026 2507 1118 2578 qui
1144 2508 1469 2577 persuadere
1495 2510 1735 2579 cupiunt.
1763 2511 1815 2566 in
1841 2511 1926 2567 his
1955 2513 2150 2583 quibus

550 2613 833 2653 versamur
874 2598 1186 2669 opinionum
1231 2600 1484 2670 procellis
1509 2643 1524 2667 ,
1562 2602 1856 2657 Eccle-iatu
1900 2615 1959 2657 ut
2005 2604 2148 2674 quod

546 2690 831 2760 petissime
853 2691 1003 2760 sequi
1030 2690 1225 2746 debeat
1249 2691 1575 2760 stabiliatnr,
1600 2693 1850 2748 conciliis
1880 2693 2145 2763 indigere.

548 2784 807 2853 Quamvis
827 2784 971 2840 enim
995 2785 1224 2841 fortasse
1243 2786 1391 2841 nullo
1419 2802 1673 2857 umquam
1698 2801 1962 2857 tempore,
1987 2804 2148 2859 quant

549 2892 695 2932 nunc
742 2887 902 2943 sunt,
951 2880 1254 2933 necessaria
1304 2878 1474 2948 magis
1500 2879 1833 2934 exstiterunt
1876 2881 2102 2935 concilia
2130 2923 2146 2948 ,

549 2972 744 3043 quibus
784 2987 997 3043 sponsae
1041 2971 1276 3036 Christi,
1324 2989 1482 3040 quam
1531 2972 1646 3042 ipse
1704 2973 1806 3028 sibi
1858 2979 1990 3029 emit
2038 2991 2147 3031 non

552 3065 788 3119 omnibus
812 3064 995 3130 undis,
1027 3065 1122 3119 sed
1155 3065 1319 3118 totius
1353 3063 1776 3120 ittltOCeltliSSiml
1809 3066 1892 3120 sui
1924 3068 2145 3138 sangui-

555 3157 639 3211 nis
671 3156 983 3226 profusioue
1010 3198 1023 3220 ,
1046 3155 1113 3211 ab
1143 3157 1348 3211 ambitu
1375 3198 1390 3224 ,
1420 3157 1642 3212 avaritia
1672 3201 1686 3222 .
1720 3157 2111 3214 nundinatione
2134 3202 2148 3225 ,

550 3247 850 3319 ignorantia
877 3289 892 3314 ,
925 3264 1244 3317 morumque
1287 3247 1544 3319 Spurcitia
1583 3258 1744 3318 atque
1792 3250 2147 3307 obscoenitate

548 3340 835 3398 vindicatze
865 3339 1133 3408 genuinus
1184 3341 1336 3396 color
1383 3357 1445 3396 ac
1493 3343 1744 3412 splendor
1790 3343 2142 3409 restituatur,

549 3434 832 3503 disciplina
871 3434 963 3490 illa
989 3474 1004 3498 ,
1041 3448 1198 3504 quam
1232 3433 1478 3503 Apostoli
1510 3443 1564 3488 et
1592 3435 1684 3505 qui
1714 3435 1780 3488 ab
1808 3437 1872 3489 iis
1903 3436 2146 3505 proximi

550 3523 870 3597 religionem
885 3524 1302 3592 constituerunt,
1322 3526 1470 3580 velut
1495 3541 1704 3580 murum
1723 3526 1990 3582 ahenentn
2015 3543 2147 3583 con-

560 3626 642 3673 tra
667 3618 929 3688 ejusmodi
948 3617 1226 3673 charitatis
1239 3631 1399 3689 atque
1417 3618 1629 3673 unionis
1647 3628 1825 3689 pestes
1849 3621 2147 3691 przetende-

555 3717 720 3775 runt,
750 3718 1017 3765 vetustate
1059 3710 1321 3780 temperis
1348 3725 1416 3765 an
1447 3718 1721 3779 pastorum
1755 3713 2000 3768 socordia
2028 3715 2144 3769 col-

555 3799 703 3870 lapsa
753 3808 1092 3854 restauretur
1131 3801 1526 3870 exciteturque,
1553 3811 1606 3857 et
1632 3819 1788 3858 sacro
1819 3805 1996 3860 ordini
2019 3822 2148 3862 suus

557 3890 733 3946 honor
753 3906 957 3961 suaque
987 3891 1280 3946 anetoritas
1322 3892 1636 3949 reSIituatur
1676 3911 1688 3946 :
1721 3910 1841 3963 qua:
1902 3906 1958 3950 ut
2003 3909 2145 3952 sarta

555 3992 802 4055 tectaque
831 3993 1222 4039 conservarent
1264 3984 1554 4052 primicerii
1606 3987 1679 4040 illi
1723 3987 2002 4058 religionis
2047 4004 2148 4045 au-

554 4088 767 4142 ctores,
822 4077 1113 4147 quotannis
1160 4077 1397 4149 synodos
1440 4079 1804 4148 provinciales
1835 4082 1917 4134 bis
1963 4083 2144 4154 colligi

553 4169 980 4240 congregariqne
1024 4179 1324 4226 statuerant
1356 4189 1370 4227 :
1405 4171 1560 4238 licet,
1611 4171 1828 4243 inquam
1854 4213 1870 4241 ,
1917 4173 2148 4232 fortasse

552 4262 620 4317 ad
650 4264 764 4318 Ιιωο
785 4261 1088 4318 revocanda
1131 4264 1537 4334 reparandaque
1567 4264 1812 4322 conciliis
1849 4282 2104 4337 egeamus
2130 4285 2143 4333 ;

554 4363 612 4409 ttt
645 4364 824 4409 tamen
856 4354 997 4408 aliud
1049 4364 1329 4411 teneamus
1379 4373 1537 4428 quam
1583 4359 1725 4429 quod
1777 4360 2039 4418 hactenus
2092 4364 2144 4418 in

554 4447 796 4502 Ecclesia
823 4447 1086 4504 creditum
1110 4449 1563 4522 observatumque
1587 4465 1689 4519 est,
1721 4457 1950 4513 concilio
1980 4459 2147 4514 statui

2261 1882 2386 1922 mox
2433 1865 2753 1922 Constantio
2797 1867 3086 1934 defuncto,
3134 1867 3517 1938 revocatisque
3561 1868 3690 1924 novi
3723 1869 3877 1938 prin-

2255 1959 2396 2030 cipis
2437 1960 2620 2016 edicto
2669 1963 2723 2016 in
2771 1960 3018 2030 proprias
3043 1961 3200 2015 sedes
3247 1961 3315 2014 ab
3356 1959 3553 2017 exsilio
3595 1962 3876 2033 episc0pis

2257 2062 2447 2108 secuta
2475 2065 2557 2109 est
2589 2071 2602 2106 :
2634 2065 2785 2109 certe
2811 2063 3068 2124 agnoscet
3099 2053 3385 2108 Dominum
3427 2054 3700 2110 laboranti
3732 2072 3873 2128 apo-

2255 2147 2516 2202 stolorum
2565 2148 2825 2204 navicula-
2855 2157 3055 2218 przesto
3079 2146 3375 2216 adstitisse,
3406 2157 3461 2203 et
3507 2149 3710 2204 divinzr
3753 2167 3876 2206 sua:

2254 2239 2554 2310 Maiestatis
2607 2239 2894 2306 praesentia
2951 2243 3350 2308 quaSSaIionent
3421 2240 3570 2295 illam
3619 2242 3871 2299 sedasse.

2256 2333 2485 2389 Moritur
2535 2334 2669 2388 enim
2721 2333 2913 2390 bestia.
2947 2331 3124 2404 ittquit
3147 2331 3507 2406 Hieronymus
3556 2333 3876 2406 (Adversus

2256 2425 2540 2498 Lucifer.),
2561 2438 2607 2480 et
2639 2427 2986 2497 tranquillitas
3008 2428 3159 2480 redit.
3184 2425 3250 2480 Et
3270 2441 3403 2482 sane
3423 2426 3620 2490 πολλὰς
3645 2433 3734 2484 καὶ
3759 2451 3876 2485 πα-

2253 2520 2499 2598 ραδόξους
2527 2519 2674 2581 ἓδούς
2698 2524 2961 2598 σωτηρίας
2988 2517 3088 2578 οἶδε
3120 2523 3177 2577 τὸ
3207 2523 3341 2577 θεῖον
3367 2532 3690 2579 καινοτομεῖν
3707 2527 3876 2580 νεύων

2253 2616 2385 2688 πρὸς
2409 2612 2777 2691 φιλάνθρωπον.

2329 2707 2460 2774 Qms
2489 2711 2633 2760 enim
2668 2721 2920 2776 umquam
2946 2705 3224 2774 crederet,
3268 2707 3370 2763 nisi
3397 2709 3642 2764 omnium
3673 2719 3873 2766 aucto-

2253 2813 2372 2851 rum
2406 2797 2518 2854 l'ere
2569 2798 2686 2867 ejus
2717 2799 2899 2854 saeculi
2934 2799 3128 2854 litteris
3173 2810 3426 2856 testatum
3474 2801 3634 2858 nobis
3675 2815 3828 2858 esset
3851 2849 3868 2870 ,

2253 2887 2550 2945 draconem
2584 2889 2740 2945 illum
2770 2901 3071 2962 apostatam
3109 2880 3386 2949 lulianum
3413 2936 3430 2963 ,
3463 2894 3700 2952 Mentem
3744 2913 3870 2951 ma-

2259 2999 2420 3053 gnam
2451 2984 2519 3040 de
2559 3000 2660 3055 qua
2690 2984 2878 3050 lsaias,
2914 2998 3076 3058 atque
3097 2987 3379 3060 Assyrium
3401 3031 3416 3050 .
3447 2989 3543 3060 qui
3571 2990 3704 3046 nihil
3751 2999 3873 3046 tam

2256 3091 2320 3130 ex
2370 3077 2598 3146 imperio
2648 3080 3029 3148 concupierat,
3077 3097 3238 3151 quam
3273 3094 3328 3136 ut
3358 3084 3677 3154 religionem
3719 3085 3878 3141 chri-

2179 3159 2224 3223 C
2258 3167 2488 3222 stianam
2519 3170 2755 3224 ftmditns
2790 3171 3076 3238 perderet,
3109 3173 3174 3227 ad
3201 3189 3360 3245 quam
3383 3177 3773 3245 evertendam,
3809 3189 3878 3234 ut

2251 3261 2524 3331 quendam
2551 3261 2728 3317 Julius
2757 3263 2937 3319 Ctesar
2968 3264 3035 3319 ad
3060 3265 3253 3337 Betnp.
3283 3269 3722 3339 opprimendam,
3776 3287 3877 3327 so-

2253 3353 2404 3408 brius
2435 3363 2768 3417 accesserat.
2804 3356 3256 3413 restaurationem
3303 3360 3432 3416 lidei
3460 3361 3700 3418 Nicmnze
3731 3381 3874 3420 con-

2253 3443 2602 3513 cordiatnqne
2657 3447 3034 3518 episcoporum
3086 3452 3460 3520 promovisse?
3514 3454 3648 3508 Cum
3715 3457 3870 3512 enim

2251 3550 2441 3589 omnes
2471 3545 2692 3608 propter
2711 3537 2868 3594 tidem
2899 3539 3248 3596 Christianam
3273 3545 3500 3606 exsules
3548 3549 3871 3620 cujuscujus

2253 3637 2416 3682 sectae
2441 3639 2630 3684 essent
2659 3643 2989 3694 revocasset.
3035 3642 3242 3690 tantum
3265 3646 3324 3690 ut
3355 3637 3478 3693 illas
3509 3640 3714 3708 turbas,
3747 3642 3871 3712 qui-

2252 3721 2355 3777 bus
2379 3731 2505 3777 tunc
2536 3723 2781 3779 Ecclesia
2812 3727 3131 3795 vexabatur.
3158 3729 3327 3786 aleret
3359 3746 3424 3787 ac
3454 3732 3752 3802 retineret;
3782 3737 3874 3791 di-

2251 3828 2639 3887 versarumqne
2668 3827 2936 3872 sectarum
2966 3817 3164 3886 duces,
3195 3837 3317 3891 quze
3340 3826 3736 3894 propemodum
3769 3827 3870 3884 illo

2255 3917 2498 3979 tempore
2528 3909 2752 3965 iuliniue
2785 3911 3038 3984 fuerunt,
3083 3915 3220 3970 intra
3269 3917 3460 3973 eadem
3508 3920 3709 3976 muenia
3761 3922 3870 3979 de-

2250 4015 2442 4073 gentes
2464 4004 2612 4059 velnt
2658 4004 2991 4062 infestissimi
3037 4007 3225 4066 hostes
3269 4011 3518 4070 cominus
3562 4030 3748 4072 acrius
3802 4032 3870 4075 se

2254 4105 2440 4149 mutuo
2489 4107 2974 4168 persequerentur,
3017 4101 3284 4173 citiusque
3336 4105 3676 4164 conficerent
3709 4129 3724 4163 :
3758 4111 3868 4165 im-

2255 4190 2632 4256 pcrscrutahili
2657 4201 2834 4248 tamen
2871 4193 2966 4249 Dei
2992 4187 3353 4266 presidentia,
3384 4217 3507 4270 qum
3529 4204 3687 4258 sicuti
3719 4206 3869 4274 apud

2254 4280 2508 4337 Ilertnam
2539 4283 2817 4341 Pastorem
2871 4287 3100 4358 legimus
3123 4331 3138 4354 ,
3173 4307 3192 4342 ‹
3228 4292 3282 4346 in
3325 4292 3525 4350 bonum
3557 4297 3664 4352 sibi
3696 4299 3871 4354 vertit

2253 4374 2418 4428 etiam
2467 4375 2700 4443 peSsima
2724 4392 2738 4441 ;
2782 4387 2840 4433 ut
2868 4395 2962 4449 per
2988 4380 3284 4438 Ecclesiam
3316 4384 3602 4455 multiplex
3629 4389 3753 4459 ejus
3777 4406 3870 4445 sa—

2252 4467 2454 4535 pientia
2502 4481 2804 4538 appareat,
2851 4474 3150 4529 secundum
3199 4479 3602 4546 praescientiam
3634 4486 3871 4542 szeculo-

553 4555 661 4595 non
711 4553 872 4635 posse
899 4539 1153 4635 arbitror.
1193 4560 1212 4635 ς
1250 4542 1360 4598 Hoc
1405 4545 1549 4600 enim
1587 4561 1801 4618 semper
1839 4569 1858 4602 ›
1883 4593 1896 4617 ,
1931 4561 1988 4606 ut
2016 4554 2150 4608 scri-
2175 4553 2232 4615 D
2257 4575 2373 4614 run:
2403 4576 2562 4630 quam
2587 4560 2710 4617 fecit
2745 4563 2797 4618 in
2827 4562 3079 4633 Christo,
3116 4585 3136 4622 ι
3170 4568 3329 4624 trium
3381 4572 3600 4630 illorum
3649 4577 3872 4635 confes-

559 4643 706 4700 ptum
749 4631 968 4702 reliquit
995 4632 1316 4704 Peregrinus
1357 4635 1451 4690 ille
1499 4636 1790 4695 Lirinensis
1823 4642 1971 4712 (cap.
2004 4645 2106 4716 52)
2132 4687 2148 4714 ,

561 4742 580 4777 σ
617 4739 717 4780 nec
751 4724 1043 4796 quidquam
1091 4736 1352 4796 praeterea
1401 4729 1778 4787 luereticorntn
1822 4738 2150 4795 novitatibus

554 4817 784 4872 excitata
824 4816 1048 4887 perfecit
1091 4817 1368 4879 Ecclesia.
1417 4821 1520 4877 nisi
1552 4832 1608 4877 nt
1635 4825 1778 4895 quod
1829 4828 1942 4881 sola
1985 4803 2150 4886 tradi-

555 4911 703 4965 tione
757 4923 1108 4981 snsceperat,
1162 4911 1269 4968 hoc
1330 4913 1525 4971 deinde
1576 4919 1806 4986 posteris
1838 4921 2000 4977 etiam
2056 4941 2150 4992 per

554 5003 905 5068 scriptionem
927 5003 1276 5075 chirographi
1306 5009 1673 5086 consignaret,
1695 5029 1942 5080 magnam
1969 5033 2146 5074 rerum

551 5110 819 5152 summam
870 5097 1050 5166 paucis
1081 5097 1273 5153 litteris
1311 5119 1330 5152 ι
1359 5142 1374 5167 ,
1410 5119 1604 5174 nempe
1646 5104 1811 5180 746
1851 5109 2145 5182 Symholo,

495 5199 507 5204 '
558 5205 576 5236 ι
605 5187 1139 5257 comprehendendo,
1169 5197 1224 5244 et
1248 5191 1559 5264 plerumque
1591 5209 1810 5266 propter
1843 5203 2150 5274 intelligen-

552 5277 642 5332 tiae
671 5278 843 5333 lucem
863 5319 876 5341 ,
930 5295 1037 5333 non
1087 5295 1287 5335 novum
1325 5283 1445 5338 lidei
1476 5303 1695 5342 sensum
1729 5306 1882 5346 nova:
1909 5296 2149 5363 appella-

552 5370 719 5425 tionis
771 5373 1100 5438 pr0prietate
1145 5375 1533 5446 censignando.
1594 5400 1613 5433 ι
1670 5383 1946 5451 Ejusmodi
1996 5389 2139 5445 enim

550 5462 668 5532 pias
693 5462 979 5528 novitates,
1009 5464 1057 5517 id
1091 5474 1174 5520 est
1209 5483 1228 5517 t
1268 5467 1550 5523 adversum
1578 5487 1710 5526 nova
1745 5491 1947 5532 venena
1973 5497 2141 5538 novas

551 5554 1065 5610 medicamentorum
1113 5559 1586 5631 comparationes,
1625 5583 1642 5616 ι
1697 5578 1748 5620 ut
1799 5584 1893 5624 eas
1957 5585 2143 5629 noster

550 5645 781 5701 Hilarius
807 5657 962 5702 vocat
993 5648 1070 5719 (in
1093 5648 1358 5706 Constant.
1389 5669 1441 5707 η.
1467 5653 1580 5726 l6),
1615 5675 1635 5709 ι
1658 5657 1944 5718 adversum
1971 5679 2140 5722 novos

553 5736 738 5790 hostes
765 5753 898 5791 nova
928 5738 1096 5806 bella,
1128 5743 1411 5800 adversum
1446 5761 1612 5805 novas
1659 5751 1882 5810 insidias
1907 5757 2133 5814 concilia

2256 4669 2438 4708 sarum
2465 4653 2536 4707 ab
2562 4655 2756 4711 exsilio
2778 4672 3128 4716 reversorum
3158 4661 3722 4737 diligentia.‘labore,
3753 4672 3869 4728 sol-

2254 4746 2532 4803 licitudine
2581 4765 2770 4805 omnes
2811 4750 2947 4819 fere,
2977 4752 3073 4825 qui
3125 4756 3456 4815 Ariminensi
3507 4764 3702 4820 sceleri
3752 4767 3868 4822 sive

2253 4838 2841 4911 simplicitatedecepti
2861 4885 2877 4911 ,
2907 4859 3002 4900 seu
3035 4855 3178 4902 metu
3211 4852 3520 4919 perterriti,
3549 4855 3668 4910 sive
3701 4858 3867 4912 etiam

2255 4932 2454 4988 Ariana
2512 4933 2631 4988 lahc
2681 4935 2861 4992 inlecti
2911 4939 3380 5014 subscripserant,
3411 4947 3630 5016 culpam
3663 4965 3865 5021 agnos-

2254 5037 2470 5092 centes,
2528 5028 2800 5085 Niczenam
2843 5033 3001 5089 (idem
3056 5038 3342 5108 ampleXos
3394 5058 3561 5114 supra
3605 5046 3860 5103 vidimus.

2252 5120 2528 5189 Siquidem
2559 5130 2832 5181 communi
2882 5140 3146 5186 externae.
3174 5138 3570 5204 persecutionis
3621 5141 3866 5209 periculo

2252 5216 2544 5276 commoti.
2578 5218 2719 5272 velut
2754 5219 3164 5290 Syncretismo,
3213 5227 3264 5280 in
3308 5244 3473 5285 unam
3525 5233 3690 5289 Iidem
3737 5251 3866 5289 coa-

2253 5304 2469 5361 luerunt
2489 5351 2502 5374 ,
2553 5325 2658 5364 non
2689 5314 2841 5380 paut-i
2873 5316 3035 5370 etiam
3065 5332 3132 5371 ex
3159 5316 3433 5376 haereticis
3481 5341 3756 5399 martyres
3781 5329 3862 5385 ef-

2252 5397 2376 5454 fecti
2421 5411 2565 5455 sunt.
2604 5404 2801 5474 Ecquis
2839 5410 2982 5463 enim
3035 5411 3229 5468 divinae
3278 5417 3545 5473 voluntati
3592 5397 3862 5479 obsistere

2249 5495 2450 5562 queat?
2494 5512 2522 5548 a
2569 5513 2672 5568 qua
2703 5500 2866 5556 etiam
2893 5545 2906 5566 ,
2938 5513 2994 5558 ut
3019 5521 3216 5561 exinne
3243 5523 3271 5562 a
3299 5509 3583 5568 Clemente
3627 5515 3864 5572 Alexan-

2245 5582 2404 5638 drino
2431 5585 2649 5653 scriptis
2680 5593 2934 5646 traditum
2967 5604 3080 5660 est,
3113 5601 3199 5652 καὶ
3226 5600 3283 5655 ai
3308 5608 3408 5657 τῶν
3438 5597 3858 5666 ἆποστηὰἁντων

2243 5676 2428 5747 βουλαί
2453 5700 2506 5734 τε
2529 5685 2613 5736 καὶ
2636 5683 2881 5758 ἐνέργειαι
2909 5688 3263 5766 κυϐηρνῶνται
3301 5696 3388 5752 ἐπὶ
3424 5697 3568 5760 τὶλθς
3612 5701 3852 5775 ὑγιεινὸν.

2240 5769 2483 5846 Wire"?
2533 5774 2668 5836 θείας
2723 5783 2900 5854 σοφίας
2930 5784 3016 5836 καὶ
3041 5784 3226 5859 ἀρετῆς
3271 5791 3352 5843 καὶ
3399 5787 3668 5868 δυνάμεως
3708 5795 3853 5870 ἔργω
