3978 6196
67 285 154 341 915
1205 276 1476 335 NICOLAI
1536 273 1740 331 FABRI
1781 273 2164 333 PRAEFATIO.

3245 277 3348 334 9M

67 408 187 462 ἐστὶν
209 405 266 460 οὐ
290 403 442 475 μόνον
471 404 528 458 τὸ
553 404 892 476 ἀγαθοποιεῑν,
934 400 1059 455 ἀλλὰ
1080 401 1275 472 κᾲγηεῐνο
1306 397 1555 468 μάλιστα,
1582 397 1642 451 τό
1671 447 1674 455 ,

1780 408 1870 448 um
1897 435 1911 462 ,
1962 395 2178 466 iuquatu
2206 437 2221 464 ,
2279 410 2455 467 neque
2487 395 2618 451 illud
2649 403 2908 466 pervetus
2935 393 3214 465 exemplar
3259 393 3354 447 ha-

66 495 139 552 διὰ
153 503 309 551 κακῶν
331 500 436 551 τῶν
465 494 820 551 ἓπινοηθέντων
866 491 994 568 πρὸς
1033 498 1202 547 τινῶν.
1249 487 1437 562 ἀγαθόν
1474 510 1525 542 τι
1568 489 1653 540 καὶ

69 590 282 664 χρηστὸν
300 587 446 649 τέλος
471 586 736 642 ἀποτελεῖν
758 588 844 639 καὶ
870 584 1131 657 ὠφελίμως
1159 591 1266 644 τοῖς
1295 579 1505 639 δοκοῦσι
1526 577 1655 653 φαύ-

66 683 155 742 λοις
191 683 444 756 χρῆσθαι.

127 773 209 829 38.
252 772 574 841 Fragmenta
617 771 725 826 hac
774 770 962 825 divina:
1008 769 1346 841 providentia:
1390 779 1520 822 nutu
1568 767 1652 818 in-

70 875 216 922 venta.
266 866 509 919 Cassiani
565 864 684 919 libri
739 864 804 918 de
862 863 1247 918 lncarnatione.
1279 891 1352 904 —
1402 859 1654 926 Ejusdem

72 961 210 1013 etiam
238 955 596 1028 providentia:
623 970 761 1025 opus
786 969 908 1010 esse
935 955 1064 1010 mihi
1092 954 1425 1026 persuadeo,
1459 962 1516 1006 ut
1541 950 1658 1004 hanc

73 1050 374 1119 Fragmenta
409 1048 894 1104 turbulentissimis
918 1048 1034 1102 istis
1057 1046 1392 1116 temporibus
1423 1043 1658 1098 maxime

73 1143 222 1198 lucem
263 1151 624 1212 recupereut,
657 1156 752 1211 per
777 1140 939 1213 ⁵147
969 1157 1089 1211 qua:
1133 1140 1198 1194 ad
1231 1137 1498 1209 eju~modi
1527 1152 1655 1192 con-

76 1237 442 1292 sideratioueiu
483 1234 725 1290 historia!
749 1233 967 1289 excitati
992 1275 1004 1288 .
1031 1248 1180 1303 Spem
1210 1242 1413 1287 certam
1441 1247 1504 1287 ex
1543 1231 1659 1300 ejus

74 1332 360 1400 cognitione
399 1327 816 1400 concipiamus,
864 1330 1348 1399 quatienscumque
1391 1327 1658 1380 scelertun

75 1434 364 1478 nostrorqu
394 1436 496 1477 nos
537 1424 678 1477 bene
701 1431 864 1490 atque
889 1436 957 1474 ex
983 1419 1163 1474 animo
1191 1417 1506 1489 pmuituerit
1529 1457 1544 1482 ,
1577 1415 1660 1471 di-

78 1518 234 1573 vinam
275 1531 499 1572 manum
527 1529 634 1570 non
680 1514 922 1569 mutilam
955 1527 1017 1568 ac
1035 1513 1368 1568 decurtatam
1402 1517 1656 1581 expertu-

79 1627 188 1676 ros,
217 1610 579 1681 eumdemque
609 1607 896 1664 Dominum
929 1605 1249 1678 periclitanti
1280 1604 1660 1674 Apostolorum

81 1705 320 1762 naviculae
367 1703 816 1774 tranquillitatem
867 1699 1098 1755 solidam
1127 1713 1192 1754 ac
1230 1697 1438 1752 ﬁrmam
1483 1694 1664 1750 reddi-

1758 484 1900 550 buit,
1947 486 2041 541 sed
2089 496 2293 542 tantum
2340 487 2535 543 abhinc
2563 499 2781 542 centum
2811 485 2966 541 annis
3019 485 3072 540 in
3129 484 3351 552 charta,

1757 595 1920 634 manu
1948 580 2159 650 gallica,
2191 597 2288 636 nec
2312 582 2530 636 latinam
2560 581 2799 651 linguam
2831 579 2964 634 satis
2994 579 3352 650 percipiente,

1757 671 1995 725 confusis
2024 671 2353 727 dictionibus
2391 674 2646 743 scriptam
2675 715 2689 734 .
2723 673 2866 742 quod
2897 685 3161 741 praeterea
3189 672 3356 727 etiam

1759 763 2015 820 librorum
2048 765 2291 821 Cassraui
2329 767 2397 822 de
2428 767 2802 822 Incarnatione
2832 764 3032 821 Christi
3081 766 3354 836 epitomeu

1757 857 1947 911 eadem
1995 875 2157 913 manu
2211 859 2469 928 scriptam
2519 860 2865 923 contineret,
2917 858 3060 913 illam
3126 857 3358 914 fertasse

1759 967 1920 1020 quam
1965 951 2288 1007 Eucherium
2343 952 2759 1020 Lugdunensem
2812 951 3123 1020 episcopqu
3173 949 3359 1006 confe-

1760 1042 1903 1097 cisse
1934 1044 2086 1098 testis
2116 1054 2200 1098 est
2221 1043 2556 1099 Gennadius.
2585 1042 2716 1097 inde
2757 1057 2907 1110 spem
2950 1051 3274 1110 conceperat
3305 1047 3361 1094 et

1761 1137 2040 1202 antiquum
2073 1136 2350 1205 exemplar
2375 1178 2388 1199 ,
2435 1136 2579 1190 unde
2608 1149 2797 1190 recens
2846 1133 2975 1189 illud
3020 1133 3351 1199 exscriptqu

1761 1226 1966 1294 iuerat,
2019 1227 2239 1283 aliunde
2295 1228 2606 1298 recuperari
2656 1242 2816 1295 posse
2851 1244 2863 1280 :
2896 1242 3016 1294 qua:
3061 1241 3224 1281 causa
3267 1225 3365 1280 fuit

1761 1332 1858 1373 eor
1915 1319 2117 1373 tamdiu
2171 1335 2357 1374 eorum
2419 1319 2718 1374 editionem
2759 1319 3099 1373 sustinuerit.
3148 1318 3204 1372 lu
3254 1334 3362 1387 quo

1761 1419 1909 1467 certe
1956 1411 2029 1466 illi
2071 1411 2173 1467 hoc
2215 1409 2524 1467 felicissime
2550 1411 2806 1481 contigit,
2841 1410 2981 1465 utin
3028 1406 3366 1480 publicandis

1763 1501 1975 1559 duobus
2025 1503 2146 1560 istis
2195 1504 2417 1559 eximiis
2473 1503 2812 1573 antiquitatis
2860 1503 3226 1558 monumentis
3255 1504 3363 1558 fato

1765 1595 2100 1665 interceptus
2132 1596 2393 1666 prmclare
2422 1605 2597 1650 actam
2629 1596 2752 1650 vita:
2796 1595 3027 1650 fabulam
3073 1595 3367 1651 illustriore

1764 1684 1874 1741 ﬁne
1922 1687 2083 1741 veluti
2137 1687 2356 1758 Cyguea
2410 1685 2667 1742 cautione
2697 1687 3064 1742 concluderet.
3108 1686 3367 1754 Quamvis

82 1809 259 1852 turum.
291 1796 478 1867 Longe
499 1795 642 1851 enim
675 1809 797 1849 mea
824 1793 1085 1864 opinione
1128 1800 1274 1846 errat
1295 1831 1310 1856 ,
1340 1790 1383 1843 si
1420 1787 1540 1859 quis
1565 1801 1664 1858 pu—
1691 1792 1741 1854 Β
1769 1793 1901 1835 sane
1952 1777 2327 1833 difﬁcillimum
2382 1777 2542 1836 fuerit
2589 1779 2762 1834 virum
2821 1779 3050 1848 ingenii,
3094 1779 3369 1850 animique

83 1902 146 1948 tat
168 1892 465 1947 litercsihus
487 1933 501 1956 ,
544 1905 664 1960 quae
695 1888 940 1958 plurimm
969 1896 1140 1942 totum
1171 1887 1282 1940 fere
1309 1882 1495 1939 orbem
1530 1896 1653 1952 per-

79 1997 317 2057 vagantur
351 1995 520 2056 atque
545 1984 912 2048 conturbant,
955 1980 1076 2052 plus
1101 1980 1296 2034 virium
1340 1993 1405 2032 ac
1450 1976 1660 2031 roboris

83 2079 126 2134 in
169 2093 380 2134 suorum
439 2077 796 2132 sectariorum
847 2073 1005 2129 malis
1053 2071 1248 2127 animis
1275 2081 1368 2124 aut
1409 2067 1661 2123 versutiis

83 2173 260 2238 inesse,
289 2186 453 2244 quam
478 2171 531 2226 in
555 2164 756 2226 nostris
784 2168 930 2222 vitiis
971 2181 1034 2221 ac
1063 2163 1381 2220 sceleribus.
1413 2161 1659 2229 Quapro-

84 2276 184 2336 pter
211 2272 266 2319 ut
290 2263 494 2318 divinae
518 2260 782 2330 Majestati
819 2273 917 2330 pro
952 2257 1052 2313 hac
1081 2255 1278 2311 eximia
1311 2252 1396 2309 sui
1424 2251 1662 2308 numinis

85 2357 128 2412 in
165 2373 259 2413 nos
310 2357 652 2428 benignitate
701 2368 994 2422 numquam
1059 2367 1155 2420 pro
1205 2348 1412 2405 meritis
1471 2345 1662 2416 dignas

85 2464 221 2521 agerc
275 2451 480 2520 gratias
529 2445 610 2502 vel
653 2446 836 2500 animo
875 2441 1164 2514 concipere
1210 2452 1538 2511 possumus.
1590 2437 1666 2490 ita

87 2543 226 2598 etiam
255 2541 360 2614 piis
385 2540 578 2612 optimi
604 2538 704 2594 viri
727 2547 781 2594 et
801 2537 870 2593 dc
889 2552 1088 2606 genere
1121 2533 1356 2588 luunauo
1389 2531 1524 2585 bene
1552 2543 1664 2583 me-

87 2636 158 2690 riti
184 2635 370 2691 Pithmi
409 2633 582 2689 nostri
613 2631 862 2686 manibus
886 2671 900 2695 ,
948 2629 1034 2683 cui
1066 2642 1166 2682 nos
1195 2625 1311 2679 hanc
1339 2624 1661 2692 Fragmenta
1695 2634 1711 2648 ·

89 2733 264 2787 debere
295 2744 509 2786 Summa
540 2727 632 2782 illa
683 2725 937 2793 majestas
964 2721 1167 2786 voluit,
1204 2733 1389 2789 parem
1437 2715 1662 2785 gratiam

86 2823 264 2880 referre
295 2824 380 2879 vix
435 2837 498 2876 ac
537 2836 607 2876 ne
634 2819 721 2874 vix
762 2817 982 2887 quidem
1012 2813 1302 2868 valeamus.
1335 2809 1469 2864 Cum
1522 2805 1666 2860 enim

89 2919 154 2973 sic
177 2919 327 2972 vitam
360 2917 483 2986 ipse
516 2912 841 2968 instituisset
861 2950 874 2974 ,
909 2919 967 2962 ut
989 2903 1275 2962 commoda
1307 2901 1516 2971 publica
1545 2897 1666 2952 ubi-

90 3028 178 3082 que
207 3011 442 3082 pr0priis
471 3008 703 3080 negotiis
733 3009 1120 3078 praeverteret,
1163 2997 1526 3065 smvienteque
1558 2991 1667 3046 Lu-

91 3105 215 3161 tetia:
245 3105 553 3176 pestilentia
575 3143 588 3164 .
647 3098 1090 3170 Augustobonam
1137 3091 1464 3148 Tricassium
1493 3131 1508 3154 ,
1549 3103 1668 3159 quae

92 3197 206 3251 illud
245 3156 418 3254 rnobis
458 3156 607 3251 sidus
657 3156 939 3256 ediderat,
994 3187 1344 3244 secessisset:
1405 3156 1590 3236 nactus
1638 3194 1667 3233 a
1696 3156 1743 3221 (ἶ

94 3290 363 3348 Francisco
395 3289 591 3356 fratre,
619 3289 740 3342 viro
771 3285 989 3356 propria
1023 3281 1181 3337 laude
1211 3278 1427 3334 virtutis
1465 3284 1521 3331 et
1545 3273 1673 3328 doe-

97 3383 234 3438 trina:
256 3382 590 3446 clarissimo,
624 3389 676 3434 et
707 3379 868 3449 plane
907 3384 1052 3431 tanto
1078 3374 1229 3429 fratri
1255 3385 1514 3443 germano
1534 3409 1548 3431 ,
1579 3379 1675 3420 ve-

97 3487 168 3533 tus
221 3477 502 3550 exemplar
551 3472 855 3529 fabularum
905 3468 1248 3540 [Esopiarum
1302 3463 1566 3534 improbi,
1619 3465 1679 3513 ut

96 3583 202 3624 eum
231 3579 393 3624 Vocat
443 3565 702 3622 Martialis
728 3607 743 3632 ,
793 3562 1031 3625 Pha'dt'i,
1073 3577 1181 3632 quo
1211 3574 1376 3629 opere
1402 3555 1673 3613 eruditum

98 3662 277 3719 Tiberii
325 3664 590 3718 saeculum
638 3660 771 3717 nihil
801 3660 1081 3715 venustius
1130 3655 1499 3726 elegantiusve
1552 3666 1679 3720 pro-

101 3757 238 3825 tulit,
269 3759 355 3814 vel
394 3758 555 3827 hujus
597 3758 678 3812 sui
708 3769 958 3812 secessus
1008 3753 1272 3808 rationem
1309 3749 1522 3822 publice
1546 3763 1676 3804 con-

101 3859 230 3906 stare
268 3851 460 3906 voluit.
519 3849 703 3920 Itaque
761 3847 1064 3919 procuratis
1102 3843 1511 3899 characteribus
1580 3855 1678 3911 pro

101 3955 242 4012 captu
269 3944 422 3998 urbis
445 3942 660 4014 quidem
693 3955 901 4012 magna:
941 3947 996 3994 et
1021 3937 1318 4007 frequentis
1341 3975 1354 3998 ,
1399 3933 1494 3990 sed
1537 3947 1679 3988 mer-

103 4047 283 4092 caturae
326 4051 394 4092 ac
441 4035 769 4090 commercio
817 4033 1029 4102 penitus
1056 4029 1287 4085 addicta:
1315 4035 1476 4096 atque
1516 4040 1678 4080 occu-

104 4140 254 4199 patzc.
287 4147 315 4185 a
345 4131 541 4186 litteris
593 4145 723 4184 vero
771 4129 981 4197 penitus
1031 4125 1257 4188 alieum,
1303 4120 1677 4187 elegantibus,

105 4223 475 4293 conductisque
505 4221 720 4292 operis,
754 4219 876 4274 illas
907 4217 1119 4272 fabulas
1148 4228 1247 4269 suo
1270 4219 1488 4281 sumptu
1519 4218 1682 4279 atque

108 4311 208 4369 lucc
229 4315 550 4385 Fragmenta
579 4314 720 4386 typis
748 4320 968 4381 vulgare
994 4307 1295 4364 constituit.
1324 4305 1382 4359 In
1404 4320 1504 4373 qua
1536 4302 1684 4372 cogi-

109 4407 291 4463 tatione
329 4408 597 4462 absolutis
628 4403 824 4461 fabulis
847 4446 860 4469 ,
894 4403 1084 4472 hisque
1112 4399 1454 4470 Fragmeutis
1479 4406 1682 4452 tantum

110 4512 202 4551 non
231 4500 294 4554 ad
327 4498 644 4553 umbilicum
675 4496 971 4567 perductis,
1009 4495 1090 4547 vir
1117 4491 1526 4547 immortalitate
1564 4487 1683 4557 dig-

112 4594 346 4649 nissiums
377 4593 442 4648 ad
470 4593 748 4648 meliorem
796 4591 960 4644 vitam
1013 4594 1322 4656 assumptus
1373 4596 1474 4639 est.
1509 4582 1686 4638 Adde-

114 4698 214 4738 rem
245 4687 342 4740 hoc
375 4685 496 4740 loco
527 4683 667 4738 unde
717 4681 831 4736 lizec
879 4680 1040 4735 etiam
1086 4677 1407 4745 Fragmenta
1454 4677 1685 4737 eruerit,

115 4778 202 4830 nisi
228 4779 380 4834 bonis
410 4780 540 4834 viris
568 4775 832 4846 ejusmodi
887 4788 1067 4828 rerum
1115 4770 1475 4840 cognitionem
1528 4766 1690 4836 proii-

115 4871 333 4926 tentibus
380 4872 636 4926 ruborem
682 4867 993 4923 sull'undcre
1023 4879 1276 4928 vererer,
1328 4861 1420 4932 qui
1469 4860 1690 4914 delites—

114 4966 270 5021 centis
302 4967 461 5035 hujus
493 4965 545 5020 in
578 4962 920 5018 bibliothecis
941 4961 1054 5014 suis
1079 4959 1318 5013 thesauri
1345 4957 1488 5009 velut
1517 4955 1690 5026 gallus

116 5057 195 5112 ille
237 5058 494 5127 E-opius
544 5057 762 5112 uniunis
809 5055 1124 5124 dignitatem
1174 5065 1282 5104 non
1314 5054 1690 5119 agnoverunt,

116 5151 190 5204 vel
218 5151 449 5223 agnitum
481 5165 586 5204 non
616 5151 734 5202 sine
776 5146 988 5216 publica
1028 5144 1235 5213 jactura
1266 5150 1372 5194 tam
1404 5140 1493 5193 diu
1522 5137 1694 5192 couti-

117 5259 353 5300 nueruut.
389 5245 571 5299 Dicam
619 5253 852 5305 taututu,
885 5239 1026 5309 quod
1074 5234 1412 5306 praetermitti
1457 5247 1560 5286 non
1596 5248 1694 5299 po-

119 5347 246 5398 test.
299 5338 489 5394 hurum
525 5337 971 5402 Fragmentorum
1026 5329 1238 5384 unicum
1297 5325 1578 5395 exemplar
1606 5323 1696 5376 Pi-

120 5427 307 5485 thuaum
350 5428 574 5485 Lutetia:
620 5441 763 5482 anno
809 5422 1002 5478 salutis
1039 5434 1246 5475 etotoxc
1293 5427 1566 5485 repertum
1601 5417 1696 5469 ha-

120 5517 308 5576 buisse.
340 5521 457 5576 Non
491 5521 659 5590 magis
687 5518 831 5572 enim
862 5525 1046 5570 uoster
1073 5513 1162 5568 ille
1193 5509 1427 5566 sedecim
1455 5509 1698 5580 tyrannis

119 5625 360 5680 oppressa
392 5615 543 5677 urbe,
573 5627 732 5681 quam
765 5610 1019 5664 Socrates
1062 5607 1274 5674 triginta
1300 5617 1430 5656 suas
1460 5601 1700 5655 Athenas

121 5708 464 5772 vexantibus,
527 5705 863 5775 preposition
914 5703 1039 5754 vita:
1115 5697 1406 5752 decursum
1463 5694 1701 5766 philoso-

123 5797 327 5865 pliando
354 5803 575 5867 remque
628 5795 891 5865 publicam
938 5791 1175 5856 iuvando
1222 5787 1534 5842 intermisit.
1566 5784 1698 5839 Uni.

1767 1870 1924 1926 bonis
1950 1871 2204 1926 omnibus
2231 1871 2635 1926 ornatissimum
2664 1913 2677 1937 ,
2712 1871 2803 1942 qui
2845 1885 3062 1941 semper
3085 1871 3222 1926 illud
3265 1886 3367 1926 an-

1765 1961 1898 2031 tiqui
1932 1973 2106 2032 poclm
2136 1963 2236 2017 sibi
2265 1961 2430 2034 7&8
2455 1963 2735 2030 occinens,
2765 1968 2857 2040 xei
2884 1967 3009 2035 μήτε
3041 1966 3371 2036 παυσαίμεθα

1768 2055 2039 2132 εὐδρῶντες
2067 2057 2302 2132 ϐροτούς,
2332 2071 2494 2112 omne
2516 2057 2686 2122 dium,
2713 2055 2954 2110 laborem
2976 2095 2990 2121 ,
3023 2055 3370 2121 iuduSlriam,

1766 2163 2065 2218 omnesque
2097 2149 2455 2218 cogitationes
2495 2163 2622 2202 suas
2663 2147 2894 2217 publicis
2925 2144 3244 2202 utilitatibus
3281 2145 3373 2202 de-

1767 2253 2018 2305 voverat,
2053 2252 2216 2314 atque
2253 2240 2636 2312 impendebat,
2669 2253 2776 2294 non
2815 2239 2868 2294 in
2892 2253 3058 2310 opere
3099 2239 3363 2310 praeclaro

1768 2345 1942 2391 morte
1973 2333 2331 2405 deprehendi.

1839 2439 1930 2497 39.
1975 2439 2166 2496 Pithtei
2195 2441 2444 2512 elogium.
2477 2469 2548 2480 —-
2578 2439 2656 2495 De
2684 2437 2986 2494 litterarum
3017 2437 3218 2493 studiis
3253 2446 3374 2492 tart-

1771 2544 1884 2591 tum
1912 2551 2021 2591 non
2053 2539 2275 2608 loquor,
2312 2536 2366 2591 in
2395 2535 2592 2606 quibus
2619 2534 2835 2591 assidue
2864 2533 3218 2604 exquirendo,
3251 2548 3376 2604 per-

1772 2631 2065 2686 scrutanda
2094 2629 2477 2691 bibliothecas.
2503 2629 2846 2695 antiquorum
2871 2639 3149 2683 auctorum
3172 2626 3372 2696 scripta

1773 2727 1853 2781 vel
1886 2741 1916 2780 a
1945 2726 2188 2791 mendis,
2221 2725 2304 2780 vel
2335 2724 2404 2781 ab
2426 2723 2648 2780 interitu
2676 2721 2942 2778 vindicata
2974 2720 3370 2791 provulgando,

1774 2816 1857 2871 vel
1884 2816 2021 2871 alios
2050 2830 2187 2887 quos
2216 2815 2267 2869 in
2299 2830 2361 2871 ea
2406 2829 2466 2870 re
2521 2813 2722 2883 aliquid
2755 2827 2915 2883 posse
2958 2811 3233 2882 judicabat
3279 2827 3377 2866 ex-

1775 2906 2075 2972 hortando,
2119 2904 2447 2976 impellendo
2473 2945 2489 2968 ,
2532 2914 2695 2974 atque
2720 2905 2881 2959 etiam
2907 2902 3180 2973 juvando,
3227 2902 3376 2956 nullo

1777 3009 2020 3069 tempore
2065 3014 2174 3054 non
2214 2997 2416 3068 aliquid
2464 2999 2628 3052 movit
2671 3011 2735 3051 ac
2781 2995 3068 3067 promovit.
3118 2993 3376 3063 Quamvis

1779 3096 1922 3152 enim
1969 3095 2057 3149 illa
2100 3094 2276 3150 studia
2309 3093 2363 3148 in
2391 3101 2577 3148 uo.~tro
2608 3090 2821 3146 Pithmo
2868 3102 3077 3144 summa
3125 3089 3372 3152 luerunt,

1776 3189 2148 3255 doctrinaeque
2197 3185 2356 3240 laude
2407 3185 2680 3256 praecipue
2748 3180 3018 3248 innotuit,
3060 3188 3122 3234 ut
3170 3180 3262 3250 qui
3309 3194 3378 3233 ex

1780 3281 1987 3352 primo,
2037 3295 2197 3349 quem
2226 3279 2441 3350 juvenis
2490 3276 2672 3342 dedit,
2725 3274 3011 3346 publicatis
3055 3270 3377 3344 quihusdam

1777 3374 1947 3430 divini
1973 3373 2056 3428 sui
2080 3373 2276 3442 ingenii
2304 3370 2690 3443 experimentis
2714 3411 2730 3434 ,
2756 3365 3081 3443 eruditionis
3113 3364 3380 3419 abstrusa:

1778 3477 1940 3536 atque
1961 3440 2254 3521 recoiidita:
2301 3440 2460 3534 gustu
2493 3461 2633 3516 inter
2673 3440 3032 3514 litteratorum
3067 3454 3337 3525 principes
3361 3495 3377 3518 ,

1779 3559 1862 3614 vel
1894 3558 2220 3628 suffragante
2255 3555 2480 3619 invidia,
2505 3553 2573 3608 ab
2604 3553 2670 3608 iis
2697 3551 2785 3618 qui
2810 3559 2923 3606 tum
2960 3549 3014 3604 in
3057 3547 3250 3603 littoris
3289 3559 3379 3600 re-

1778 3651 2019 3724 gnabant
2067 3650 2369 3705 recensitus
2410 3647 2804 3716 fueritzquam
2835 3643 2903 3700 de
2949 3658 3007 3698 se
3064 3647 3380 3709 conceptam

1779 3746 2089 3815 Opinionem
2142 3743 2208 3799 ad
2247 3744 2496 3798 ultimum
2541 3755 2713 3812 usque
2757 3739 2882 3794 vitae
2930 3736 3075 3792 diem
3120 3733 3379 3797 adauxit,

1780 3837 2176 3907 Sustinebitque
2207 3833 2464 3906 quamdiu
2517 3832 2713 3889 littera:
2766 3828 3060 3886 durabunt.
3109 3824 3380 3896 Quantula

1781 3941 1964 3987 tamen
2009 3931 2127 3985 haec
2154 3928 2331 3983 laudis
2357 3938 2409 3982 et
2437 3925 2624 3996 glorim
2655 3924 2785 3979 tanti
2809 3923 2909 3978 viri
2938 3930 3021 3977 est
3045 3918 3259 3990 portio?
3289 3916 3384 3972 Li-

1780 4034 1869 4081 cet
1915 4026 2058 4080 euim
2106 4036 2265 4078 nemo
2320 4021 2513 4077 melius
2544 4033 2713 4073 unum
2761 4015 3066 4084 quempiam
3105 4023 3384 4066 auctorem

1783 4115 2028 4181 noverit,
2062 4129 2222 4185 quam
2249 4113 2362 4181 ipse
2385 4123 2576 4166 omnes
2604 4108 2858 4176 antiquos
2883 4105 3164 4173 utriusque
3185 4101 3386 4172 linguae

1783 4210 2100 4279 scriptores,
2141 4219 2277 4270 quos
2322 4202 2390 4258 ad
2443 4215 2610 4256 unum
2639 4200 2871 4267 legerat,
2921 4195 2987 4250 ad
3032 4202 3211 4250 vetera
3240 4207 3379 4246 eon-

1785 4300 1986 4355 tulerat
2028 4294 2361 4364 exemplaria
2384 4334 2399 4358 ,
2431 4301 2484 4347 et
2529 4297 2861 4345 concoxerat
2893 4304 2905 4340 :
2935 4287 3061 4342 licet
3090 4298 3250 4340 nemo
3278 4282 3388 4353 pri-

1784 4403 1905 4444 vata
1946 4400 1999 4444 et
2038 4385 2337 4442 domestica
2383 4382 2596 4452 negotia
2647 4379 2889 4435 exactius
2933 4376 3171 4433 tenuerit
3221 4388 3385 4445 quam

1789 4483 1904 4553 ipse
1927 4481 2185 4538 Gallicam
2218 4489 2611 4546 externumque
2655 4471 2940 4529 historiam
2965 4512 2980 4537 ,
3013 4470 3249 4540 origines
3295 4483 3390 4536 po-

1792 4578 2043 4650 pulorum
2068 4617 2083 4635 .
2107 4573 2506 4641 descriptiones
2529 4581 2831 4640 temporum
2856 4608 2871 4630 ,
2907 4563 3280 4620 successiones
3309 4559 3389 4613 fa-

1793 4670 2084 4734 miliarum,
2115 4667 2289 4731 bella,
2320 4664 2524 4722 ftedera
2551 4704 2564 4727 ,
2597 4660 2988 4717 cunventiones
3013 4697 3027 4717 .
3059 4655 3141 4709 vel
3169 4661 3389 4708 extero-

1794 4778 1912 4819 rum
1941 4762 2082 4816 inter
2123 4776 2182 4814 se
2210 4757 2295 4813 vel
2343 4756 2619 4812 nobiscum
2653 4760 2803 4821 gesta
2827 4791 2841 4814 ,
2873 4747 2937 4800 ad
2973 4749 3089 4800 haec
3119 4743 3280 4800 etiam
3313 4741 3393 4796 le-

1795 4872 1926 4926 ges,
1975 4869 2194 4917 niores,
2240 4847 2660 4906 consuetudines
2699 4841 3098 4913 provinciarum
3152 4834 3392 4903 singula-

1797 4943 1986 5004 rumve
2041 4945 2290 5006 urbium,
2335 4956 2561 5012 quarum
2612 4936 2851 4990 omnium
2908 4949 2936 4986 a
2995 4930 3192 4986 teneris
3237 4926 3395 4981 anuis

1799 5042 2071 5097 indefesso
2100 5054 2164 5092 ac
2189 5037 2344 5104 plane
2364 5034 2628 5088 Herculeo
2653 5030 2836 5084 labore
2868 5027 2968 5080 sibi
2999 5023 3396 5093 perfectatnno-

1797 5132 1969 5187 titiam
1997 5170 2011 5193 ,
2045 5143 2165 5182 euut
2199 5142 2263 5180 ex
2289 5124 2517 5191 vulgatis
2547 5121 2696 5174 libris
2719 5161 2733 5181 ,
2766 5128 2876 5171 tum
2907 5115 3070 5169 etiam
3103 5127 3167 5167 ex
3207 5109 3394 5163 bibiio.

1800 5224 1972 5280 thecis
1994 5219 2249 5288 antiquis,
2275 5214 2513 5270 archivis
2541 5212 2723 5281 regiis,
2759 5217 2998 5270 senatus,
3029 5202 3394 5259 rationaliunt.

1803 5318 2049 5377 urbuuu,
2085 5308 2644 5373 mouasteriorumquc
2698 5308 3139 5370 comparaverat,
3201 5294 3399 5376 iustiu-

1807 5417 2222 5472 meritorumque
2247 5404 2482 5470 ipsorum
2529 5405 2689 5463 atque
2735 5406 2976 5447 actorum
3025 5390 3219 5444 bonam
3277 5403 3395 5455 par-

1809 5513 1918 5557 tem
1966 5513 2060 5552 sua
2093 5510 2252 5550 manu
2301 5487 2660 5558 descripserat
2706 5487 2804 5540 :iu
2857 5485 2981 5553 jure
3030 5492 3207 5535 autem
3258 5478 3402 5533 civiii

1808 5593 2176 5649 Romanorum
2223 5587 2348 5640 licet
2377 5583 2441 5637 ad
2473 5598 2595 5637 eum
2628 5580 2852 5650 gradutn
2883 5575 3192 5646 per-tigerit,
3236 5581 3292 5624 ut
3337 5571 3405 5622 de.

1809 5703 1907 5752 eo,
1963 5681 2428 5748 celeberrimoqut:
2469 5677 2586 5746 ejus
2637 5682 2969 5743 praceptore
2999 5669 3252 5738 (Iujacio,
3301 5664 3408 5718 (ἧι-ἱ

1807 5771 1930 5847 iure
1960 5779 2123 5846 possit
2154 5817 2166 5841 ,
2197 5771 2336 5842 quod
2378 5769 2447 5822 tle
2479 5770 2687 5835 magnis
2718 5767 2846 5823 olim
2875 5755 3181 5820 oratoribus
3209 5747 3406 5814 dictum
