4040 6328
1633 906 2612 1041 ELENCHUS

600 1393 1109 1481 OPERUM
1168 1393 1445 1507 QUAS
1500 1395 1623 1479 IN
1681 1393 1932 1487 HOC
1988 1396 2620 1483 VOLUMINE
2695 1392 3609 1482 CONTINENTUR.

962 1832 3037 1877 «0%—

620 2328 712 2389 .De
740 2325 1057 2389 Trinitate
1084 2325 1229 2387 libri
1259 2325 1619 2392 duodecim.
3194 2322 3318 2383 col.
3565 2324 3605 2383 9

625 2430 819 2492 Liber
850 2429 928 2492 de
950 2429 1221 2512 Synodis
1256 2448 1371 2493 seu
1400 2432 1556 2493 Fide
1589 2430 2044 2495 Orientalium.
3490 2426 3603 2487 471

617 2532 1039 2611 Apologetica
1073 2532 1153 2595 ad
1183 2533 1686 2612 reprehensores
1719 2534 1866 2595 libri
1909 2534 1988 2595 de
2025 2529 2296 2612 Synodis
2332 2542 2671 2610 responsa.
3484 2526 3604 2588 5&6

618 2630 853 2692 Hilarii
883 2632 1157 2710 cpistola
1186 2631 1265 2695 ad
1296 2634 1535 2699 Abram
1571 2634 1772 2697 ﬁliam
1807 2648 2016 2697 suam.
3486 2628 3604 2689 5&7

614 2730 909 2810 Hymnus
941 2732 1146 2793 eidem
1179 2733 1261 2796 ab
1296 2733 1522 2796 eodem
1548 2735 1812 2797 missus.
3197 2724 3203 2730 ’
3481 2732 3593 2792 551

615 2832 909 2897 Censura
939 2834 1207 2897 alterius
1239 2834 1463 2917 hymni
1489 2836 1742 2901 Hilario
1778 2851 2118 2917 perperam
2151 2834 2399 2897 tribuli.
3483 2831 3603 2892 553

612 2935 791 2999 Libri
819 2938 949 2999 duo
978 2936 1059 3000 ad
1093 2937 1540 3002 Constantium
1567 2940 1962 3022 Augustum.
3481 2934 3648 3002 Ibid.

614 3039 810 3101 Liber
840 3042 1068 3103 contra
1102 3038 1579 3103 Constantium.
3480 3035 3596 3096 571

610 3143 806 3204 Liber
847 3147 1075 3206 contra
1100 3142 1379 3206 Arianos
1410 3144 1512 3207 vel
1547 3144 1972 3207 Auxentium.
3480 3138 3601 3199 605

614 3244 993 3319 Quindecim
1018 3247 1410 3328 Fragmenta
1436 3268 1521 3312 ex
1552 3249 1763 3328 Opere
1791 3249 2142 3312 Historico.
3480 3243 3600 3302 619

610 3348 1001 3426 Fragmenta
1032 3367 1115 3410 ex
1142 3349 1287 3412 aliis
1318 3350 1381 3410 S.
1418 3350 1647 3412 Hilarii
1687 3351 2017 3430 operibus.
3471 3344 3594 3406 725

612 3449 676 3511 S.
708 3449 937 3511 Hilarii
973 3450 1265 3529 Epistola
1303 3469 1417 3515 seu
1454 3452 1737 3514 Libellus
1765 3470 1913 3514 cum
1951 3451 2322 3530 praefatione
2353 3456 2416 3517 et
2444 3451 3034 3517 dissertationibus.
3478 3447 3600 3507 7'27

616 3552 838 3613 Sermo
863 3552 935 3611 B.
972 3551 1203 3614 Hilarii
1227 3552 1305 3614 de
1333 3552 1735 3617 dedicatione
1770 3554 2079 3617 ecclesiae.
3479 3552 3600 3613 877

614 3658 807 3721 Liber
832 3657 909 3720 de
940 3658 1085 3719 Filii
1118 3661 1183 3720 et
1208 3659 1417 3735 Patris
1452 3658 1728 3722 Unitate.
3477 3654 3598 3716 883

610 3759 803 3821 Liber
832 3758 909 3819 de
937 3758 1238 3822 Essentia
1264 3759 1472 3822 Patris
1499 3761 1563 3822 et
1587 3759 1761 3821 Filii.
3478 3757 3599 3819 887

612 3859 861 3922 Nicolai
886 3858 1081 3921 Fabri
1110 3859 1176 3920 in
1208 3859 1597 3941 Fragmenta
1625 3860 1854 3925 Hilarii
1888 3860 2198 3942 praefatio.
3469 3858 3642 3920 Ibid.

611 3960 813 4024 Index
839 3978 1058 4023 rerum
1085 3964 1147 4022 et
1175 3962 1667 4026 sententiarum.
3477 3960 3598 4021 915

611 4063 816 4128 Index
845 4064 1247 4131 Glossarum.
3438 4058 3595 4122 101’s
