4040 6328
251 314 3533 374 Ἥ

1565 363 1759 370 -ν--ι
1771 361 2224 370 η--ν--σ--ι-ν-

768 509 940 632 ΙΝ
1037 500 1662 634 LIBROS
1754 506 1997 656 DE
2088 503 3022 636 TRINITATE

1429 760 2340 870 PRIEFATIO.

1710 963 2091 1023 ευκῇαο

318 1089 358 1144 l.
413 1088 484 1144 Hi
525 1089 644 1146 libri
686 1088 970 1144 Athanasio
1005 1089 1278 1162 adscripti.
1339 1089 1594 1156 Quantam
1635 1087 1841 1143 Hilario
1869 1089 1918 1149 A
1947 1087 2136 1145 Trinit.
2166 1106 2287 1162 cap.
2317 1092 2404 1161 10,
2437 1093 2531 1150 sed
2557 1109 2586 1150 a
2609 1093 2766 1150 titulo
2789 1095 3076 1155 indicando
3106 1101 3392 1174 utrobique
3413 1105 3538 1161 abs-

247 1182 450 1238 laudem
467 1184 772 1255 pepererint.
795 1213 861 1224 --
878 1183 1160 1253 Temporis
1173 1182 1513 1252 dispendium
1539 1181 1717 1238 facere
1731 1197 1841 1237 mc-

247 1275 822 1346 ritojudicaretur,qui
842 1275 893 1330 in
924 1274 1008 1329 his
1039 1275 1189 1329 libris
1212 1275 1417 1329 auctori
1443 1289 1540 1328 suo
1562 1273 1834 1329 vindican-

245 1366 332 1422 dis
371 1366 503 1422 illud
530 1378 894 1423 consumeret.
940 1367 1200 1434 Quamvis
1235 1366 1378 1420 enim
1419 1380 1513 1420 eos
1546 1363 1845 1420 Athanasio

252 1461 557 1533 adscriptos
603 1461 872 1532 qu0ndam
939 1461 1171 1516 viderint
1210 1459 1493 1532 Philippus
1533 1460 1687 1514 bona:
1719 1459 1846 1528 Spei

247 1553 429 1610 Ahbas
456 1566 510 1610 et
558 1553 795 1611 Joannes
831 1555 1050 1624 quidam
1074 1554 1245 1624 ipsius
1285 1555 1507 1626 aequalis
1534 1564 1590 1610 et
1617 1555 1844 1622 amicus,

249 1649 370 1704 illos
393 1662 571 1706 tamen
601 1650 670 1705 ab
701 1650 906 1705 Hilario
935 1649 1203 1720 proiectos
1232 1665 1355 1705 esse
1375 1665 1440 1704 ex
1472 1650 1844 1720 castigatiori.

251 1741 350 1797 bus
392 1743 722 1798 membranis
761 1742 1101 1814 postmodum
1135 1752 1488 1813 agnovi-runt.
1536 1744 1650 1810 Qua
1686 1742 1846 1797 etiam

251 1834 302 1888 in
355 1850 413 1890 re
460 1844 610 1890 tanto
640 1851 909 1891 consensu
941 1835 1042 1890 sibi
1071 1834 1313 1890 concinit
1367 1821 1670 1905 priscorum
1707 1845 1848 1889 tem-

251 1941 439 1998 porum
485 1927 661 1982 omnis
691 1936 844 1992 aetas,
886 1937 945 1980 ιιι
985 1925 1115 1980 nihil
1157 1927 1380 1990 certius,
1433 1927 1564 1980 nihil
1600 1927 1853 1995 explora—

251 2017 358 2074 tius
388 2036 416 2072 a
471 2019 764 2090 majoribus
796 2019 1189 2087 acceperimus.
1232 2017 1464 2085 Propter
1495 2017 1594 2070 hos
1622 2033 1851 2086 praeser-

252 2113 348 2168 tim
389 2111 560 2166 libros
603 2125 724 2165 eam
781 2110 1017 2165 Hilarius
1069 2108 1210 2180 apud
1257 2123 1448 2163 omnes
1475 2123 1596 2164 cum
1636 2108 1854 2164 Latinos

256 2213 368 2258 tum
395 2202 614 2258 Grazcos
645 2201 943 2272 promeruit
984 2201 1246 2267 scientiw,
1298 2201 1446 2268 ﬁtlei,
1496 2209 1552 2255 ct
1592 2203 1857 2270 eloquen-

253 2300 340 2350 tiae
369 2295 607 2360 laudem,
639 2305 718 2360 ut,
761 2295 905 2365 quod
937 2294 1094 2348 valde
1119 2310 1324 2352 rarum,
1355 2295 1518 2347 etiam
1561 2295 1629 2347 ab
1657 2294 1857 2349 adver-

252 2388 409 2443 sariis
439 2387 556 2456 ejus
594 2386 757 2442 iidem
790 2387 908 2442 libri
942 2401 1289 2456 summepere
1322 2385 1524 2442 fuerint
1572 2402 1854 2443 commen-

1947 1181 2099 1237 tinct.
2151 1184 2257 1239 Eos
2287 1202 2501 1258 quoque
2549 1189 2616 1241 ab
2663 1191 2950 1246 Ambrosio
3000 1193 3155 1248 tritos
3203 1193 3369 1252 fui~se
3420 1214 3544 1267 per-

1947 1275 2238 1331 suademur
2269 1284 2352 1334 vel
2385 1296 2451 1334 ex
2479 1282 2666 1349 primis
2698 1284 2863 1352 ip~ius
2892 1283 2960 1338 de
2979 1283 3110 1340 Fide
3141 1286 3313 1355 libris,
3345 1289 3398 1343 in
3427 1292 3547 1358 qui-

1949 1367 2049 1423 bus
2083 1371 2227 1438 plura
2252 1371 2317 1426 ad
2351 1371 2542 1428 horum
2567 1374 2752 1430 Hilarii
2788 1377 3044 1432 librorum
3073 1369 3423 1437 imitationem
3449 1399 3540 1439 ex-

1951 1475 2136 1528 pressa
2183 1463 2475 1519 identidem
2525 1466 2873 1523 advertimus.
2908 1471 3166 1536 Quamvis
3207 1475 3351 1529 enim
3393 1491 3455 1531 ea
3490 1478 3542 1531 in

1951 1556 2226 1624 proprium
2280 1557 2478 1628 stylum
2509 1561 2872 1626 converterit,
2915 1563 3089 1618 adhuc
3116 1574 3295 1620 tamen
3325 1579 3548 1638 apparet

1950 1647 2093 1702 unde
2119 1649 2351 1705 delibata
2393 1651 2521 1706 sint.
2571 1653 2784 1709 Atcum
2841 1671 2934 1724 pro
2973 1671 3124 1712 more
3164 1674 3231 1713 ne
3276 1674 3400 1714 eum
3429 1659 3551 1731 qui-

1950 1738 2074 1795 dem
2109 1741 2370 1809 nominet,
2406 1757 2437 1799 e
2481 1744 2634 1815 cujus
2677 1746 3144 1805 lucubrationibus
3175 1751 3432 1822 profecit,
3466 1753 3550 1810 ni-

1958 1834 2032 1888 hil
2056 1835 2211 1889 abeo
2245 1835 2527 1904 habemus,
2584 1839 2725 1894 unde
2757 1839 2912 1896 nobis
2955 1851 3169 1898 constet
3223 1845 3366 1914 quod
3405 1861 3557 1915 qua:-

1954 1925 2110 1979 ritur.
2163 1924 2272 1981 Nisi
2313 1928 2455 1984 forte
2487 1931 2728 1987 dicamus
2776 1947 2900 1988 eum
2959 1941 3122 1989 etiam
3172 1950 3328 1992 suum
3358 1938 3423 1994 de
3449 1940 3553 2007 ﬁde

1957 2017 2172 2073 titulum
2227 2022 2294 2076 ab
2346 2021 2550 2078 llilario
2597 2025 2982 2095 assumpsisse.
3027 2029 3364 2101 Quamquam
3412 2033 3556 2088 hunc

1959 2110 2063 2178 ipsi
2084 2113 2318 2182 quodam
2359 2117 2520 2171 modo
2571 2119 2966 2190 praescripsisse
2995 2122 3209 2179 videtur
3261 2124 3559 2196 imperator

1959 2201 2271 2259 Gratianus.

2032 2297 2118 2352 ΙΙΙ.
2155 2298 2221 2354 1η
2247 2300 2343 2354 hoc
2369 2318 2470 2356 non
2500 2305 2660 2375 magis
2690 2307 3010 2362 consentiunt
3038 2325 3158 2364 mss.
3184 2309 3458 2382 —Neque
3486 2329 3554 2368 ex

1955 2392 2189 2461 antiquis
2255 2395 2656 2463 exemplaribus
2707 2398 2997 2468 quidquam
3042 2400 3208 2471 magis
3255 2403 3389 2456 certi
3445 2414 3556 2459 sta-

253 2481 380 2536 dati.
409 2481 500 2537 Sic
544 2481 687 2536 enim
711 2496 779 2536 ex
826 2479 975 2550 vulgi
1022 2479 1160 2532 fama
1203 2487 1458 2534 testatum
1508 2479 1724 2550 reliquit
1756 2479 1858 2535 So-
1887 2483 1935 2543 B
1965 2485 2040 2540 tui
2101 2495 2284 2555 queat.
2349 2486 2404 2540 lo
2445 2489 2835 2543 vetustioribus
2883 2494 2926 2544 si
2958 2492 3174 2563 quidem
3218 2495 3562 2552 desideralur

255 2588 512 2629 zomenus
542 2573 634 2628 lib.
670 2589 747 2638 ιιι,
778 2587 900 2644 Cap.
931 2573 998 2626 it
1027 2589 1040 2626 :
1083 2571 1278 2626 Hilarii
1307 2584 1477 2626 autem
1509 2573 1664 2628 libros
1693 2575 1758 2629 de
1792 2575 1855 2642 ﬁ-

265 2666 350 2733 de,
383 2666 537 2720 etiam
581 2665 736 2719 abiis
783 2666 870 2734 qui
917 2666 1229 2718 contrariam
1279 2665 1551 2719 tuebantur
1589 2665 1858 2720 catholica:

253 2760 377 2828 fidei
415 2759 726 2832 Opinionem,
776 2757 1057 2812 admodum
1101 2759 1483 2812 commendatos
1527 2773 1636 2813 esse
1663 2759 1856 2829 prtedi-

255 2861 372 2906 cant
379 2892 391 2905 .

325 2946 389 3002 ll.
424 2943 548 3000 Non
569 2961 672 2999 una
698 2945 895 2998 ratione
914 2942 976 2997 ab
999 2943 1223 3013 antiquis
1252 2943 1698 2998 inscribuntur.—
1735 2941 1855 2998 Non

257 3041 329 3096 ita
371 3049 625 3096 constans
653 3050 738 3095 est
777 3048 1020 3095 veterum
1053 3040 1104 3092 in
1136 3040 1199 3094 iis
1229 3037 1591 3094 inscribendis
1620 3053 1856 3094 consen-

253 3136 358 3188 sio.
408 3134 768 3205 llieronymus
812 3132 882 3190 de
921 3134 1122 3202 Script.
1151 3132 1285 3188 ccci.
1311 3131 1364 3186 in
1393 3131 1646 3186 Marcello
1673 3143 1724 3185 et
1755 3129 1854 3184 Hi-

256 3227 414 3295 lario,
454 3238 606 3284 vetus
648 3228 830 3284 Codex
891 3243 1159 3283 canonum
1194 3225 1450 3282 Eccle.~i.c
1497 3226 1757 3282 Romanae
1802 3242 1853 3281 c.

251 3319 349 3387 41,
378 3330 432 3376 et
459 3322 576 3376 Ado
609 3321 930 3378 Viennensis
962 3322 1014 3375 in
1055 3319 1330 3374 Chronico
1353 3334 1450 3374 eos
1491 3329 1670 3372 contra
1700 3319 1854 3372 Aria-

252 3431 349 3468 nos
398 3415 719 3470 inscribunt.
768 3413 1006 3468 Eosdem
1051 3413 1115 3467 de
1137 3412 1240 3482 [ide
1266 3411 1543 3481 appellant
1571 3409 1663 3465 alii
1696 3410 1857 3480 longe

255 3509 440 3577 plures
487 3523 738 3574 numero,
781 3516 834 3562 et
863 3507 1187 3562 auctoritate
1214 3521 1323 3560 non
1365 3503 1675 3559 inferiores.
1709 3505 1856 3570 Quos

255 3602 397 3656 inter
425 3600 680 3672 praecipui
697 3611 822 3655 sunt
855 3599 1084 3653 Ruﬁnus
1115 3597 1207 3652 lib.
1242 3597 1548 3668 iliist.c:ip.
1595 3596 1657 3650 51
1684 3612 1698 3662 ;
1728 3599 1857 3650 Cas-

253 3693 440 3748 sianus
469 3694 564 3748 lib.
609 3708 678 3746 vn
709 3691 783 3747 de
811 3691 924 3746 loc.
955 3706 1005 3745 c.
1033 3689 1136 3755 24;
1171 3688 1282 3744 Leo
1328 3689 1472 3768 Papa
1503 3689 1663 3758 epist.
1717 3688 1855 3741 alias

252 3786 348 3855 97,
372 3801 422 3843 c.
471 3788 525 3854 5,
577 3785 766 3841 Patres
793 3785 1007 3840 concilii
1051 3783 1514 3839 Chalcedonensis
1557 3787 1677 3838 Act.
1707 3782 1763 3848 2,
1797 3797 1850 3852 p.

1959 2577 2262 2645 inscriptio,
2309 2595 2428 2648 qua:
2475 2579 2529 2634 in
2561 2580 2680 2635 aliis
2701 2583 2764 2636 de
2788 2581 2940 2648 Fide,
2974 2585 3024 2639 in
3051 2586 3172 2641 aliis
3199 2587 3263 2641 de
3283 2586 3556 2657 Trinitate,

1958 2670 2012 2726 itt
2055 2671 2438 2727 Vindocinensi
2487 2673 2551 2727 de
2598 2675 2702 2743 [ide
2744 2687 2937 2730 sancta:
2992 2676 3266 2733 Trinitatis
3312 2681 3557 2736 adversus

1956 2762 2198 2829 Arianos,
2239 2764 2433 2834 quibus
2467 2765 2517 2819 in
2562 2764 2886 2837 Remigiano
2931 2767 3172 2834 additur,
3222 2771 3300 2825 vel
3343 2781 3554 2826 crateras

1958 2854 2245 2920 haereticos,
2291 2857 2343 2910 in
2399 2856 2710 2914 Telleriano
2766 2866 2946 2914 autem
2991 2861 3053 2914 de
3085 2860 3335 2917 Trinitate
3371 2876 3552 2918 contra

1956 2963 2129 3002 omnes
2160 2950 2375 3003 Iuereses
2427 2956 2775 3017 praenotatur.
2810 2951 2912 3006 Sed
2945 2951 3171 3022 insignis
3195 2970 3306 3024 pra:
3339 2957 3555 3012 caeteris

1961 3039 2014 3094 in
2043 3041 2362 3096 Corbeiensi
2394 3053 2554 3111 atque
2593 3043 2766 3097 altero
2791 3059 2820 3098 e
2845 3043 3160 3100 Sorbonicis
3192 3050 3307 3100 hinc
3332 3046 3562 3102 habetur

1959 3133 2287 3203 epigraphe:
2337 3132 2438 3186 Hic
2481 3135 2653 3188 insunt
2700 3135 2815 3188 libri
2864 3134 3058 3189 llilarii
3094 3138 3322 3208 episcOpi
3348 3155 3559 3192 numero

1963 3239 2062 3289 xu,
2093 3240 2218 3294 quos
2240 3224 2293 3276 in
2315 3224 2494 3278 exsilio
2513 3226 2837 3297 conscripsit,
2860 3226 3044 3280 missus
3072 3226 3283 3298 (scil.in
3295 3229 3558 3300 exsilium)

1957 3319 2020 3372 ab
2048 3319 2300 3373 htereticis
2329 3318 2533 3371 Arianis
2559 3328 2768 3390 prapter
2799 3318 3002 3373 deitatis
3057 3321 3306 3374 unitatem
3348 3321 3562 3377 Domini

1957 3409 2088 3465 Jesu
2137 3408 2328 3464 Christi
2371 3427 2486 3464 cum
2537 3409 2716 3466 Patre.
2751 3410 3053 3466 Beatissime
3083 3414 3341 3486 presbyter
3361 3414 3560 3470 Barba-

1956 3506 2037 3559 rio
2062 3506 2116 3559 in
2139 3505 2340 3559 Christo
2377 3503 2503 3559 Jesu
2532 3503 2753 3560 Domino
2792 3517 2965 3562 nostro
2999 3518 3138 3564 utere
3159 3510 3288 3580 {elisa
3317 3526 3431 3563 cum
3456 3527 3558 3564 om-

1957 3599 2104 3652 nibus
2130 3599 2247 3652 tuis.
2274 3597 2450 3664 Fides,
2470 3615 2602 3668 spes,
2635 3599 2856 3655 charitas
2882 3611 3085 3655 maneat
3107 3603 3159 3654 in
3185 3603 3423 3658 cordibus
3444 3620 3561 3657 nos-

1956 3693 2066 3746 tris.
2113 3692 2394 3759 Eamdem,
2429 3695 2608 3760 paucis
2631 3695 2867 3762 mutatis,
2916 3695 3319 3766 inscriptionem
3349 3713 3456 3767 pra:
3499 3714 3559 3753 se

1958 3784 2062 3840 fert
2084 3784 2432 3840 Pratellensis
2451 3786 2644 3850 codex,
2696 3787 2746 3840 in
2779 3802 2952 3858 eoque
2975 3805 3092 3858 pro,
3124 3789 3252 3857 felix
3288 3807 3404 3844 cum
3447 3809 3559 3845 om-

255 3879 364 3934 357
389 3897 404 3942 ;
425 3878 800 3934 Theodoretus
836 3877 970 3932 Dial.
999 3892 1060 3940 ιι,
1092 3892 1146 3947 p.
1176 3874 1309 3941 106;
1343 3874 1601 3930 Leontius
1627 3874 1851 3946 Byzant.
1883 3878 1930 3942 Ο
1960 3879 2107 3934 nibus
2133 3881 2254 3947 tuis,
2283 3881 2462 3952 legere
2491 3890 2592 3946 est,
2623 3882 2750 3950 felix
2776 3883 3126 3937 curationibus
3152 3887 3274 3939 tuis.
3308 3885 3554 3940 Nonnul-

256 3974 356 4030 lib.
391 3984 622 4030 tcontra
665 3972 976 4030 Nestorium
1012 3983 1066 4027 et
1098 3971 1331 4042 Eutych.
1376 3972 1464 4026 ubi
1494 3970 1755 4025 Hilarium
1799 3979 1855 4025 ut

255 4083 328 4124 ex
353 4067 582 4124 Nicaeum
613 4065 807 4138 synodi
837 4066 1089 4122 Patribus
1119 4080 1282 4120 unum
1317 4063 1454 4120 lalso
1485 4061 1850 4118 commendat.

257 4159 445 4232 Neque
475 4161 582 4216 alio
621 4175 717 4217 eos
748 4161 905 4215 titulo
935 4159 1156 4216 laudant
1201 4159 1461 4213 Alcuinus
1490 4167 1678 4212 contra
1709 4155 1857 4211 Feli-

253 4269 378 4311 cem
408 4251 499 4310 lib.
538 4269 626 4320 tv;
677 4251 1005 4308 Ratramnus
1034 4249 1199 4306 Corb.
1232 4247 1419 4319 Spicil.
1448 4259 1486 4303 t.
1519 4264 1608 4313 vu,
1641 4262 1694 4316 p.
1725 4245 1852 4312 555,

251 4345 489 4404 Joannes
542 4347 810 4401 Diaconus
845 4343 1239 4400 commentario
1285 4339 1524 4396 nondum
1554 4341 1772 4410 vulgato
1801 4338 1852 4392 in

253 4439 706 4504 Pentateuchum,
724 4447 778 4495 et
808 4439 1130 4494 llincmarus
1159 4437 1225 4492 tle
1249 4435 1576 4492 Prtedestin.
1602 4450 1724 4504 cap.
1752 4433 1847 4489 ‘25.

249 4531 462 4602 Quibus
496 4539 682 4602 aperte
709 4528 1036 4600 suﬁragatur
1082 4528 1270 4584 Oratio
1301 4529 1429 4584 olim
1483 4528 1626 4582 inter
1664 4541 1852 4583 sacro-

249 4634 442 4682 sancta
483 4625 661 4680 Missae
691 4622 952 4679 sacriﬁcia
992 4622 1046 4677 in
1074 4622 1248 4677 Natali
1273 4622 1329 4678 S.
1364 4621 1550 4676 llilarii
1583 4622 1685 4692 legi
1719 4619 1850 4674 soli-

253 4730 338 4781 ta,
387 4720 436 4772 in
465 4734 567 4789 qua
617 4717 874 4772 habetur:
928 4715 1091 4781 Deus,
1142 4717 1230 4786 qui
1269 4718 1472 4786 infusus
1519 4715 1676 4769 corde
1725 4715 1855 4768 beati

252 4812 456 4866 Hilarii
503 4812 762 4877 antistitis,
791 4811 934 4882 quasi
962 4811 1024 4865 de
1067 4821 1152 4864 tuo
1199 4810 1410 4878 templo,
1440 4825 1584 4865 nam
1611 4825 1856 4881 responsa

248 4905 474 4972 dedisti,
503 4915 607 4959 etc.
626 4904 745 4972 Quo
767 4905 928 4959 etiam
963 4903 1201 4958 alludere
1231 4901 1444 4958 videtur
1473 4911 1529 4957 et
1554 4902 1856 4957 benedictio

247 4998 310 5052 in
368 4999 688 5067 perantiquo
743 4993 1043 5049 Pontiﬁeali
1093 4993 1349 5049 Ecclesiae
1399 4992 1745 5048 Ebroicensis
1788 4991 1856 5046 ad

244 5092 368 5150 kal.
427 5089 562 5146 Nov.
615 5090 670 5145 in
698 5088 868 5144 Natali
910 5089 967 5144 S.
1022 5087 1205 5142 Hilarii
1237 5094 1571 5157 praenotata:
1608 5086 1690 5141 Sit
1717 5085 1858 5156 apud

246 5199 301 5243 te
336 5202 432 5258 pro
462 5183 604 5238 nobis
627 5195 889 5248 exorator,
917 5183 1003 5254 qni
1033 5186 1156 5237 tunc
1185 5191 1362 5235 contra
1391 5182 1656 5236 luereticos
1684 5196 1777 5252 pro
1807 5188 1856 5234 te

1960 3973 2063 4027 lam
2115 3974 2170 4028 in
2216 3973 2575 4044 expendendo
2619 3974 2774 4028 titulo
2813 3989 3034 4043 operam
3060 3976 3330 4044 ponimus,
3365 3977 3434 4031 de
3474 3977 3554 4031 in-

1959 4066 2256 4135 scriptione
2285 4065 2400 4135 ipsa
2439 4081 2545 4119 non
2578 4073 2685 4119 tam
2717 4065 2958 4134 solliciti,
2998 4082 3158 4137 quam
3189 4075 3246 4122 ut
3278 4067 3402 4124 inde
3425 4086 3560 4124 con-

1959 4158 2139 4213 silium
2162 4159 2397 4213 auctoris
2423 4157 2759 4229 exploratum
2789 4159 3070 4216 habeatur.

2031 4250 2122 4307 IV.
2152 4250 2283 4306 Illos
2311 4267 2379 4308 nr.
2406 4267 2528 4308 rint:
2554 4252 2824 4307 inscribere
2851 4253 3062 4308 licet.—
3091 4253 3206 4309 Etsi
3237 4268 3343 4310 non
3383 4270 3554 4326 appa-

1959 4354 2042 4399 ret
2073 4344 2240 4414 prima
2272 4345 2447 4401 fronte
2461 4361 2560 4400 cur
2583 4344 2684 4402 hoc
2711 4360 2846 4416 opus
2871 4348 2936 4400 de
2956 4345 3088 4402 Fide
3111 4346 3430 4418 inscriptum
3462 4349 3552 4416 sit;

1959 4437 2003 4491 si
2034 4445 2210 4492 tamen
2243 4438 2465 4509 propius
2495 4439 2812 4508 inSpieiatur
2841 4439 3006 4494 totius
3042 4440 3225 4510 operis
3256 4442 3414 4508 ratio,
3438 4459 3547 4497 non

1959 4527 2266 4598 displicebit
2292 4531 2477 4584 titulus
2503 4532 2636 4586 satis
2683 4546 2986 4600 congruens
3007 4547 3130 4586 cum
3179 4532 3244 4587 iis
3295 4533 3468 4598 libris,
3498 4533 3553 4590 in

1958 4622 2156 4691 quibus
2187 4621 2308 4678 Filii
2336 4632 2391 4678 et
2419 4623 2595 4678 Patris
2635 4624 3192 4691 consubstantialitas,
3225 4627 3557 4696 praecipuum

1960 4712 2086 4768 ﬁdei
2121 4725 2320 4770 nostra:
2349 4724 2510 4785 caput
2545 4731 2607 4770 ac
2639 4715 3045 4771 fundamentum
3070 4759 3086 4784 ,
3119 4717 3320 4787 ubique
3360 4735 3560 4790 propu-

1959 4816 2186 4878 gnatur;
2219 4807 2417 4878 quique
2464 4809 2530 4862 ad
2566 4810 2666 4864 hoc
2706 4811 2940 4865 maxime
2970 4818 3096 4864 sunt
3121 4815 3380 4883 suscepti,
3416 4825 3472 4869 ιιι
3495 4831 3560 4872 ea

1961 4900 2117 4965 ﬁdes,
2143 4899 2196 4953 in
2219 4915 2321 4970 qua
2347 4901 2517 4954 renati
2546 4915 2753 4967 sumus,
2780 4901 2945 4956 illmsa
2969 4913 3020 4958 et
3044 4904 3247 4973 integra
3265 4914 3558 4962 teneretur.

1960 4990 2145 5061 Neque
2173 5007 2304 5046 sane
2342 4993 2620 5062 probabile
2665 4993 2898 5059 videtur,
2945 5004 3022 5050 tot
3055 5007 3271 5067 tamque
3311 4999 3558 5056 diversos

1961 5085 2255 5155 scriptores
2298 5100 2506 5156 graicos
2531 5100 2593 5140 ac
2636 5087 2828 5141 latinos
2860 5089 2912 5141 in
2961 5089 3206 5145 eamdem
3257 5091 3559 5161 inscriptio-

1962 5192 2088 5232 nem
2139 5178 2450 5248 conspirare
2498 5179 2763 5249 potuisse,
2811 5179 2914 5235 nisi
2959 5181 3027 5236 ab
3070 5181 3299 5252 ipsmnet
3338 5195 3557 5241 auctore

246 5277 458 5332 adstitit
499 5286 752 5330 assertor:
793 5286 844 5330 ut
873 5284 921 5329 te
967 5275 1272 5328 retribuente
1299 5275 1524 5345 p0pulus
1552 5283 1748 5328 crescat
1776 5274 1856 5326 in—
1881 5275 1936 5336 Ι)
1962 5271 2210 5326 instituta
2239 5280 2401 5327 esset.
2423 5270 2762 5342 Conjecturte
2783 5271 2909 5328 huic
2939 5275 3226 5342 plurimum
3255 5276 3397 5331 lavet
3416 5278 3557 5346 quod

247 5387 524 5435 numerus,
551 5369 686 5441 quod
729 5369 933 5424 sudavit
974 5384 1024 5422 IN
1053 5383 1174 5424 FIDE
1204 5368 1460 5434 sacerdos,
1489 5376 1593 5423 etc.
1623 5367 1694 5424 At
1713 5367 1855 5437 apud

253 5463 652 5522 Cassiodorum
704 5463 799 5519 lib.
848 5477 864 5516 ι
918 5461 1097 5517 lnstit.
1146 5477 1195 5516 c.
1256 5461 1348 5527 16,
1380 5461 1442 5515 de
1499 5460 1750 5516 Trinitate
1780 5463 1859 5517 in-

247 5559 499 5625 scriptos
528 5573 623 5614 eos
648 5557 836 5614 videre
861 5567 968 5624 est,
992 5555 1363 5611 consentiente
1393 5555 1691 5611 Fortunato
1714 5555 1810 5612 lib.
1841 5572 1858 5612 ι

248 5651 402 5707 Viue
424 5651 480 5705 S.
509 5650 718 5716 llilarii,
756 5650 908 5720 juxta
940 5663 1078 5720 quos
1105 5663 1134 5702 a
1163 5649 1410 5720 Philippo
1441 5650 1638 5706 abbate
1667 5651 1730 5705 de
1755 5651 1858 5719 fide

245 5742 601 5802 sanctissimae
654 5740 923 5797 Trinitatis
969 5740 1330 5810 appellantur.
1379 5741 1570 5798 Libros
1637 5743 1856 5798 eosdem

248 5835 453 5896 laudat
480 5834 808 5908 Augustinus
851 5833 1013 5903 epist.
1058 5848 1254 5899 ccxxx,
1282 5849 1339 5888 ιι.
1385 5834 1443 5904 3,
1490 5845 1545 5892 et
1576 5833 1670 5892 lib.
1707 5834 1856 5890 Vide

831 5929 1107 5991 ΡΑτιιοι..
1201 5925 1288 5990 Χ.

1965 5365 2061 5422 lib.
2095 5382 2134 5430 ι,
2175 5382 2230 5420 ιι.
2280 5365 2368 5431 id,
2402 5364 2638 5421 Hilarius
2675 5366 2790 5436 ipse
2821 5374 3050 5423 testatur
3078 5383 3138 5424 se
3172 5368 3240 5423 ad
3265 5370 3560 5426 hos-libros

1961 5458 2279 5514 scribendos
2320 5458 2559 5514 animum
2599 5461 2894 5530 appulisse,
2945 5469 3002 5516 ut
3035 5476 3130 5516 eos
3147 5474 3553 5532 compesceret,

1961 5555 2050 5624 qui
2097 5552 2402 5624 evangelicrv
2441 5554 2561 5622 ﬁdei
2610 5562 2947 5624 corrumpunt
2995 5565 3388 5611 sacramentum.
3446 5557 3558 5614 lino

1962 5662 2110 5700 num.
2141 5645 2233 5710 54,
2255 5651 2420 5701 totius
2442 5648 2625 5717 operis
2652 5648 2733 5702 sui
2759 5646 2991 5702 Studium
3014 5649 3068 5702 in
3098 5648 3422 5707 insinuanda
3448 5670 3559 5708 ma-

1956 5741 2098 5795 xima
2123 5749 2169 5794 et
2195 5742 2497 5811 gravissima
2528 5743 2685 5794 totius
2717 5741 2839 5809 ﬁdei
2876 5741 3216 5813 intelligentia
3245 5746 3554 5814 ponendum

1961 5849 2085 5893 esse
2109 5835 2364 5892 declarat.
2389 5833 2544 5892 Unde
2566 5835 2658 5892 lib.
2689 5849 2747 5904 x,
2770 5836 2990 5902 num.5,
3012 5839 3166 5895 totius
3192 5840 3313 5910 ﬁdei
3329 5839 3562 5899 demons-

2962 5932 2995 5992 1
