4040 6328
478 336 540 398 tt
1662 333 1732 393 lN
1768 330 2014 393 Ltsttos
2053 330 2141 389 ne
2179 320 2555 389 TRINITATE
3712 320 3786 393 t2

477 458 749 512 trationem
789 463 966 525 vocat,
995 454 1254 528 quidquid
1302 468 1368 513 eo
1407 469 1583 527 usque
1624 455 1902 512 disseruit.
1933 453 2073 521 Quid
2103 453 2153 514 Α
2182 452 2273 507 bus
2297 469 2474 507 eorum
2499 448 2708 524 agnitis,
2733 447 2861 521 legis
2885 456 2932 503 et
2958 449 3327 522 prophetarum
3355 442 3508 524 atque
3526 450 3783 525 evangeli-

475 566 609 607 vero
638 550 743 605 sibi
764 550 897 607 velit
922 549 1226 623 evangelica:
1250 549 1372 621 fidei
1398 559 1795 612 sacramentum,
1835 563 1955 619 cap.
2006 547 2073 602 15

476 644 533 699 in
573 642 788 710 Matth.,
820 659 875 698 n.
907 644 961 709 6,
1000 642 1238 713 explicat
1267 641 1351 697 his
1395 640 1606 697 verbis:
1637 639 1963 710 Quamquam
2006 637 2074 692 ad

473 738 598 807 ﬁdei
624 742 1025 798 sacramentum,
1058 735 1112 788 id
1143 744 1239 801 est,
1280 734 1349 788 ad
1377 733 1553 788 Patris
1580 743 1628 789 et
1674 731 1802 786 Filii
1831 741 1878 786 et
1900 730 2073 803 Spiri-

481 839 564 885 tus
601 830 764 883 sancti
802 828 1075 896 unitatem,
1105 836 1211 883 etc.
1244 827 1334 882 ubi
1366 822 1488 897 ﬁdei
1516 833 1891 880 sacramentum
1931 820 2071 878 idem

472 922 576 978 sibi
602 936 722 977 esse
746 920 1033 992 signiﬁcat,
1080 919 1224 991 quod
1250 919 1515 973 Trinitatis
1553 918 1869 989 mysterium.
1909 916 2072 971 Milli-

482 1028 603 1069 mus
630 1013 849 1069 interim
899 1012 1174 1083 singulare
1226 1012 1281 1066 in
1310 1010 1376 1066 iis
1417 1010 1566 1064 libris
1599 1010 1780 1065 haberi
1814 1007 2071 1079 pratroci-

474 1107 621 1162 nium
653 1104 800 1163 fidei.
833 1106 910 1161 Eo
943 1119 1176 1175 namque
1214 1104 1397 1161 statim
1444 1102 1760 1174 perducitur
1800 1101 1936 1156 liber
1963 1099 2072 1170 pri—

471 1216 616 1268 mus,
649 1200 782 1256 utin
810 1199 901 1255 Dei
928 1199 1091 1255 rebus
1112 1213 1217 1254 non
1252 1197 1488 1252 humano
1513 1196 1716 1261 sensui,
1741 1193 1836 1250 sed
1868 1194 1961 1250 Dei
1991 1194 2073 1265 ip-

470 1297 585 1353 sius
615 1295 683 1351 de
712 1309 774 1351 se
797 1293 1121 1350 testimoniis
1165 1293 1497 1350 credendum
1523 1307 1645 1348 esse
1674 1291 1903 1363 quisque
1950 1305 2072 1361 pero

473 1390 785 1447 suadeatur.
836 1389 972 1445 Tum
996 1389 1133 1445 iiber
1159 1390 1350 1445 tertius
1380 1389 1432 1444 iu
1454 1388 1507 1442 id
1528 1403 1693 1443 unum
1717 1387 1814 1442 niti
1837 1386 2069 1452 videtur,

468 1495 530 1543 ut
565 1485 633 1542 ad
681 1485 972 1557 capiendas
1016 1498 1105 1540 res
1154 1483 1365 1539 divinas
1420 1482 1696 1537 hominem
1743 1479 2071 1536 infirmitatis

467 1594 581 1636 sua:
619 1579 926 1638 convincat.
954 1576 1257 1647 doceatque
1286 1576 1497 1631 nullum
1520 1576 1569 1631 ei
1594 1590 1715 1629 esse
1744 1574 1847 1628 nisi
1881 1573 1934 1627 in
1967 1571 2075 1628 ﬁde

466 1673 800 1746 prmsidium.
816 1671 971 1739 Quod
990 1670 1209 1741 quidem
1238 1685 1449 1726 rursum
1473 1681 1689 1742 quarto,
1709 1666 1918 1739 quinto,
1936 1666 2072 1721 aliis-

463 1781 569 1837 que
587 1766 735 1822 libris
761 1777 1129 1836 srepeuumero
1158 1763 1481 1819 inculcatur.

2177 556 2353 598 corum
2416 542 2818 599 testimoniorum
2869 543 3284 613 responsionibus
3330 560 3509 598 eorum
3541 560 3783 599 vesanam

2177 637 2469 693 doctrinam
2503 636 2808 704 destrueret,
2834 645 2883 691 et
2928 637 3084 706 ﬁdem
3130 635 3378 693 Ecclesia?
3402 639 3606 709 ﬁrmius
3631 639 3783 694 robo-

2175 741 2335 789 roret.
2436 776 2441 784 .

2242 798 2360 877 ΥΠ.
2404 821 2475 878 Ut
2501 819 2753 893 efﬁcacius
2782 822 3108 892 confutentur
3129 866 3143 891 ,
3191 822 3348 876 simul
3390 822 3647 896 refellitur
3679 822 3782 880 Sa-

2176 916 2380 971 bellius.
2414 946 2485 957 —
2513 917 2626 972 Non
2660 916 2859 972 minori
2903 916 3121 988 quidem
3168 925 3363 972 conatu
3393 916 3655 973 adversus
3683 916 3784 974 Sa-

2174 1006 2339 1071 bellii,
2374 1025 2535 1080 quam
2580 1008 2840 1065 adversus
2887 1008 3001 1064 Arii
3043 1016 3350 1065 commenta
3396 1009 3609 1065 videtur
3648 1027 3783 1067 con-

2178 1102 2402 1158 tendere
2431 1119 2444 1155 :
2475 1103 2571 1158 sed
2600 1102 2705 1157 hoc
2732 1112 2935 1159 mutum
2965 1104 3096 1174 agit,
3148 1112 3205 1158 ut
3232 1102 3463 1158 Ariauos
3505 1103 3784 1161 efficacius

2174 1197 2428 1267 coitﬁgat,
2455 1212 2612 1269 quos,
2647 1205 2705 1252 ut
2731 1199 2846 1268 ipse
2871 1206 3025 1253 notat
3062 1198 3154 1255 lib.
3185 1215 3239 1266 x,
3271 1213 3423 1254 num.
3465 1200 3518 1267 5,
3551 1198 3784 1257 validis-

2173 1292 2327 1347 simis
2354 1291 2480 1347 licet
2524 1292 2794 1347 rationum
2824 1292 3114 1347 momentis
3141 1302 3428 1349 conterere
3457 1291 3658 1348 frustra
3685 1309 3783 1349 co-

2175 1396 2415 1453 naretur,
2469 1401 2628 1457 quam
2654 1386 2745 1441 diu
2775 1387 2829 1441 in
2877 1401 2937 1442 se
2962 1387 3045 1442 vel
3084 1386 3414 1443 levissimam
3442 1389 3781 1460 relinqueret

2173 1477 2497 1537 Sabellianae
2542 1481 2679 1537 labis
2703 1480 3089 1553 suspicionem.
3142 1481 3252 1537 Sub
3279 1484 3488 1551 specula
3512 1485 3669 1551 enim,
3698 1486 3783 1540 in-

2173 1575 2309 1645 quit,
2340 1576 2568 1628 omnium
2611 1574 2966 1630 hwreticorum
3016 1575 3086 1630 ad
3128 1578 3424 1633 occasiones
3450 1579 3780 1650 singulorum

2172 1666 2437 1723 verborum
2461 1669 2514 1723 in
2543 1685 2602 1724 os
2625 1685 2793 1724 meum
2818 1669 3150 1741 pendentium
3173 1670 3372 1742 loquor.
3403 1672 3510 1729 Sed
3539 1672 3784 1744 penden-

2177 1762 2324 1819 tibus
2354 1763 2483 1819 licet
2508 1765 2580 1819 ita
2624 1778 2840 1821 omnem
2868 1765 2937 1821 de
2985 1780 3045 1821 se
3093 1766 3412 1824 detrahendi
3439 1769 3781 1825 occasionem

542 1856 605 1913 V.
635 1857 903 1925 Quomodo
924 1857 1027 1912 sint
1052 1868 1235 1912 contra
1258 1872 1431 1911 omnes
1459 1859 1695 1911 horreres.
1714 1882 1786 1897 —-
1805 1854 1940 1910 Hinc
1965 1868 2073 1909 non
2102 1846 2150 1909 Β
2179 1874 2237 1915 se
2264 1858 2548 1915 sustulisse
2574 1859 2821 1926 conlidit,
2873 1871 2930 1915 ιιι
2956 1859 3052 1916 lib.
3086 1877 3140 1928 χ,
3192 1877 3248 1917 n.
3278 1864 3335 1930 5,
3366 1862 3547 1920 dicere
3572 1880 3679 1919 non
3709 1864 3782 1919 ti-

465 1951 739 2008 immerito
776 1960 957 2005 contra
986 1967 1161 2005 omnes
1194 1951 1414 2023 luet-eses
1451 1950 1578 2004 dicti
1617 1948 1838 2013 fuerint,
1873 1948 1928 2003 in
1951 1947 2070 2018 qui-

464 2044 568 2101 bus
615 2057 723 2098 non
754 2042 917 2098 modo
962 2043 1200 2098 omnium
1246 2042 1541 2112 generatim
1592 2040 1875 2096 hmreseon
1905 2049 2068 2110 caput

465 2152 531 2194 ac
579 2136 899 2210 principium
926 2176 941 2203 ,
999 2150 1109 2207 quo
1136 2135 1331 2206 cuique
1376 2135 1538 2191 fidem
1585 2135 1725 2190 intra
1762 2148 1953 2189 sensus
1982 2131 2068 2187 sui

462 2233 599 2287 lines
623 2230 971 2296 concludere,
1003 2237 1060 2286 et
1083 2230 1151 2285 ad
1177 2230 1371 2300 placita
1389 2229 1603 2301 propria
1631 2228 1943 2298 Scripturas
1973 2225 2071 2281 de-

467 2333 721 2394 torquere
749 2324 1091 2392 permittunt,
1137 2322 1334 2393 passim
1364 2320 1676 2392 proﬂigator
1704 2332 1863 2391 atque
1887 2329 2070 2376 retun-

463 2419 643 2482 ditur;
669 2415 764 2472 sed
785 2424 840 2471 et
868 2414 1007 2483 Arii,
1038 2414 1276 2479 Pltotini,
1308 2424 1663 2486 veterumque
1686 2413 2069 2469 haereticorum

466 2511 746 2577 Hebionis,
783 2509 1073 2578 Valentini,
1099 2509 1396 2576 Manichtei,
1422 2509 1688 2575 Hieracac,
1715 2507 1933 2563 Sabellii
1956 2506 2069 2577 jam

471 2615 583 2659 tum
624 2610 932 2674 propagata:
959 2601 1309 2658 confutantur
1346 2602 1727 2672 blasphemiae;
1770 2601 1879 2656 imo
1908 2601 2069 2656 etiam

467 2697 1120 2770 pracvertunturnondum
1137 2697 1383 2754 excitata:
1396 2697 1734 2767 Apollinarii,
1751 2694 2068 2762 Macedonii,

461 2791 715 2857 Nestorii,
751 2789 1089 2862 Eutychetis,
1121 2790 1699 2856 Sacramentariorum,
1761 2801 1865 2845 etc.
1914 2787 2071 2843 Dein-

465 2887 534 2943 de
558 2902 681 2943 cum
709 2886 1038 2942 Athanasius
1064 2887 1223 2956 epist.
1242 2886 1309 2940 ad
1339 2884 1643 2955 Epictetum
1674 2884 1954 2957 Synodum
1978 2881 2073 2938 Ni-

460 2994 665 3035 caenam
696 2988 855 3035 vocet
874 2988 1122 3057 τροπαῖον
1153 2972 1320 3036 οὖσαν
1338 2980 1514 3040 πάσης
1538 2979 1805 3055 αἱρέσεως,
1838 2990 2071 3048 cumque

473 3073 634 3143 hujus
675 3072 879 3146 Synodi
924 3073 1241 3146 Symbolum
1289 3082 1472 3127 contra
1509 3058 1686 3128 omnes
1720 3074 1937 3128 licereses
1986 3071 2072 3127 in-

468 3169 731 3238 scriptum
761 3169 815 3224 in
866 3168 1144 3224 veteribus
1186 3166 1588 3238 exemplaribus
1623 3167 1804 3238 legere
1848 3167 1951 3232 sit;
1975 3151 2070 3221 eo-

2173 1963 2357 2009 meat:
2408 1951 2547 2007 Nam
2593 1969 2792 2024 quoque
2837 1969 2975 2008 nunc
3019 1955 3300 2010 secundum
3347 1956 3512 2012 sancti
3552 1956 3783 2031 Spiritus

2171 2048 2364 2102 donum
2390 2047 2778 2116 temperavimus
2804 2047 2958 2103 totius
3004 2048 3125 2117 ﬁdei
3148 2049 3671 2117 demonstrationem,
3722 2052 3783 2106 ut

2172 2155 2236 2194 ne
2284 2139 2411 2211 quid
2435 2140 2668 2195 ementiri
2693 2139 2875 2196 saltem
2920 2141 3192 2197 adversum
3241 2156 3337 2198 nos
3368 2143 3603 2199 criminis
3656 2159 3781 2216 pos-

2171 2240 2302 2285 sent.

2246 2323 2384 2381 Vill.
2426 2323 2570 2380 Libri
2593 2326 2773 2398 scripti
2820 2336 2998 2383 contra
3025 2326 3276 2395 Arianos,
3308 2343 3516 2386 conm
3546 2331 3782 2389 ABMNOS

2173 2433 2277 2473 non
2301 2428 2420 2474 sunt
2441 2418 2695 2490 inscripti.
2725 2448 2797 2462 -
2821 2420 3082 2488 Quamvis
3108 2429 3285 2477 autem
3310 2430 3482 2478 totum
3510 2424 3613 2480 hoc
3646 2440 3783 2495 opus

2174 2522 2363 2567 contra
2389 2512 2621 2568 Arianos
2647 2512 2909 2583 scriptum
2941 2514 3088 2569 ultro
3116 2514 3501 2584 ccucedamus,
3531 2530 3677 2589 aegre
3701 2525 3783 2573 ta-

2174 2619 2299 2660 men
2326 2604 2577 2663 dabimus
2626 2608 2947 2678 inscriptum
2973 2614 3154 2665 contra
3181 2608 3421 2665 Arianos.
3451 2610 3584 2680 Quis
3630 2613 3779 2668 enim

2175 2697 2361 2753 credat
2389 2698 2670 2762 Hilarium,
2702 2701 2790 2769 qui
2818 2700 2888 2755 ab
2912 2699 3128 2756 Ariauis
3153 2716 3219 2757 ex
3248 2703 3464 2759 nomine
3489 2703 3780 2775 designan-

2174 2791 2257 2847 dis
2273 2792 2340 2847 de
2368 2790 2627 2847 industria
2656 2791 2908 2859 abstinet,
2937 2792 3068 2849 illud
3096 2796 3145 2849 in
3177 2794 3290 2864 ipsa
3319 2795 3576 2850 librorum
3604 2795 3781 2853 fronte

2173 2882 2550 2955 inscripsisse?
2579 2885 2682 2941 Vix
2701 2887 2844 2942 enim
2868 2886 2951 2943 his
2972 2888 3109 2954 Arii,
3129 2888 3296 2943 semel
3324 2888 3780 2946 Ariomanitarum

2174 2979 2497 3035 vocabulum
2545 2978 2642 3033 lib.
2676 2992 2748 3043 rt,
2781 2994 2846 3036 ex
2897 2979 3067 3051 ipsius
3116 2980 3327 3037 calamo
3373 2980 3781 3039 excidit:alias

2177 3089 2311 3130 vero
2359 3086 2581 3145 prorsus
2610 3075 2783 3147 parcit
2805 3086 2967 3133 secta:
3017 3076 3240 3132 nomini.
3274 3077 3399 3133 llazc
3447 3076 3608 3131 modo
3635 3074 3777 3149 (Lib.

2175 3182 2273 3234 vn,
2303 3185 2360 3224 η.
2409 3168 2468 3241 3)
2514 3183 2646 3223 nova
2692 3169 2920 3235 haeresis,
2972 3169 3135 3224 modo
3180 3168 3343 3240 (Ibid.
3375 3182 3431 3222 η.
3469 3168 3528 3238 6)
3579 3169 3782 3223 novella

466 3260 591 3316 dem
620 3276 788 3331 prope
817 3259 939 3330 jure
969 3260 1025 3315 hi
1067 3260 1189 3315 fidei
1219 3259 1466 3330 ejusdem
1517 3259 1761 3316 vindices
1789 3259 1912 3316 libri
1942 3259 2075 3314 titu-
2106 3248 2154 3314 C
2185 3277 2320 3315 nunc
2344 3260 2577 3331 hrcresis,
2627 3278 2769 3318 nunc
2802 3260 2938 3336 (Lib.
2993 3274 3090 3329 ιιι,
3128 3276 3181 3316 n.
3213 3260 3304 3335 17)
3349 3261 3515 3317 nostri
3538 3263 3781 3334 temporis

462 3353 519 3409 lo
544 3352 736 3409 eodem
768 3351 1017 3423 insigniri
1043 3360 1387 3407 meruerunt.

535 3446 629 3503 Vl.
669 3442 702 3500 Ι
706 3463 739 3500 n
765 3446 989 3500 Arianos
1028 3442 1355 3516 potissimum
1402 3446 1583 3500 intenti
1615 3453 1755 3501 sunt.
1777 3471 1849 3486 -~
1876 3443 2072 3499 Faten-

465 3542 595 3597 dum
646 3549 826 3595 tamen
872 3547 956 3594 est
999 3554 1097 3594 eos
1151 3541 1493 3610 potissimum
1559 3551 1749 3596 contra
1808 3541 2069 3597 Arianam

463 3640 669 3691 sectam
719 3631 886 3688 fuisse
911 3631 1273 3702 conscriptos.
1295 3632 1597 3689 Consilium
1629 3648 1785 3689 suum
1832 3633 2071 3689 declarat

466 3723 703 3783 Hilarius
736 3726 854 3797 ipse
890 3726 984 3781 lib.
1018 3741 1058 3791 ι,
1100 3741 1253 3781 num.
1290 3727 1381 3796 17,
1412 3726 1505 3783 ubi
1534 3727 1602 3784 de
1650 3728 1889 3795 Arianis,
1932 3742 2072 3798 quo-

466 3835 585 3875 rum
624 3820 834 3875 nomini
870 3834 1096 3891 parcere
1135 3820 1311 3887 solet,
1350 3834 1605 3877 sermone
1662 3821 1847 3877 habito
1884 3822 2068 3877 statim

465 3911 716 3983 subjicit:
741 3910 951 3967 Horum
970 3912 1128 3984 igitur
1149 3912 1318 3984 furori
1343 3914 1652 3985 respondere
1691 3915 1892 3969 animus
1918 3930 2067 3969 catar-

468 4007 554 4063 sit.
587 4006 774 4078 Neque
800 4006 933 4061 illud
962 4006 1083 4063 libri
1105 4007 1323 4078 septimi
1347 4007 1651 4076 exordium,
1686 4008 1951 4079 Septimus
1979 4006 2071 4062 hic

472 4098 619 4154 nobis
645 4099 919 4153 adversum
964 4113 1108 4154 nova:
1137 4098 1387 4155 lateresz
1435 4114 1675 4156 vesanam
1728 4101 2067 4155 temeritatem

464 4194 590 4249 liber
620 4193 881 4259 scribitur,
912 4193 1053 4247 aliud
1079 4193 1183 4249 sibi
1211 4194 1343 4261 vult,
1378 4196 1478 4251 nisi
1508 4204 1565 4250 ut
1592 4195 1792 4251 iudicet
1821 4195 1872 4250 in
1899 4208 2067 4250 unam

467 4286 726 4341 Ariauam
772 4285 1022 4341 haeresim
1052 4284 1313 4342 hactenus
1352 4286 1684 4357 disputatum
1718 4300 1861 4343 esse.
1891 4288 1968 4341 Ac
1993 4296 2070 4341 ne

458 4376 746 4447 superﬂuis
798 4377 1208 4448 probationibus
1251 4379 1454 4435 diutius
1492 4380 1865 4445 immoremur,
1912 4377 2069 4433 suffi»

463 4473 574 4528 ciat
594 4470 727 4527 illud
748 4472 842 4527 lib.
868 4487 925 4539 Χ,
954 4486 1103 4527 num.
1136 4472 1193 4541 8,
1234 4472 1324 4528 ubi
1350 4473 1582 4528 Hilarius
1608 4473 1675 4528 ad
1702 4472 1864 4528 linem
1896 4472 2067 4542 hujus

462 4566 646 4637 operis
673 4566 794 4622 licet
814 4581 1068 4638 vergens,
1099 4582 1221 4623 cum
1251 4568 1371 4624 unis
1406 4578 1581 4625 tamen
1614 4568 1915 4639 iisdernque
1945 4569 2069 4627 ha:-

2176 3353 2454 3425 inﬁdelitas
2479 3354 2805 3425 appellatur.
2856 3353 3028 3425 Hujus
3058 3368 3189 3410 vero
3238 3362 3489 3411 auctores
3528 3354 3780 3412 similiter

2178 3448 2337 3502 tectis
2363 3446 2544 3503 verbis
2572 3447 2795 3503 vocitari
2821 3448 3029 3513 audias,
3061 3457 3155 3502 aut
3181 3463 3284 3502 non
3309 3449 3414 3503 veri
3468 3446 3568 3504 Dei
3591 3446 3781 3521 praedi-

2178 3554 2396 3611 catores,
2421 3553 2514 3600 aut
2542 3543 2680 3619 (Lib.
2710 3561 2767 3613 tt,
2795 3561 2849 3600 n.
2876 3544 2933 3616 4)
2959 3545 3159 3613 aliquos
3183 3562 3319 3600 nunc
3340 3544 3495 3620 hujus
3542 3547 3782 3614 temporis

2178 3637 2561 3707 prwdicalores,
2595 3648 2687 3693 aut
2717 3636 2853 3707 (Lib.
2886 3652 2980 3705 vn,
3008 3655 3061 3691 ιι.
3091 3637 3151 3708 ϐ)
3194 3649 3465 3708 prwsentcs
3488 3636 3777 3706 htcreticos,

2176 3743 2270 3788 aut
2294 3732 2341 3806 (Ι
2353 3732 2544 3805 bidem)
2563 3733 2862 3788 dissimilem
2885 3731 3035 3785 Patri
3060 3729 3258 3786 Filium
3297 3733 3653 3803 praedicantes,
3688 3738 3782 3788 aut

2176 3823 2314 3898 (Lib.
2348 3840 2424 3895 χι,
2452 3842 2506 3880 n.
2535 3825 2593 3898 4)
2638 3825 2755 3879 novi
2802 3821 2996 3879 Christi
3045 3824 3441 3896 prredicalores,
3480 3824 3562 3881 vel
3612 3824 3777 3881 etiam

2179 3917 2318 3991 (Lib.
2376 3932 2434 3983 ι,
2490 3935 2546 3972 n.
2598 3916 2694 3988 26)
2744 3926 2995 3972 creaturae
3056 3918 3456 3990 prazdicatores;
3516 3926 3777 3990 nusquam

2175 4012 2416 4067 Arianos.
2882 4012 2885 4013 ⁷

2247 4103 2339 4161 lx.
2386 4102 2622 4161 Hilarius
2647 4107 3047 4163 moderationem
3071 4120 3218 4164 suam
3244 4106 3325 4163 his
3350 4106 3492 4162 libris
3515 4105 3778 4180 patefecit.

2176 4232 2247 4246 σ-
2272 4196 2427 4257 Sicut
2469 4214 2593 4256 cum
2644 4200 2875 4258 solerter
2901 4202 3065 4269 cavit,
3118 4214 3185 4258 ne
3212 4201 3391 4259 favere
3418 4199 3662 4258 Sabellio
3692 4199 3776 4255 vi-

2175 4295 2417 4363 deretur,
2437 4295 2710 4367 egregium
2738 4295 2887 4352 dedit
2912 4295 3212 4367 prudentiae
3234 4294 3545 4365 specimen;
3580 4294 3648 4348 ita
3680 4290 3781 4348 hac

2176 4390 2365 4461 agendi
2396 4387 2606 4444 ratione
2657 4388 2982 4460 singularem
3033 4384 3284 4459 patefecit
3310 4387 3474 4440 animi
3523 4385 3778 4443 modera-

2175 4485 2397 4539 tionem.
2428 4481 2599 4552 Quam
2649 4484 2863 4553 quidem
2906 4483 3063 4553 longe
3107 4479 3306 4535 clarius
3353 4486 3602 4534 testatam
3628 4477 3777 4547 facit,

2174 4591 2297 4633 cum
2330 4577 2456 4633 totis
2506 4574 2612 4631 illis
2642 4574 2794 4631 libris
2833 4590 3048 4646 pravam
3099 4570 3422 4629 Arianorum
3473 4569 3777 4626 doctrinam

463 4658 666 4725 reticis,
693 4673 919 4727 quorum
947 4660 1265 4714 stultissimis
1320 4662 1719 4731 professionibus
1750 4661 1855 4717 huc
1885 4676 2070 4734 usque
2096 4643 2151 4704 D
2177 4671 2488 4728 Convellere
2511 4643 2893 4736 contentus,iu
2919 4668 3121 4723 nullum
3150 4666 3465 4723 nominatim
3484 4664 3773 4719 invehitur.

457 4752 821 4823 responderit,
846 4766 969 4808 sese
992 4767 1104 4808 rem
1128 4751 1380 4808 habuisse
1405 4754 1740 4811 testiﬁcatur.
1770 4755 1886 4811 Non
1911 4757 2067 4811 enim

462 4848 752 4903 obscurum
783 4856 867 4902 est
923 4861 1057 4917 quas
1085 4857 1241 4902 vocet
1285 4847 1634 4904 stultissimus
1663 4849 2065 4919 professiones,

458 4953 580 4994 cum
600 4938 715 4993 Arii
743 4951 805 4992 ac
832 4938 1105 4993 sociorum
1126 4939 1243 5008 ejus
1266 4939 1552 5010 epistolam
1581 4940 1648 4996 ad
1679 4941 2049 4999 Alexandrum

456 5034 700 5098 missam,
731 5034 782 5086 in
811 5048 914 5103 qua
942 5034 1223 5104 perfidiam
1255 5048 1408 5088 suam
1447 5036 1852 5106 consignarant,
1901 5038 2055 5094 libris

452 5135 647 5196 quarto
670 5136 723 5181 et
754 5136 907 5181 sexto
935 5134 1098 5181 totam
1134 5126 1425 5195 describat,
1471 5138 1527 5185 et
1566 5129 1617 5184 in
1647 5147 1708 5185 ea
1748 5131 2045 5188 refellenda

452 5229 564 5274 tum
597 5220 650 5273 in
678 5218 867 5273 iisdem
898 5219 1048 5275 libris
1098 5225 1210 5274 tum
1237 5221 1292 5275 in
1326 5223 1676 5293 sequentibus
1699 5233 1844 5280 totus
1883 5241 2047 5281 occu-

449 5322 627 5381 petur.
670 5312 789 5377 Quo
829 5320 1035 5380 spectat
1066 5312 1152 5367 illa
1175 5311 1316 5368 tituli
1345 5328 1490 5384 pars,
1521 5332 1681 5385 quam
1712 5332 1822 5388 pra:
1855 5332 1915 5373 sc
1941 5318 2063 5374 fert.

441 5406 718 5474 exemplar
760 5404 1190 5460 Vindocincnse:
1240 5406 1309 5462 In
1353 5409 1448 5463 hoc
1501 5412 1675 5466 codice
1722 5409 1790 5467 Β.
1837 5408 2040 5468 Hilarii

439 5506 649 5566 quartus
674 5496 727 5549 in
751 5496 931 5550 ordine
946 5495 1074 5551 liber
1096 5500 1511 5569 manifestissime
1526 5502 1885 5558 hereticorum
1906 5518 2040 5577 pan-

436 5588 511 5640 dit
532 5588 775 5658 fallacem
801 5588 1111 5643 doctrinam.
1144 5588 1294 5645 Idem
1319 5592 1489 5660 ipsum
1516 5593 1661 5648 illam
1690 5595 1921 5664 perfidia:
1948 5614 2033 5651 eo-

434 5697 550 5733 rum
609 5682 996 5753 expositionem,
1034 5682 1215 5752 quibus
1264 5682 1511 5740 Ecclesia:
1544 5686 1695 5745 ﬁdem
1744 5687 2054 5745 nitebantur“

428 5773 704 5843 infirmari,
730 5788 794 5828 ea:
814 5789 991 5828 eorum
1023 5774 1168 5828 libris
1194 5774 1417 5831 delatam
1463 5778 1710 5849 prwfatus
1750 5779 1947 5836 Doctor
1975 5784 2033 5838 in

427 5882 521 5920 suo
546 5866 1065 5924 inseruitvolumiue:
1118 5868 1312 5925 scilicet
1340 5880 1395 5926 ut
1437 5872 1641 5929 callidis
1673 5876 2045 5947 propositioni-7

2181 4762 2395 4821 Alicnbi
2424 4764 2568 4819 enim
2600 4762 2788 4817 audies
2816 4759 2957 4816 mala
2985 4759 3299 4824 deﬂentem,
3324 4758 3520 4829 quibus
3544 4768 3652 4811 tum
3679 4755 3779 4809 mi-

2180 4873 2303 4914 sere
2334 4872 2427 4928 per
2453 4870 2548 4912 eos
2598 4855 2959 4911 aiiliclabatur
2991 4853 3230 4909 Ecclesia
3264 4872 3277 4908 :
3306 4859 3362 4906 at
3389 4851 3473 4907 vel
3502 4850 3658 4906 unius
3684 4863 3780 4905 eo-

2178 4968 2319 5014 rum.
2352 4967 2446 5022 per
2494 4966 2631 5021 quos
2682 4949 2768 5004 illa
2822 4960 2929 5004 tam
2979 4947 3179 5019 injuste
3206 4946 3527 5018 patiebatur,
3581 4957 3777 4999 nomen

2179 5046 2496 5116 prodentem
2541 5043 2736 5098 frustra
2778 5041 3130 5110 exspectaris.
3167 5040 3349 5097 Semel
3375 5038 3468 5095 lib.
3500 5055 3553 5099 ι,
3591 5036 3779 5091 incidit

2178 5139 2384 5193 mentio
2410 5136 2583 5192 exsilii
2635 5136 2716 5189 sui
2753 5151 2767 5199 ;
2797 5133 2893 5189 sed
2926 5132 3135 5201 injuria:
3164 5128 3263 5185 sibi
3296 5129 3454 5184 illatae
3504 5129 3651 5184 velut
3678 5128 3778 5181 im-

2176 5246 2404 5298 memor,
2437 5228 2627 5301 qnmrit
2656 5230 2831 5300 patius
2868 5226 3012 5282 unde
3054 5227 3122 5279 de
3162 5239 3227 5279 eo
3252 5223 3573 5295 gratuletur,
3617 5234 3793 5293 quan;

2170 5322 2321 5378 unde
2345 5331 2617 5393 queratur.
2649 5322 2834 5391 Neque
2857 5319 3104 5390 cuiquam
3131 5317 3302 5373 videri
3328 5316 3490 5373 debet
3517 5317 3639 5371 huic
3667 5329 3783 5369 mo-

2174 5416 2475 5472 derationis
2520 5416 2795 5485 proposito
2822 5411 3119 5476 adversari,
3149 5410 3291 5482 quod
3322 5411 3576 5466 Arianam
3606 5409 3781 5464 haere-

2166 5508 2274 5563 sitn
2305 5522 2408 5567 non
2456 5507 2709 5562 novellam
2750 5505 2931 5570 modo,
2981 5503 3076 5560 sed
3105 5516 3154 5559 et
3186 5506 3441 5576 furentem
3465 5513 3521 5558 et
3565 5501 3780 5577 impiam

2165 5603 2422 5672 treqnens
2472 5601 2842 5670 cognominet.
2895 5596 3074 5655 Certis
3100 5600 3242 5654 enim
3296 5596 3437 5653 notis
3489 5596 3779 5653 indicanda

2180 5704 2317 5762 erat,
2347 5694 2498 5765 cujus
2525 5708 2720 5749 nomen
2749 5695 3021 5765 proprium
3071 5692 3366 5749 tacebatur.
3397 5688 3566 5764 Vulgo
3595 5698 3775 5746 autem

2158 5787 2421 5858 furentem
2452 5786 2597 5841 illam
2624 5787 3100 5858 cognominabant,
3130 5799 3252 5841 cum
3281 5782 3485 5840 nefaria
3516 5781 3661 5839 illius
3684 5782 3772 5837 in-

2154 5880 2291 5938 dole
2321 5879 2677 5937 conveniente
2706 5880 2941 5938 nominis
2991 5874 3226 5935 ratione.
3256 5870 3325 5935 Ut
3363 5875 3509 5935 enim
3536 5874 3611 5932 ait
3636 5873 3778 5933 Gre-
