4040 6328
272 369 341 422 Π
1708 362 2102 422 ΡΒᾸΞΕΑΤΙΟ.
3503 378 3525 432 ί
3548 380 3571 435 ι

264 481 447 552 gorius
473 478 723 535 Nazianz.
745 477 838 537 0r.
870 495 981 547 XXI,
1015 495 1071 536 η.
1118 479 1175 546 5,
1202 478 1393 559 Ἀρεῖος
1420 488 1513 542 τῆς
1533 483 1717 555 μανίας
1746 483 1875 538 ἐτι-ὠ-

2002 483 2112 538 itus
2158 484 2328 540 sancti
2381 482 2683 545 divinitate.
2734 486 2832 544 llic
2877 504 2981 545 non
3026 488 3277 548 videntur
3326 494 3568 557 tacenda.

262 596 463 650 νυμοςε
494 590 555 628 ac
581 589 795 629 rursum
825 572 919 630 Or.
951 590 1098 636 χχιιι,
1133 591 1187 627 ιι.
1219 573 1281 641 4,
1315 573 1453 629 hanc
1479 585 1680 630 sectam
1714 583 1869 631 vocat

264 678 357 732 τήν
389 668 581 747 ’Δρεὶου
607 669 771 730 καλῶς
806 670 1171 740 ὀνομασθεῖσαν
1221 670 1428 741 μανίαν,
1463 667 1566 723 huc
1589 677 1695 734 est,
1725 685 1757 722 a
1784 669 1870 736 fu-

266 778 384 816 rore
408 771 541 816 recte
567 761 998 832 cognominatam.
1039 758 1234 829 Quidni
1279 760 1441 816 etiam
1471 761 1634 830 intpia
1658 776 1688 815 a
1730 771 1866 816 tem-

269 862 491 927 pet-ante
506 855 643 911 dicta
670 857 762 922 sit,
790 872 909 926 qua:
928 872 957 910 a
984 855 1184 912 dilecto
1213 855 1350 910 Filio
1370 855 1583 911 Patrem
1611 857 1894 926 optimum-

267 948 591 1018 separabat?
624 948 862 1018 Denique
895 948 1129 1004 Hilarius
1157 950 1273 1018 ipse
1298 948 1399 1004 sibi
1428 949 1679 1004 conscius
1705 963 1866 1020 quam

270 1041 547 1096 moderate
577 1040 644 1095 iis
666 1039 819 1095 libris
840 1054 903 1095 ac
931 1049 1043 1095 toto
1070 1041 1251 1096 exsilii
1274 1042 1356 1097 sui
1387 1050 1635 1112 tempore
1665 1055 1723 1097 se
1747 1055 1873 1112 ges-

275 1134 458 1198 sisset,
489 1131 581 1187 ubi
626 1132 886 1188 adversus
930 1130 1304 1187 Constantium
1349 1132 1621 1189 scribendi
1647 1130 1876 1203 quadam

274 1226 602 1282 necessitate
629 1240 688 1281 se
719 1225 1077 1281 constrictum
1124 1224 1276 1289 vidit,
1330 1225 1499 1280 libere
1538 1230 1879 1278 contestatus

276 1327 359 1375 cst
388 1318 522 1372 nihil
554 1333 582 1371 a
606 1333 669 1374 se
715 1317 975 1374 hactenus
1027 1318 1082 1371 in
1111 1325 1336 1389 tempora
1360 1315 1706 1379 maledictum,
1750 1313 1885 1370 nihil

278 1413 335 1468 in
358 1428 494 1479 eam,
525 1426 640 1483 qua:
665 1421 770 1466 tum
816 1428 869 1465 se
918 1409 1109 1465 Christi
1161 1409 1445 1465 Ecclesium
1482 1408 1881 1463 mentiebatur...

281 1507 541 1576 famosum
584 1521 647 1559 ac
674 1505 889 1576 dignum
915 1503 1176 1573 impietate
1219 1503 1452 1574 ipsorum
1498 1502 1766 1573 scripsisse
1791 1508 1883 1554 aut

283 1599 514 1654 locutum
560 1613 668 1653 esse
694 1596 830 1669 (Lib.
859 1600 914 1650 in
934 1595 1115 1651 Const.
1148 1611 1292 1650 num.
1323 1592 1404 1666 2).
1438 1593 1552 1649 Non
1581 1594 1740 1667 igitur
1767 1591 1886 1647 sine

272 1706 433 1748 causa
460 1690 853 1769 crediderimus
879 1704 1024 1755 eum,
1059 1688 1148 1760 qui
1190 1689 1260 1742 ita
1291 1686 1517 1743 aﬂectus
1558 1696 1697 1752 erat,
1731 1685 1885 1741 lucu-

273 1785 551 1842 brationes
583 1797 714 1839 suas
733 1793 915 1838 contra
943 1782 1162 1837 Arianos
1180 1781 1402 1836 minime
1422 1777 1787 1850 inscripsisse.

1976 594 2095 650 qua:
2122 580 2187 634 ad
2216 579 2342 635 dicti
2370 579 2490 635 libri
2519 596 2591 636 xu
2636 592 3012 653 argumentum
3053 584 3105 639 in
3135 585 3311 657 primo
3361 588 3570 653 scribit,

1977 687 2038 729 se
2060 673 2311 728 nimirum
2346 674 2565 729 vitiosas
2611 684 2667 730 et
2691 673 3023 748 irreligiosus
3051 677 3119 734 de
3162 678 3365 751 Spiritu
3389 692 3576 737 sancto

1978 762 2392 833 praedicationes
2436 764 2502 821 ad
2532 765 2634 822 hoc
2658 768 2949 838 amovisse,
2982 780 3036 824 ut
3062 771 3283 828 illwsum
3311 784 3463 845 atque
3488 776 3574 828 in-

1980 858 2381 914 contaminatum
2403 863 2754 935 regenerantis
2779 878 3086 922 TRINITA'I‘IS
3104 881 3475 924 sacramentum
3498 872 3577 925 in-

1980 962 2061 1007 tra
2085 952 2437 1024 deﬁnitionem
2484 955 2764 1011 salutarent
2792 958 3075 1027 apostolica
3113 970 3261 1033 atque
3288 962 3579 1033 euangelica

1982 1046 2258 1101 auctoritas
2302 1047 2609 1110 contineret;
2655 1065 2815 1118 neque
2848 1050 2962 1122 jam
3015 1068 3104 1122 per
3151 1070 3330 1110 sensus
3371 1054 3584 1111 humani

1983 1138 2284 1194 sententiam
2330 1140 2589 1212 Spiritum
2620 1140 2714 1196 Dei
2739 1143 2873 1197 inter
2919 1154 3177 1200 creaturas
3200 1147 3468 1218 quisquam
3491 1166 3584 1203 au-

1986 1231 2125 1287 deret
2150 1237 2362 1305 referre,
2400 1251 2549 1304 quem
2575 1235 2644 1290 ad
2686 1235 3088 1293 immortalitatis
3116 1240 3300 1311 pignus
3327 1251 3372 1295 et
3413 1243 3481 1295 ad
3506 1243 3586 1296 di-

1985 1323 2119 1378 vina:
2144 1333 2342 1380 uatum
2366 1327 2676 1381 consortium
2711 1344 3027 1385 sumeremus
3049 1329 3187 1402 (Lib.
3217 1347 3254 1397 ι,
3287 1347 3341 1387 η.
3364 1331 3477 1404 56).
3512 1334 3587 1389 lix

1990 1414 2073 1470 bis
2099 1415 2243 1472 enim
2273 1418 2444 1487 palam
2477 1418 2556 1489 ﬁt,
2586 1434 2710 1475 eum
2734 1419 2881 1477 hisce
2907 1421 3061 1478 libris
3089 1424 3438 1494 regenerantis
3463 1423 3586 1479 Tri-

1987 1508 2165 1563 nitatis
2195 1520 2569 1566 sacramentum
2612 1511 2906 1569 defendere
2945 1513 3203 1580 voluisse,
3253 1525 3310 1570 ut
3353 1514 3485 1571 nihil
3526 1517 3590 1572 de

1992 1601 2145 1656 totius
2170 1601 2294 1673 ﬁdei
2323 1604 2398 1675 (in
2425 1603 2689 1675 baptismo
2716 1603 3002 1677 suscepta?)
3024 1605 3347 1663 absolutione
3375 1609 3586 1666 deesset.

2065 1691 2179 1748 ΧΠ.
2224 1693 2481 1766 Spiritum
2508 1705 2746 1752 sanctum
2791 1695 2959 1752 Deum
3004 1716 3108 1754 non
3133 1700 3390 1755 nominari
3412 1718 3596 1775 perpea

1992 1803 2105 1843 ram
2132 1796 2273 1843 notat
2287 1787 2553 1845 Erasmus.
2582 1820 2652 1832 —-
2672 1791 2901 1847 Erasmo
2920 1789 3010 1848 hic
3029 1807 3138 1847 non
3163 1807 3483 1850 succensere
3502 1796 3595 1851 vix

346 1878 414 1933 X.
459 1876 1146 1947 lnscripttocs'l‘tuurrsrs
1175 1873 1538 1929 retinenda.—
1557 1874 1729 1927 Minus
1752 1886 1884 1927 con-
1921 1889 1970 1950 Β
1997 1880 2347 1945 sustinemus,
2394 1884 2462 1938 de
2504 1882 2666 1939 docto
2712 1882 2944 1955 przesule
3000 1892 3210 1951 nostro,
3260 1893 3316 1941 et
3359 1885 3595 1957 antiquis

274 1979 382 2027 stat
400 1986 471 2025 an
502 1986 609 2025 non
639 1969 701 2023 de
743 1969 847 2039 ﬁde
890 1983 983 2023 eas
1028 1966 1379 2034 nuncuparit.
1432 1966 1503 2021 At
1552 1962 1888 2033 inscriptioni

277 2063 401 2118 huic
427 2061 698 2134 quamvis.
730 2066 792 2114 ut
831 2060 1094 2128 superius
1122 2066 1402 2115 ostensum
1436 2065 1550 2122 est,
1604 2056 1773 2110 multa
1808 2054 1890 2109 l‘a-

281 2163 467 2220 vcant,
496 2154 668 2225 iisque
698 2152 925 2209 accedat
948 2151 1254 2221 exemplum
1284 2146 1581 2213 Ambrosii,
1608 2150 1698 2220 qui
1725 2147 1892 2203 libros

176 2276 181 2279 λ
278 2263 310 2302 a
335 2262 395 2302 se
418 2255 607 2301 contra
642 2246 899 2300 Arianam
944 2252 1149 2299 sectam
1176 2242 1410 2312 scriptos
1436 2241 1501 2295 de
1525 2240 1629 2310 ﬁde
1650 2237 1893 2309 compel-

277 2340 440 2404 lavit;
471 2353 595 2394 cum
645 2348 826 2392 tamen
874 2352 980 2390 non
1010 2350 1138 2390 vera
1181 2335 1272 2400 sit,
1324 2334 1425 2389 nisi
1473 2342 1739 2403 quatenus
1766 2331 1889 2386 ﬁdei

279 2431 500 2487 nomine
576 2429 858 2485 Trinitatis
918 2426 1233 2499 mysterium
1298 2423 1668 2494 signiﬁcatur,
1740 2422 1891 2479 nulla

279 2522 548 2580 succurrit
574 2524 711 2578 ratio
756 2522 887 2576 satis
911 2520 1113 2591 gravis,
1168 2528 1225 2573 ut
1250 2519 1530 2589 antiquum
1557 2525 1614 2573 et
1639 2531 1670 2571 a
1705 2516 1889 2570 multis

276 2620 388 2690 jam
403 2617 614 2673 saeculis
628 2627 904 2687 receptum
927 2615 991 2670 de
1013 2614 1264 2670 Trinitate
1284 2614 1495 2669 titulum
1518 2613 1888 2669 immolemus:

282 2711 407 2766 huic
435 2710 738 2780 praesertim
787 2708 1118 2779 suﬁ'ragante
1148 2706 1470 2773 Fortunato,
1498 2707 1651 2775 cujus
1700 2714 1892 2761 aucto—

282 2803 415 2860 ritas
439 2820 504 2858 eo
531 2803 700 2874 pluris
749 2802 1002 2858 omnibus
1025 2799 1269 2856 iacienda
1296 2842 1308 2864 ,
1344 2813 1452 2870 quo
1482 2799 1773 2869 ipsummet
1800 2797 1892 2853 Hi-

282 2895 401 2952 larii
425 2894 818 2967 autographum
846 2894 1048 2950 vidisse
1081 2892 1274 2964 pctuit.
1301 2891 1360 2948 Si
1388 2891 1531 2947 enim
1560 2889 1705 2947 illius
1731 2896 1892 2946 actate

286 2989 358 3059 pii
387 2989 635 3061 praesulis
661 2989 726 3043 ad
752 2988 951 3044 Abram
980 2988 1208 3057 epistola
1234 2984 1462 3039 Pirtavis
1485 2986 1746 3039 tenebatur
1789 2999 1884 3055 pro

286 3097 497 3137 munere.
537 3089 858 3146 conseruata,
904 3090 1108 3151 quanto
1138 3080 1310 3147 magis
1340 3075 1578 3148 insignes
1624 3077 1698 3132 illi
1729 3076 1891 3131 libri?

286 3174 521 3229 Titulth
550 3174 801 3231 eunsdem
840 3172 1168 3228 conﬁrmant
1196 3172 1457 3241 lilurgicte
1482 3184 1677 3241 preces
1702 3168 1758 3224 in
1787 3184 1888 3223 an-

287 3283 392 3323 nua
416 3268 475 3323 Β.
502 3267 694 3323 llilarii
735 3268 1077 3324 sulenmitate
1106 3266 1211 3337 legi
1233 3271 1532 3331 censuctai,
1556 3278 1679 3335 quae
1700 3264 1893 3319 etiam-

289 3376 415 3417 tum
446 3361 498 3416 in
531 3361 743 3416 duobus
766 3360 1031 3417 Ecclesia:
1058 3360 1114 3416 S.
1146 3359 1360 3415 Gatiani
1387 3359 1721 3416 Turonensis
1741 3359 1892 3415 codi-

288 3454 441 3512 cibus
477 3454 546 3510 ab
596 3456 751 3510 annis
782 3454 970 3509 saltem
998 3454 1105 3511 800
1128 3454 1362 3509 exaratis
1412 3462 1802 3509 asservuntur:
1838 3456 1890 3510 in

289 3563 399 3603 nuo
424 3548 646 3620 quidem
672 3550 740 3603 ad
772 3547 999 3619 primam
1050 3548 1357 3602 novembris
1402 3547 1569 3614 diem,
1620 3546 1675 3601 in
1717 3547 1890 3602 altero

288 3648 469 3696 autem
495 3642 562 3696 ad
590 3640 853 3697 decimam
904 3639 1118 3696 tertiam
1157 3639 1409 3710 januarii.
1463 3638 1554 3694 Sic
1606 3654 1766 3709 porro
1794 3642 1893 3694 ha-

290 3735 421 3791 bent
448 3753 463 3790 ε
490 3734 653 3801 Deus,
682 3735 771 3803 qui
798 3735 1134 3789 venerabilem
1166 3732 1231 3788 B.
1267 3732 1462 3787 Hilarii
1488 3716 1800 3803 confessoris
1821 3733 1895 3787 tui

288 3839 442 3897 atque
464 3829 724 3901 pontiﬁcis
747 3831 1071 3900 festiuitatem
1118 3829 1411 3885 solenmiter
1430 3837 1777 3883 recurrentem
1804 3844 1897 3897 po-

295 3922 421 3991 pulo
452 3932 542 3976 tuo
571 3920 842 3981 dedicaui.
874 3922 1023 3992 cujus
1052 3920 1228 3993 lingua
1253 3922 1307 3975 in
1335 3921 1521 3976 sesequ
1556 3937 1649 3990 pro
1674 3935 1894 3977 sane”:

292 4028 601 4070 TBIMTA‘I‘IS
624 4015 917 4084 aqualitate
942 4015 1015 4069 sic
1060 4015 1247 4080 tonuit,
1275 4024 1329 4068 ut
1359 4016 1536 4069 mundi
1563 4013 1721 4083 hujus
1749 4016 1897 4085 prin-

292 4109 457 4178 cipem
481 4107 626 4161 mites
654 4115 773 4161 tuus
799 4115 1154 4177 prosterneret,
1190 4116 1295 4162 etc.
1331 4107 1524 4162 Exstat
1547 4106 1738 4162 eadem
1767 4122 1892 4162 ora-

295 4201 371 4255 tio
414 4199 526 4255 kal.
555 4200 806 4256 novemb.
860 4202 1130 4270 assignata
1160 4201 1212 4254 in
1240 4199 1678 4255 Sacramentario
1723 4200 1887 4269 regias

298 4292 644 4349 bibliotheca:
670 4302 784 4347 nut.
816 4292 980 4357 5865,
1014 4308 1185 4346 annos
1213 4291 1433 4346 circiter
1459 4290 1566 4345 900
1594 4306 1702 4360 prae
1740 4305 1800 4346 se
1822 4289 1899 4346 fe-

290 4398 469 4455 rente,
490 4387 547 4443 in
569 4403 677 4459 quo
694 4386 1013 4459 Symbolum
1045 4385 1322 4441 Nicaeuum
1350 4385 1574 4442 habetur
1601 4386 1720 4441 sine
1744 4385 1900 4441 addi-

293 4479 441 4535 tione
473 4478 725 4550 Filioque.

367 4572 461 4630 XI.
500 4571 677 4627 Titnlo
703 4572 821 4626 huic
842 4573 930 4641 qui
954 4573 1082 4627 satis
1108 4572 1219 4641 ﬁat.
1248 4601 1319 4611 —~
1341 4571 1503 4628 Certe
1525 4572 1764 4628 Hilarius
1786 4572 1901 4643 ipse

1995 1974 2245 2030 Patribus
2270 1976 2320 2031 in
2351 1975 2666 2047 prtel‘atione
2692 1993 2787 2033 sua
2840 1978 3068 2050 perinde
3094 1981 3436 2050 scriptitanti,
3467 1996 3530 2036 ac
3555 1980 3601 2036 si

1995 2067 2229 2139 Spiritus
2278 2072 2447 2126 sancti
2510 2070 2847 2128 divinitatem
2897 2087 3144 2130 asserere
3189 2072 3591 2131 formidassent.

1996 2158 2107 2217 Hos
2159 2162 2372 2232 quidem
2418 2161 2653 2233 Spiritus
2676 2166 2847 2222 sancti
2874 2165 3109 2223 cultores
3136 2165 3285 2232 facit,
3314 2167 3407 2223 sed
3439 2167 3507 2222 ita
3543 2176 3601 2221 ut

1996 2252 2157 2309 simul
2187 2254 2241 2309 iu
2270 2255 2508 2310 animum
2542 2256 2755 2312 inducat
2787 2265 2880 2313 aut
2901 2272 2997 2313 eos
3039 2258 3267 2316 coluisse
3292 2275 3453 2332 quem
3484 2274 3595 2315 non

1995 2356 2147 2402 certo
2166 2359 2558 2419 cognoscerent
2588 2350 2775 2419 Deum,
2808 2360 2900 2407 aut
2928 2366 3034 2408 non
3063 2368 3226 2409 ausos
3247 2368 3367 2410 esse
3389 2369 3486 2411 ore
3509 2356 3590 2411 vel

1993 2438 2209 2508 scriptis
2255 2439 2503 2496 conﬁteri
2532 2442 2675 2512 quod
2712 2444 2895 2499 animo
2924 2444 3228 2501 crederent.
3261 2445 3450 2518 Neque
3500 2465 3597 2502 no-

1996 2543 2080 2585 ναξ
2110 2538 2237 2586 sunt
2263 2530 2475 2588 Erasmi
2520 2534 2763 2604 argutiae.
2797 2533 2982 2608 Longe
3007 2544 3133 2593 ante
3158 2537 3309 2594 illum
3338 2538 3601 2611 Gregorio

1995 2619 2332 2679 Nazianzeno
2377 2633 2511 2680 teste
2555 2626 2650 2681 0r.
2697 2642 2903 2694 xssvn,
2944 2644 3094 2683 num.
3138 2627 3232 2695 52,
3284 2630 3601 2702 obiecerant

1993 2712 2495 2783 Puenmatomacbi,
2529 2730 2791 2788 nusquam
2829 2732 2889 2773 se
2934 2711 3325 2791 in‘Scripturis
3355 2722 3597 2792 reperire

1995 2803 2089 2860 Dei
2119 2820 2312 2861 nomen
2358 2805 2582 2877 Spiritui
2629 2818 2820 2864 sancto
2848 2808 3206 2880 adscriptum.
3240 2809 3306 2866 Et
3335 2810 3592 2868 Basiliam

1993 2896 2210 2968 quidem
2235 2897 2418 2953 laudat
2443 2899 2585 2955 idem
2618 2902 2812 2971 praesul
2839 2899 2934 2957 Or.
2965 2918 3063 2968 xx,
3096 2920 3149 2958 ιι.
3178 2902 3302 2969 100,
3334 2890 3477 2975 quod
3506 2921 3600 2960 θοι-

1994 3005 2115 3044 rum
2141 2990 2493 3060 disputationi
2517 3008 2620 3047 nou
2649 2993 2782 3048 nihil
2830 2994 3051 3057 cedens.
3082 3009 3220 3066 quos
3266 2995 3495 3067 benigne
3521 2997 3590 3053 ad

1995 3083 2279 3138 veritatem
2308 3083 2572 3140 reducere
2622 3085 2968 3155 pet-optabat,
3002 3086 3055 3140 in
3090 3085 3240 3142 libris
3269 3086 3340 3142 de
3388 3087 3593 3158 Spiritu

1996 3185 2184 3229 sancto
2209 3176 2277 3231 ab
2306 3190 2366 3230 ea
2398 3190 2529 3231 voce
2548 3216 2565 3243 ,
2620 3193 2647 3228 ει
2676 3190 2779 3247 qua
2809 3177 3194 3245 abhorrebant,
3224 3193 3323 3250 pro
3351 3187 3598 3252 tempore

1920 3275 1965 3337 (ς
1997 3266 2494 3324 consideratissime
2539 3269 2882 3335 abstinuerit,
2934 3267 3063 3325 dum
3122 3271 3336 3327 interim
3385 3272 3443 3326 in
3481 3272 3601 3329 aliis

1994 3359 2197 3414 vocibus
2217 3376 2245 3416 e
2268 3360 2545 3430 Scriptura
2566 3361 2753 3431 petitis,
2780 3361 3179 3435 testimoniisque
3204 3365 3413 3419 minime
3431 3365 3602 3422 dubiis

1993 3452 2222 3506 eamdem
2244 3453 2348 3506 vim
2371 3451 2695 3521 habentibus,
2729 3455 3126 3526 necessariisque
3165 3457 3481 3527 argumentis
3506 3459 3602 3513 ad-

1992 3543 2244 3599 uersarios
2270 3542 2345 3597 ita
2370 3543 2759 3614 comprimebat,
2788 3552 2843 3599 ut
2870 3544 3014 3600 nullo
3040 3545 3194 3601 modo
3218 3563 3506 3620 repugnare
3531 3564 3594 3603 ac

1996 3642 2175 3690 contra
2225 3636 2319 3689 uiti
2374 3645 2598 3707 possent.
2680 3636 2830 3692 Alias
2877 3651 3007 3692 vero
3035 3646 3147 3692 tum
3177 3639 3422 3708 privatis,
3475 3654 3597 3696 cum

1999 3728 2228 3799 publicis
2283 3729 2628 3783 sermonibus
2653 3728 2911 3798 Spiritum
2941 3740 3185 3787 sanetum
3215 3730 3383 3787 Deum
3420 3730 3604 3788 dicere

1998 3836 2292 3892 numquam
2320 3839 2443 3877 eum
2473 3816 2752 3878 dubitasSe
2778 3823 3123 3879 testiﬁcatur.

2072 3918 2210 3974 χιιι.
2244 3917 2385 3974 Deus
2412 3920 2475 3974 ab
2500 3919 2725 3984 antiquis
2745 3930 2792 3974 et
2819 3920 2875 3973 in
2901 3918 3188 3988 Scripturis
3215 3918 3608 3990 appellatur.—

2000 4012 2239 4083 Longius
2268 4028 2297 4067 a
2328 4028 2495 4082 scopo
2522 4013 2803 4068 aberraret
2830 4012 3029 4078 oratio,
3051 4013 3096 4067 si
3124 4020 3389 4084 quotquot
3414 4029 3482 4070 ex
3511 4032 3613 4071 an-

2000 4106 2164 4175 tiquis
2193 4104 2245 4159 id
2269 4105 2443 4172 ipsum
2465 4113 2835 4170 asseruerunt,
2860 4103 2947 4158 hic
2975 4117 3262 4160 recensere
3282 4106 3603 4177 aggredere-

2004 4213 2145 4252 mnr.
2177 4195 2355 4253 Unum
2387 4196 2568 4267 itaque
2612 4199 2682 4251 sit
2722 4196 2965 4252 omnium
3010 4198 3182 4254 instar
3224 4198 3357 4254 illud
3385 4199 3605 4257 Tertul-

2003 4290 2132 4345 liani
2178 4290 2542 4345 testimonium
2586 4289 2983 4347 lib.'adversus
3012 4290 3272 4348 l’raxeam
3312 4309 3461 4350 num.
3492 4295 3600 4367 l5}:

2007 4381 2152 4438 Duos
2180 4381 2385 4451 quidem
2404 4382 2680 4451 deﬁnimus
2712 4381 2923 4438 Patrem
2948 4390 2997 4437 et
3030 4382 3223 4438 Filium
3245 4424 3262 4450 ,
3296 4394 3342 4440 et
3361 4389 3479 4460 jam
3504 4396 3605 4443 tres

2006 4493 2123 4531 cum
2152 4476 2354 4544 Spiritu
2375 4483 2574 4544 sancto,
2598 4476 2876 4531 secundum
2902 4478 3157 4532 rationem
3179 4481 3476 4535 oeconomia:
3492 4497 3604 4552 qua:

2007 4570 2132 4642 facit
2160 4585 2466 4634 numerum;
2496 4585 2579 4634 ne,
2610 4579 2665 4623 ut
2693 4581 2860 4625 uestra
2887 4571 3193 4643 perversitas
3220 4572 3408 4640 infert,
3445 4571 3605 4628 Pater

292 4668 529 4737 quodam
557 4668 718 4722 modo
741 4666 955 4723 videtur
983 4666 1239 4722 lesdnare
1268 4677 1323 4721 ut
1364 4668 1576 4722 titulum
1620 4666 1761 4722 hunc
1786 4667 1894 4721 itu.
1920 4668 1977 4730 1)
2002 4664 2112 4736 ipse
2140 4662 2377 4717 credatur
2418 4672 2568 4717 natus
2620 4671 2670 4717 et
2708 4678 2914 4749 passus,
2944 4664 3083 4733 quod
3122 4680 3226 4719 non
3276 4665 3395 4721 licet
3438 4668 3604 4738 credi,

296 4758 465 4831 plcet,
496 4775 619 4815 cum
653 4760 706 4814 in
737 4759 1026 4816 asserenda
1055 4775 1179 4815 vera
1209 4757 1484 4814 Trinitatis
1510 4759 1614 4815 ﬁde
1635 4761 1762 4815 etin
1793 4759 1906 4814 dis-

290 4858 532 4912 serendo
556 4857 864 4929 singillatim
909 4856 978 4914 de
1019 4856 1201 4922 Patre,
1231 4856 1373 4912 Filio
1404 4866 1459 4911 et
1486 4856 1688 4926 Spiritu
1715 4866 1904 4912 sancto

292 4947 500 5005 librum
542 4949 840 5004 secundum
890 4957 1059 5003 totum
1086 4947 1383 5012 consumit,
1430 4963 1589 5017 quem
1619 4956 1904 5017 pt'olitrrea

292 5040 396 5097 lib.
428 5056 466 5103 ι,
502 5059 556 5096 ιι.
583 5041 675 5108 22,
705 5041 903 5096 brevem
928 5040 1292 5095 demonstrata!
1316 5037 1589 5094 Trinitatis
1622 5056 1907 5095 sermonem

288 5135 673 5207 cagttorninnt:
721 5144 777 5188 nt
831 5149 934 5188 non
982 5134 1251 5188 immerito
1279 5131 1402 5188 libri
1470 5147 1526 5187 tv
1563 5132 1718 5188 initio
1748 5134 1908 5203 proﬁ-

293 5237 503 5294 sestur,
544 5242 671 5282 sese
701 5225 1325 5296 ﬁdentetconfessionem
1385 5224 1557 5280 Patris
1604 5235 1654 5279 et
1696 5224 1822 5280 Filii
1861 5234 1908 5280 et

292 5318 539 5386 Spiritus
565 5320 727 5373 sancti
769 5317 1143 5388 superioribus
1193 5317 1345 5371 libris
1372 5317 1709 5373 sufﬁcienter
1737 5319 1907 5374 tradi-

295 5411 476 5470 disse.
508 5414 579 5466 Et
604 5411 862 5481 deinceps
887 5409 1107 5481 quidem
1136 5409 1204 5465 ad
1232 5410 1627 5466 defendendam
1654 5410 1831 5466 Patris
1854 5420 1912 5466 et

294 5508 433 5568 Filii
480 5508 1115 5573 consubstantialitatem,
1169 5506 1239 5561 de
1263 5522 1364 5575 qua
1396 5520 1534 5577 pene
1586 5508 1765 5561 omnis
1793 5515 1913 5562 erat

294 5602 704 5667 controversia,
753 5600 1063 5670 diligentius
1092 5598 1356 5654 incumbit
1385 5616 1399 5653 :
1435 5600 1694 5669 propositi
1727 5609 1909 5656 tamen

300 5697 396 5751 sui
419 5710 531 5749 non
545 5693 851 5756 immemor.
873 5693 939 5747 ad
961 5707 1183 5762 scopum
1208 5692 1366 5746 titulo
1390 5692 1762 5763 prazscriptum
1788 5704 1914 5749 ante

300 5788 492 5857 operis
538 5789 697 5841 linem
744 5790 985 5852 revertit,
1037 5796 1090 5840 et
1137 5785 1331 5840 librum
1363 5800 1440 5839 xu
1473 5799 1579 5839 non
1610 5784 1911 5850 concludit,

284 5880 416 5939 nisi
446 5889 779 5950 propugnata
804 5877 969 5933 totius
994 5876 1298 5942 Trinitatis,
1343 5891 1407 5932 ac
1447 5876 1767 5933 nominatim
1794 5876 1914 5949 Spi-

2008 4759 2251 4831 quoniam
2290 4773 2392 4812 non
2418 4758 2492 4811 ita
2538 4757 2784 4811 traditum
2834 4765 2928 4812 est.
2953 4754 3101 4812 Duos
3152 4767 3322 4815 tamen
3376 4760 3512 4817 Deos
3562 4773 3612 4817 et

2011 4853 2140 4906 duos
2169 4848 2419 4905 Dominos
2446 4865 2724 4917 numquam
2743 4865 2806 4905 ea:
2826 4866 2914 4904 ore
2931 4861 3106 4905 nostro
3125 4852 3435 4923 proferimus
3465 4871 3486 4910 :
3505 4872 3611 4911 non

2012 4947 2157 5014 quasi
2184 4961 2287 4999 non
2315 4952 2361 4998 et
2392 4942 2548 4997 Pater
2572 4941 2715 4998 Deus
2739 4984 2753 5010 ,
2783 4953 2831 4998 et
2868 4940 3039 4997 Filius
3074 4941 3216 4999 Deus
3241 4985 3257 5014 ,
3288 4957 3334 5001 et
3358 4948 3607 5006 SPIRITUS

2014 5050 2249 5092 sanerus
2274 5036 2435 5101 Deus,
2467 5043 2514 5090 et
2536 5033 2676 5089 Deus
2705 5034 3070 5105 unusquisque,
3102 5047 3207 5091 etc.
3232 5036 3420 5108 Neque
3447 5041 3608 5096 etiam

2016 5128 2420 5185 concedendum
2442 5126 2703 5199 Spiritum
2728 5139 2975 5182 sanctum
3002 5128 3056 5183 in
3080 5130 3374 5201 Scriptnris
3388 5134 3610 5190 minime

2018 5224 2184 5278 Deum
2247 5222 2565 5293 nuncupari.
2627 5221 2947 5278 Ambrosius
3010 5222 3101 5279 lib.
3172 5239 3231 5279 ut
3307 5226 3371 5280 de
3412 5226 3611 5297 Spiritu

2015 5327 2211 5386 sancto,
2226 5333 2273 5373 ε.
2293 5322 2346 5383 l1,
2365 5316 2510 5371 aliud
2535 5316 2713 5388 probat
2732 5317 3012 5384 prtesertim
3033 5333 3098 5371 ea:
3118 5317 3279 5373 verbis
3302 5316 3467 5387 Petri,
3488 5321 3604 5376 Act.

2017 5426 2100 5478 nt,
2124 5412 2179 5479 5,
2208 5421 2341 5476 etc.,
2364 5410 2556 5481 quibus
2583 5409 2658 5465 ait
2685 5409 2880 5481 primo.
2907 5410 3133 5477 Anania,
3164 5426 3256 5465 cur
3275 5411 3504 5482 impleuit
3522 5430 3610 5468 sa-

2021 5515 2169 5560 tanas
2208 5521 2297 5561 cor
2341 5515 2483 5559 tuum
2532 5504 2602 5558 ad
2629 5504 2975 5559 mentiendum
3026 5504 3251 5572 Spiritui
3300 5517 3512 5575 sancto;
3549 5525 3614 5567 ac

2022 5598 2219 5655 deinde
2248 5597 2491 5669 subiicit,
2526 5596 2651 5653 Non
2678 5615 2731 5652 es
2759 5597 2999 5652 mentitus
3024 5598 3335 5670 hominibus,
3371 5603 3460 5657 sed
3484 5601 3614 5660 Deo.

2092 5691 2236 5749 XIV.
2263 5689 2502 5763 Nugatur
2521 5690 2626 5760 qui,
2642 5707 2755 5744 cum
2779 5705 2885 5744 rem
2899 5689 3298 5763 Itabeat,quterit
3317 5695 3391 5750 rei
3411 5712 3614 5751 nomen.

2025 5787 2129 5843 Cur
2158 5784 2381 5857 Spiritui
2403 5796 2579 5840 sancto
2606 5782 2697 5839 Dei
2725 5800 2906 5839 nomen
2934 5783 3172 5843 Hilarius
3212 5806 3315 5844 non
3353 5792 3617 5845 attribuat.

2026 5909 2097 5923 -—
2143 5878 2249 5936 Sed
2302 5876 2560 5949 quidquid
2618 5877 2690 5933 sit
2738 5876 2808 5934 de
2848 5876 2968 5936 'hac
3019 5880 3425 5953 disputatione,
3488 5887 3631 5957 quod
