  <div class='ocr_page' id='page_1' title='image "/cluster/home/n/w/nwhite01/storage/ocr_20150623/10/hvd.32044015471279/013.png"; bbox 0 0 4040 6328; ppageno 0'>
   <div class='ocr_carea' id='block_1_1' title="bbox 477 320 3780 409">
    <p class='ocr_par' dir='ltr' id='par_1_1' title="bbox 477 320 3780 409">
     <span class='ocr_line' id='line_1_1' title="bbox 477 320 3780 409; baseline -0.013 0"><span class='ocrx_word' id='word_1_1' title='bbox 477 354 547 409; x_wconf 74' lang='grc'><strong>13</strong></span> <span class='ocrx_word' id='word_1_2' title='bbox 1661 337 1728 395; x_wconf 83' lang='grc' dir='ltr'><strong>ΙΝ</strong></span> <span class='ocrx_word' id='word_1_3' title='bbox 1765 334 2018 394; x_wconf 82' lang='lat' dir='ltr'><strong>LIBROS</strong></span> <span class='ocrx_word' id='word_1_4' title='bbox 2047 331 2134 389; x_wconf 85' lang='lat' dir='ltr'><strong>DE</strong></span> <span class='ocrx_word' id='word_1_5' title='bbox 2161 328 2531 389; x_wconf 75' lang='lat' dir='ltr'><strong>TRINITATE</strong></span> <span class='ocrx_word' id='word_1_6' title='bbox 3705 320 3780 379; x_wconf 68' lang='lat'><strong>16</strong></span> 
     </span>
    </p>
   </div>
   <div class='ocr_carea' id='block_1_2' title="bbox 478 439 3776 538">
    <p class='ocr_par' dir='ltr' id='par_1_2' title="bbox 478 439 3776 538">
     <span class='ocr_line' id='line_1_2' title="bbox 478 439 3776 538; baseline -0.008 -16"><span class='ocrx_word' id='word_1_7' title='bbox 478 464 754 538; x_wconf 71' lang='lat' dir='ltr'><strong>prmdictis</strong></span> <span class='ocrx_word' id='word_1_8' title='bbox 778 448 1325 520; x_wconf 73' lang='lat' dir='ltr'><strong>limretieis‘litteram,</strong></span> <span class='ocrx_word' id='word_1_9' title='bbox 1347 468 1456 510; x_wconf 89' lang='lat' dir='ltr'><strong>non</strong></span> <span class='ocrx_word' id='word_1_10' title='bbox 1481 454 1723 527; x_wconf 73' lang='lat' dir='ltr'><strong>spiritum</strong></span> <span class='ocrx_word' id='word_1_11' title='bbox 1742 452 2075 524; x_wconf 76' lang='lat' dir='ltr'><strong>sapientibus</strong></span> <span class='ocrx_word' id='word_1_12' title='bbox 2102 449 2155 510; x_wconf 82' lang='grc' dir='ltr'><strong>Α</strong></span> <span class='ocrx_word' id='word_1_13' title='bbox 2181 457 2237 502; x_wconf 92' lang='lat' dir='ltr'><strong>ut</strong></span> <span class='ocrx_word' id='word_1_14' title='bbox 2259 447 2581 538; x_wconf 77' lang='lat' dir='ltr'><strong>incorrupta:</strong></span> <span class='ocrx_word' id='word_1_15' title='bbox 2633 455 2697 497; x_wconf 91' lang='lat' dir='ltr'><strong>ac</strong></span> <span class='ocrx_word' id='word_1_16' title='bbox 2742 439 2937 538; x_wconf 72' lang='lat' dir='ltr'><strong>divinre</strong></span> <span class='ocrx_word' id='word_1_17' title='bbox 2992 446 3198 538; x_wconf 48' lang='lat' dir='ltr'><strong>naturae</strong></span> <span class='ocrx_word' id='word_1_18' title='bbox 3221 452 3334 538; x_wconf 79' lang='lat' dir='ltr'><strong>non</strong></span> <span class='ocrx_word' id='word_1_19' title='bbox 3389 447 3570 504; x_wconf 75' lang='lat' dir='ltr'><strong>esset,</strong></span> <span class='ocrx_word' id='word_1_20' title='bbox 3610 454 3776 511; x_wconf 89' lang='lat' dir='ltr'><strong>quem</strong></span> 
     </span>
    </p>
   </div>
   <div class='ocr_carea' id='block_1_3' title="bbox 481 544 2075 629">
    <p class='ocr_par' dir='ltr' id='par_1_3' title="bbox 481 544 2075 629">
     <span class='ocr_line' id='line_1_3' title="bbox 481 544 2075 629; baseline -0.011 -14"><span class='ocrx_word' id='word_1_21' title='bbox 481 556 763 629; x_wconf 90' lang='lat' dir='ltr'><strong>respondit</strong></span> <span class='ocrx_word' id='word_1_22' title='bbox 791 552 1082 624; x_wconf 85' lang='lat' dir='ltr'><strong>Gregorius</strong></span> <span class='ocrx_word' id='word_1_23' title='bbox 1131 548 1222 605; x_wconf 91' lang='lat' dir='ltr'><strong>0r.</strong></span> <span class='ocrx_word' id='word_1_24' title='bbox 1267 564 1485 610; x_wconf 80' lang='lat' dir='ltr'><strong>xxxvii,</strong></span> <span class='ocrx_word' id='word_1_25' title='bbox 1520 563 1667 602; x_wconf 90' lang='lat' dir='ltr'><strong>num.</strong></span> <span class='ocrx_word' id='word_1_26' title='bbox 1703 545 1805 611; x_wconf 81' lang='lat'><strong>56,</strong></span> <span class='ocrx_word' id='word_1_27' title='bbox 1840 559 1981 599; x_wconf 90' lang='lat' dir='ltr'><strong>nunc</strong></span> <span class='ocrx_word' id='word_1_28' title='bbox 2023 544 2075 598; x_wconf 91' lang='lat' dir='ltr'><strong>in</strong></span> 
     </span>
    </p>
   </div>
   <div class='ocr_carea' id='block_1_4' title="bbox 485 650 2074 729">
    <p class='ocr_par' dir='ltr' id='par_1_4' title="bbox 485 650 2074 729">
     <span class='ocr_line' id='line_1_4' title="bbox 485 650 2074 729; baseline -0.012 -15"><span class='ocrx_word' id='word_1_29' title='bbox 485 665 738 729; x_wconf 90' lang='lat' dir='ltr'><strong>promptu</strong></span> <span class='ocrx_word' id='word_1_30' title='bbox 782 663 867 709; x_wconf 90' lang='lat' dir='ltr'><strong>est</strong></span> <span class='ocrx_word' id='word_1_31' title='bbox 905 652 957 706; x_wconf 85' lang='lat' dir='ltr'><strong>in</strong></span> <span class='ocrx_word' id='word_1_32' title='bbox 1000 650 1286 705; x_wconf 86' lang='lat' dir='ltr'><strong>Erasmum</strong></span> <span class='ocrx_word' id='word_1_33' title='bbox 1320 654 1669 713; x_wconf 82' lang='lat' dir='ltr'><strong>retorquere,</strong></span> <span class='ocrx_word' id='word_1_34' title='bbox 1703 658 1861 714; x_wconf 86' lang='lat' dir='ltr'><strong>quem</strong></span> <span class='ocrx_word' id='word_1_35' title='bbox 1896 654 2074 696; x_wconf 86' lang='lat' dir='ltr'><strong>tamen</strong></span> 
     </span>
    </p>
   </div>
   <div class='ocr_carea' id='block_1_5' title="bbox 480 738 2079 811">
    <p class='ocr_par' dir='ltr' id='par_1_5' title="bbox 480 738 2079 811">
     <span class='ocr_line' id='line_1_5' title="bbox 480 738 2079 811; baseline -0.015 -2"><span class='ocrx_word' id='word_1_36' title='bbox 480 745 986 809; x_wconf 89' lang='lat' dir='ltr'><strong>Puenmatomachis</strong></span> <span class='ocrx_word' id='word_1_37' title='bbox 1011 745 1083 798; x_wconf 85' lang='lat' dir='ltr'><strong>ita</strong></span> <span class='ocrx_word' id='word_1_38' title='bbox 1112 745 1163 797; x_wconf 92' lang='lat' dir='ltr'><strong>in</strong></span> <span class='ocrx_word' id='word_1_39' title='bbox 1186 742 1286 797; x_wconf 89' lang='lat' dir='ltr'><strong>hac</strong></span> <span class='ocrx_word' id='word_1_40' title='bbox 1311 738 1592 811; x_wconf 87' lang='lat' dir='ltr'><strong>argutandi</strong></span> <span class='ocrx_word' id='word_1_41' title='bbox 1625 738 1833 792; x_wconf 76' lang='lat' dir='ltr'><strong>ratione</strong></span> <span class='ocrx_word' id='word_1_42' title='bbox 1860 748 2079 801; x_wconf 91' lang='lat' dir='ltr'><strong>compa-</strong></span> 
     </span>
    </p>
   </div>
   <div class='ocr_carea' id='block_1_6' title="bbox 480 827 2073 911">
    <p class='ocr_par' dir='ltr' id='par_1_6' title="bbox 480 827 2073 911">
     <span class='ocr_line' id='line_1_6' title="bbox 480 827 2073 911; baseline -0.012 -10"><span class='ocrx_word' id='word_1_43' title='bbox 480 861 683 911; x_wconf 80' lang='lat' dir='ltr'><strong>ramus,</strong></span> <span class='ocrx_word' id='word_1_44' title='bbox 718 850 775 898; x_wconf 92' lang='lat' dir='ltr'><strong>ut</strong></span> <span class='ocrx_word' id='word_1_45' title='bbox 802 842 951 896; x_wconf 90' lang='lat' dir='ltr'><strong>nullo</strong></span> <span class='ocrx_word' id='word_1_46' title='bbox 982 849 1140 909; x_wconf 86' lang='lat' dir='ltr'><strong>pacto</strong></span> <span class='ocrx_word' id='word_1_47' title='bbox 1188 830 1557 905; x_wconf 87' lang='lat' dir='ltr'><strong>comparatum</strong></span> <span class='ocrx_word' id='word_1_48' title='bbox 1605 832 1832 887; x_wconf 86' lang='lat' dir='ltr'><strong>velimus</strong></span> <span class='ocrx_word' id='word_1_49' title='bbox 1870 827 2073 883; x_wconf 83' lang='lat' dir='ltr'><strong>inﬁde.</strong></span> 
     </span>
    </p>
   </div>
   <div class='ocr_carea' id='block_1_7' title="bbox 476 921 2078 1007">
    <p class='ocr_par' dir='ltr' id='par_1_7' title="bbox 476 921 2078 1007">
     <span class='ocr_line' id='line_1_7' title="bbox 476 921 2078 1007; baseline -0.012 -12"><span class='ocrx_word' id='word_1_50' title='bbox 476 938 606 995; x_wconf 83' lang='lat' dir='ltr'><strong>Illos</strong></span> <span class='ocrx_word' id='word_1_51' title='bbox 636 948 798 1007; x_wconf 86' lang='lat' dir='ltr'><strong>porro</strong></span> <span class='ocrx_word' id='word_1_52' title='bbox 819 933 1114 1004; x_wconf 81' lang='lat' dir='ltr'><strong>Gregorius</strong></span> <span class='ocrx_word' id='word_1_53' title='bbox 1146 929 1334 1001; x_wconf 92' lang='lat' dir='ltr'><strong>nugari</strong></span> <span class='ocrx_word' id='word_1_54' title='bbox 1365 927 1521 981; x_wconf 84' lang='lat' dir='ltr'><strong>ducet</strong></span> <span class='ocrx_word' id='word_1_55' title='bbox 1540 925 1656 997; x_wconf 90' lang='lat' dir='ltr'><strong>qui,</strong></span> <span class='ocrx_word' id='word_1_56' title='bbox 1685 924 1891 979; x_wconf 91' lang='lat' dir='ltr'><strong>relictis</strong></span> <span class='ocrx_word' id='word_1_57' title='bbox 1919 921 2078 976; x_wconf 87' lang='lat' dir='ltr'><strong>rebus</strong></span> 
     </span>
    </p>
   </div>
   <div class='ocr_carea' id='block_1_8' title="bbox 476 1015 2077 1104">
    <p class='ocr_par' dir='ltr' id='par_1_8' title="bbox 476 1015 2077 1104">
     <span class='ocr_line' id='line_1_8' title="bbox 476 1015 2077 1104; baseline -0.012 -17"><span class='ocrx_word' id='word_1_58' title='bbox 476 1031 714 1104; x_wconf 82' lang='lat' dir='ltr'><strong>syllabas</strong></span> <span class='ocrx_word' id='word_1_59' title='bbox 742 1033 1150 1091; x_wconf 83' lang='lat' dir='ltr'><strong>consectantur,</strong></span> <span class='ocrx_word' id='word_1_60' title='bbox 1180 1021 1382 1091; x_wconf 84' lang='lat' dir='ltr'><strong>quique</strong></span> <span class='ocrx_word' id='word_1_61' title='bbox 1409 1020 1690 1075; x_wconf 75' lang='lat' dir='ltr'><strong>audientes</strong></span> <span class='ocrx_word' id='word_1_62' title='bbox 1718 1033 1781 1074; x_wconf 88' lang='lat' dir='ltr'><strong>ea</strong></span> <span class='ocrx_word' id='word_1_63' title='bbox 1811 1017 1863 1071; x_wconf 92' lang='lat' dir='ltr'><strong>in</strong></span> <span class='ocrx_word' id='word_1_64' title='bbox 1895 1015 2077 1085; x_wconf 87' lang='lat' dir='ltr'><strong>Scrip-</strong></span> 
     </span>
    </p>
   </div>
   <div class='ocr_carea' id='block_1_9' title="bbox 476 1115 2077 1192">
    <p class='ocr_par' dir='ltr' id='par_1_9' title="bbox 476 1115 2077 1192">
     <span class='ocr_line' id='line_1_9' title="bbox 476 1115 2077 1192; baseline -0.009 -13"><span class='ocrx_word' id='word_1_65' title='bbox 476 1122 613 1179; x_wconf 89' lang='lat' dir='ltr'><strong>turis</strong></span> <span class='ocrx_word' id='word_1_66' title='bbox 642 1121 867 1192; x_wconf 82' lang='lat' dir='ltr'><strong>Spiritui</strong></span> <span class='ocrx_word' id='word_1_67' title='bbox 906 1127 1096 1173; x_wconf 89' lang='lat' dir='ltr'><strong>sancto</strong></span> <span class='ocrx_word' id='word_1_68' title='bbox 1122 1115 1376 1182; x_wconf 91' lang='lat' dir='ltr'><strong>attribui,</strong></span> <span class='ocrx_word' id='word_1_69' title='bbox 1408 1127 1530 1184; x_wconf 59' lang='lat' dir='ltr'><strong>quas</strong></span> <span class='ocrx_word' id='word_1_70' title='bbox 1575 1126 1681 1167; x_wconf 92' lang='lat' dir='ltr'><strong>non</strong></span> <span class='ocrx_word' id='word_1_71' title='bbox 1709 1118 2077 1168; x_wconf 86' lang='lat' dir='ltr'><strong>consentanea</strong></span> 
     </span>
    </p>
   </div>
   <div class='ocr_carea' id='block_1_10' title="bbox 476 1200 2078 1279">
    <p class='ocr_par' dir='ltr' id='par_1_10' title="bbox 476 1200 2078 1279">
     <span class='ocr_line' id='line_1_10' title="bbox 476 1200 2078 1279; baseline -0.009 -8"><span class='ocrx_word' id='word_1_72' title='bbox 476 1216 587 1271; x_wconf 89' lang='lat' dir='ltr'><strong>sint</strong></span> <span class='ocrx_word' id='word_1_73' title='bbox 607 1212 712 1269; x_wconf 91' lang='lat' dir='ltr'><strong>nisi</strong></span> <span class='ocrx_word' id='word_1_74' title='bbox 740 1213 850 1267; x_wconf 90' lang='lat' dir='ltr'><strong>Deo</strong></span> <span class='ocrx_word' id='word_1_75' title='bbox 874 1254 889 1278; x_wconf 95' lang='lat'><strong>,</strong></span> <span class='ocrx_word' id='word_1_76' title='bbox 923 1210 1099 1265; x_wconf 88' lang='lat' dir='ltr'><strong>adhuc</strong></span> <span class='ocrx_word' id='word_1_77' title='bbox 1127 1215 1375 1279; x_wconf 91' lang='lat' dir='ltr'><strong>quaerant</strong></span> <span class='ocrx_word' id='word_1_78' title='bbox 1402 1206 1492 1263; x_wconf 91' lang='lat' dir='ltr'><strong>ubi</strong></span> <span class='ocrx_word' id='word_1_79' title='bbox 1521 1204 1651 1260; x_wconf 87' lang='lat' dir='ltr'><strong>illud</strong></span> <span class='ocrx_word' id='word_1_80' title='bbox 1685 1203 1781 1258; x_wconf 95' lang='lat' dir='ltr'><strong>Dei</strong></span> <span class='ocrx_word' id='word_1_81' title='bbox 1801 1217 1997 1258; x_wconf 88' lang='lat' dir='ltr'><strong>nomen</strong></span> <span class='ocrx_word' id='word_1_82' title='bbox 2026 1200 2078 1256; x_wconf 92' lang='lat' dir='ltr'><strong>ei</strong></span> 
     </span>
    </p>
   </div>
   <div class='ocr_carea' id='block_1_11' title="bbox 476 1294 2080 1383">
    <p class='ocr_par' dir='ltr' id='par_1_11' title="bbox 476 1294 2080 1383">
     <span class='ocr_line' id='line_1_11' title="bbox 476 1294 2080 1383; baseline -0.01 -19"><span class='ocrx_word' id='word_1_83' title='bbox 476 1306 839 1365; x_wconf 80' lang='lat' dir='ltr'><strong>adscribatur.</strong></span> <span class='ocrx_word' id='word_1_84' title='bbox 872 1302 1012 1372; x_wconf 81' lang='lat' dir='ltr'><strong>Quid</strong></span> <span class='ocrx_word' id='word_1_85' title='bbox 1035 1303 1180 1357; x_wconf 88' lang='lat' dir='ltr'><strong>enim</strong></span> <span class='ocrx_word' id='word_1_86' title='bbox 1204 1301 1454 1383; x_wconf 75' lang='lat' dir='ltr'><strong>interest,</strong></span> <span class='ocrx_word' id='word_1_87' title='bbox 1483 1307 1665 1354; x_wconf 91' lang='lat' dir='ltr'><strong>utrum</strong></span> <span class='ocrx_word' id='word_1_88' title='bbox 1689 1297 1886 1363; x_wconf 88' lang='lat' dir='ltr'><strong>decem,</strong></span> <span class='ocrx_word' id='word_1_89' title='bbox 1908 1311 1976 1362; x_wconf 85' lang='lat' dir='ltr'><strong>an</strong></span> <span class='ocrx_word' id='word_1_90' title='bbox 2005 1294 2080 1349; x_wconf 90' lang='lat' dir='ltr'><strong>bis</strong></span> 
     </span>
    </p>
   </div>
   <div class='ocr_carea' id='block_1_12' title="bbox 475 1388 2080 1472">
    <p class='ocr_par' dir='ltr' id='par_1_12' title="bbox 475 1388 2080 1472">
     <span class='ocr_line' id='line_1_12' title="bbox 475 1388 2080 1472; baseline -0.009 -17"><span class='ocrx_word' id='word_1_91' title='bbox 475 1401 721 1472; x_wconf 87' lang='lat' dir='ltr'><strong>quinque,</strong></span> <span class='ocrx_word' id='word_1_92' title='bbox 751 1409 935 1453; x_wconf 87' lang='lat' dir='ltr'><strong>utrum</strong></span> <span class='ocrx_word' id='word_1_93' title='bbox 961 1396 1136 1461; x_wconf 82' lang='lat' dir='ltr'><strong>homo,</strong></span> <span class='ocrx_word' id='word_1_94' title='bbox 1167 1410 1233 1449; x_wconf 89' lang='lat' dir='ltr'><strong>an</strong></span> <span class='ocrx_word' id='word_1_95' title='bbox 1264 1394 1462 1449; x_wconf 76' lang='lat' dir='ltr'><strong>ratione</strong></span> <span class='ocrx_word' id='word_1_96' title='bbox 1489 1391 1764 1464; x_wconf 77' lang='lat' dir='ltr'><strong>prteditum</strong></span> <span class='ocrx_word' id='word_1_97' title='bbox 1792 1398 1839 1443; x_wconf 92' lang='lat' dir='ltr'><strong>et</strong></span> <span class='ocrx_word' id='word_1_98' title='bbox 1865 1388 2080 1443; x_wconf 81' lang='lat' dir='ltr'><strong>mortale</strong></span> 
     </span>
    </p>
   </div>
   <div class='ocr_carea' id='block_1_13' title="bbox 478 1480 2077 1557">
    <p class='ocr_par' dir='ltr' id='par_1_13' title="bbox 478 1480 2077 1557">
     <span class='ocr_line' id='line_1_13' title="bbox 478 1480 2077 1557; baseline -0.008 -10"><span class='ocrx_word' id='word_1_99' title='bbox 478 1492 676 1547; x_wconf 84' lang='lat' dir='ltr'><strong>animal</strong></span> <span class='ocrx_word' id='word_1_100' title='bbox 705 1488 951 1546; x_wconf 79' lang='lat' dir='ltr'><strong>dicatur?</strong></span> <span class='ocrx_word' id='word_1_101' title='bbox 977 1486 1123 1544; x_wconf 83' lang='lat' dir='ltr'><strong>Sane</strong></span> <span class='ocrx_word' id='word_1_102' title='bbox 1167 1486 1364 1557; x_wconf 86' lang='lat' dir='ltr'><strong>quibus</strong></span> <span class='ocrx_word' id='word_1_103' title='bbox 1411 1484 1644 1557; x_wconf 85' lang='lat' dir='ltr'><strong>placebit</strong></span> <span class='ocrx_word' id='word_1_104' title='bbox 1691 1484 1804 1537; x_wconf 63' lang='lat' dir='ltr'><strong>haec</strong></span> <span class='ocrx_word' id='word_1_105' title='bbox 1832 1480 2077 1552; x_wconf 77' lang='lat' dir='ltr'><strong>Gregorii</strong></span> 
     </span>
    </p>
   </div>
   <div class='ocr_carea' id='block_1_14' title="bbox 472 1574 2080 1653">
    <p class='ocr_par' dir='ltr' id='par_1_14' title="bbox 472 1574 2080 1653">
     <span class='ocr_line' id='line_1_14' title="bbox 472 1574 2080 1653; baseline -0.009 -12"><span class='ocrx_word' id='word_1_106' title='bbox 472 1586 635 1653; x_wconf 83' lang='lat' dir='ltr'><strong>ratio,</strong></span> <span class='ocrx_word' id='word_1_107' title='bbox 671 1584 705 1639; x_wconf 90' lang='lat' dir='ltr'><strong>ii</strong></span> <span class='ocrx_word' id='word_1_108' title='bbox 738 1599 845 1638; x_wconf 91' lang='lat' dir='ltr'><strong>non</strong></span> <span class='ocrx_word' id='word_1_109' title='bbox 895 1579 1038 1636; x_wconf 91' lang='lat' dir='ltr'><strong>inani</strong></span> <span class='ocrx_word' id='word_1_110' title='bbox 1090 1578 1347 1647; x_wconf 88' lang='lat' dir='ltr'><strong>scrupulo</strong></span> <span class='ocrx_word' id='word_1_111' title='bbox 1407 1574 1750 1632; x_wconf 89' lang='lat' dir='ltr'><strong>tribuendum</strong></span> <span class='ocrx_word' id='word_1_112' title='bbox 1802 1574 2080 1628; x_wconf 83' lang='lat' dir='ltr'><strong>existima-</strong></span> 
     </span>
    </p>
   </div>
   <div class='ocr_carea' id='block_1_15' title="bbox 476 1663 2077 1745">
    <p class='ocr_par' dir='ltr' id='par_1_15' title="bbox 476 1663 2077 1745">
     <span class='ocr_line' id='line_1_15' title="bbox 476 1663 2077 1745; baseline -0.007 -14"><span class='ocrx_word' id='word_1_113' title='bbox 476 1677 633 1743; x_wconf 90' lang='lat' dir='ltr'><strong>bunt,</strong></span> <span class='ocrx_word' id='word_1_114' title='bbox 666 1675 808 1745; x_wconf 91' lang='lat' dir='ltr'><strong>quod</strong></span> <span class='ocrx_word' id='word_1_115' title='bbox 841 1672 1074 1727; x_wconf 90' lang='lat' dir='ltr'><strong>llilarius</strong></span> <span class='ocrx_word' id='word_1_116' title='bbox 1100 1669 1333 1740; x_wconf 83' lang='lat' dir='ltr'><strong>Spiritus</strong></span> <span class='ocrx_word' id='word_1_117' title='bbox 1360 1669 1530 1723; x_wconf 88' lang='lat' dir='ltr'><strong>sancti</strong></span> <span class='ocrx_word' id='word_1_118' title='bbox 1561 1665 1824 1722; x_wconf 82' lang='lat' dir='ltr'><strong>vocabulo</strong></span> <span class='ocrx_word' id='word_1_119' title='bbox 1858 1663 1950 1719; x_wconf 88' lang='lat' dir='ltr'><strong>Dei</strong></span> <span class='ocrx_word' id='word_1_120' title='bbox 1976 1679 2077 1719; x_wconf 89' lang='lat' dir='ltr'><strong>no-</strong></span> 
     </span>
    </p>
   </div>
   <div class='ocr_carea' id='block_1_16' title="bbox 478 1754 2072 1836">
    <p class='ocr_par' dir='ltr' id='par_1_16' title="bbox 478 1754 2072 1836">
     <span class='ocr_line' id='line_1_16' title="bbox 478 1754 2072 1836; baseline -0.011 -11"><span class='ocrx_word' id='word_1_121' title='bbox 478 1783 604 1824; x_wconf 88' lang='lat' dir='ltr'><strong>men</strong></span> <span class='ocrx_word' id='word_1_122' title='bbox 634 1783 738 1821; x_wconf 88' lang='lat' dir='ltr'><strong>nun</strong></span> <span class='ocrx_word' id='word_1_123' title='bbox 769 1765 1007 1836; x_wconf 86' lang='lat' dir='ltr'><strong>adjiciat.</strong></span> <span class='ocrx_word' id='word_1_124' title='bbox 1041 1762 1152 1816; x_wconf 88' lang='lat' dir='ltr'><strong>Hoc</strong></span> <span class='ocrx_word' id='word_1_125' title='bbox 1180 1761 1360 1832; x_wconf 78' lang='lat' dir='ltr'><strong>potius</strong></span> <span class='ocrx_word' id='word_1_126' title='bbox 1390 1760 1460 1814; x_wconf 87' lang='lat' dir='ltr'><strong>ita</strong></span> <span class='ocrx_word' id='word_1_127' title='bbox 1492 1758 1692 1814; x_wconf 92' lang='lat' dir='ltr'><strong>factum</strong></span> <span class='ocrx_word' id='word_1_128' title='bbox 1723 1754 2072 1823; x_wconf 84' lang='lat' dir='ltr'><strong>crediderint,</strong></span> 
     </span>
    </p>
   </div>
   <div class='ocr_carea' id='block_1_17' title="bbox 2180 530 3781 608">
    <p class='ocr_par' dir='ltr' id='par_1_17' title="bbox 2180 530 3781 608">
     <span class='ocr_line' id='line_1_17' title="bbox 2180 530 3781 608; baseline -0.004 -14"><span class='ocrx_word' id='word_1_129' title='bbox 2180 541 2249 594; x_wconf 89' lang='lat' dir='ltr'><strong>ad</strong></span> <span class='ocrx_word' id='word_1_130' title='bbox 2276 530 2684 593; x_wconf 72' lang='lat' dir='ltr'><strong>inmortalitatis</strong></span> <span class='ocrx_word' id='word_1_131' title='bbox 2710 535 2897 608; x_wconf 84' lang='lat' dir='ltr'><strong>pignus</strong></span> <span class='ocrx_word' id='word_1_132' title='bbox 2935 544 2983 587; x_wconf 75' lang='lat' dir='ltr'><strong>et</strong></span> <span class='ocrx_word' id='word_1_133' title='bbox 3020 535 3089 588; x_wconf 89' lang='lat' dir='ltr'><strong>ad</strong></span> <span class='ocrx_word' id='word_1_134' title='bbox 3128 534 3315 590; x_wconf 82' lang='lat' dir='ltr'><strong>divinte</strong></span> <span class='ocrx_word' id='word_1_135' title='bbox 3340 542 3540 588; x_wconf 71' lang='lat' dir='ltr'><strong>natura:</strong></span> <span class='ocrx_word' id='word_1_136' title='bbox 3566 552 3781 589; x_wconf 80' lang='lat' dir='ltr'><strong>consor-</strong></span> 
     </span>
    </p>
   </div>
   <div class='ocr_carea' id='block_1_18' title="bbox 2180 626 3774 698">
    <p class='ocr_par' dir='ltr' id='par_1_18' title="bbox 2180 626 3774 698">
     <span class='ocr_line' id='line_1_18' title="bbox 2180 626 3774 698; baseline -0.004 -10"><span class='ocrx_word' id='word_1_137' title='bbox 2180 635 2306 688; x_wconf 88' lang='lat' dir='ltr'><strong>tium</strong></span> <span class='ocrx_word' id='word_1_138' title='bbox 2337 646 2665 687; x_wconf 72' lang='lat' dir='ltr'><strong>sumeremus.</strong></span> <span class='ocrx_word' id='word_1_139' title='bbox 2703 629 2803 695; x_wconf 85' lang='lat' dir='ltr'><strong>Qui</strong></span> <span class='ocrx_word' id='word_1_140' title='bbox 2838 628 2988 698; x_wconf 89' lang='lat' dir='ltr'><strong>plura</strong></span> <span class='ocrx_word' id='word_1_141' title='bbox 3034 628 3212 693; x_wconf 86' lang='lat' dir='ltr'><strong>volet,</strong></span> <span class='ocrx_word' id='word_1_142' title='bbox 3242 627 3398 682; x_wconf 86' lang='lat' dir='ltr'><strong>adeat</strong></span> <span class='ocrx_word' id='word_1_143' title='bbox 3446 626 3640 682; x_wconf 89' lang='lat' dir='ltr'><strong>librum</strong></span> <span class='ocrx_word' id='word_1_144' title='bbox 3667 643 3774 691; x_wconf 76' lang='lat' dir='ltr'><strong>xu,</strong></span> 
     </span>
    </p>
   </div>
   <div class='ocr_carea' id='block_1_19' title="bbox 2181 721 3780 792">
    <p class='ocr_par' dir='ltr' id='par_1_19' title="bbox 2181 721 3780 792">
     <span class='ocr_line' id='line_1_19' title="bbox 2181 721 3780 792; baseline -0.003 -10"><span class='ocrx_word' id='word_1_145' title='bbox 2181 743 2240 782; x_wconf 89' lang='grc' dir='ltr'><strong>ιι.</strong></span> <span class='ocrx_word' id='word_1_146' title='bbox 2274 726 2345 782; x_wconf 70' lang='grc'><strong>54</strong></span> <span class='ocrx_word' id='word_1_147' title='bbox 2367 767 2381 792; x_wconf 86' lang='grc'><em>,</em></span> <span class='ocrx_word' id='word_1_148' title='bbox 2410 734 2517 781; x_wconf 90' lang='lat' dir='ltr'><strong>etc.</strong></span> <span class='ocrx_word' id='word_1_149' title='bbox 2539 766 2553 790; x_wconf 94' lang='lat'><strong>,</strong></span> <span class='ocrx_word' id='word_1_150' title='bbox 2595 723 2684 778; x_wconf 91' lang='lat' dir='ltr'><strong>ubi</strong></span> <span class='ocrx_word' id='word_1_151' title='bbox 2733 722 2967 791; x_wconf 86' lang='lat' dir='ltr'><strong>Spiritus</strong></span> <span class='ocrx_word' id='word_1_152' title='bbox 3004 733 3223 786; x_wconf 86' lang='lat' dir='ltr'><strong>sanctus</strong></span> <span class='ocrx_word' id='word_1_153' title='bbox 3265 721 3507 791; x_wconf 86' lang='lat' dir='ltr'><strong>ejusdem</strong></span> <span class='ocrx_word' id='word_1_154' title='bbox 3532 737 3652 777; x_wconf 87' lang='lat' dir='ltr'><strong>cum</strong></span> <span class='ocrx_word' id='word_1_155' title='bbox 3678 723 3780 777; x_wconf 78' lang='lat' dir='ltr'><strong>l‘a-</strong></span> 
     </span>
    </p>
   </div>
   <div class='ocr_carea' id='block_1_20' title="bbox 2187 815 3778 883">
    <p class='ocr_par' dir='ltr' id='par_1_20' title="bbox 2187 815 3778 883">
     <span class='ocr_line' id='line_1_20' title="bbox 2187 815 3778 883; baseline -0.002 -10"><span class='ocrx_word' id='word_1_156' title='bbox 2187 826 2270 874; x_wconf 90' lang='lat' dir='ltr'><strong>tre</strong></span> <span class='ocrx_word' id='word_1_157' title='bbox 2323 826 2528 873; x_wconf 64' lang='lat' dir='ltr'><strong>natura:</strong></span> <span class='ocrx_word' id='word_1_158' title='bbox 2553 859 2567 883; x_wconf 91' lang='lat'><strong>,</strong></span> <span class='ocrx_word' id='word_1_159' title='bbox 2596 815 2813 872; x_wconf 90' lang='lat' dir='ltr'><strong>virtutis</strong></span> <span class='ocrx_word' id='word_1_160' title='bbox 2852 829 2917 871; x_wconf 89' lang='lat' dir='ltr'><strong>ac</strong></span> <span class='ocrx_word' id='word_1_161' title='bbox 2958 816 3274 871; x_wconf 75' lang='lat' dir='ltr'><strong>substantia:</strong></span> <span class='ocrx_word' id='word_1_162' title='bbox 3313 829 3434 872; x_wconf 85' lang='lat' dir='ltr'><strong>esse</strong></span> <span class='ocrx_word' id='word_1_163' title='bbox 3480 815 3778 872; x_wconf 87' lang='lat' dir='ltr'><strong>luculenter</strong></span> 
     </span>
    </p>
   </div>
   <div class='ocr_carea' id='block_1_21' title="bbox 2182 911 2496 966">
    <p class='ocr_par' dir='ltr' id='par_1_21' title="bbox 2182 911 2496 966">
     <span class='ocr_line' id='line_1_21' title="bbox 2182 911 2496 966; baseline -0.006 0"><span class='ocrx_word' id='word_1_164' title='bbox 2182 911 2496 966; x_wconf 86' lang='lat' dir='ltr'><strong>adstruitur.</strong></span> 
     </span>
    </p>
   </div>
   <div class='ocr_carea' id='block_1_22' title="bbox 2252 1001 3781 1075">
    <p class='ocr_par' dir='ltr' id='par_1_22' title="bbox 2252 1001 3781 1075">
     <span class='ocr_line' id='line_1_22' title="bbox 2252 1001 3781 1075; baseline 0 -17"><span class='ocrx_word' id='word_1_165' title='bbox 2252 1002 2393 1058; x_wconf 76' lang='lat' dir='ltr'><strong>XVI.</strong></span> <span class='ocrx_word' id='word_1_166' title='bbox 2422 1001 2765 1057; x_wconf 81' lang='lat' dir='ltr'><strong>Luculentum</strong></span> <span class='ocrx_word' id='word_1_167' title='bbox 2802 1002 2865 1056; x_wconf 87' lang='lat' dir='ltr'><strong>de</strong></span> <span class='ocrx_word' id='word_1_168' title='bbox 2896 1002 3125 1072; x_wconf 79' lang='lat' dir='ltr'><strong>Spiritus</strong></span> <span class='ocrx_word' id='word_1_169' title='bbox 3148 1002 3312 1057; x_wconf 82' lang='lat' dir='ltr'><strong>sancti</strong></span> <span class='ocrx_word' id='word_1_170' title='bbox 3340 1002 3601 1058; x_wconf 85' lang='lat' dir='ltr'><strong>divinitate</strong></span> <span class='ocrx_word' id='word_1_171' title='bbox 3624 1019 3781 1075; x_wconf 86' lang='lat' dir='ltr'><strong>argu-</strong></span> 
     </span>
    </p>
   </div>
   <div class='ocr_carea' id='block_1_23' title="bbox 2182 1094 3781 1166">
    <p class='ocr_par' dir='ltr' id='par_1_23' title="bbox 2182 1094 3781 1166">
     <span class='ocr_line' id='line_1_23' title="bbox 2182 1094 3781 1166; baseline 0.003 -17"><span class='ocrx_word' id='word_1_172' title='bbox 2182 1105 2423 1152; x_wconf 85' lang='lat' dir='ltr'><strong>mentum.</strong></span> <span class='ocrx_word' id='word_1_173' title='bbox 2466 1127 2538 1136; x_wconf 92' lang='lat'><strong>—</strong></span> <span class='ocrx_word' id='word_1_174' title='bbox 2573 1094 2749 1152; x_wconf 89' lang='lat' dir='ltr'><strong>Unum</strong></span> <span class='ocrx_word' id='word_1_175' title='bbox 2779 1095 3060 1150; x_wconf 80' lang='lat' dir='ltr'><strong>dumtaxat</strong></span> <span class='ocrx_word' id='word_1_176' title='bbox 3095 1110 3159 1150; x_wconf 79' lang='lat' dir='ltr'><strong>ex</strong></span> <span class='ocrx_word' id='word_1_177' title='bbox 3190 1110 3257 1151; x_wconf 87' lang='lat' dir='ltr'><strong>eo</strong></span> <span class='ocrx_word' id='word_1_178' title='bbox 3288 1096 3406 1151; x_wconf 90' lang='lat' dir='ltr'><strong>loco</strong></span> <span class='ocrx_word' id='word_1_179' title='bbox 3458 1094 3781 1166; x_wconf 77' lang='lat' dir='ltr'><strong>proferimus</strong></span> 
     </span>
    </p>
   </div>
   <div class='ocr_carea' id='block_1_24' title="bbox 2181 1189 3781 1262">
    <p class='ocr_par' dir='ltr' id='par_1_24' title="bbox 2181 1189 3781 1262">
     <span class='ocr_line' id='line_1_24' title="bbox 2181 1189 3781 1262; baseline 0.002 -18"><span class='ocrx_word' id='word_1_180' title='bbox 2181 1200 2555 1262; x_wconf 81' lang='lat' dir='ltr'><strong>argumentum</strong></span> <span class='ocrx_word' id='word_1_181' title='bbox 2583 1230 2599 1256; x_wconf 93' lang='lat'><strong>,</strong></span> <span class='ocrx_word' id='word_1_182' title='bbox 2646 1190 2870 1258; x_wconf 86' lang='lat' dir='ltr'><strong>petitum</strong></span> <span class='ocrx_word' id='word_1_183' title='bbox 2912 1205 2976 1246; x_wconf 77' lang='lat' dir='ltr'><strong>ex</strong></span> <span class='ocrx_word' id='word_1_184' title='bbox 3030 1189 3208 1245; x_wconf 88' lang='lat' dir='ltr'><strong>verbis</strong></span> <span class='ocrx_word' id='word_1_185' title='bbox 3251 1190 3480 1259; x_wconf 83' lang='lat' dir='ltr'><strong>apostoli</strong></span> <span class='ocrx_word' id='word_1_186' title='bbox 3506 1232 3520 1253; x_wconf 86' lang='lat'><strong>,</strong></span> <span class='ocrx_word' id='word_1_187' title='bbox 3555 1189 3781 1261; x_wconf 87' lang='lat' dir='ltr'><strong>Spiritus</strong></span> 
     </span>
    </p>
   </div>
   <div class='ocr_carea' id='block_1_25' title="bbox 2180 1281 3781 1356">
    <p class='ocr_par' dir='ltr' id='par_1_25' title="bbox 2180 1281 3781 1356">
     <span class='ocr_line' id='line_1_25' title="bbox 2180 1281 3781 1356; baseline 0.004 -19"><span class='ocrx_word' id='word_1_188' title='bbox 2180 1285 2315 1337; x_wconf 86' lang='lat' dir='ltr'><strong>enim</strong></span> <span class='ocrx_word' id='word_1_189' title='bbox 2333 1285 2505 1337; x_wconf 85' lang='lat' dir='ltr'><strong>omnia</strong></span> <span class='ocrx_word' id='word_1_190' title='bbox 2539 1293 2821 1350; x_wconf 76' lang='lat' dir='ltr'><strong>scrutatur,</strong></span> <span class='ocrx_word' id='word_1_191' title='bbox 2853 1283 3005 1337; x_wconf 89' lang='lat' dir='ltr'><strong>etiam</strong></span> <span class='ocrx_word' id='word_1_192' title='bbox 3036 1284 3297 1355; x_wconf 83' lang='lat' dir='ltr'><strong>profunda</strong></span> <span class='ocrx_word' id='word_1_193' title='bbox 3322 1281 3442 1339; x_wconf 87' lang='lat' dir='ltr'><strong>Dei.</strong></span> <span class='ocrx_word' id='word_1_194' title='bbox 3477 1283 3555 1339; x_wconf 80' lang='lat' dir='ltr'><strong>Ex</strong></span> <span class='ocrx_word' id='word_1_195' title='bbox 3587 1286 3781 1356; x_wconf 87' lang='lat' dir='ltr'><strong>quibus</strong></span> 
     </span>
    </p>
   </div>
   <div class='ocr_carea' id='block_1_26' title="bbox 2183 1375 3781 1448">
    <p class='ocr_par' dir='ltr' id='par_1_26' title="bbox 2183 1375 3781 1448">
     <span class='ocr_line' id='line_1_26' title="bbox 2183 1375 3781 1448; baseline 0.003 -19"><span class='ocrx_word' id='word_1_196' title='bbox 2183 1375 2248 1430; x_wconf 86' lang='lat' dir='ltr'><strong>ad</strong></span> <span class='ocrx_word' id='word_1_197' title='bbox 2276 1376 2490 1431; x_wconf 82' lang='lat' dir='ltr'><strong>Patrem</strong></span> <span class='ocrx_word' id='word_1_198' title='bbox 2521 1391 2847 1443; x_wconf 90' lang='lat' dir='ltr'><strong>conversus,</strong></span> <span class='ocrx_word' id='word_1_199' title='bbox 2875 1376 2955 1431; x_wconf 90' lang='lat' dir='ltr'><strong>sic</strong></span> <span class='ocrx_word' id='word_1_200' title='bbox 2981 1391 3103 1431; x_wconf 92' lang='lat' dir='ltr'><strong>eum</strong></span> <span class='ocrx_word' id='word_1_201' title='bbox 3151 1392 3272 1432; x_wconf 92' lang='lat' dir='ltr'><strong>cum</strong></span> <span class='ocrx_word' id='word_1_202' title='bbox 3315 1392 3509 1448; x_wconf 81' lang='lat' dir='ltr'><strong>magna</strong></span> <span class='ocrx_word' id='word_1_203' title='bbox 3550 1377 3781 1446; x_wconf 82' lang='lat' dir='ltr'><strong>Spiritus</strong></span> 
     </span>
    </p>
   </div>
   <div class='ocr_carea' id='block_1_27' title="bbox 2181 1469 3782 1543">
    <p class='ocr_par' dir='ltr' id='par_1_27' title="bbox 2181 1469 3782 1543">
     <span class='ocr_line' id='line_1_27' title="bbox 2181 1469 3782 1543; baseline 0.002 -18"><span class='ocrx_word' id='word_1_204' title='bbox 2181 1469 2354 1525; x_wconf 90' lang='lat' dir='ltr'><strong>sancti</strong></span> <span class='ocrx_word' id='word_1_205' title='bbox 2382 1471 2681 1526; x_wconf 89' lang='lat' dir='ltr'><strong>reverentia</strong></span> <span class='ocrx_word' id='word_1_206' title='bbox 2709 1469 2999 1541; x_wconf 88' lang='lat' dir='ltr'><strong>alloquitur</strong></span> <span class='ocrx_word' id='word_1_207' title='bbox 3025 1487 3039 1525; x_wconf 88' lang='lat'><strong>:</strong></span> <span class='ocrx_word' id='word_1_208' title='bbox 3072 1469 3241 1525; x_wconf 88' lang='lat' dir='ltr'><strong>Nulla</strong></span> <span class='ocrx_word' id='word_1_209' title='bbox 3257 1478 3306 1524; x_wconf 90' lang='lat' dir='ltr'><strong>te</strong></span> <span class='ocrx_word' id='word_1_210' title='bbox 3325 1471 3423 1525; x_wconf 88' lang='lat' dir='ltr'><strong>nisi</strong></span> <span class='ocrx_word' id='word_1_211' title='bbox 3444 1485 3542 1525; x_wconf 75' lang='lat' dir='ltr'><strong>nas</strong></span> <span class='ocrx_word' id='word_1_212' title='bbox 3559 1486 3667 1528; x_wconf 64' lang='lat' dir='ltr'><strong>rus</strong></span> <span class='ocrx_word' id='word_1_213' title='bbox 3694 1489 3782 1543; x_wconf 87' lang='lat' dir='ltr'><strong>pe-</strong></span> 
     </span>
    </p>
   </div>
   <div class='ocr_carea' id='block_1_28' title="bbox 2181 1564 3783 1636">
    <p class='ocr_par' dir='ltr' id='par_1_28' title="bbox 2181 1564 3783 1636">
     <span class='ocr_line' id='line_1_28' title="bbox 2181 1564 3783 1636; baseline 0.002 -18"><span class='ocrx_word' id='word_1_214' title='bbox 2181 1571 2345 1618; x_wconf 86' lang='lat' dir='ltr'><strong>netrat</strong></span> <span class='ocrx_word' id='word_1_215' title='bbox 2372 1579 2392 1617; x_wconf 89' lang='lat'><strong><em>:</em></strong></span> <span class='ocrx_word' id='word_1_216' title='bbox 2422 1580 2513 1617; x_wconf 86' lang='lat' dir='ltr'><strong>nec</strong></span> <span class='ocrx_word' id='word_1_217' title='bbox 2539 1564 2857 1636; x_wconf 82' lang='lat' dir='ltr'><strong>profundum</strong></span> <span class='ocrx_word' id='word_1_218' title='bbox 2885 1564 3147 1618; x_wconf 61' lang='lat' dir='ltr'><strong>immensae</strong></span> <span class='ocrx_word' id='word_1_219' title='bbox 3177 1565 3457 1635; x_wconf 86' lang='lat' dir='ltr'><strong>majestatis</strong></span> <span class='ocrx_word' id='word_1_220' title='bbox 3478 1576 3607 1630; x_wconf 78' lang='lat' dir='ltr'><strong>tute,</strong></span> <span class='ocrx_word' id='word_1_221' title='bbox 3640 1583 3783 1635; x_wconf 84' lang='lat' dir='ltr'><strong>pere-</strong></span> 
     </span>
    </p>
   </div>
   <div class='ocr_carea' id='block_1_29' title="bbox 2180 1659 3782 1729">
    <p class='ocr_par' dir='ltr' id='par_1_29' title="bbox 2180 1659 3782 1729">
     <span class='ocr_line' id='line_1_29' title="bbox 2180 1659 3782 1729; baseline 0.005 -18"><span class='ocrx_word' id='word_1_222' title='bbox 2180 1659 2345 1728; x_wconf 71' lang='lat' dir='ltr'><strong>grina:</strong></span> <span class='ocrx_word' id='word_1_223' title='bbox 2372 1669 2524 1729; x_wconf 88' lang='lat' dir='ltr'><strong>atque</strong></span> <span class='ocrx_word' id='word_1_224' title='bbox 2556 1659 2742 1713; x_wconf 75' lang='lat' dir='ltr'><strong>aliena:</strong></span> <span class='ocrx_word' id='word_1_225' title='bbox 2768 1668 2808 1712; x_wconf 80' lang='grc' dir='ltr'><strong>ἰι</strong></span> <span class='ocrx_word' id='word_1_226' title='bbox 2840 1668 2889 1712; x_wconf 89' lang='lat' dir='ltr'><strong>te</strong></span> <span class='ocrx_word' id='word_1_227' title='bbox 2921 1660 3123 1713; x_wconf 80' lang='lat' dir='ltr'><strong>virtutis</strong></span> <span class='ocrx_word' id='word_1_228' title='bbox 3152 1676 3307 1715; x_wconf 87' lang='lat' dir='ltr'><strong>causa</strong></span> <span class='ocrx_word' id='word_1_229' title='bbox 3334 1676 3595 1717; x_wconf 71' lang='lat' dir='ltr'><strong>nemon.</strong></span> <span class='ocrx_word' id='word_1_230' title='bbox 3626 1662 3782 1720; x_wconf 66' lang='lat' dir='ltr'><strong>Tum:</strong></span> 
     </span>
    </p>
   </div>
   <div class='ocr_carea' id='block_1_30' title="bbox 2182 1750 3784 1824">
    <p class='ocr_par' dir='ltr' id='par_1_30' title="bbox 2182 1750 3784 1824">
     <span class='ocr_line' id='line_1_30' title="bbox 2182 1750 3784 1824; baseline 0.005 -21"><span class='ocrx_word' id='word_1_231' title='bbox 2182 1764 2300 1813; x_wconf 70' lang='grc' dir='ltr'><strong>εει,</strong></span> <span class='ocrx_word' id='word_1_232' title='bbox 2332 1750 2582 1819; x_wconf 83' lang='lat' dir='ltr'><strong>quidquid</strong></span> <span class='ocrx_word' id='word_1_233' title='bbox 2611 1763 2658 1804; x_wconf 88' lang='lat' dir='ltr'><strong>te</strong></span> <span class='ocrx_word' id='word_1_234' title='bbox 2685 1752 2781 1806; x_wconf 89' lang='lat' dir='ltr'><strong>init</strong></span> <span class='ocrx_word' id='word_1_235' title='bbox 2812 1769 2831 1807; x_wconf 88' lang='lat'><strong><em>:</em></strong></span> <span class='ocrx_word' id='word_1_236' title='bbox 2855 1769 3018 1822; x_wconf 83' lang='lat' dir='ltr'><strong>neque</strong></span> <span class='ocrx_word' id='word_1_237' title='bbox 3041 1752 3267 1807; x_wconf 87' lang='lat' dir='ltr'><strong>alienum</strong></span> <span class='ocrx_word' id='word_1_238' title='bbox 3285 1762 3384 1816; x_wconf 87' lang='lat' dir='ltr'><strong>est,</strong></span> <span class='ocrx_word' id='word_1_239' title='bbox 3408 1755 3656 1824; x_wconf 84' lang='lat' dir='ltr'><strong>quidquid</strong></span> <span class='ocrx_word' id='word_1_240' title='bbox 3683 1757 3784 1810; x_wconf 75' lang='lat' dir='ltr'><strong>eir-</strong></span> 
     </span>
    </p>
   </div>
   <div class='ocr_carea' id='block_1_31' title="bbox 477 1845 3779 1933">
    <p class='ocr_par' dir='ltr' id='par_1_31' title="bbox 477 1845 3779 1933">
     <span class='ocr_line' id='line_1_31' title="bbox 477 1845 3779 1933; baseline -0.006 -15"><span class='ocrx_word' id='word_1_241' title='bbox 477 1862 602 1933; x_wconf 85' lang='lat' dir='ltr'><strong>qnia</strong></span> <span class='ocrx_word' id='word_1_242' title='bbox 629 1862 916 1931; x_wconf 88' lang='lat' dir='ltr'><strong>ipsammet</strong></span> <span class='ocrx_word' id='word_1_243' title='bbox 947 1857 1039 1912; x_wconf 88' lang='lat' dir='ltr'><strong>Dei</strong></span> <span class='ocrx_word' id='word_1_244' title='bbox 1072 1864 1316 1911; x_wconf 90' lang='lat' dir='ltr'><strong>naturam</strong></span> <span class='ocrx_word' id='word_1_245' title='bbox 1343 1856 1428 1909; x_wconf 87' lang='lat' dir='ltr'><strong>vel</strong></span> <span class='ocrx_word' id='word_1_246' title='bbox 1455 1854 1572 1908; x_wconf 90' lang='lat' dir='ltr'><strong>solo</strong></span> <span class='ocrx_word' id='word_1_247' title='bbox 1600 1852 1830 1922; x_wconf 83' lang='lat' dir='ltr'><strong>Spiritus</strong></span> <span class='ocrx_word' id='word_1_248' title='bbox 1861 1852 2081 1906; x_wconf 86' lang='lat' dir='ltr'><strong>nomine</strong></span> <span class='ocrx_word' id='word_1_249' title='bbox 2109 1849 2156 1910; x_wconf 90' lang='lat' dir='ltr'><strong>B</strong></span> <span class='ocrx_word' id='word_1_250' title='bbox 2184 1852 2289 1898; x_wconf 67' lang='lat' dir='ltr'><strong>tute</strong></span> <span class='ocrx_word' id='word_1_251' title='bbox 2351 1845 2626 1900; x_wconf 75' lang='lat' dir='ltr'><strong>scrutantis</strong></span> <span class='ocrx_word' id='word_1_252' title='bbox 2697 1847 2855 1911; x_wconf 81' lang='lat' dir='ltr'><strong>inest,</strong></span> <span class='ocrx_word' id='word_1_253' title='bbox 2905 1847 3058 1917; x_wconf 86' lang='lat' dir='ltr'><strong>quasi</strong></span> <span class='ocrx_word' id='word_1_254' title='bbox 3107 1847 3315 1903; x_wconf 79' lang='lat' dir='ltr'><strong>diceret</strong></span> <span class='ocrx_word' id='word_1_255' title='bbox 3360 1866 3374 1902; x_wconf 89' lang='lat'><strong>:</strong></span> <span class='ocrx_word' id='word_1_256' title='bbox 3431 1849 3533 1916; x_wconf 83' lang='lat' dir='ltr'><strong>Qui</strong></span> <span class='ocrx_word' id='word_1_257' title='bbox 3599 1851 3779 1908; x_wconf 75' lang='lat' dir='ltr'><strong>omnia</strong></span> 
     </span>
    </p>
   </div>
   <div class='ocr_carea' id='block_1_32' title="bbox 474 1945 2078 2023">
    <p class='ocr_par' dir='ltr' id='par_1_32' title="bbox 474 1945 2078 2023">
     <span class='ocr_line' id='line_1_32' title="bbox 474 1945 2078 2023; baseline -0.007 -15"><span class='ocrx_word' id='word_1_258' title='bbox 474 1953 781 2023; x_wconf 88' lang='lat' dir='ltr'><strong>intelligere</strong></span> <span class='ocrx_word' id='word_1_259' title='bbox 807 1949 1002 2005; x_wconf 88' lang='lat' dir='ltr'><strong>soleat.</strong></span> <span class='ocrx_word' id='word_1_260' title='bbox 1035 1947 1218 2017; x_wconf 85' lang='lat' dir='ltr'><strong>Neque</strong></span> <span class='ocrx_word' id='word_1_261' title='bbox 1260 1961 1392 2002; x_wconf 87' lang='lat' dir='ltr'><strong>vero</strong></span> <span class='ocrx_word' id='word_1_262' title='bbox 1436 1945 1657 2001; x_wconf 89' lang='lat' dir='ltr'><strong>dubium</strong></span> <span class='ocrx_word' id='word_1_263' title='bbox 1689 1954 1773 2000; x_wconf 92' lang='lat' dir='ltr'><strong>est</strong></span> <span class='ocrx_word' id='word_1_264' title='bbox 1813 1959 1935 1999; x_wconf 91' lang='lat' dir='ltr'><strong>eum</strong></span> <span class='ocrx_word' id='word_1_265' title='bbox 1980 1957 2078 1998; x_wconf 79' lang='lat' dir='ltr'><strong>ex-</strong></span> 
     </span>
    </p>
   </div>
   <div class='ocr_carea' id='block_1_33' title="bbox 472 2034 2078 2109">
    <p class='ocr_par' dir='ltr' id='par_1_33' title="bbox 472 2034 2078 2109">
     <span class='ocr_line' id='line_1_33' title="bbox 472 2034 2078 2109; baseline -0.009 -6"><span class='ocrx_word' id='word_1_266' title='bbox 472 2056 631 2103; x_wconf 90' lang='lat' dir='ltr'><strong>terno</strong></span> <span class='ocrx_word' id='word_1_267' title='bbox 668 2045 761 2101; x_wconf 90' lang='lat' dir='ltr'><strong>illo</strong></span> <span class='ocrx_word' id='word_1_268' title='bbox 791 2044 1090 2099; x_wconf 87' lang='lat' dir='ltr'><strong>litterarum</strong></span> <span class='ocrx_word' id='word_1_269' title='bbox 1120 2056 1255 2095; x_wconf 90' lang='lat' dir='ltr'><strong>sono</strong></span> <span class='ocrx_word' id='word_1_270' title='bbox 1292 2040 1605 2109; x_wconf 78' lang='lat' dir='ltr'><strong>expressius</strong></span> <span class='ocrx_word' id='word_1_271' title='bbox 1632 2036 1831 2107; x_wconf 84' lang='lat' dir='ltr'><strong>aliquid</strong></span> <span class='ocrx_word' id='word_1_272' title='bbox 1862 2034 2078 2105; x_wconf 90' lang='lat' dir='ltr'><strong>scriptis</strong></span> 
     </span>
    </p>
   </div>
   <div class='ocr_carea' id='block_1_34' title="bbox 476 2129 2074 2207">
    <p class='ocr_par' dir='ltr' id='par_1_34' title="bbox 476 2129 2074 2207">
     <span class='ocr_line' id='line_1_34' title="bbox 476 2129 2074 2207; baseline -0.007 -14"><span class='ocrx_word' id='word_1_273' title='bbox 476 2140 592 2194; x_wconf 88' lang='lat' dir='ltr'><strong>suis</strong></span> <span class='ocrx_word' id='word_1_274' title='bbox 638 2137 1012 2207; x_wconf 80' lang='lat' dir='ltr'><strong>consignasse,</strong></span> <span class='ocrx_word' id='word_1_275' title='bbox 1064 2146 1171 2204; x_wconf 90' lang='lat' dir='ltr'><strong>quo</strong></span> <span class='ocrx_word' id='word_1_276' title='bbox 1226 2132 1459 2203; x_wconf 88' lang='lat' dir='ltr'><strong>Spiritus</strong></span> <span class='ocrx_word' id='word_1_277' title='bbox 1512 2130 1683 2185; x_wconf 86' lang='lat' dir='ltr'><strong>sancti</strong></span> <span class='ocrx_word' id='word_1_278' title='bbox 1742 2129 2074 2185; x_wconf 83' lang='lat' dir='ltr'><strong>divinitatem</strong></span> 
     </span>
    </p>
   </div>
   <div class='ocr_carea' id='block_1_35' title="bbox 474 2231 904 2287">
    <p class='ocr_par' dir='ltr' id='par_1_35' title="bbox 474 2231 904 2287">
     <span class='ocr_line' id='line_1_35' title="bbox 474 2231 904 2287; baseline -0.012 0"><span class='ocrx_word' id='word_1_279' title='bbox 474 2231 904 2287; x_wconf 84' lang='lat' dir='ltr'><strong>commendaret.</strong></span> 
     </span>
    </p>
   </div>
   <div class='ocr_carea' id='block_1_36' title="bbox 550 2314 2077 2389">
    <p class='ocr_par' dir='ltr' id='par_1_36' title="bbox 550 2314 2077 2389">
     <span class='ocr_line' id='line_1_36' title="bbox 550 2314 2077 2389; baseline -0.007 -10"><span class='ocrx_word' id='word_1_280' title='bbox 550 2322 667 2379; x_wconf 82' lang='lat' dir='ltr'><strong>XV.</strong></span> <span class='ocrx_word' id='word_1_281' title='bbox 702 2320 802 2377; x_wconf 89' lang='lat' dir='ltr'><strong>Dei</strong></span> <span class='ocrx_word' id='word_1_282' title='bbox 830 2321 883 2375; x_wconf 90' lang='lat' dir='ltr'><strong>in</strong></span> <span class='ocrx_word' id='word_1_283' title='bbox 912 2336 971 2375; x_wconf 89' lang='lat' dir='ltr'><strong>eo</strong></span> <span class='ocrx_word' id='word_1_284' title='bbox 998 2330 1239 2375; x_wconf 89' lang='lat' dir='ltr'><strong>naturam</strong></span> <span class='ocrx_word' id='word_1_285' title='bbox 1281 2325 1570 2373; x_wconf 76' lang='lat' dir='ltr'><strong>constanter</strong></span> <span class='ocrx_word' id='word_1_286' title='bbox 1600 2314 1870 2389; x_wconf 64' lang='lat' dir='ltr'><strong>praedicat.</strong></span> <span class='ocrx_word' id='word_1_287' title='bbox 1895 2344 1969 2355; x_wconf 88' lang='lat'><strong>--</strong></span> <span class='ocrx_word' id='word_1_288' title='bbox 1998 2315 2077 2370; x_wconf 87' lang='lat' dir='ltr'><strong>Ac</strong></span> 
     </span>
    </p>
   </div>
   <div class='ocr_carea' id='block_1_37' title="bbox 469 2408 2075 2490">
    <p class='ocr_par' dir='ltr' id='par_1_37' title="bbox 469 2408 2075 2490">
     <span class='ocr_line' id='line_1_37' title="bbox 469 2408 2075 2490; baseline -0.006 -17"><span class='ocrx_word' id='word_1_289' title='bbox 469 2418 645 2490; x_wconf 91' lang='lat' dir='ltr'><strong>primo</strong></span> <span class='ocrx_word' id='word_1_290' title='bbox 676 2417 894 2487; x_wconf 88' lang='lat' dir='ltr'><strong>quidem</strong></span> <span class='ocrx_word' id='word_1_291' title='bbox 940 2414 1155 2487; x_wconf 88' lang='lat' dir='ltr'><strong>qu0ties</strong></span> <span class='ocrx_word' id='word_1_292' title='bbox 1185 2413 1455 2477; x_wconf 90' lang='lat' dir='ltr'><strong>inculcat,</strong></span> <span class='ocrx_word' id='word_1_293' title='bbox 1487 2412 1631 2482; x_wconf 92' lang='lat' dir='ltr'><strong>quod</strong></span> <span class='ocrx_word' id='word_1_294' title='bbox 1679 2411 1876 2479; x_wconf 81' lang='lat' dir='ltr'><strong>saepius</strong></span> <span class='ocrx_word' id='word_1_295' title='bbox 1926 2408 2075 2475; x_wconf 84' lang='lat' dir='ltr'><strong>facit,</strong></span> 
     </span>
    </p>
   </div>
   <div class='ocr_carea' id='block_1_38' title="bbox 470 2501 2075 2579">
    <p class='ocr_par' dir='ltr' id='par_1_38' title="bbox 470 2501 2075 2579">
     <span class='ocr_line' id='line_1_38' title="bbox 470 2501 2075 2579; baseline -0.007 -13"><span class='ocrx_word' id='word_1_296' title='bbox 470 2511 651 2566; x_wconf 77' lang='lat' dir='ltr'><strong>verbis</strong></span> <span class='ocrx_word' id='word_1_297' title='bbox 700 2508 952 2579; x_wconf 90' lang='lat' dir='ltr'><strong>baptismi</strong></span> <span class='ocrx_word' id='word_1_298' title='bbox 983 2506 1178 2561; x_wconf 86' lang='lat' dir='ltr'><strong>Filium</strong></span> <span class='ocrx_word' id='word_1_299' title='bbox 1217 2505 1446 2559; x_wconf 87' lang='lat' dir='ltr'><strong>indicari</strong></span> <span class='ocrx_word' id='word_1_300' title='bbox 1473 2512 1526 2558; x_wconf 86' lang='lat' dir='ltr'><strong>et</strong></span> <span class='ocrx_word' id='word_1_301' title='bbox 1571 2501 1717 2557; x_wconf 90' lang='lat' dir='ltr'><strong>credi</strong></span> <span class='ocrx_word' id='word_1_302' title='bbox 1763 2501 1907 2555; x_wconf 81' lang='lat' dir='ltr'><strong>Patri</strong></span> <span class='ocrx_word' id='word_1_303' title='bbox 1942 2516 2075 2555; x_wconf 64' lang='lat' dir='ltr'><strong>con»</strong></span> 
     </span>
    </p>
   </div>
   <div class='ocr_carea' id='block_1_39' title="bbox 470 2591 2075 2668">
    <p class='ocr_par' dir='ltr' id='par_1_39' title="bbox 470 2591 2075 2668">
     <span class='ocr_line' id='line_1_39' title="bbox 470 2591 2075 2668; baseline -0.007 -9"><span class='ocrx_word' id='word_1_304' title='bbox 470 2602 908 2668; x_wconf 89' lang='lat' dir='ltr'><strong>substantialem,</strong></span> <span class='ocrx_word' id='word_1_305' title='bbox 937 2600 1101 2654; x_wconf 91' lang='lat' dir='ltr'><strong>toties</strong></span> <span class='ocrx_word' id='word_1_306' title='bbox 1136 2597 1395 2667; x_wconf 80' lang='lat' dir='ltr'><strong>Spiritum</strong></span> <span class='ocrx_word' id='word_1_307' title='bbox 1419 2604 1662 2650; x_wconf 90' lang='lat' dir='ltr'><strong>sanctum</strong></span> <span class='ocrx_word' id='word_1_308' title='bbox 1698 2592 1909 2662; x_wconf 63' lang='lat' dir='ltr'><strong>utrique</strong></span> <span class='ocrx_word' id='word_1_309' title='bbox 1932 2591 2075 2663; x_wconf 90' lang='lat' dir='ltr'><strong>pari-</strong></span> 
     </span>
    </p>
   </div>
   <div class='ocr_carea' id='block_1_40' title="bbox 473 2687 2077 2762">
    <p class='ocr_par' dir='ltr' id='par_1_40' title="bbox 473 2687 2077 2762">
     <span class='ocr_line' id='line_1_40' title="bbox 473 2687 2077 2762; baseline -0.009 -8"><span class='ocrx_word' id='word_1_310' title='bbox 473 2709 557 2754; x_wconf 91' lang='lat' dir='ltr'><strong>ter</strong></span> <span class='ocrx_word' id='word_1_311' title='bbox 584 2693 1096 2753; x_wconf 74' lang='lat' dir='ltr'><strong>consubstantialem</strong></span> <span class='ocrx_word' id='word_1_312' title='bbox 1142 2706 1262 2746; x_wconf 91' lang='lat' dir='ltr'><strong>esse</strong></span> <span class='ocrx_word' id='word_1_313' title='bbox 1285 2689 1589 2762; x_wconf 83' lang='lat' dir='ltr'><strong>proﬁtetur.</strong></span> <span class='ocrx_word' id='word_1_314' title='bbox 1630 2687 1744 2742; x_wconf 90' lang='lat' dir='ltr'><strong>Non</strong></span> <span class='ocrx_word' id='word_1_315' title='bbox 1774 2687 1918 2742; x_wconf 89' lang='lat' dir='ltr'><strong>enim</strong></span> <span class='ocrx_word' id='word_1_316' title='bbox 1947 2687 2077 2756; x_wconf 89' lang='lat' dir='ltr'><strong>bap-</strong></span> 
     </span>
    </p>
   </div>
   <div class='ocr_carea' id='block_1_41' title="bbox 470 2781 2073 2857">
    <p class='ocr_par' dir='ltr' id='par_1_41' title="bbox 470 2781 2073 2857">
     <span class='ocr_line' id='line_1_41' title="bbox 470 2781 2073 2857; baseline -0.009 -9"><span class='ocrx_word' id='word_1_317' title='bbox 470 2791 617 2848; x_wconf 91' lang='lat' dir='ltr'><strong>tismi</strong></span> <span class='ocrx_word' id='word_1_318' title='bbox 643 2790 805 2847; x_wconf 89' lang='lat' dir='ltr'><strong>verba</strong></span> <span class='ocrx_word' id='word_1_319' title='bbox 847 2789 1039 2844; x_wconf 86' lang='lat' dir='ltr'><strong>Filiqu</strong></span> <span class='ocrx_word' id='word_1_320' title='bbox 1090 2786 1259 2857; x_wconf 80' lang='lat' dir='ltr'><strong>magis</strong></span> <span class='ocrx_word' id='word_1_321' title='bbox 1307 2800 1466 2855; x_wconf 88' lang='lat' dir='ltr'><strong>quam</strong></span> <span class='ocrx_word' id='word_1_322' title='bbox 1511 2781 1770 2853; x_wconf 88' lang='lat' dir='ltr'><strong>Spiritum</strong></span> <span class='ocrx_word' id='word_1_323' title='bbox 1822 2789 2073 2836; x_wconf 88' lang='lat' dir='ltr'><strong>sanctum</strong></span> 
     </span>
    </p>
   </div>
   <div class='ocr_carea' id='block_1_42' title="bbox 469 2872 2077 2943">
    <p class='ocr_par' dir='ltr' id='par_1_42' title="bbox 469 2872 2077 2943">
     <span class='ocr_line' id='line_1_42' title="bbox 469 2872 2077 2943; baseline -0.008 -4"><span class='ocrx_word' id='word_1_324' title='bbox 469 2886 629 2939; x_wconf 88' lang='lat' dir='ltr'><strong>unius</strong></span> <span class='ocrx_word' id='word_1_325' title='bbox 654 2897 777 2938; x_wconf 89' lang='lat' dir='ltr'><strong>cum</strong></span> <span class='ocrx_word' id='word_1_326' title='bbox 817 2881 979 2936; x_wconf 86' lang='lat' dir='ltr'><strong>Patre</strong></span> <span class='ocrx_word' id='word_1_327' title='bbox 1020 2887 1225 2933; x_wconf 72' lang='lat' dir='ltr'><strong>natura:</strong></span> <span class='ocrx_word' id='word_1_328' title='bbox 1254 2891 1317 2932; x_wconf 88' lang='lat' dir='ltr'><strong>ac</strong></span> <span class='ocrx_word' id='word_1_329' title='bbox 1363 2875 1679 2930; x_wconf 70' lang='lat' dir='ltr'><strong>substantia:</strong></span> <span class='ocrx_word' id='word_1_330' title='bbox 1719 2888 1842 2929; x_wconf 81' lang='lat' dir='ltr'><strong>esse</strong></span> <span class='ocrx_word' id='word_1_331' title='bbox 1871 2872 2077 2943; x_wconf 83' lang='lat' dir='ltr'><strong>signiti-</strong></span> 
     </span>
    </p>
   </div>
   <div class='ocr_carea' id='block_1_43' title="bbox 468 2966 2077 3043">
    <p class='ocr_par' dir='ltr' id='par_1_43' title="bbox 468 2966 2077 3043">
     <span class='ocr_line' id='line_1_43' title="bbox 468 2966 2077 3043; baseline -0.008 -10"><span class='ocrx_word' id='word_1_332' title='bbox 468 2984 619 3033; x_wconf 86' lang='lat' dir='ltr'><strong>caut.</strong></span> <span class='ocrx_word' id='word_1_333' title='bbox 671 2974 777 3031; x_wconf 90' lang='lat' dir='ltr'><strong>Sed</strong></span> <span class='ocrx_word' id='word_1_334' title='bbox 807 2983 863 3029; x_wconf 91' lang='lat' dir='ltr'><strong>et</strong></span> <span class='ocrx_word' id='word_1_335' title='bbox 891 2989 1013 3043; x_wconf 87' lang='lat' dir='ltr'><strong>cap.</strong></span> <span class='ocrx_word' id='word_1_336' title='bbox 1042 2974 1111 3029; x_wconf 76' lang='grc'><strong>15</strong></span> <span class='ocrx_word' id='word_1_337' title='bbox 1147 2971 1200 3027; x_wconf 91' lang='lat' dir='ltr'><strong>in</strong></span> <span class='ocrx_word' id='word_1_338' title='bbox 1230 2968 1416 3025; x_wconf 81' lang='lat' dir='ltr'><strong>Matth.</strong></span> <span class='ocrx_word' id='word_1_339' title='bbox 1447 2984 1596 3025; x_wconf 90' lang='lat' dir='ltr'><strong>num.</strong></span> <span class='ocrx_word' id='word_1_340' title='bbox 1631 2967 1664 3022; x_wconf 89' lang='lat'><strong>6</strong></span> <span class='ocrx_word' id='word_1_341' title='bbox 1686 3011 1699 3032; x_wconf 90' lang='lat'><strong>,</strong></span> <span class='ocrx_word' id='word_1_342' title='bbox 1742 2966 1948 3023; x_wconf 90' lang='lat' dir='ltr'><strong>diserte</strong></span> <span class='ocrx_word' id='word_1_343' title='bbox 1981 2966 2077 3021; x_wconf 87' lang='lat' dir='ltr'><strong>de-</strong></span> 
     </span>
    </p>
   </div>
   <div class='ocr_carea' id='block_1_44' title="bbox 467 3057 2075 3139">
    <p class='ocr_par' dir='ltr' id='par_1_44' title="bbox 467 3057 2075 3139">
     <span class='ocr_line' id='line_1_44' title="bbox 467 3057 2075 3139; baseline -0.008 -13"><span class='ocrx_word' id='word_1_344' title='bbox 467 3070 662 3133; x_wconf 85' lang='lat' dir='ltr'><strong>clarat,</strong></span> <span class='ocrx_word' id='word_1_345' title='bbox 685 3066 827 3139; x_wconf 89' lang='lat' dir='ltr'><strong>quod</strong></span> <span class='ocrx_word' id='word_1_346' title='bbox 850 3066 904 3120; x_wconf 91' lang='lat' dir='ltr'><strong>in</strong></span> <span class='ocrx_word' id='word_1_347' title='bbox 936 3064 1093 3120; x_wconf 87' lang='lat' dir='ltr'><strong>Patre</strong></span> <span class='ocrx_word' id='word_1_348' title='bbox 1122 3074 1168 3119; x_wconf 86' lang='lat' dir='ltr'><strong>et</strong></span> <span class='ocrx_word' id='word_1_349' title='bbox 1198 3063 1339 3116; x_wconf 78' lang='lat' dir='ltr'><strong>Filio</strong></span> <span class='ocrx_word' id='word_1_350' title='bbox 1368 3071 1413 3117; x_wconf 92' lang='lat' dir='ltr'><strong>et</strong></span> <span class='ocrx_word' id='word_1_351' title='bbox 1441 3060 1647 3130; x_wconf 83' lang='lat' dir='ltr'><strong>Spiritu</strong></span> <span class='ocrx_word' id='word_1_352' title='bbox 1667 3069 1846 3114; x_wconf 87' lang='lat' dir='ltr'><strong>sancto</strong></span> <span class='ocrx_word' id='word_1_353' title='bbox 1872 3057 2075 3128; x_wconf 88' lang='lat' dir='ltr'><strong>absque</strong></span> 
     </span>
    </p>
   </div>
   <div class='ocr_carea' id='block_1_45' title="bbox 469 3152 2071 3226">
    <p class='ocr_par' dir='ltr' id='par_1_45' title="bbox 469 3152 2071 3226">
     <span class='ocr_line' id='line_1_45' title="bbox 469 3152 2071 3226; baseline -0.006 -9"><span class='ocrx_word' id='word_1_354' title='bbox 469 3164 580 3218; x_wconf 92' lang='lat' dir='ltr'><strong>ullo</strong></span> <span class='ocrx_word' id='word_1_355' title='bbox 607 3177 786 3218; x_wconf 69' lang='lat' dir='ltr'><strong>causm</strong></span> <span class='ocrx_word' id='word_1_356' title='bbox 812 3171 1049 3217; x_wconf 66' lang='lat' dir='ltr'><strong>externm</strong></span> <span class='ocrx_word' id='word_1_357' title='bbox 1078 3156 1343 3224; x_wconf 90' lang='lat' dir='ltr'><strong>subsidio,</strong></span> <span class='ocrx_word' id='word_1_358' title='bbox 1371 3172 1490 3226; x_wconf 84' lang='lat' dir='ltr'><strong>quae</strong></span> <span class='ocrx_word' id='word_1_359' title='bbox 1520 3152 1768 3209; x_wconf 88' lang='lat' dir='ltr'><strong>fermenti</strong></span> <span class='ocrx_word' id='word_1_360' title='bbox 1790 3153 1841 3208; x_wconf 91' lang='lat' dir='ltr'><strong>in</strong></span> <span class='ocrx_word' id='word_1_361' title='bbox 1865 3167 2071 3207; x_wconf 88' lang='lat' dir='ltr'><strong>morem</strong></span> 
     </span>
    </p>
   </div>
   <div class='ocr_carea' id='block_1_46' title="bbox 2179 1936 3781 2015">
    <p class='ocr_par' dir='ltr' id='par_1_46' title="bbox 2179 1936 3781 2015">
     <span class='ocr_line' id='line_1_46' title="bbox 2179 1936 3781 2015; baseline 0.007 -24"><span class='ocrx_word' id='word_1_362' title='bbox 2179 1936 2340 1991; x_wconf 87' lang='lat' dir='ltr'><strong>etiam</strong></span> <span class='ocrx_word' id='word_1_363' title='bbox 2376 1937 2636 2006; x_wconf 72' lang='lat' dir='ltr'><strong>profunda</strong></span> <span class='ocrx_word' id='word_1_364' title='bbox 2661 1939 2753 1993; x_wconf 90' lang='lat' dir='ltr'><strong>Dei</strong></span> <span class='ocrx_word' id='word_1_365' title='bbox 2782 1948 3072 2006; x_wconf 88' lang='lat' dir='ltr'><strong>scrutatur,</strong></span> <span class='ocrx_word' id='word_1_366' title='bbox 3099 1941 3417 1999; x_wconf 87' lang='lat' dir='ltr'><strong>immensam</strong></span> <span class='ocrx_word' id='word_1_367' title='bbox 3446 1944 3781 2015; x_wconf 84' lang='lat' dir='ltr'><strong>majestatem</strong></span> 
     </span>
    </p>
   </div>
   <div class='ocr_carea' id='block_1_47' title="bbox 2182 2029 3780 2108">
    <p class='ocr_par' dir='ltr' id='par_1_47' title="bbox 2182 2029 3780 2108">
     <span class='ocr_line' id='line_1_47' title="bbox 2182 2029 3780 2108; baseline 0.009 -28"><span class='ocrx_word' id='word_1_368' title='bbox 2182 2029 2400 2083; x_wconf 87' lang='lat' dir='ltr'><strong>metitur</strong></span> <span class='ocrx_word' id='word_1_369' title='bbox 2433 2047 2446 2084; x_wconf 92' lang='lat'><strong>:</strong></span> <span class='ocrx_word' id='word_1_370' title='bbox 2473 2046 2577 2085; x_wconf 88' lang='lat' dir='ltr'><strong>non</strong></span> <span class='ocrx_word' id='word_1_371' title='bbox 2602 2033 2825 2086; x_wconf 89' lang='lat' dir='ltr'><strong>metitur</strong></span> <span class='ocrx_word' id='word_1_372' title='bbox 2845 2041 3023 2088; x_wconf 82' lang='lat' dir='ltr'><strong>auth</strong></span> <span class='ocrx_word' id='word_1_373' title='bbox 3058 2033 3158 2089; x_wconf 89' lang='lat' dir='ltr'><strong>nisi</strong></span> <span class='ocrx_word' id='word_1_374' title='bbox 3190 2034 3489 2091; x_wconf 77' lang='lat' dir='ltr'><strong>immensus</strong></span> <span class='ocrx_word' id='word_1_375' title='bbox 3514 2048 3570 2093; x_wconf 90' lang='lat' dir='ltr'><strong>et</strong></span> <span class='ocrx_word' id='word_1_376' title='bbox 3594 2054 3780 2108; x_wconf 68' lang='lat' dir='ltr'><strong>sequa-</strong></span> 
     </span>
    </p>
   </div>
   <div class='ocr_carea' id='block_1_48' title="bbox 2180 2120 3778 2200">
    <p class='ocr_par' dir='ltr' id='par_1_48' title="bbox 2180 2120 3778 2200">
     <span class='ocr_line' id='line_1_48' title="bbox 2180 2120 3778 2200; baseline 0.01 -27"><span class='ocrx_word' id='word_1_377' title='bbox 2180 2120 2244 2175; x_wconf 88' lang='lat' dir='ltr'><strong>lis</strong></span> <span class='ocrx_word' id='word_1_378' title='bbox 2288 2121 2463 2178; x_wconf 89' lang='lat' dir='ltr'><strong>eidem</strong></span> <span class='ocrx_word' id='word_1_379' title='bbox 2512 2124 2802 2195; x_wconf 71' lang='lat' dir='ltr'><strong>maiestati.</strong></span> <span class='ocrx_word' id='word_1_380' title='bbox 2833 2126 2960 2181; x_wconf 88' lang='lat' dir='ltr'><strong>ltem</strong></span> <span class='ocrx_word' id='word_1_381' title='bbox 3008 2126 3155 2195; x_wconf 85' lang='lat' dir='ltr'><strong>:Qni</strong></span> <span class='ocrx_word' id='word_1_382' title='bbox 3198 2136 3471 2184; x_wconf 88' lang='lat' dir='ltr'><strong>scrutatur</strong></span> <span class='ocrx_word' id='word_1_383' title='bbox 3512 2129 3778 2200; x_wconf 78' lang='lat' dir='ltr'><strong>profunda</strong></span> 
     </span>
    </p>
   </div>
   <div class='ocr_carea' id='block_1_49' title="bbox 2182 2216 3782 2291">
    <p class='ocr_par' dir='ltr' id='par_1_49' title="bbox 2182 2216 3782 2291">
     <span class='ocr_line' id='line_1_49' title="bbox 2182 2216 3782 2291; baseline 0.008 -22"><span class='ocrx_word' id='word_1_384' title='bbox 2182 2216 2300 2283; x_wconf 86' lang='lat' dir='ltr'><strong>Dei,</strong></span> <span class='ocrx_word' id='word_1_385' title='bbox 2334 2218 2581 2274; x_wconf 87' lang='lat' dir='ltr'><strong>internus</strong></span> <span class='ocrx_word' id='word_1_386' title='bbox 2609 2220 2681 2274; x_wconf 89' lang='lat' dir='ltr'><strong>sit</strong></span> <span class='ocrx_word' id='word_1_387' title='bbox 2711 2235 2935 2276; x_wconf 88' lang='lat' dir='ltr'><strong>necesse</strong></span> <span class='ocrx_word' id='word_1_388' title='bbox 2962 2231 3047 2276; x_wconf 91' lang='lat' dir='ltr'><strong>est</strong></span> <span class='ocrx_word' id='word_1_389' title='bbox 3073 2222 3170 2291; x_wconf 89' lang='lat' dir='ltr'><strong>ipsi</strong></span> <span class='ocrx_word' id='word_1_390' title='bbox 3206 2223 3314 2279; x_wconf 91' lang='lat' dir='ltr'><strong>Deo</strong></span> <span class='ocrx_word' id='word_1_391' title='bbox 3340 2242 3354 2277; x_wconf 91' lang='lat'><strong>:</strong></span> <span class='ocrx_word' id='word_1_392' title='bbox 3389 2222 3654 2281; x_wconf 88' lang='lat' dir='ltr'><strong>internum</strong></span> <span class='ocrx_word' id='word_1_393' title='bbox 3682 2243 3782 2282; x_wconf 88' lang='lat' dir='ltr'><strong>au-</strong></span> 
     </span>
    </p>
   </div>
   <div class='ocr_carea' id='block_1_50' title="bbox 2179 2312 3777 2385">
    <p class='ocr_par' dir='ltr' id='par_1_50' title="bbox 2179 2312 3777 2385">
     <span class='ocr_line' id='line_1_50' title="bbox 2179 2312 3777 2385; baseline 0.008 -22"><span class='ocrx_word' id='word_1_394' title='bbox 2179 2317 2285 2364; x_wconf 89' lang='lat' dir='ltr'><strong>tem</strong></span> <span class='ocrx_word' id='word_1_395' title='bbox 2314 2312 2361 2365; x_wconf 93' lang='lat' dir='ltr'><strong>ei</strong></span> <span class='ocrx_word' id='word_1_396' title='bbox 2395 2328 2500 2367; x_wconf 91' lang='lat' dir='ltr'><strong>non</strong></span> <span class='ocrx_word' id='word_1_397' title='bbox 2532 2321 2636 2380; x_wconf 80' lang='lat' dir='ltr'><strong>est,</strong></span> <span class='ocrx_word' id='word_1_398' title='bbox 2659 2314 2915 2385; x_wconf 88' lang='lat' dir='ltr'><strong>quidquid</strong></span> <span class='ocrx_word' id='word_1_399' title='bbox 2947 2314 3185 2370; x_wconf 84' lang='lat' dir='ltr'><strong>alienum</strong></span> <span class='ocrx_word' id='word_1_400' title='bbox 3215 2316 3283 2371; x_wconf 86' lang='lat' dir='ltr'><strong>ab</strong></span> <span class='ocrx_word' id='word_1_401' title='bbox 3308 2332 3375 2372; x_wconf 91' lang='lat' dir='ltr'><strong>eo</strong></span> <span class='ocrx_word' id='word_1_402' title='bbox 3412 2327 3510 2383; x_wconf 89' lang='lat' dir='ltr'><strong>est,</strong></span> <span class='ocrx_word' id='word_1_403' title='bbox 3543 2332 3632 2374; x_wconf 91' lang='lat' dir='ltr'><strong>aut</strong></span> <span class='ocrx_word' id='word_1_404' title='bbox 3667 2337 3777 2375; x_wconf 87' lang='lat' dir='ltr'><strong>non</strong></span> 
     </span>
    </p>
   </div>
   <div class='ocr_carea' id='block_1_51' title="bbox 2178 2400 3779 2482">
    <p class='ocr_par' dir='ltr' id='par_1_51' title="bbox 2178 2400 3779 2482">
     <span class='ocr_line' id='line_1_51' title="bbox 2178 2400 3779 2482; baseline 0.007 -25"><span class='ocrx_word' id='word_1_405' title='bbox 2178 2400 2420 2470; x_wconf 54' lang='lat' dir='ltr'><strong>ejusdem</strong></span> <span class='ocrx_word' id='word_1_406' title='bbox 2452 2420 2573 2461; x_wconf 90' lang='lat' dir='ltr'><strong>cum</strong></span> <span class='ocrx_word' id='word_1_407' title='bbox 2614 2422 2678 2461; x_wconf 91' lang='lat' dir='ltr'><strong>co</strong></span> <span class='ocrx_word' id='word_1_408' title='bbox 2725 2406 3063 2463; x_wconf 57' lang='lat' dir='ltr'><strong>substantiae.</strong></span> <span class='ocrx_word' id='word_1_409' title='bbox 3095 2408 3445 2466; x_wconf 75' lang='lat' dir='ltr'><strong>Contitendus</strong></span> <span class='ocrx_word' id='word_1_410' title='bbox 3488 2422 3571 2466; x_wconf 85' lang='lat' dir='ltr'><strong>est</strong></span> <span class='ocrx_word' id='word_1_411' title='bbox 3615 2412 3779 2482; x_wconf 85' lang='lat' dir='ltr'><strong>igitur</strong></span> 
     </span>
    </p>
   </div>
   <div class='ocr_carea' id='block_1_52' title="bbox 2177 2493 3779 2576">
    <p class='ocr_par' dir='ltr' id='par_1_52' title="bbox 2177 2493 3779 2576">
     <span class='ocr_line' id='line_1_52' title="bbox 2177 2493 3779 2576; baseline 0.006 -24"><span class='ocrx_word' id='word_1_412' title='bbox 2177 2493 2411 2565; x_wconf 86' lang='lat' dir='ltr'><strong>Spiritus</strong></span> <span class='ocrx_word' id='word_1_413' title='bbox 2436 2510 2655 2554; x_wconf 89' lang='lat' dir='ltr'><strong>sanctus</strong></span> <span class='ocrx_word' id='word_1_414' title='bbox 2678 2499 2999 2567; x_wconf 89' lang='lat' dir='ltr'><strong>immensus,</strong></span> <span class='ocrx_word' id='word_1_415' title='bbox 3024 2512 3078 2556; x_wconf 89' lang='lat' dir='ltr'><strong>et</strong></span> <span class='ocrx_word' id='word_1_416' title='bbox 3102 2502 3324 2571; x_wconf 70' lang='lat' dir='ltr'><strong>aequalis</strong></span> <span class='ocrx_word' id='word_1_417' title='bbox 3351 2504 3479 2567; x_wconf 86' lang='lat' dir='ltr'><strong>Deo.</strong></span> <span class='ocrx_word' id='word_1_418' title='bbox 3509 2506 3779 2576; x_wconf 84' lang='lat' dir='ltr'><strong>ejusdem-</strong></span> 
     </span>
    </p>
   </div>
   <div class='ocr_carea' id='block_1_53' title="bbox 2178 2591 3776 2660">
    <p class='ocr_par' dir='ltr' id='par_1_53' title="bbox 2178 2591 3776 2660">
     <span class='ocr_line' id='line_1_53' title="bbox 2178 2591 3776 2660; baseline 0.008 -18"><span class='ocrx_word' id='word_1_419' title='bbox 2178 2605 2281 2660; x_wconf 92' lang='lat' dir='ltr'><strong>que</strong></span> <span class='ocrx_word' id='word_1_420' title='bbox 2309 2604 2430 2645; x_wconf 89' lang='lat' dir='ltr'><strong>cum</strong></span> <span class='ocrx_word' id='word_1_421' title='bbox 2455 2606 2520 2645; x_wconf 91' lang='lat' dir='ltr'><strong>eo</strong></span> <span class='ocrx_word' id='word_1_422' title='bbox 2547 2591 2763 2647; x_wconf 90' lang='lat' dir='ltr'><strong>virtutis</strong></span> <span class='ocrx_word' id='word_1_423' title='bbox 2797 2607 2860 2646; x_wconf 89' lang='lat' dir='ltr'><strong>ac</strong></span> <span class='ocrx_word' id='word_1_424' title='bbox 2886 2593 3223 2649; x_wconf 63' lang='lat' dir='ltr'><strong>substantia}.</strong></span> <span class='ocrx_word' id='word_1_425' title='bbox 3257 2595 3510 2658; x_wconf 85' lang='lat' dir='ltr'><strong>Brevius.</strong></span> <span class='ocrx_word' id='word_1_426' title='bbox 3540 2598 3634 2653; x_wconf 79' lang='lat' dir='ltr'><strong>sed</strong></span> <span class='ocrx_word' id='word_1_427' title='bbox 3666 2614 3776 2654; x_wconf 87' lang='lat' dir='ltr'><strong>non</strong></span> 
     </span>
    </p>
   </div>
   <div class='ocr_carea' id='block_1_54' title="bbox 2177 2682 3777 2757">
    <p class='ocr_par' dir='ltr' id='par_1_54' title="bbox 2177 2682 3777 2757">
     <span class='ocr_line' id='line_1_54' title="bbox 2177 2682 3777 2757; baseline 0.006 -19"><span class='ocrx_word' id='word_1_428' title='bbox 2177 2682 2354 2739; x_wconf 89' lang='lat' dir='ltr'><strong>minus</strong></span> <span class='ocrx_word' id='word_1_429' title='bbox 2401 2684 2546 2741; x_wconf 87' lang='lat' dir='ltr'><strong>clare</strong></span> <span class='ocrx_word' id='word_1_430' title='bbox 2578 2685 2807 2757; x_wconf 88' lang='lat' dir='ltr'><strong>idipsum</strong></span> <span class='ocrx_word' id='word_1_431' title='bbox 2836 2686 2997 2742; x_wconf 84' lang='lat' dir='ltr'><strong>docet</strong></span> <span class='ocrx_word' id='word_1_432' title='bbox 3032 2687 3124 2743; x_wconf 88' lang='lat' dir='ltr'><strong>lib.</strong></span> <span class='ocrx_word' id='word_1_433' title='bbox 3156 2705 3213 2753; x_wconf 86' lang='grc' dir='ltr'>ιι,</span> <span class='ocrx_word' id='word_1_434' title='bbox 3243 2708 3297 2744; x_wconf 90' lang='grc' dir='ltr'><strong>ιι.</strong></span> <span class='ocrx_word' id='word_1_435' title='bbox 3326 2691 3417 2754; x_wconf 80' lang='grc'><strong>51,</strong></span> <span class='ocrx_word' id='word_1_436' title='bbox 3441 2706 3562 2748; x_wconf 93' lang='lat' dir='ltr'><strong>cum</strong></span> <span class='ocrx_word' id='word_1_437' title='bbox 3589 2693 3777 2749; x_wconf 87' lang='lat' dir='ltr'><strong>scribit</strong></span> 
     </span>
    </p>
   </div>
   <div class='ocr_carea' id='block_1_55' title="bbox 2179 2775 3776 2854">
    <p class='ocr_par' dir='ltr' id='par_1_55' title="bbox 2179 2775 3776 2854">
     <span class='ocr_line' id='line_1_55' title="bbox 2179 2775 3776 2854; baseline 0.006 -23"><span class='ocrx_word' id='word_1_438' title='bbox 2179 2775 2346 2831; x_wconf 89' lang='lat' dir='ltr'><strong>Deum</strong></span> <span class='ocrx_word' id='word_1_439' title='bbox 2386 2778 2438 2831; x_wconf 91' lang='lat' dir='ltr'><strong>iu</strong></span> <span class='ocrx_word' id='word_1_440' title='bbox 2484 2778 2688 2847; x_wconf 87' lang='lat' dir='ltr'><strong>Spiritu</strong></span> <span class='ocrx_word' id='word_1_441' title='bbox 2715 2789 2901 2834; x_wconf 89' lang='lat' dir='ltr'><strong>sancto</strong></span> <span class='ocrx_word' id='word_1_442' title='bbox 2932 2779 3181 2849; x_wconf 88' lang='lat' dir='ltr'><strong>adorari,</strong></span> <span class='ocrx_word' id='word_1_443' title='bbox 3214 2782 3301 2837; x_wconf 92' lang='lat' dir='ltr'><strong>ubi</strong></span> <span class='ocrx_word' id='word_1_444' title='bbox 3328 2782 3381 2837; x_wconf 93' lang='lat' dir='ltr'><strong>iu</strong></span> <span class='ocrx_word' id='word_1_445' title='bbox 3415 2783 3618 2854; x_wconf 88' lang='lat' dir='ltr'><strong>Spiritu</strong></span> <span class='ocrx_word' id='word_1_446' title='bbox 3645 2784 3776 2841; x_wconf 86' lang='lat' dir='ltr'><strong>ado-</strong></span> 
     </span>
    </p>
   </div>
   <div class='ocr_carea' id='block_1_56' title="bbox 2176 2871 3775 2946">
    <p class='ocr_par' dir='ltr' id='par_1_56' title="bbox 2176 2871 3775 2946">
     <span class='ocr_line' id='line_1_56' title="bbox 2176 2871 3775 2946; baseline 0.009 -24"><span class='ocrx_word' id='word_1_447' title='bbox 2176 2878 2356 2936; x_wconf 91' lang='lat' dir='ltr'><strong>ratur;</strong></span> <span class='ocrx_word' id='word_1_448' title='bbox 2386 2881 2442 2926; x_wconf 89' lang='lat' dir='ltr'><strong>et</strong></span> <span class='ocrx_word' id='word_1_449' title='bbox 2463 2871 2550 2925; x_wconf 89' lang='lat' dir='ltr'><strong>ubi</strong></span> <span class='ocrx_word' id='word_1_450' title='bbox 2578 2871 2627 2925; x_wconf 91' lang='lat' dir='ltr'><strong>in</strong></span> <span class='ocrx_word' id='word_1_451' title='bbox 2656 2871 2860 2942; x_wconf 90' lang='lat' dir='ltr'><strong>Spiritu</strong></span> <span class='ocrx_word' id='word_1_452' title='bbox 2898 2872 3174 2942; x_wconf 89' lang='lat' dir='ltr'><strong>adoratur,</strong></span> <span class='ocrx_word' id='word_1_453' title='bbox 3199 2875 3310 2946; x_wconf 89' lang='lat' dir='ltr'><strong>jam</strong></span> <span class='ocrx_word' id='word_1_454' title='bbox 3340 2891 3446 2931; x_wconf 92' lang='lat' dir='ltr'><strong>non</strong></span> <span class='ocrx_word' id='word_1_455' title='bbox 3485 2880 3589 2934; x_wconf 85' lang='lat' dir='ltr'><strong>nisi</strong></span> <span class='ocrx_word' id='word_1_456' title='bbox 3612 2881 3667 2935; x_wconf 86' lang='lat' dir='ltr'><strong>in</strong></span> <span class='ocrx_word' id='word_1_457' title='bbox 3692 2898 3775 2937; x_wconf 84' lang='lat' dir='ltr'><strong>se-</strong></span> 
     </span>
    </p>
   </div>
   <div class='ocr_carea' id='block_1_57' title="bbox 2178 2963 2649 3030">
    <p class='ocr_par' dir='ltr' id='par_1_57' title="bbox 2178 2963 2649 3030">
     <span class='ocr_line' id='line_1_57' title="bbox 2178 2963 2649 3030; baseline 0.011 -17"><span class='ocrx_word' id='word_1_458' title='bbox 2178 2963 2391 3030; x_wconf 83' lang='lat' dir='ltr'><strong>metipso</strong></span> <span class='ocrx_word' id='word_1_459' title='bbox 2413 2963 2649 3018; x_wconf 85' lang='lat' dir='ltr'><strong>adorari.</strong></span> 
     </span>
    </p>
   </div>
   <div class='ocr_carea' id='block_1_58' title="bbox 2251 3052 3776 3134">
    <p class='ocr_par' dir='ltr' id='par_1_58' title="bbox 2251 3052 3776 3134">
     <span class='ocr_line' id='line_1_58' title="bbox 2251 3052 3776 3134; baseline 0.01 -27"><span class='ocrx_word' id='word_1_460' title='bbox 2251 3052 2411 3109; x_wconf 74' lang='lat' dir='ltr'><strong>XVII.</strong></span> <span class='ocrx_word' id='word_1_461' title='bbox 2444 3055 2527 3110; x_wconf 75' lang='lat' dir='ltr'><strong>Ex</strong></span> <span class='ocrx_word' id='word_1_462' title='bbox 2556 3056 2702 3111; x_wconf 78' lang='lat' dir='ltr'><strong>dictis</strong></span> <span class='ocrx_word' id='word_1_463' title='bbox 2738 3056 2800 3111; x_wconf 82' lang='lat' dir='ltr'><strong>de</strong></span> <span class='ocrx_word' id='word_1_464' title='bbox 2842 3058 3041 3128; x_wconf 86' lang='lat' dir='ltr'><strong>Spiritu</strong></span> <span class='ocrx_word' id='word_1_465' title='bbox 3069 3072 3246 3116; x_wconf 88' lang='lat' dir='ltr'><strong>sancto</strong></span> <span class='ocrx_word' id='word_1_466' title='bbox 3277 3078 3381 3118; x_wconf 89' lang='lat' dir='ltr'><strong>non</strong></span> <span class='ocrx_word' id='word_1_467' title='bbox 3412 3064 3642 3134; x_wconf 82' lang='lat' dir='ltr'><strong>sequitur</strong></span> <span class='ocrx_word' id='word_1_468' title='bbox 3678 3067 3776 3123; x_wconf 65' lang='lat' dir='ltr'><strong>Iros</strong></span> 
     </span>
    </p>
   </div>
   <div class='ocr_carea' id='block_1_59' title="bbox 2176 3144 3767 3225">
    <p class='ocr_par' dir='ltr' id='par_1_59' title="bbox 2176 3144 3767 3225">
     <span class='ocr_line' id='line_1_59' title="bbox 2176 3144 3767 3225; baseline 0.009 -25"><span class='ocrx_word' id='word_1_469' title='bbox 2176 3144 2332 3201; x_wconf 79' lang='lat' dir='ltr'><strong>libros</strong></span> <span class='ocrx_word' id='word_1_470' title='bbox 2357 3156 2471 3219; x_wconf 88' lang='lat' dir='ltr'><strong>post</strong></span> <span class='ocrx_word' id='word_1_471' title='bbox 2498 3157 2727 3203; x_wconf 70' lang='lat' dir='ltr'><strong>exortam</strong></span> <span class='ocrx_word' id='word_1_472' title='bbox 2760 3148 3053 3207; x_wconf 80' lang='lat' dir='ltr'><strong>Macedonii</strong></span> <span class='ocrx_word' id='word_1_473' title='bbox 3083 3153 3318 3208; x_wconf 70' lang='lat' dir='ltr'><strong>Iurresim</strong></span> <span class='ocrx_word' id='word_1_474' title='bbox 3361 3160 3611 3225; x_wconf 78' lang='lat' dir='ltr'><strong>confectos</strong></span> <span class='ocrx_word' id='word_1_475' title='bbox 3634 3174 3767 3214; x_wconf 86' lang='lat' dir='ltr'><strong>esse.</strong></span> 
     </span>
    </p>
   </div>
   <div class='ocr_carea' id='block_1_60' title="bbox 476 3235 3779 3326">
    <p class='ocr_par' dir='ltr' id='par_1_60' title="bbox 476 3235 3779 3326">
     <span class='ocr_line' id='line_1_60' title="bbox 476 3235 3779 3326; baseline -0.006 -13"><span class='ocrx_word' id='word_1_476' title='bbox 476 3271 575 3313; x_wconf 90' lang='lat' dir='ltr'><strong>eos</strong></span> <span class='ocrx_word' id='word_1_477' title='bbox 604 3256 825 3325; x_wconf 87' lang='lat' dir='ltr'><strong>copulet</strong></span> <span class='ocrx_word' id='word_1_478' title='bbox 853 3264 1015 3326; x_wconf 87' lang='lat' dir='ltr'><strong>atque</strong></span> <span class='ocrx_word' id='word_1_479' title='bbox 1056 3251 1345 3322; x_wconf 79' lang='lat' dir='ltr'><strong>coniungat</strong></span> <span class='ocrx_word' id='word_1_480' title='bbox 1367 3292 1382 3315; x_wconf 93' lang='lat'><strong>,</strong></span> <span class='ocrx_word' id='word_1_481' title='bbox 1415 3248 1589 3304; x_wconf 89' lang='lat' dir='ltr'><strong>omnia</strong></span> <span class='ocrx_word' id='word_1_482' title='bbox 1631 3264 1791 3302; x_wconf 88' lang='lat' dir='ltr'><strong>unum</strong></span> <span class='ocrx_word' id='word_1_483' title='bbox 1833 3247 1954 3301; x_wconf 88' lang='lat' dir='ltr'><strong>sint.</strong></span> <span class='ocrx_word' id='word_1_484' title='bbox 1987 3245 2078 3301; x_wconf 91' lang='lat' dir='ltr'><strong>Sic</strong></span> <span class='ocrx_word' id='word_1_485' title='bbox 2103 3235 2147 3298; x_wconf 90' lang='lat' dir='ltr'><strong><em>C</em></strong></span> <span class='ocrx_word' id='word_1_486' title='bbox 2180 3240 2489 3312; x_wconf 82' lang='lat' dir='ltr'><strong>—-Pr0pter</strong></span> <span class='ocrx_word' id='word_1_487' title='bbox 2513 3240 2626 3296; x_wconf 70' lang='lat' dir='ltr'><strong>hanc</strong></span> <span class='ocrx_word' id='word_1_488' title='bbox 2654 3243 2868 3314; x_wconf 89' lang='lat' dir='ltr'><strong>aliaque</strong></span> <span class='ocrx_word' id='word_1_489' title='bbox 2894 3251 3001 3299; x_wconf 78' lang='lat' dir='ltr'><strong>tam</strong></span> <span class='ocrx_word' id='word_1_490' title='bbox 3027 3246 3170 3301; x_wconf 87' lang='lat' dir='ltr'><strong>clara</strong></span> <span class='ocrx_word' id='word_1_491' title='bbox 3199 3247 3263 3301; x_wconf 89' lang='lat' dir='ltr'><strong>ad</strong></span> <span class='ocrx_word' id='word_1_492' title='bbox 3298 3248 3623 3317; x_wconf 87' lang='lat' dir='ltr'><strong>probandam</strong></span> <span class='ocrx_word' id='word_1_493' title='bbox 3650 3249 3779 3317; x_wconf 83' lang='lat' dir='ltr'><strong>Spi-</strong></span> 
     </span>
    </p>
   </div>
   <div class='ocr_carea' id='block_1_61' title="bbox 469 3337 2076 3408">
    <p class='ocr_par' dir='ltr' id='par_1_61' title="bbox 469 3337 2076 3408">
     <span class='ocr_line' id='line_1_61' title="bbox 469 3337 2076 3408; baseline -0.008 -2"><span class='ocrx_word' id='word_1_494' title='bbox 469 3352 568 3407; x_wconf 88' lang='lat' dir='ltr'><strong>lib.</strong></span> <span class='ocrx_word' id='word_1_495' title='bbox 599 3366 639 3405; x_wconf 88' lang='grc' dir='ltr'><strong>ιι</strong></span> <span class='ocrx_word' id='word_1_496' title='bbox 664 3349 732 3405; x_wconf 91' lang='lat' dir='ltr'><strong>de</strong></span> <span class='ocrx_word' id='word_1_497' title='bbox 755 3348 948 3403; x_wconf 87' lang='lat' dir='ltr'><strong>Trinit.</strong></span> <span class='ocrx_word' id='word_1_498' title='bbox 1000 3361 1151 3400; x_wconf 91' lang='lat' dir='ltr'><strong>num.</strong></span> <span class='ocrx_word' id='word_1_499' title='bbox 1180 3343 1253 3398; x_wconf 75' lang='lat'><strong>28</strong></span> <span class='ocrx_word' id='word_1_500' title='bbox 1276 3385 1289 3408; x_wconf 93' lang='lat'><strong>,</strong></span> <span class='ocrx_word' id='word_1_501' title='bbox 1320 3342 1535 3397; x_wconf 89' lang='lat' dir='ltr'><strong>Patrem</strong></span> <span class='ocrx_word' id='word_1_502' title='bbox 1567 3350 1622 3394; x_wconf 90' lang='lat' dir='ltr'><strong>et</strong></span> <span class='ocrx_word' id='word_1_503' title='bbox 1650 3339 1843 3394; x_wconf 78' lang='lat' dir='ltr'><strong>Filium</strong></span> <span class='ocrx_word' id='word_1_504' title='bbox 1872 3346 1927 3394; x_wconf 88' lang='lat' dir='ltr'><strong>ct</strong></span> <span class='ocrx_word' id='word_1_505' title='bbox 1953 3337 2076 3406; x_wconf 86' lang='lat' dir='ltr'><strong>Spi-</strong></span> 
     </span>
    </p>
   </div>
   <div class='ocr_carea' id='block_1_62' title="bbox 469 3429 2072 3509">
    <p class='ocr_par' dir='ltr' id='par_1_62' title="bbox 469 3429 2072 3509">
     <span class='ocr_line' id='line_1_62' title="bbox 469 3429 2072 3509; baseline -0.009 -10"><span class='ocrx_word' id='word_1_506' title='bbox 469 3444 635 3499; x_wconf 90' lang='lat' dir='ltr'><strong>ritum</strong></span> <span class='ocrx_word' id='word_1_507' title='bbox 690 3450 938 3496; x_wconf 88' lang='lat' dir='ltr'><strong>sanctum</strong></span> <span class='ocrx_word' id='word_1_508' title='bbox 989 3446 1198 3509; x_wconf 88' lang='lat' dir='ltr'><strong>spectat</strong></span> <span class='ocrx_word' id='word_1_509' title='bbox 1238 3437 1382 3491; x_wconf 87' lang='lat' dir='ltr'><strong>velut</strong></span> <span class='ocrx_word' id='word_1_510' title='bbox 1424 3431 1640 3503; x_wconf 87' lang='lat' dir='ltr'><strong>aliquod</strong></span> <span class='ocrx_word' id='word_1_511' title='bbox 1693 3442 1896 3497; x_wconf 90' lang='lat' dir='ltr'><strong>totum,</strong></span> <span class='ocrx_word' id='word_1_512' title='bbox 1928 3429 2072 3500; x_wconf 90' lang='lat' dir='ltr'><strong>quod</strong></span> 
     </span>
    </p>
   </div>
   <div class='ocr_carea' id='block_1_63' title="bbox 472 3523 2076 3602">
    <p class='ocr_par' dir='ltr' id='par_1_63' title="bbox 472 3523 2076 3602">
     <span class='ocr_line' id='line_1_63' title="bbox 472 3523 2076 3602; baseline -0.011 -10"><span class='ocrx_word' id='word_1_513' title='bbox 472 3537 786 3593; x_wconf 87' lang='lat' dir='ltr'><strong>nullatenus</strong></span> <span class='ocrx_word' id='word_1_514' title='bbox 816 3530 1059 3602; x_wconf 87' lang='lat' dir='ltr'><strong>separari</strong></span> <span class='ocrx_word' id='word_1_515' title='bbox 1083 3538 1264 3602; x_wconf 90' lang='lat' dir='ltr'><strong>queat.</strong></span> <span class='ocrx_word' id='word_1_516' title='bbox 1296 3527 1396 3594; x_wconf 84' lang='lat' dir='ltr'><strong>Qui</strong></span> <span class='ocrx_word' id='word_1_517' title='bbox 1421 3527 1563 3581; x_wconf 89' lang='lat' dir='ltr'><strong>enim</strong></span> <span class='ocrx_word' id='word_1_518' title='bbox 1585 3566 1599 3590; x_wconf 91' lang='lat'><strong>,</strong></span> <span class='ocrx_word' id='word_1_519' title='bbox 1632 3523 1801 3593; x_wconf 91' lang='lat' dir='ltr'><strong>inquit</strong></span> <span class='ocrx_word' id='word_1_520' title='bbox 1831 3526 2076 3577; x_wconf 87' lang='lat' dir='ltr'><strong>nomina-</strong></span> 
     </span>
    </p>
   </div>
   <div class='ocr_carea' id='block_1_64' title="bbox 478 3614 2074 3698">
    <p class='ocr_par' dir='ltr' id='par_1_64' title="bbox 478 3614 2074 3698">
     <span class='ocr_line' id='line_1_64' title="bbox 478 3614 2074 3698; baseline -0.011 -13"><span class='ocrx_word' id='word_1_521' title='bbox 478 3630 575 3685; x_wconf 86' lang='lat' dir='ltr'><strong>tim</strong></span> <span class='ocrx_word' id='word_1_522' title='bbox 602 3629 669 3687; x_wconf 83' lang='lat' dir='ltr'><strong>de</strong></span> <span class='ocrx_word' id='word_1_523' title='bbox 698 3628 900 3698; x_wconf 80' lang='lat' dir='ltr'><strong>Spiritu</strong></span> <span class='ocrx_word' id='word_1_524' title='bbox 933 3634 1120 3680; x_wconf 87' lang='lat' dir='ltr'><strong>sancto</strong></span> <span class='ocrx_word' id='word_1_525' title='bbox 1140 3664 1155 3689; x_wconf 92' lang='lat'><strong>,</strong></span> <span class='ocrx_word' id='word_1_526' title='bbox 1182 3620 1492 3691; x_wconf 79' lang='lat' dir='ltr'><strong>confessioni</strong></span> <span class='ocrx_word' id='word_1_527' title='bbox 1525 3617 1699 3673; x_wconf 85' lang='lat' dir='ltr'><strong>Patris</strong></span> <span class='ocrx_word' id='word_1_528' title='bbox 1724 3626 1771 3672; x_wconf 88' lang='lat' dir='ltr'><strong>et</strong></span> <span class='ocrx_word' id='word_1_529' title='bbox 1798 3614 1923 3669; x_wconf 85' lang='lat' dir='ltr'><strong>Filii</strong></span> <span class='ocrx_word' id='word_1_530' title='bbox 1948 3631 2074 3669; x_wconf 85' lang='lat' dir='ltr'><strong>con-</strong></span> 
     </span>
    </p>
   </div>
   <div class='ocr_carea' id='block_1_65' title="bbox 480 3708 2073 3789">
    <p class='ocr_par' dir='ltr' id='par_1_65' title="bbox 480 3708 2073 3789">
     <span class='ocr_line' id='line_1_65' title="bbox 480 3708 2073 3789; baseline -0.009 -10"><span class='ocrx_word' id='word_1_531' title='bbox 480 3739 643 3779; x_wconf 70' lang='lat' dir='ltr'><strong>nexus</strong></span> <span class='ocrx_word' id='word_1_532' title='bbox 681 3731 791 3788; x_wconf 89' lang='lat' dir='ltr'><strong>est,</strong></span> <span class='ocrx_word' id='word_1_533' title='bbox 821 3736 923 3775; x_wconf 89' lang='lat' dir='ltr'><strong>non</strong></span> <span class='ocrx_word' id='word_1_534' title='bbox 955 3726 1117 3789; x_wconf 84' lang='lat' dir='ltr'><strong>potest</strong></span> <span class='ocrx_word' id='word_1_535' title='bbox 1152 3733 1185 3769; x_wconf 91' lang='lat' dir='ltr'><strong>a</strong></span> <span class='ocrx_word' id='word_1_536' title='bbox 1214 3713 1529 3786; x_wconf 80' lang='lat' dir='ltr'><strong>confessione</strong></span> <span class='ocrx_word' id='word_1_537' title='bbox 1556 3710 1734 3766; x_wconf 85' lang='lat' dir='ltr'><strong>Patris</strong></span> <span class='ocrx_word' id='word_1_538' title='bbox 1760 3719 1809 3765; x_wconf 89' lang='lat' dir='ltr'><strong>et</strong></span> <span class='ocrx_word' id='word_1_539' title='bbox 1839 3708 1964 3764; x_wconf 84' lang='lat' dir='ltr'><strong>Filii</strong></span> <span class='ocrx_word' id='word_1_540' title='bbox 1991 3725 2073 3764; x_wconf 86' lang='lat' dir='ltr'><strong>se-</strong></span> 
     </span>
    </p>
   </div>
   <div class='ocr_carea' id='block_1_66' title="bbox 471 3802 2077 3890">
    <p class='ocr_par' dir='ltr' id='par_1_66' title="bbox 471 3802 2077 3890">
     <span class='ocr_line' id='line_1_66' title="bbox 471 3802 2077 3890; baseline -0.011 -18"><span class='ocrx_word' id='word_1_541' title='bbox 471 3816 669 3890; x_wconf 85' lang='lat' dir='ltr'><strong>parari.</strong></span> <span class='ocrx_word' id='word_1_542' title='bbox 698 3812 1068 3885; x_wconf 73' lang='lat' dir='ltr'><strong>Imperfectum</strong></span> <span class='ocrx_word' id='word_1_543' title='bbox 1098 3809 1233 3863; x_wconf 88' lang='lat' dir='ltr'><strong>enim</strong></span> <span class='ocrx_word' id='word_1_544' title='bbox 1280 3817 1353 3864; x_wconf 82' lang='lat' dir='ltr'><strong>est</strong></span> <span class='ocrx_word' id='word_1_545' title='bbox 1399 3806 1541 3861; x_wconf 88' lang='lat' dir='ltr'><strong>nobis</strong></span> <span class='ocrx_word' id='word_1_546' title='bbox 1582 3813 1781 3870; x_wconf 90' lang='lat' dir='ltr'><strong>totum,</strong></span> <span class='ocrx_word' id='word_1_547' title='bbox 1805 3804 1850 3857; x_wconf 90' lang='lat' dir='ltr'><strong>si</strong></span> <span class='ocrx_word' id='word_1_548' title='bbox 1879 3802 2077 3873; x_wconf 88' lang='lat' dir='ltr'><strong>aliquid</strong></span> 
     </span>
    </p>
   </div>
   <div class='ocr_carea' id='block_1_67' title="bbox 477 3895 2075 3964">
    <p class='ocr_par' dir='ltr' id='par_1_67' title="bbox 477 3895 2075 3964">
     <span class='ocr_line' id='line_1_67' title="bbox 477 3895 2075 3964; baseline -0.009 0"><span class='ocrx_word' id='word_1_549' title='bbox 477 3909 606 3964; x_wconf 89' lang='lat' dir='ltr'><strong>desit</strong></span> <span class='ocrx_word' id='word_1_550' title='bbox 635 3923 670 3962; x_wconf 94' lang='lat' dir='ltr'><strong>a</strong></span> <span class='ocrx_word' id='word_1_551' title='bbox 696 3913 823 3961; x_wconf 88' lang='lat' dir='ltr'><strong>toto.</strong></span> <span class='ocrx_word' id='word_1_552' title='bbox 855 3903 992 3959; x_wconf 82' lang='lat' dir='ltr'><strong>Hine</strong></span> <span class='ocrx_word' id='word_1_553' title='bbox 1022 3902 1076 3956; x_wconf 90' lang='lat' dir='ltr'><strong>in</strong></span> <span class='ocrx_word' id='word_1_554' title='bbox 1105 3899 1298 3957; x_wconf 88' lang='lat' dir='ltr'><strong>eodem</strong></span> <span class='ocrx_word' id='word_1_555' title='bbox 1326 3900 1422 3953; x_wconf 89' lang='lat' dir='ltr'><strong>lib.</strong></span> <span class='ocrx_word' id='word_1_556' title='bbox 1454 3914 1494 3953; x_wconf 89' lang='grc' dir='ltr'><strong>ιι</strong></span> <span class='ocrx_word' id='word_1_557' title='bbox 1520 3939 1535 3961; x_wconf 90' lang='lat'><strong>,</strong></span> <span class='ocrx_word' id='word_1_558' title='bbox 1566 3915 1620 3951; x_wconf 87' lang='grc' dir='ltr'><strong>ιι.</strong></span> <span class='ocrx_word' id='word_1_559' title='bbox 1652 3895 1687 3950; x_wconf 70' lang='grc'>4</span> <span class='ocrx_word' id='word_1_560' title='bbox 1709 3936 1726 3964; x_wconf 91' lang='grc'><em>,</em></span> <span class='ocrx_word' id='word_1_561' title='bbox 1751 3895 2075 3950; x_wconf 80' lang='lat' dir='ltr'><strong>Arianorum</strong></span> 
     </span>
    </p>
   </div>
   <div class='ocr_carea' id='block_1_68' title="bbox 474 3990 2078 4064">
    <p class='ocr_par' dir='ltr' id='par_1_68' title="bbox 474 3990 2078 4064">
     <span class='ocr_line' id='line_1_68' title="bbox 474 3990 2078 4064; baseline -0.011 -6"><span class='ocrx_word' id='word_1_562' title='bbox 474 4001 751 4060; x_wconf 84' lang='lat' dir='ltr'><strong>doetriuas</strong></span> <span class='ocrx_word' id='word_1_563' title='bbox 779 4009 838 4055; x_wconf 90' lang='lat' dir='ltr'><strong>ut</strong></span> <span class='ocrx_word' id='word_1_564' title='bbox 866 4012 1034 4053; x_wconf 82' lang='lat' dir='ltr'><strong>novas</strong></span> <span class='ocrx_word' id='word_1_565' title='bbox 1061 4004 1115 4051; x_wconf 90' lang='lat' dir='ltr'><strong>et</strong></span> <span class='ocrx_word' id='word_1_566' title='bbox 1141 3994 1378 4049; x_wconf 89' lang='lat' dir='ltr'><strong>humano</strong></span> <span class='ocrx_word' id='word_1_567' title='bbox 1415 3991 1632 4064; x_wconf 85' lang='lat' dir='ltr'><strong>ingenio</strong></span> <span class='ocrx_word' id='word_1_568' title='bbox 1676 3990 1938 4045; x_wconf 80' lang='lat' dir='ltr'><strong>conﬁctas</strong></span> <span class='ocrx_word' id='word_1_569' title='bbox 1980 4003 2078 4042; x_wconf 90' lang='lat' dir='ltr'><strong>no-</strong></span> 
     </span>
    </p>
   </div>
   <div class='ocr_carea' id='block_1_69' title="bbox 472 4082 2079 4166">
    <p class='ocr_par' dir='ltr' id='par_1_69' title="bbox 472 4082 2079 4166">
     <span class='ocr_line' id='line_1_69' title="bbox 472 4082 2079 4166; baseline -0.012 -13"><span class='ocrx_word' id='word_1_570' title='bbox 472 4107 573 4161; x_wconf 90' lang='lat' dir='ltr'><strong>tat,</strong></span> <span class='ocrx_word' id='word_1_571' title='bbox 606 4095 751 4166; x_wconf 86' lang='lat' dir='ltr'><strong>quod</strong></span> <span class='ocrx_word' id='word_1_572' title='bbox 782 4092 1065 4148; x_wconf 79' lang='lat' dir='ltr'><strong>dissoluant</strong></span> <span class='ocrx_word' id='word_1_573' title='bbox 1097 4088 1308 4160; x_wconf 78' lang='lat' dir='ltr'><strong>perfecti</strong></span> <span class='ocrx_word' id='word_1_574' title='bbox 1347 4087 1502 4158; x_wconf 84' lang='lat' dir='ltr'><strong>hujus</strong></span> <span class='ocrx_word' id='word_1_575' title='bbox 1541 4082 1849 4139; x_wconf 86' lang='lat' dir='ltr'><strong>sacramenti</strong></span> <span class='ocrx_word' id='word_1_576' title='bbox 1886 4082 2079 4135; x_wconf 85' lang='lat' dir='ltr'><strong>verita-</strong></span> 
     </span>
    </p>
   </div>
   <div class='ocr_carea' id='block_1_70' title="bbox 473 4182 2082 4256">
    <p class='ocr_par' dir='ltr' id='par_1_70' title="bbox 473 4182 2082 4256">
     <span class='ocr_line' id='line_1_70' title="bbox 473 4182 2082 4256; baseline -0.009 -11"><span class='ocrx_word' id='word_1_577' title='bbox 473 4200 594 4256; x_wconf 87' lang='lat' dir='ltr'><strong>tem,</strong></span> <span class='ocrx_word' id='word_1_578' title='bbox 622 4190 749 4243; x_wconf 88' lang='lat' dir='ltr'><strong>dum</strong></span> <span class='ocrx_word' id='word_1_579' title='bbox 769 4185 1079 4241; x_wconf 80' lang='lat' dir='ltr'><strong>substantias</strong></span> <span class='ocrx_word' id='word_1_580' title='bbox 1100 4182 1449 4236; x_wconf 85' lang='lat' dir='ltr'><strong>diversitatum</strong></span> <span class='ocrx_word' id='word_1_581' title='bbox 1474 4195 1523 4234; x_wconf 81' lang='lat' dir='ltr'><strong>IN</strong></span> <span class='ocrx_word' id='word_1_582' title='bbox 1547 4192 1714 4234; x_wconf 72' lang='lat' dir='ltr'><strong>nasus</strong></span> <span class='ocrx_word' id='word_1_583' title='bbox 1741 4192 1848 4233; x_wconf 73' lang='lat' dir='ltr'><strong>nu</strong></span> <span class='ocrx_word' id='word_1_584' title='bbox 1870 4190 2082 4233; x_wconf 75' lang='lat' dir='ltr'><strong>constt)-</strong></span> 
     </span>
    </p>
   </div>
   <div class='ocr_carea' id='block_1_71' title="bbox 472 4268 2081 4344">
    <p class='ocr_par' dir='ltr' id='par_1_71' title="bbox 472 4268 2081 4344">
     <span class='ocr_line' id='line_1_71' title="bbox 472 4268 2081 4344; baseline -0.014 -1"><span class='ocrx_word' id='word_1_585' title='bbox 472 4299 627 4343; x_wconf 74' lang='lat' dir='ltr'><strong>NIBUS</strong></span> <span class='ocrx_word' id='word_1_586' title='bbox 675 4282 982 4336; x_wconf 82' lang='lat' dir='ltr'><strong>moliuntur.</strong></span> <span class='ocrx_word' id='word_1_587' title='bbox 1016 4277 1130 4332; x_wconf 82' lang='lat' dir='ltr'><strong>Hoc</strong></span> <span class='ocrx_word' id='word_1_588' title='bbox 1167 4274 1327 4344; x_wconf 80' lang='lat' dir='ltr'><strong>igitur</strong></span> <span class='ocrx_word' id='word_1_589' title='bbox 1365 4288 1393 4325; x_wconf 76' lang='grc' dir='ltr'>τι</span> <span class='ocrx_word' id='word_1_590' title='bbox 1440 4273 1550 4327; x_wconf 89' lang='lat' dir='ltr'><strong>Deo</strong></span> <span class='ocrx_word' id='word_1_591' title='bbox 1610 4270 1901 4336; x_wconf 85' lang='lat' dir='ltr'><strong>traditum,</strong></span> <span class='ocrx_word' id='word_1_592' title='bbox 1932 4278 1988 4325; x_wconf 89' lang='lat' dir='ltr'><strong>et</strong></span> <span class='ocrx_word' id='word_1_593' title='bbox 2026 4268 2081 4323; x_wconf 89' lang='lat' dir='ltr'><strong>in</strong></span> 
     </span>
    </p>
   </div>
   <div class='ocr_carea' id='block_1_72' title="bbox 474 4359 2082 4441">
    <p class='ocr_par' dir='ltr' id='par_1_72' title="bbox 474 4359 2082 4441">
     <span class='ocr_line' id='line_1_72' title="bbox 474 4359 2082 4441; baseline -0.014 -8"><span class='ocrx_word' id='word_1_594' title='bbox 474 4373 722 4433; x_wconf 64' lang='lat' dir='ltr'><strong>Ecclesia</strong></span> <span class='ocrx_word' id='word_1_595' title='bbox 752 4386 967 4441; x_wconf 88' lang='lat' dir='ltr'><strong>semper</strong></span> <span class='ocrx_word' id='word_1_596' title='bbox 997 4366 1263 4424; x_wconf 90' lang='lat' dir='ltr'><strong>creditum</strong></span> <span class='ocrx_word' id='word_1_597' title='bbox 1292 4362 1643 4427; x_wconf 83' lang='lat' dir='ltr'><strong>existimavit,</strong></span> <span class='ocrx_word' id='word_1_598' title='bbox 1670 4363 1880 4416; x_wconf 83' lang='lat' dir='ltr'><strong>Patrem</strong></span> <span class='ocrx_word' id='word_1_599' title='bbox 1909 4371 1964 4414; x_wconf 89' lang='lat' dir='ltr'><strong>et</strong></span> <span class='ocrx_word' id='word_1_600' title='bbox 1989 4359 2082 4415; x_wconf 87' lang='lat' dir='ltr'><strong>Fi-</strong></span> 
     </span>
    </p>
   </div>
   <div class='ocr_carea' id='block_1_73' title="bbox 477 4464 2086 4537">
    <p class='ocr_par' dir='ltr' id='par_1_73' title="bbox 477 4464 2086 4537">
     <span class='ocr_line' id='line_1_73' title="bbox 477 4464 2086 4537; baseline -0.012 -11"><span class='ocrx_word' id='word_1_601' title='bbox 477 4471 608 4526; x_wconf 90' lang='lat' dir='ltr'><strong>lium</strong></span> <span class='ocrx_word' id='word_1_602' title='bbox 643 4477 697 4523; x_wconf 87' lang='lat' dir='ltr'><strong>et</strong></span> <span class='ocrx_word' id='word_1_603' title='bbox 723 4464 987 4537; x_wconf 87' lang='lat' dir='ltr'><strong>Spiritum</strong></span> <span class='ocrx_word' id='word_1_604' title='bbox 1021 4471 1271 4517; x_wconf 89' lang='lat' dir='ltr'><strong>sanctum</strong></span> <span class='ocrx_word' id='word_1_605' title='bbox 1314 4474 1405 4514; x_wconf 89' lang='lat' dir='ltr'><strong>res</strong></span> <span class='ocrx_word' id='word_1_606' title='bbox 1441 4470 1761 4512; x_wconf 89' lang='lat' dir='ltr'><strong>communes</strong></span> <span class='ocrx_word' id='word_1_607' title='bbox 1799 4468 1953 4520; x_wconf 86' lang='lat' dir='ltr'><strong>esse,</strong></span> <span class='ocrx_word' id='word_1_608' title='bbox 1988 4466 2086 4508; x_wconf 88' lang='lat' dir='ltr'><strong>ne-</strong></span> 
     </span>
    </p>
   </div>
   <div class='ocr_carea' id='block_1_74' title="bbox 479 4544 2084 4633">
    <p class='ocr_par' dir='ltr' id='par_1_74' title="bbox 479 4544 2084 4633">
     <span class='ocr_line' id='line_1_74' title="bbox 479 4544 2084 4633; baseline -0.01 -18"><span class='ocrx_word' id='word_1_609' title='bbox 479 4577 587 4633; x_wconf 90' lang='lat' dir='ltr'><strong>que</strong></span> <span class='ocrx_word' id='word_1_610' title='bbox 608 4560 663 4616; x_wconf 92' lang='lat' dir='ltr'><strong>in</strong></span> <span class='ocrx_word' id='word_1_611' title='bbox 694 4559 775 4614; x_wconf 90' lang='lat' dir='ltr'><strong>eis</strong></span> <span class='ocrx_word' id='word_1_612' title='bbox 799 4555 986 4611; x_wconf 88' lang='lat' dir='ltr'><strong>haberi</strong></span> <span class='ocrx_word' id='word_1_613' title='bbox 1007 4552 1431 4609; x_wconf 53' lang='lat' dir='ltr'><strong>substantiarum</strong></span> <span class='ocrx_word' id='word_1_614' title='bbox 1458 4549 1824 4603; x_wconf 81' lang='lat' dir='ltr'><strong>diversitates.</strong></span> <span class='ocrx_word' id='word_1_615' title='bbox 1854 4544 1928 4599; x_wconf 84' lang='lat' dir='ltr'><strong>ita</strong></span> <span class='ocrx_word' id='word_1_616' title='bbox 1957 4559 2084 4601; x_wconf 90' lang='lat' dir='ltr'><strong>vero</strong></span> 
     </span>
    </p>
   </div>
   <div class='ocr_carea' id='block_1_75' title="bbox 2178 3332 3775 3408">
    <p class='ocr_par' dir='ltr' id='par_1_75' title="bbox 2178 3332 3775 3408">
     <span class='ocr_line' id='line_1_75' title="bbox 2178 3332 3775 3408; baseline 0.006 -20"><span class='ocrx_word' id='word_1_617' title='bbox 2178 3332 2313 3388; x_wconf 91' lang='lat' dir='ltr'><strong>ritus</strong></span> <span class='ocrx_word' id='word_1_618' title='bbox 2329 3335 2496 3387; x_wconf 89' lang='lat' dir='ltr'><strong>sancti</strong></span> <span class='ocrx_word' id='word_1_619' title='bbox 2513 3334 2846 3391; x_wconf 87' lang='lat' dir='ltr'><strong>divinitatem</strong></span> <span class='ocrx_word' id='word_1_620' title='bbox 2874 3350 3209 3408; x_wconf 85' lang='lat' dir='ltr'><strong>argumenta,</strong></span> <span class='ocrx_word' id='word_1_621' title='bbox 3233 3339 3331 3395; x_wconf 89' lang='lat' dir='ltr'><strong>hos</strong></span> <span class='ocrx_word' id='word_1_622' title='bbox 3351 3340 3514 3397; x_wconf 92' lang='lat' dir='ltr'><strong>libros</strong></span> <span class='ocrx_word' id='word_1_623' title='bbox 3533 3343 3775 3399; x_wconf 88' lang='lat' dir='ltr'><strong>nonnulli</strong></span> 
     </span>
    </p>
   </div>
   <div class='ocr_carea' id='block_1_76' title="bbox 2178 3426 3772 3504">
    <p class='ocr_par' dir='ltr' id='par_1_76' title="bbox 2178 3426 3772 3504">
     <span class='ocr_line' id='line_1_76' title="bbox 2178 3426 3772 3504; baseline 0.007 -23"><span class='ocrx_word' id='word_1_624' title='bbox 2178 3426 2520 3497; x_wconf 81' lang='lat' dir='ltr'><strong>conscriptus</strong></span> <span class='ocrx_word' id='word_1_625' title='bbox 2550 3427 2738 3483; x_wconf 78' lang='lat' dir='ltr'><strong>volunt</strong></span> <span class='ocrx_word' id='word_1_626' title='bbox 2760 3439 2879 3499; x_wconf 86' lang='lat' dir='ltr'><strong>post</strong></span> <span class='ocrx_word' id='word_1_627' title='bbox 2900 3439 3143 3487; x_wconf 80' lang='lat' dir='ltr'><strong>exortam</strong></span> <span class='ocrx_word' id='word_1_628' title='bbox 3172 3433 3464 3488; x_wconf 84' lang='lat' dir='ltr'><strong>Macedonii</strong></span> <span class='ocrx_word' id='word_1_629' title='bbox 3492 3434 3772 3504; x_wconf 59' lang='lat' dir='ltr'><strong>lieresim,</strong></span> 
     </span>
    </p>
   </div>
   <div class='ocr_carea' id='block_1_77' title="bbox 2179 3520 3774 3596">
    <p class='ocr_par' dir='ltr' id='par_1_77' title="bbox 2179 3520 3774 3596">
     <span class='ocr_line' id='line_1_77' title="bbox 2179 3520 3774 3596; baseline 0.009 -23"><span class='ocrx_word' id='word_1_630' title='bbox 2179 3520 2509 3592; x_wconf 82' lang='lat' dir='ltr'><strong>proindcque</strong></span> <span class='ocrx_word' id='word_1_631' title='bbox 2552 3529 2673 3590; x_wconf 91' lang='lat' dir='ltr'><strong>post</strong></span> <span class='ocrx_word' id='word_1_632' title='bbox 2712 3539 2912 3579; x_wconf 90' lang='lat' dir='ltr'><strong>annum</strong></span> <span class='ocrx_word' id='word_1_633' title='bbox 2945 3524 3080 3593; x_wconf 83' lang='lat'><strong>560,</strong></span> <span class='ocrx_word' id='word_1_634' title='bbox 3110 3544 3217 3596; x_wconf 90' lang='lat' dir='ltr'><strong>quo</strong></span> <span class='ocrx_word' id='word_1_635' title='bbox 3246 3528 3608 3596; x_wconf 81' lang='lat' dir='ltr'><strong>Macedonius,</strong></span> <span class='ocrx_word' id='word_1_636' title='bbox 3630 3529 3774 3587; x_wconf 87' lang='lat' dir='ltr'><strong>Cou-</strong></span> 
     </span>
    </p>
   </div>
   <div class='ocr_carea' id='block_1_78' title="bbox 2178 3613 3773 3693">
    <p class='ocr_par' dir='ltr' id='par_1_78' title="bbox 2178 3613 3773 3693">
     <span class='ocr_line' id='line_1_78' title="bbox 2178 3613 3773 3693; baseline 0.007 -25"><span class='ocrx_word' id='word_1_637' title='bbox 2178 3613 2650 3683; x_wconf 71' lang='lat' dir='ltr'><strong>SL‘llllilltiptllllalla</strong></span> <span class='ocrx_word' id='word_1_638' title='bbox 2681 3616 2901 3687; x_wconf 79' lang='lat' dir='ltr'><strong>Synodo</strong></span> <span class='ocrx_word' id='word_1_639' title='bbox 2921 3617 3232 3690; x_wconf 81' lang='lat' dir='ltr'><strong>episcopatu</strong></span> <span class='ocrx_word' id='word_1_640' title='bbox 3247 3621 3509 3693; x_wconf 70' lang='lat' dir='ltr'><strong>deiectus,</strong></span> <span class='ocrx_word' id='word_1_641' title='bbox 3532 3639 3773 3679; x_wconf 88' lang='lat' dir='ltr'><strong>errorem</strong></span> 
     </span>
    </p>
   </div>
   <div class='ocr_carea' id='block_1_79' title="bbox 2178 3705 3775 3780">
    <p class='ocr_par' dir='ltr' id='par_1_79' title="bbox 2178 3705 3775 3780">
     <span class='ocr_line' id='line_1_79' title="bbox 2178 3705 3775 3780; baseline 0.006 -19"><span class='ocrx_word' id='word_1_642' title='bbox 2178 3720 2334 3761; x_wconf 90' lang='lat' dir='ltr'><strong>suum</strong></span> <span class='ocrx_word' id='word_1_643' title='bbox 2364 3705 2721 3763; x_wconf 89' lang='lat' dir='ltr'><strong>disseminare</strong></span> <span class='ocrx_word' id='word_1_644' title='bbox 2755 3711 2935 3780; x_wconf 66' lang='lat' dir='ltr'><strong>coepit.</strong></span> <span class='ocrx_word' id='word_1_645' title='bbox 2963 3709 3102 3766; x_wconf 89' lang='lat' dir='ltr'><strong>Nihil</strong></span> <span class='ocrx_word' id='word_1_646' title='bbox 3145 3723 3324 3769; x_wconf 87' lang='lat' dir='ltr'><strong>tamen</strong></span> <span class='ocrx_word' id='word_1_647' title='bbox 3356 3714 3482 3770; x_wconf 87' lang='lat' dir='ltr'><strong>inde</strong></span> <span class='ocrx_word' id='word_1_648' title='bbox 3525 3730 3775 3771; x_wconf 87' lang='lat' dir='ltr'><strong>necessa-</strong></span> 
     </span>
    </p>
   </div>
   <div class='ocr_carea' id='block_1_80' title="bbox 2179 3798 3781 3877">
    <p class='ocr_par' dir='ltr' id='par_1_80' title="bbox 2179 3798 3781 3877">
     <span class='ocr_line' id='line_1_80' title="bbox 2179 3798 3781 3877; baseline 0.008 -23"><span class='ocrx_word' id='word_1_649' title='bbox 2179 3798 2260 3854; x_wconf 83' lang='lat' dir='ltr'><strong>rio</strong></span> <span class='ocrx_word' id='word_1_650' title='bbox 2297 3799 2598 3856; x_wconf 80' lang='lat' dir='ltr'><strong>coniicitur.</strong></span> <span class='ocrx_word' id='word_1_651' title='bbox 2630 3803 2762 3871; x_wconf 87' lang='lat' dir='ltr'><strong>Quis</strong></span> <span class='ocrx_word' id='word_1_652' title='bbox 2809 3806 2950 3859; x_wconf 87' lang='lat' dir='ltr'><strong>enim</strong></span> <span class='ocrx_word' id='word_1_653' title='bbox 2998 3810 3221 3877; x_wconf 87' lang='lat' dir='ltr'><strong>neseiat,</strong></span> <span class='ocrx_word' id='word_1_654' title='bbox 3278 3818 3333 3862; x_wconf 92' lang='lat' dir='ltr'><strong>ut</strong></span> <span class='ocrx_word' id='word_1_655' title='bbox 3390 3809 3546 3875; x_wconf 80' lang='lat' dir='ltr'><strong>Filii,</strong></span> <span class='ocrx_word' id='word_1_656' title='bbox 3600 3811 3669 3866; x_wconf 86' lang='lat' dir='ltr'><strong>ita</strong></span> <span class='ocrx_word' id='word_1_657' title='bbox 3720 3819 3781 3867; x_wconf 86' lang='lat' dir='ltr'><strong>et</strong></span> 
     </span>
    </p>
   </div>
   <div class='ocr_carea' id='block_1_81' title="bbox 2181 3892 3777 3973">
    <p class='ocr_par' dir='ltr' id='par_1_81' title="bbox 2181 3892 3777 3973">
     <span class='ocr_line' id='line_1_81' title="bbox 2181 3892 3777 3973; baseline 0.007 -25"><span class='ocrx_word' id='word_1_658' title='bbox 2181 3892 2416 3963; x_wconf 84' lang='lat' dir='ltr'><strong>Spiritus</strong></span> <span class='ocrx_word' id='word_1_659' title='bbox 2441 3895 2613 3951; x_wconf 89' lang='lat' dir='ltr'><strong>sancti</strong></span> <span class='ocrx_word' id='word_1_660' title='bbox 2638 3896 2972 3955; x_wconf 67' lang='lat' dir='ltr'><strong>divinitatem</strong></span> <span class='ocrx_word' id='word_1_661' title='bbox 2995 3900 3063 3954; x_wconf 92' lang='lat' dir='ltr'><strong>ab</strong></span> <span class='ocrx_word' id='word_1_662' title='bbox 3082 3900 3213 3957; x_wconf 79' lang='lat' dir='ltr'><strong>Aria</strong></span> <span class='ocrx_word' id='word_1_663' title='bbox 3233 3900 3638 3959; x_wconf 81' lang='lat' dir='ltr'><strong>labefactatam?</strong></span> <span class='ocrx_word' id='word_1_664' title='bbox 3657 3903 3777 3973; x_wconf 87' lang='lat' dir='ltr'><strong>Ipse</strong></span> 
     </span>
    </p>
   </div>
   <div class='ocr_carea' id='block_1_82' title="bbox 2183 3985 3781 4062">
    <p class='ocr_par' dir='ltr' id='par_1_82' title="bbox 2183 3985 3781 4062">
     <span class='ocr_line' id='line_1_82' title="bbox 2183 3985 3781 4062; baseline 0.006 -20"><span class='ocrx_word' id='word_1_665' title='bbox 2183 3985 2237 4043; x_wconf 91' lang='lat' dir='ltr'><strong>in</strong></span> <span class='ocrx_word' id='word_1_666' title='bbox 2269 3987 2457 4043; x_wconf 80' lang='lat' dir='ltr'><strong>Thalia</strong></span> <span class='ocrx_word' id='word_1_667' title='bbox 2499 4007 2596 4046; x_wconf 89' lang='lat' dir='ltr'><strong>sua</strong></span> <span class='ocrx_word' id='word_1_668' title='bbox 2636 3992 2778 4062; x_wconf 90' lang='lat' dir='ltr'><strong>apud</strong></span> <span class='ocrx_word' id='word_1_669' title='bbox 2816 3994 3168 4050; x_wconf 84' lang='lat' dir='ltr'><strong>Athanasium</strong></span> <span class='ocrx_word' id='word_1_670' title='bbox 3195 3995 3287 4051; x_wconf 87' lang='lat' dir='ltr'><strong>Or.</strong></span> <span class='ocrx_word' id='word_1_671' title='bbox 3341 3996 3376 4051; x_wconf 77' lang='lat'><strong>2</strong></span> <span class='ocrx_word' id='word_1_672' title='bbox 3405 4005 3592 4053; x_wconf 88' lang='lat' dir='ltr'><strong>contra</strong></span> <span class='ocrx_word' id='word_1_673' title='bbox 3625 3998 3781 4052; x_wconf 83' lang='lat' dir='ltr'><strong>Aria-</strong></span> 
     </span>
    </p>
   </div>
   <div class='ocr_carea' id='block_1_83' title="bbox 2185 4082 3779 4159">
    <p class='ocr_par' dir='ltr' id='par_1_83' title="bbox 2185 4082 3779 4159">
     <span class='ocr_line' id='line_1_83' title="bbox 2185 4082 3779 4159; baseline 0.006 -24"><span class='ocrx_word' id='word_1_674' title='bbox 2185 4095 2305 4148; x_wconf 86' lang='lat' dir='ltr'><strong>nos,</strong></span> <span class='ocrx_word' id='word_1_675' title='bbox 2332 4097 2384 4152; x_wconf 93' lang='lat' dir='ltr'><strong>p.</strong></span> <span class='ocrx_word' id='word_1_676' title='bbox 2418 4082 2541 4142; x_wconf 73' lang='grc'><strong>512.</strong></span> <span class='ocrx_word' id='word_1_677' title='bbox 2573 4083 2785 4144; x_wconf 82' lang='lat' dir='ltr'><strong>divisas.</strong></span> <span class='ocrx_word' id='word_1_678' title='bbox 2806 4095 2855 4140; x_wconf 88' lang='lat' dir='ltr'><strong>et</strong></span> <span class='ocrx_word' id='word_1_679' title='bbox 2882 4086 3147 4152; x_wconf 85' lang='lat' dir='ltr'><strong>abunitas,</strong></span> <span class='ocrx_word' id='word_1_680' title='bbox 3169 4097 3218 4143; x_wconf 87' lang='lat' dir='ltr'><strong>et</strong></span> <span class='ocrx_word' id='word_1_681' title='bbox 3239 4088 3543 4159; x_wconf 85' lang='lat' dir='ltr'><strong>disjunctas,</strong></span> <span class='ocrx_word' id='word_1_682' title='bbox 3571 4098 3617 4144; x_wconf 88' lang='lat' dir='ltr'><strong>et</strong></span> <span class='ocrx_word' id='word_1_683' title='bbox 3644 4089 3779 4144; x_wconf 86' lang='lat' dir='ltr'><strong>alie-</strong></span> 
     </span>
    </p>
   </div>
   <div class='ocr_carea' id='block_1_84' title="bbox 2184 4176 3778 4252">
    <p class='ocr_par' dir='ltr' id='par_1_84' title="bbox 2184 4176 3778 4252">
     <span class='ocr_line' id='line_1_84' title="bbox 2184 4176 3778 4252; baseline 0.004 -24"><span class='ocrx_word' id='word_1_684' title='bbox 2184 4190 2297 4243; x_wconf 90' lang='lat' dir='ltr'><strong>nas,</strong></span> <span class='ocrx_word' id='word_1_685' title='bbox 2326 4184 2374 4230; x_wconf 89' lang='lat' dir='ltr'><strong>et</strong></span> <span class='ocrx_word' id='word_1_686' title='bbox 2400 4176 2900 4234; x_wconf 86' lang='lat' dir='ltr'><strong>incommunicabiles</strong></span> <span class='ocrx_word' id='word_1_687' title='bbox 2920 4195 3028 4233; x_wconf 88' lang='lat' dir='ltr'><strong>esse</strong></span> <span class='ocrx_word' id='word_1_688' title='bbox 3056 4178 3227 4233; x_wconf 84' lang='lat' dir='ltr'><strong>Patris</strong></span> <span class='ocrx_word' id='word_1_689' title='bbox 3247 4190 3295 4234; x_wconf 91' lang='lat' dir='ltr'><strong>et</strong></span> <span class='ocrx_word' id='word_1_690' title='bbox 3320 4180 3447 4236; x_wconf 83' lang='lat' dir='ltr'><strong>Filii</strong></span> <span class='ocrx_word' id='word_1_691' title='bbox 3475 4190 3521 4234; x_wconf 87' lang='lat' dir='ltr'><strong>et</strong></span> <span class='ocrx_word' id='word_1_692' title='bbox 3549 4179 3778 4252; x_wconf 86' lang='lat' dir='ltr'><strong>Spiritus</strong></span> 
     </span>
    </p>
   </div>
   <div class='ocr_carea' id='block_1_85' title="bbox 2181 4267 3782 4340">
    <p class='ocr_par' dir='ltr' id='par_1_85' title="bbox 2181 4267 3782 4340">
     <span class='ocr_line' id='line_1_85' title="bbox 2181 4267 3782 4340; baseline 0.002 -18"><span class='ocrx_word' id='word_1_693' title='bbox 2181 4269 2344 4322; x_wconf 85' lang='lat' dir='ltr'><strong>sancti</strong></span> <span class='ocrx_word' id='word_1_694' title='bbox 2380 4267 2690 4323; x_wconf 81' lang='lat' dir='ltr'><strong>substantias</strong></span> <span class='ocrx_word' id='word_1_695' title='bbox 2734 4268 3010 4340; x_wconf 57' lang='lat' dir='ltr'><strong>praedicat.</strong></span> <span class='ocrx_word' id='word_1_696' title='bbox 3054 4273 3224 4336; x_wconf 80' lang='lat' dir='ltr'><strong>Quem</strong></span> <span class='ocrx_word' id='word_1_697' title='bbox 3276 4270 3473 4327; x_wconf 86' lang='lat' dir='ltr'><strong>deinde</strong></span> <span class='ocrx_word' id='word_1_698' title='bbox 3518 4272 3782 4340; x_wconf 85' lang='lat' dir='ltr'><strong>perstrin-</strong></span> 
     </span>
    </p>
   </div>
   <div class='ocr_carea' id='block_1_86' title="bbox 2185 4359 3782 4435">
    <p class='ocr_par' dir='ltr' id='par_1_86' title="bbox 2185 4359 3782 4435">
     <span class='ocr_line' id='line_1_86' title="bbox 2185 4359 3782 4435; baseline 0.004 -22"><span class='ocrx_word' id='word_1_699' title='bbox 2185 4374 2318 4429; x_wconf 88' lang='lat' dir='ltr'><strong>gens</strong></span> <span class='ocrx_word' id='word_1_700' title='bbox 2370 4359 2701 4415; x_wconf 86' lang='lat' dir='ltr'><strong>Athanasius</strong></span> <span class='ocrx_word' id='word_1_701' title='bbox 2748 4376 2866 4432; x_wconf 86' lang='lat' dir='ltr'><strong>pag.</strong></span> <span class='ocrx_word' id='word_1_702' title='bbox 2919 4362 3026 4419; x_wconf 78' lang='grc'><strong>515</strong></span> <span class='ocrx_word' id='word_1_703' title='bbox 3076 4381 3090 4417; x_wconf 88' lang='lat'><strong>:</strong></span> <span class='ocrx_word' id='word_1_704' title='bbox 3135 4365 3431 4431; x_wconf 73' lang='lat' dir='ltr'><strong>Quomodo,</strong></span> <span class='ocrx_word' id='word_1_705' title='bbox 3481 4365 3673 4435; x_wconf 90' lang='lat' dir='ltr'><strong>inquit,</strong></span> <span class='ocrx_word' id='word_1_706' title='bbox 3716 4367 3782 4420; x_wconf 87' lang='lat' dir='ltr'><strong>de</strong></span> 
     </span>
    </p>
   </div>
   <div class='ocr_carea' id='block_1_87' title="bbox 2189 4451 3783 4525">
    <p class='ocr_par' dir='ltr' id='par_1_87' title="bbox 2189 4451 3783 4525">
     <span class='ocr_line' id='line_1_87' title="bbox 2189 4451 3783 4525; baseline 0.004 -19"><span class='ocrx_word' id='word_1_707' title='bbox 2189 4451 2390 4522; x_wconf 88' lang='lat' dir='ltr'><strong>Spiritu</strong></span> <span class='ocrx_word' id='word_1_708' title='bbox 2434 4461 2611 4507; x_wconf 86' lang='lat' dir='ltr'><strong>sancto</strong></span> <span class='ocrx_word' id='word_1_709' title='bbox 2644 4463 2779 4507; x_wconf 90' lang='lat' dir='ltr'><strong>recte</strong></span> <span class='ocrx_word' id='word_1_710' title='bbox 2804 4454 3101 4525; x_wconf 86' lang='lat' dir='ltr'><strong>apinaretur</strong></span> <span class='ocrx_word' id='word_1_711' title='bbox 3121 4497 3134 4519; x_wconf 90' lang='lat'><strong>,</strong></span> <span class='ocrx_word' id='word_1_712' title='bbox 3158 4456 3243 4524; x_wconf 89' lang='lat' dir='ltr'><strong>qui</strong></span> <span class='ocrx_word' id='word_1_713' title='bbox 3272 4453 3597 4525; x_wconf 81' lang='lat' dir='ltr'><strong>blasphemus</strong></span> <span class='ocrx_word' id='word_1_714' title='bbox 3621 4465 3696 4512; x_wconf 83' lang='lat' dir='ltr'><strong>est</strong></span> <span class='ocrx_word' id='word_1_715' title='bbox 3723 4457 3783 4512; x_wconf 81' lang='lat' dir='ltr'><strong>in</strong></span> 
     </span>
    </p>
   </div>
   <div class='ocr_carea' id='block_1_88' title="bbox 2200 4543 3787 4621">
    <p class='ocr_par' dir='ltr' id='par_1_88' title="bbox 2200 4543 3787 4621">
     <span class='ocr_line' id='line_1_88' title="bbox 2200 4543 3787 4621; baseline 0.005 -22"><span class='ocrx_word' id='word_1_716' title='bbox 2200 4543 2422 4600; x_wconf 77' lang='lat' dir='ltr'><strong>Verbum</strong></span> <span class='ocrx_word' id='word_1_717' title='bbox 2449 4545 2586 4616; x_wconf 85' lang='lat' dir='ltr'><strong>quod</strong></span> <span class='ocrx_word' id='word_1_718' title='bbox 2607 4546 2859 4617; x_wconf 81' lang='lat' dir='ltr'><strong>Spiritum</strong></span> <span class='ocrx_word' id='word_1_719' title='bbox 2881 4549 3208 4621; x_wconf 85' lang='lat' dir='ltr'><strong>suppeditat?</strong></span> <span class='ocrx_word' id='word_1_720' title='bbox 3231 4549 3402 4608; x_wconf 89' lang='lat' dir='ltr'><strong>Simili</strong></span> <span class='ocrx_word' id='word_1_721' title='bbox 3434 4549 3657 4606; x_wconf 89' lang='lat' dir='ltr'><strong>omnino</strong></span> <span class='ocrx_word' id='word_1_722' title='bbox 3695 4567 3787 4607; x_wconf 83' lang='lat' dir='ltr'><strong>ra-</strong></span> 
     </span>
    </p>
   </div>
   <div class='ocr_carea' id='block_1_89' title="bbox 477 4628 3787 4726">
    <p class='ocr_par' dir='ltr' id='par_1_89' title="bbox 477 4628 3787 4726">
     <span class='ocr_line' id='line_1_89' title="bbox 477 4628 3787 4726; baseline -0.002 -18"><span class='ocrx_word' id='word_1_723' title='bbox 477 4628 795 4726; x_wconf 82' lang='lat' dir='ltr'><strong>persuasum</strong></span> <span class='ocrx_word' id='word_1_724' title='bbox 827 4649 877 4704; x_wconf 88' lang='lat' dir='ltr'><strong>ei</strong></span> <span class='ocrx_word' id='word_1_725' title='bbox 903 4655 1022 4702; x_wconf 90' lang='lat' dir='ltr'><strong>erat</strong></span> <span class='ocrx_word' id='word_1_726' title='bbox 1043 4642 1190 4699; x_wconf 85' lang='lat' dir='ltr'><strong>Patri</strong></span> <span class='ocrx_word' id='word_1_727' title='bbox 1215 4639 1729 4697; x_wconf 74' lang='lat' dir='ltr'><strong>consubsmiitialetn</strong></span> <span class='ocrx_word' id='word_1_728' title='bbox 1756 4654 1875 4693; x_wconf 80' lang='lat' dir='ltr'><strong>esse</strong></span> <span class='ocrx_word' id='word_1_729' title='bbox 1903 4636 2079 4709; x_wconf 90' lang='lat' dir='ltr'><strong>Spiri-</strong></span> <span class='ocrx_word' id='word_1_730' title='bbox 2107 4628 2164 4690; x_wconf 81' lang='grc' dir='ltr'><strong>Ι)</strong></span> <span class='ocrx_word' id='word_1_731' title='bbox 2192 4639 2337 4695; x_wconf 79' lang='lat' dir='ltr'><strong>tione</strong></span> <span class='ocrx_word' id='word_1_732' title='bbox 2366 4639 2600 4695; x_wconf 90' lang='lat' dir='ltr'><strong>llilarius</strong></span> <span class='ocrx_word' id='word_1_733' title='bbox 2623 4652 2823 4706; x_wconf 86' lang='lat' dir='ltr'><strong>noster,</strong></span> <span class='ocrx_word' id='word_1_734' title='bbox 2854 4642 2947 4698; x_wconf 91' lang='lat' dir='ltr'><strong>lib.</strong></span> <span class='ocrx_word' id='word_1_735' title='bbox 2977 4660 3036 4710; x_wconf 87' lang='grc' dir='ltr'>ιι,</span> <span class='ocrx_word' id='word_1_736' title='bbox 3072 4661 3127 4699; x_wconf 83' lang='grc' dir='ltr'><strong>ιι.</strong></span> <span class='ocrx_word' id='word_1_737' title='bbox 3158 4645 3227 4701; x_wconf 68' lang='grc' dir='ltr'>ιε</span> <span class='ocrx_word' id='word_1_738' title='bbox 3257 4645 3398 4714; x_wconf 83' lang='lat' dir='ltr'><strong>Quid</strong></span> <span class='ocrx_word' id='word_1_739' title='bbox 3418 4648 3603 4700; x_wconf 85' lang='lat' dir='ltr'><strong>mirum</strong></span> <span class='ocrx_word' id='word_1_740' title='bbox 3640 4657 3693 4702; x_wconf 85' lang='lat' dir='ltr'><strong>ut</strong></span> <span class='ocrx_word' id='word_1_741' title='bbox 3718 4648 3787 4703; x_wconf 84' lang='lat' dir='ltr'><strong>de</strong></span> 
     </span>
    </p>
   </div>
   <div class='ocr_carea' id='block_1_90' title="bbox 489 4730 2082 4808">
    <p class='ocr_par' dir='ltr' id='par_1_90' title="bbox 489 4730 2082 4808">
     <span class='ocr_line' id='line_1_90' title="bbox 489 4730 2082 4808; baseline -0.012 -6"><span class='ocrx_word' id='word_1_742' title='bbox 489 4759 600 4802; x_wconf 90' lang='lat' dir='ltr'><strong>tum</strong></span> <span class='ocrx_word' id='word_1_743' title='bbox 631 4754 901 4808; x_wconf 89' lang='lat' dir='ltr'><strong>sanetum,</strong></span> <span class='ocrx_word' id='word_1_744' title='bbox 932 4748 989 4793; x_wconf 92' lang='lat' dir='ltr'><strong>ut</strong></span> <span class='ocrx_word' id='word_1_745' title='bbox 1022 4752 1181 4791; x_wconf 92' lang='lat' dir='ltr'><strong>unam</strong></span> <span class='ocrx_word' id='word_1_746' title='bbox 1207 4733 1383 4788; x_wconf 90' lang='lat' dir='ltr'><strong>Patris</strong></span> <span class='ocrx_word' id='word_1_747' title='bbox 1420 4742 1472 4786; x_wconf 88' lang='lat' dir='ltr'><strong>et</strong></span> <span class='ocrx_word' id='word_1_748' title='bbox 1504 4730 1626 4785; x_wconf 88' lang='lat' dir='ltr'><strong>Filii</strong></span> <span class='ocrx_word' id='word_1_749' title='bbox 1667 4744 1788 4785; x_wconf 89' lang='lat' dir='ltr'><strong>esse</strong></span> <span class='ocrx_word' id='word_1_750' title='bbox 1828 4730 2082 4785; x_wconf 90' lang='lat' dir='ltr'><strong>substan--</strong></span> 
     </span>
    </p>
   </div>
   <div class='ocr_carea' id='block_1_91' title="bbox 481 4821 2081 4902">
    <p class='ocr_par' dir='ltr' id='par_1_91' title="bbox 481 4821 2081 4902">
     <span class='ocr_line' id='line_1_91' title="bbox 481 4821 2081 4902; baseline -0.013 -6"><span class='ocrx_word' id='word_1_751' title='bbox 481 4843 608 4896; x_wconf 90' lang='lat' dir='ltr'><strong>tiam</strong></span> <span class='ocrx_word' id='word_1_752' title='bbox 641 4838 733 4893; x_wconf 92' lang='lat' dir='ltr'><strong>lib.</strong></span> <span class='ocrx_word' id='word_1_753' title='bbox 765 4851 844 4902; x_wconf 80' lang='lat' dir='ltr'><strong>1x,</strong></span> <span class='ocrx_word' id='word_1_754' title='bbox 878 4848 1027 4888; x_wconf 89' lang='lat' dir='ltr'><strong>num.</strong></span> <span class='ocrx_word' id='word_1_755' title='bbox 1061 4830 1152 4893; x_wconf 68' lang='lat'><strong>72,</strong></span> <span class='ocrx_word' id='word_1_756' title='bbox 1187 4827 1313 4882; x_wconf 89' lang='lat' dir='ltr'><strong>hinc</strong></span> <span class='ocrx_word' id='word_1_757' title='bbox 1342 4824 1712 4890; x_wconf 88' lang='lat' dir='ltr'><strong>demonstret,</strong></span> <span class='ocrx_word' id='word_1_758' title='bbox 1738 4822 1880 4892; x_wconf 81' lang='lat' dir='ltr'><strong>quod</strong></span> <span class='ocrx_word' id='word_1_759' title='bbox 1909 4821 2081 4892; x_wconf 84' lang='lat' dir='ltr'><strong>Spiri-</strong></span> 
     </span>
    </p>
   </div>
   <div class='ocr_carea' id='block_1_92' title="bbox 483 4912 2084 4993">
    <p class='ocr_par' dir='ltr' id='par_1_92' title="bbox 483 4912 2084 4993">
     <span class='ocr_line' id='line_1_92' title="bbox 483 4912 2084 4993; baseline -0.012 -5"><span class='ocrx_word' id='word_1_760' title='bbox 483 4945 570 4989; x_wconf 90' lang='lat' dir='ltr'><strong>tus</strong></span> <span class='ocrx_word' id='word_1_761' title='bbox 602 4938 819 4987; x_wconf 86' lang='lat' dir='ltr'><strong>sanctus</strong></span> <span class='ocrx_word' id='word_1_762' title='bbox 841 4969 855 4993; x_wconf 92' lang='lat'><strong>,</strong></span> <span class='ocrx_word' id='word_1_763' title='bbox 887 4936 945 4981; x_wconf 94' lang='lat' dir='ltr'><strong>ut</strong></span> <span class='ocrx_word' id='word_1_764' title='bbox 974 4941 1040 4980; x_wconf 83' lang='lat' dir='ltr'><strong>ex</strong></span> <span class='ocrx_word' id='word_1_765' title='bbox 1073 4924 1138 4977; x_wconf 90' lang='lat' dir='ltr'><strong>iis</strong></span> <span class='ocrx_word' id='word_1_766' title='bbox 1164 4936 1284 4992; x_wconf 70' lang='lat' dir='ltr'><strong>qute</strong></span> <span class='ocrx_word' id='word_1_767' title='bbox 1322 4917 1499 4972; x_wconf 88' lang='lat' dir='ltr'><strong>Patris</strong></span> <span class='ocrx_word' id='word_1_768' title='bbox 1540 4923 1669 4970; x_wconf 84' lang='lat' dir='ltr'><strong>sunt</strong></span> <span class='ocrx_word' id='word_1_769' title='bbox 1690 4957 1704 4980; x_wconf 93' lang='lat'><strong>,</strong></span> <span class='ocrx_word' id='word_1_770' title='bbox 1734 4916 1807 4970; x_wconf 89' lang='lat' dir='ltr'><strong>ita</strong></span> <span class='ocrx_word' id='word_1_771' title='bbox 1842 4923 1895 4970; x_wconf 93' lang='lat' dir='ltr'><strong>et</strong></span> <span class='ocrx_word' id='word_1_772' title='bbox 1921 4930 1983 4968; x_wconf 80' lang='lat' dir='ltr'><strong>ex</strong></span> <span class='ocrx_word' id='word_1_773' title='bbox 2019 4912 2084 4968; x_wconf 91' lang='lat' dir='ltr'><strong>iis</strong></span> 
     </span>
    </p>
   </div>
   <div class='ocr_carea' id='block_1_93' title="bbox 480 5005 2084 5097">
    <p class='ocr_par' dir='ltr' id='par_1_93' title="bbox 480 5005 2084 5097">
     <span class='ocr_line' id='line_1_93' title="bbox 480 5005 2084 5097; baseline -0.014 -16"><span class='ocrx_word' id='word_1_774' title='bbox 480 5041 602 5097; x_wconf 74' lang='lat' dir='ltr'><strong>qua:</strong></span> <span class='ocrx_word' id='word_1_775' title='bbox 624 5033 747 5078; x_wconf 87' lang='lat' dir='ltr'><strong>sunt</strong></span> <span class='ocrx_word' id='word_1_776' title='bbox 778 5019 938 5085; x_wconf 88' lang='lat' dir='ltr'><strong>Filii,</strong></span> <span class='ocrx_word' id='word_1_777' title='bbox 965 5032 1114 5085; x_wconf 79' lang='lat' dir='ltr'><strong>suam</strong></span> <span class='ocrx_word' id='word_1_778' title='bbox 1138 5011 1387 5082; x_wconf 86' lang='lat' dir='ltr'><strong>accipiat.</strong></span> <span class='ocrx_word' id='word_1_779' title='bbox 1425 5007 1550 5063; x_wconf 84' lang='lat' dir='ltr'><strong>Non</strong></span> <span class='ocrx_word' id='word_1_780' title='bbox 1580 5008 1742 5074; x_wconf 89' lang='lat' dir='ltr'><strong>enim,</strong></span> <span class='ocrx_word' id='word_1_781' title='bbox 1776 5007 1948 5077; x_wconf 88' lang='lat' dir='ltr'><strong>inquit</strong></span> <span class='ocrx_word' id='word_1_782' title='bbox 1976 5005 2084 5070; x_wconf 90' lang='lat' dir='ltr'><strong>ibi,</strong></span> 
     </span>
    </p>
   </div>
   <div class='ocr_carea' id='block_1_94' title="bbox 484 5099 2086 5179">
    <p class='ocr_par' dir='ltr' id='par_1_94' title="bbox 484 5099 2086 5179">
     <span class='ocr_line' id='line_1_94' title="bbox 484 5099 2086 5179; baseline -0.012 -5"><span class='ocrx_word' id='word_1_783' title='bbox 484 5120 548 5174; x_wconf 87' lang='lat' dir='ltr'><strong>de</strong></span> <span class='ocrx_word' id='word_1_784' title='bbox 569 5114 815 5172; x_wconf 85' lang='lat' dir='ltr'><strong>creaturis</strong></span> <span class='ocrx_word' id='word_1_785' title='bbox 845 5110 1075 5166; x_wconf 85' lang='lat' dir='ltr'><strong>sumebat</strong></span> <span class='ocrx_word' id='word_1_786' title='bbox 1108 5106 1335 5179; x_wconf 85' lang='lat' dir='ltr'><strong>Spiritus</strong></span> <span class='ocrx_word' id='word_1_787' title='bbox 1365 5115 1597 5158; x_wconf 74' lang='lat' dir='ltr'><strong>sanctus.</strong></span> <span class='ocrx_word' id='word_1_788' title='bbox 1628 5102 1886 5157; x_wconf 85' lang='lat' dir='ltr'><strong>Sumebat</strong></span> <span class='ocrx_word' id='word_1_789' title='bbox 1922 5099 2086 5171; x_wconf 82' lang='lat' dir='ltr'><strong>igitur</strong></span> 
     </span>
    </p>
   </div>
   <div class='ocr_carea' id='block_1_95' title="bbox 482 5194 2081 5269">
    <p class='ocr_par' dir='ltr' id='par_1_95' title="bbox 482 5194 2081 5269">
     <span class='ocr_line' id='line_1_95' title="bbox 482 5194 2081 5269; baseline -0.014 1"><span class='ocrx_word' id='word_1_790' title='bbox 482 5213 555 5269; x_wconf 89' lang='lat' dir='ltr'><strong>de</strong></span> <span class='ocrx_word' id='word_1_791' title='bbox 577 5212 855 5267; x_wconf 80' lang='lat' dir='ltr'><strong>Creatore.</strong></span> <span class='ocrx_word' id='word_1_792' title='bbox 872 5203 943 5261; x_wconf 92' lang='lat' dir='ltr'><strong>Ut</strong></span> <span class='ocrx_word' id='word_1_793' title='bbox 959 5203 1103 5258; x_wconf 89' lang='lat' dir='ltr'><strong>enim</strong></span> <span class='ocrx_word' id='word_1_794' title='bbox 1129 5200 1290 5254; x_wconf 84' lang='lat' dir='ltr'><strong>habet</strong></span> <span class='ocrx_word' id='word_1_795' title='bbox 1311 5196 1619 5253; x_wconf 89' lang='lat' dir='ltr'><strong>Ferrandus</strong></span> <span class='ocrx_word' id='word_1_796' title='bbox 1644 5195 1908 5251; x_wconf 77' lang='lat' dir='ltr'><strong>Diaconus</strong></span> <span class='ocrx_word' id='word_1_797' title='bbox 1922 5194 2081 5262; x_wconf 88' lang='lat' dir='ltr'><strong>epist.</strong></span> 
     </span>
    </p>
   </div>
   <div class='ocr_carea' id='block_1_96' title="bbox 485 5290 2085 5363">
    <p class='ocr_par' dir='ltr' id='par_1_96' title="bbox 485 5290 2085 5363">
     <span class='ocr_line' id='line_1_96' title="bbox 485 5290 2085 5363; baseline -0.013 0"><span class='ocrx_word' id='word_1_798' title='bbox 485 5306 551 5363; x_wconf 87' lang='lat' dir='ltr'><strong>ad</strong></span> <span class='ocrx_word' id='word_1_799' title='bbox 594 5302 926 5362; x_wconf 79' lang='lat' dir='ltr'><strong>Anatolium,</strong></span> <span class='ocrx_word' id='word_1_800' title='bbox 961 5296 1144 5352; x_wconf 85' lang='lat' dir='ltr'><strong>Omnis</strong></span> <span class='ocrx_word' id='word_1_801' title='bbox 1171 5310 1249 5348; x_wconf 85' lang='lat' dir='ltr'><strong>res</strong></span> <span class='ocrx_word' id='word_1_802' title='bbox 1277 5304 1365 5346; x_wconf 88' lang='lat' dir='ltr'><strong>aut</strong></span> <span class='ocrx_word' id='word_1_803' title='bbox 1394 5290 1534 5347; x_wconf 87' lang='lat' dir='ltr'><strong>Deus</strong></span> <span class='ocrx_word' id='word_1_804' title='bbox 1564 5302 1656 5359; x_wconf 88' lang='lat' dir='ltr'><strong>est,</strong></span> <span class='ocrx_word' id='word_1_805' title='bbox 1691 5300 1778 5345; x_wconf 86' lang='lat' dir='ltr'><strong>aut</strong></span> <span class='ocrx_word' id='word_1_806' title='bbox 1807 5300 2037 5345; x_wconf 81' lang='lat' dir='ltr'><strong>creatura</strong></span> <span class='ocrx_word' id='word_1_807' title='bbox 2066 5305 2085 5343; x_wconf 88' lang='lat'><strong><em>:</em></strong></span> 
     </span>
    </p>
   </div>
   <div class='ocr_carea' id='block_1_97' title="bbox 481 5382 2087 5456">
    <p class='ocr_par' dir='ltr' id='par_1_97' title="bbox 481 5382 2087 5456">
     <span class='ocr_line' id='line_1_97' title="bbox 481 5382 2087 5456; baseline -0.012 0"><span class='ocrx_word' id='word_1_808' title='bbox 481 5402 527 5456; x_wconf 85' lang='lat' dir='ltr'><strong>si</strong></span> <span class='ocrx_word' id='word_1_809' title='bbox 557 5398 702 5454; x_wconf 87' lang='lat' dir='ltr'><strong>Deus</strong></span> <span class='ocrx_word' id='word_1_810' title='bbox 728 5405 825 5455; x_wconf 80' lang='lat' dir='ltr'><strong>est.</strong></span> <span class='ocrx_word' id='word_1_811' title='bbox 850 5401 1087 5448; x_wconf 87' lang='lat' dir='ltr'><strong>creatura</strong></span> <span class='ocrx_word' id='word_1_812' title='bbox 1116 5404 1218 5441; x_wconf 87' lang='lat' dir='ltr'><strong>non</strong></span> <span class='ocrx_word' id='word_1_813' title='bbox 1243 5394 1315 5441; x_wconf 84' lang='lat' dir='ltr'><strong>est</strong></span> <span class='ocrx_word' id='word_1_814' title='bbox 1336 5402 1354 5453; x_wconf 90' lang='lat'><strong><em>;</em></strong></span> <span class='ocrx_word' id='word_1_815' title='bbox 1376 5387 1419 5440; x_wconf 88' lang='lat' dir='ltr'><strong>si</strong></span> <span class='ocrx_word' id='word_1_816' title='bbox 1440 5395 1675 5439; x_wconf 80' lang='lat' dir='ltr'><strong>creatura</strong></span> <span class='ocrx_word' id='word_1_817' title='bbox 1701 5394 1796 5449; x_wconf 85' lang='lat' dir='ltr'><strong>est,</strong></span> <span class='ocrx_word' id='word_1_818' title='bbox 1826 5382 1964 5438; x_wconf 77' lang='lat' dir='ltr'><strong>Deus</strong></span> <span class='ocrx_word' id='word_1_819' title='bbox 1985 5399 2087 5438; x_wconf 88' lang='lat' dir='ltr'><strong>non</strong></span> 
     </span>
    </p>
   </div>
   <div class='ocr_carea' id='block_1_98' title="bbox 483 5476 2086 5560">
    <p class='ocr_par' dir='ltr' id='par_1_98' title="bbox 483 5476 2086 5560">
     <span class='ocr_line' id='line_1_98' title="bbox 483 5476 2086 5560; baseline -0.01 -13"><span class='ocrx_word' id='word_1_820' title='bbox 483 5500 576 5547; x_wconf 79' lang='lat' dir='ltr'><strong>est.</strong></span> <span class='ocrx_word' id='word_1_821' title='bbox 607 5490 742 5560; x_wconf 82' lang='lat' dir='ltr'><strong>Quia</strong></span> <span class='ocrx_word' id='word_1_822' title='bbox 775 5500 937 5557; x_wconf 90' lang='lat' dir='ltr'><strong>porro</strong></span> <span class='ocrx_word' id='word_1_823' title='bbox 966 5492 1151 5536; x_wconf 83' lang='lat' dir='ltr'><strong>uoster</strong></span> <span class='ocrx_word' id='word_1_824' title='bbox 1184 5479 1417 5534; x_wconf 85' lang='lat' dir='ltr'><strong>llilarius</strong></span> <span class='ocrx_word' id='word_1_825' title='bbox 1446 5477 1704 5544; x_wconf 84' lang='lat' dir='ltr'><strong>Spiritum</strong></span> <span class='ocrx_word' id='word_1_826' title='bbox 1741 5483 1988 5530; x_wconf 92' lang='lat' dir='ltr'><strong>sanetum</strong></span> <span class='ocrx_word' id='word_1_827' title='bbox 2018 5476 2086 5531; x_wconf 91' lang='lat' dir='ltr'><strong>de</strong></span> 
     </span>
    </p>
   </div>
   <div class='ocr_carea' id='block_1_99' title="bbox 488 5571 2085 5643">
    <p class='ocr_par' dir='ltr' id='par_1_99' title="bbox 488 5571 2085 5643">
     <span class='ocr_line' id='line_1_99' title="bbox 488 5571 2085 5643; baseline -0.013 1"><span class='ocrx_word' id='word_1_828' title='bbox 488 5590 602 5643; x_wconf 90' lang='lat' dir='ltr'><strong>Deo</strong></span> <span class='ocrx_word' id='word_1_829' title='bbox 631 5585 889 5641; x_wconf 88' lang='lat' dir='ltr'><strong>Creatore</strong></span> <span class='ocrx_word' id='word_1_830' title='bbox 926 5576 1285 5634; x_wconf 78' lang='lat' dir='ltr'><strong>substantiam</strong></span> <span class='ocrx_word' id='word_1_831' title='bbox 1312 5589 1463 5627; x_wconf 84' lang='lat' dir='ltr'><strong>suam</strong></span> <span class='ocrx_word' id='word_1_832' title='bbox 1503 5586 1718 5627; x_wconf 89' lang='lat' dir='ltr'><strong>sumere</strong></span> <span class='ocrx_word' id='word_1_833' title='bbox 1759 5581 1910 5625; x_wconf 87' lang='lat' dir='ltr'><strong>certo</strong></span> <span class='ocrx_word' id='word_1_834' title='bbox 1947 5571 2085 5625; x_wconf 90' lang='lat' dir='ltr'><strong>scie-</strong></span> 
     </span>
    </p>
   </div>
   <div class='ocr_carea' id='block_1_100' title="bbox 488 5662 2079 5746">
    <p class='ocr_par' dir='ltr' id='par_1_100' title="bbox 488 5662 2079 5746">
     <span class='ocr_line' id='line_1_100' title="bbox 488 5662 2079 5746; baseline -0.011 -12"><span class='ocrx_word' id='word_1_835' title='bbox 488 5680 619 5743; x_wconf 86' lang='lat' dir='ltr'><strong>bat;</strong></span> <span class='ocrx_word' id='word_1_836' title='bbox 669 5690 864 5746; x_wconf 85' lang='lat' dir='ltr'><strong>magno</strong></span> <span class='ocrx_word' id='word_1_837' title='bbox 908 5672 1071 5728; x_wconf 90' lang='lat' dir='ltr'><strong>etiam</strong></span> <span class='ocrx_word' id='word_1_838' title='bbox 1124 5667 1304 5725; x_wconf 87' lang='lat' dir='ltr'><strong>studio</strong></span> <span class='ocrx_word' id='word_1_839' title='bbox 1346 5663 1648 5730; x_wconf 81' lang='lat' dir='ltr'><strong>laboravit,</strong></span> <span class='ocrx_word' id='word_1_840' title='bbox 1674 5664 1747 5718; x_wconf 91' lang='lat' dir='ltr'><strong>uti</strong></span> <span class='ocrx_word' id='word_1_841' title='bbox 1776 5679 1840 5716; x_wconf 81' lang='lat' dir='ltr'><strong>cx</strong></span> <span class='ocrx_word' id='word_1_842' title='bbox 1874 5662 2012 5718; x_wconf 91' lang='lat' dir='ltr'><strong>libro</strong></span> <span class='ocrx_word' id='word_1_843' title='bbox 2041 5678 2079 5727; x_wconf 86' lang='grc' dir='ltr'>ι,</span> 
     </span>
    </p>
   </div>
   <div class='ocr_carea' id='block_1_101' title="bbox 488 5757 2080 5835">
    <p class='ocr_par' dir='ltr' id='par_1_101' title="bbox 488 5757 2080 5835">
     <span class='ocr_line' id='line_1_101' title="bbox 488 5757 2080 5835; baseline -0.012 -7"><span class='ocrx_word' id='word_1_844' title='bbox 488 5787 638 5828; x_wconf 90' lang='lat' dir='ltr'><strong>num.</strong></span> <span class='ocrx_word' id='word_1_845' title='bbox 660 5769 730 5826; x_wconf 78' lang='lat'><strong>36</strong></span> <span class='ocrx_word' id='word_1_846' title='bbox 748 5810 762 5835; x_wconf 92' lang='lat'><strong>,</strong></span> <span class='ocrx_word' id='word_1_847' title='bbox 794 5764 1096 5821; x_wconf 90' lang='lat' dir='ltr'><strong>audivimus</strong></span> <span class='ocrx_word' id='word_1_848' title='bbox 1114 5802 1132 5830; x_wconf 94' lang='lat'><strong>,</strong></span> <span class='ocrx_word' id='word_1_849' title='bbox 1159 5777 1229 5817; x_wconf 89' lang='lat' dir='ltr'><strong>ne</strong></span> <span class='ocrx_word' id='word_1_850' title='bbox 1255 5759 1536 5831; x_wconf 90' lang='lat' dir='ltr'><strong>quisquam</strong></span> <span class='ocrx_word' id='word_1_851' title='bbox 1568 5771 1690 5812; x_wconf 90' lang='lat' dir='ltr'><strong>eum</strong></span> <span class='ocrx_word' id='word_1_852' title='bbox 1719 5757 1849 5810; x_wconf 89' lang='lat' dir='ltr'><strong>inter</strong></span> <span class='ocrx_word' id='word_1_853' title='bbox 1875 5767 2080 5810; x_wconf 84' lang='lat' dir='ltr'><strong>creatu-</strong></span> 
     </span>
    </p>
   </div>
   <div class='ocr_carea' id='block_1_102' title="bbox 485 5846 2075 5924">
    <p class='ocr_par' dir='ltr' id='par_1_102' title="bbox 485 5846 2075 5924">
     <span class='ocr_line' id='line_1_102' title="bbox 485 5846 2075 5924; baseline -0.012 -3"><span class='ocrx_word' id='word_1_854' title='bbox 485 5880 572 5924; x_wconf 65' lang='lat' dir='ltr'><strong>ra:</strong></span> <span class='ocrx_word' id='word_1_855' title='bbox 600 5860 824 5918; x_wconf 87' lang='lat' dir='ltr'><strong>auderet</strong></span> <span class='ocrx_word' id='word_1_856' title='bbox 860 5854 1088 5914; x_wconf 87' lang='lat' dir='ltr'><strong>referre.</strong></span> <span class='ocrx_word' id='word_1_857' title='bbox 1114 5853 1179 5910; x_wconf 87' lang='lat' dir='ltr'><strong>Ei</strong></span> <span class='ocrx_word' id='word_1_858' title='bbox 1222 5851 1425 5924; x_wconf 86' lang='lat' dir='ltr'><strong>quippe</strong></span> <span class='ocrx_word' id='word_1_859' title='bbox 1453 5846 1737 5906; x_wconf 85' lang='lat' dir='ltr'><strong>videbatur</strong></span> <span class='ocrx_word' id='word_1_860' title='bbox 1763 5846 2075 5918; x_wconf 88' lang='lat' dir='ltr'><strong>absurdum,</strong></span> 
     </span>
    </p>
   </div>
   <div class='ocr_carea' id='block_1_103' title="bbox 2189 4732 3784 4816">
    <p class='ocr_par' dir='ltr' id='par_1_103' title="bbox 2189 4732 3784 4816">
     <span class='ocr_line' id='line_1_103' title="bbox 2189 4732 3784 4816; baseline 0.005 -26"><span class='ocrx_word' id='word_1_861' title='bbox 2189 4732 2389 4801; x_wconf 87' lang='lat' dir='ltr'><strong>Spiritu</strong></span> <span class='ocrx_word' id='word_1_862' title='bbox 2435 4744 2609 4789; x_wconf 88' lang='lat' dir='ltr'><strong>sancto</strong></span> <span class='ocrx_word' id='word_1_863' title='bbox 2653 4736 2853 4792; x_wconf 81' lang='lat' dir='ltr'><strong>diversa</strong></span> <span class='ocrx_word' id='word_1_864' title='bbox 2890 4739 3145 4806; x_wconf 78' lang='lat' dir='ltr'><strong>sentiant,</strong></span> <span class='ocrx_word' id='word_1_865' title='bbox 3178 4741 3265 4812; x_wconf 88' lang='lat' dir='ltr'><strong>qui</strong></span> <span class='ocrx_word' id='word_1_866' title='bbox 3308 4742 3359 4794; x_wconf 87' lang='lat' dir='ltr'><strong>in</strong></span> <span class='ocrx_word' id='word_1_867' title='bbox 3402 4742 3642 4816; x_wconf 87' lang='lat' dir='ltr'><strong>largitore</strong></span> <span class='ocrx_word' id='word_1_868' title='bbox 3667 4744 3784 4815; x_wconf 79' lang='lat' dir='ltr'><strong>ejus</strong></span> 
     </span>
    </p>
   </div>
   <div class='ocr_carea' id='block_1_104' title="bbox 2190 4826 3783 4903">
    <p class='ocr_par' dir='ltr' id='par_1_104' title="bbox 2190 4826 3783 4903">
     <span class='ocr_line' id='line_1_104' title="bbox 2190 4826 3783 4903; baseline 0.006 -21"><span class='ocrx_word' id='word_1_869' title='bbox 2190 4826 2392 4899; x_wconf 76' lang='lat' dir='ltr'><strong>(Verbo</strong></span> <span class='ocrx_word' id='word_1_870' title='bbox 2421 4828 2659 4903; x_wconf 88' lang='lat' dir='ltr'><strong>scilicet)</strong></span> <span class='ocrx_word' id='word_1_871' title='bbox 2689 4830 2909 4885; x_wconf 85' lang='lat' dir='ltr'><strong>creando</strong></span> <span class='ocrx_word' id='word_1_872' title='bbox 2933 4872 2948 4894; x_wconf 90' lang='lat'><strong>,</strong></span> <span class='ocrx_word' id='word_1_873' title='bbox 2976 4841 3025 4887; x_wconf 89' lang='lat' dir='ltr'><strong>et</strong></span> <span class='ocrx_word' id='word_1_874' title='bbox 3068 4832 3382 4887; x_wconf 80' lang='lat' dir='ltr'><strong>demutando</strong></span> <span class='ocrx_word' id='word_1_875' title='bbox 3401 4876 3415 4900; x_wconf 91' lang='lat'><strong>,</strong></span> <span class='ocrx_word' id='word_1_876' title='bbox 3445 4846 3496 4890; x_wconf 87' lang='lat' dir='ltr'><strong>et</strong></span> <span class='ocrx_word' id='word_1_877' title='bbox 3532 4835 3783 4892; x_wconf 85' lang='lat' dir='ltr'><strong>abolendo</strong></span> 
     </span>
    </p>
   </div>
   <div class='ocr_carea' id='block_1_105' title="bbox 2188 4923 3781 5000">
    <p class='ocr_par' dir='ltr' id='par_1_105' title="bbox 2188 4923 3781 5000">
     <span class='ocr_line' id='line_1_105' title="bbox 2188 4923 3781 5000; baseline 0.006 -26"><span class='ocrx_word' id='word_1_878' title='bbox 2188 4929 2293 4974; x_wconf 87' lang='lat' dir='ltr'><strong>tam</strong></span> <span class='ocrx_word' id='word_1_879' title='bbox 2339 4923 2598 4975; x_wconf 86' lang='lat' dir='ltr'><strong>temerarii</strong></span> <span class='ocrx_word' id='word_1_880' title='bbox 2650 4923 2752 4977; x_wconf 87' lang='lat' dir='ltr'><strong>sint</strong></span> <span class='ocrx_word' id='word_1_881' title='bbox 2799 4924 3306 4993; x_wconf 81' lang='lat' dir='ltr'><strong>auctores?Quibus</strong></span> <span class='ocrx_word' id='word_1_882' title='bbox 3349 4941 3471 4982; x_wconf 77' lang='lat' dir='ltr'><strong>mox</strong></span> <span class='ocrx_word' id='word_1_883' title='bbox 3509 4928 3781 5000; x_wconf 82' lang='lat' dir='ltr'><strong>adjungit,</strong></span> 
     </span>
    </p>
   </div>
   <div class='ocr_carea' id='block_1_106' title="bbox 2189 5012 3785 5090">
    <p class='ocr_par' dir='ltr' id='par_1_106' title="bbox 2189 5012 3785 5090">
     <span class='ocr_line' id='line_1_106' title="bbox 2189 5012 3785 5090; baseline 0.006 -21"><span class='ocrx_word' id='word_1_884' title='bbox 2189 5012 2447 5082; x_wconf 87' lang='lat' dir='ltr'><strong>Spiritum</strong></span> <span class='ocrx_word' id='word_1_885' title='bbox 2476 5024 2717 5069; x_wconf 90' lang='lat' dir='ltr'><strong>sanctum</strong></span> <span class='ocrx_word' id='word_1_886' title='bbox 2736 5017 2803 5072; x_wconf 92' lang='lat' dir='ltr'><strong>ah</strong></span> <span class='ocrx_word' id='word_1_887' title='bbox 2830 5016 2937 5072; x_wconf 92' lang='lat' dir='ltr'><strong>illis</strong></span> <span class='ocrx_word' id='word_1_888' title='bbox 2960 5019 3175 5084; x_wconf 89' lang='lat' dir='ltr'><strong>nesciri,</strong></span> <span class='ocrx_word' id='word_1_889' title='bbox 3203 5021 3326 5090; x_wconf 90' lang='lat' dir='ltr'><strong>quia</strong></span> <span class='ocrx_word' id='word_1_890' title='bbox 3352 5020 3570 5088; x_wconf 83' lang='lat' dir='ltr'><strong>Filium,</strong></span> <span class='ocrx_word' id='word_1_891' title='bbox 3601 5033 3785 5078; x_wconf 87' lang='lat' dir='ltr'><strong>aucto-</strong></span> 
     </span>
    </p>
   </div>
   <div class='ocr_carea' id='block_1_107' title="bbox 2188 5108 3786 5182">
    <p class='ocr_par' dir='ltr' id='par_1_107' title="bbox 2188 5108 3786 5182">
     <span class='ocr_line' id='line_1_107' title="bbox 2188 5108 3786 5182; baseline 0.008 -22"><span class='ocrx_word' id='word_1_892' title='bbox 2188 5123 2292 5162; x_wconf 86' lang='lat' dir='ltr'><strong>rem</strong></span> <span class='ocrx_word' id='word_1_893' title='bbox 2321 5110 2457 5176; x_wconf 86' lang='lat' dir='ltr'><strong>ejus,</strong></span> <span class='ocrx_word' id='word_1_894' title='bbox 2484 5108 2751 5180; x_wconf 87' lang='lat' dir='ltr'><strong>iguorant.</strong></span> <span class='ocrx_word' id='word_1_895' title='bbox 2775 5110 2857 5165; x_wconf 82' lang='lat' dir='ltr'><strong>An</strong></span> <span class='ocrx_word' id='word_1_896' title='bbox 2881 5110 3013 5168; x_wconf 67' lang='lat' dir='ltr'><strong>haec.</strong></span> <span class='ocrx_word' id='word_1_897' title='bbox 3032 5126 3239 5182; x_wconf 73' lang='lat' dir='ltr'><strong>quzeso,</strong></span> <span class='ocrx_word' id='word_1_898' title='bbox 3268 5113 3786 5173; x_wconf 80' lang='lat' dir='ltr'><strong>adversusMacedo-</strong></span> 
     </span>
    </p>
   </div>
   <div class='ocr_carea' id='block_1_108' title="bbox 2189 5198 3783 5276">
    <p class='ocr_par' dir='ltr' id='par_1_108' title="bbox 2189 5198 3783 5276">
     <span class='ocr_line' id='line_1_108' title="bbox 2189 5198 3783 5276; baseline 0.008 -23"><span class='ocrx_word' id='word_1_899' title='bbox 2189 5198 2260 5253; x_wconf 92' lang='lat' dir='ltr'><strong>nii</strong></span> <span class='ocrx_word' id='word_1_900' title='bbox 2294 5200 2530 5255; x_wconf 85' lang='lat' dir='ltr'><strong>fautores</strong></span> <span class='ocrx_word' id='word_1_901' title='bbox 2557 5200 2795 5268; x_wconf 82' lang='lat' dir='ltr'><strong>dixerit,</strong></span> <span class='ocrx_word' id='word_1_902' title='bbox 2826 5203 2915 5273; x_wconf 89' lang='lat' dir='ltr'><strong>qui</strong></span> <span class='ocrx_word' id='word_1_903' title='bbox 2939 5204 3021 5259; x_wconf 77' lang='lat' dir='ltr'><strong>de‘</strong></span> <span class='ocrx_word' id='word_1_904' title='bbox 3036 5202 3212 5259; x_wconf 83' lang='lat' dir='ltr'><strong>Verbo</strong></span> <span class='ocrx_word' id='word_1_905' title='bbox 3239 5220 3400 5276; x_wconf 87' lang='lat' dir='ltr'><strong>prava</strong></span> <span class='ocrx_word' id='word_1_906' title='bbox 3444 5207 3649 5264; x_wconf 88' lang='lat' dir='ltr'><strong>sentire</strong></span> <span class='ocrx_word' id='word_1_907' title='bbox 3674 5224 3783 5265; x_wconf 87' lang='lat' dir='ltr'><strong>non</strong></span> 
     </span>
    </p>
   </div>
   <div class='ocr_carea' id='block_1_109' title="bbox 2186 5291 3784 5373">
    <p class='ocr_par' dir='ltr' id='par_1_109' title="bbox 2186 5291 3784 5373">
     <span class='ocr_line' id='line_1_109' title="bbox 2186 5291 3784 5373; baseline 0.007 -27"><span class='ocrx_word' id='word_1_908' title='bbox 2186 5291 2500 5359; x_wconf 61' lang='lat' dir='ltr'><strong>audiebant,</strong></span> <span class='ocrx_word' id='word_1_909' title='bbox 2531 5308 2669 5364; x_wconf 82' lang='lat' dir='ltr'><strong>quos</strong></span> <span class='ocrx_word' id='word_1_910' title='bbox 2699 5294 2815 5365; x_wconf 86' lang='lat' dir='ltr'><strong>ipse</strong></span> <span class='ocrx_word' id='word_1_911' title='bbox 2839 5294 2974 5349; x_wconf 90' lang='lat' dir='ltr'><strong>libro</strong></span> <span class='ocrx_word' id='word_1_912' title='bbox 3000 5294 3068 5351; x_wconf 91' lang='lat' dir='ltr'><strong>de</strong></span> <span class='ocrx_word' id='word_1_913' title='bbox 3090 5295 3322 5369; x_wconf 85' lang='lat' dir='ltr'><strong>Synodis</strong></span> <span class='ocrx_word' id='word_1_914' title='bbox 3354 5298 3592 5355; x_wconf 87' lang='lat' dir='ltr'><strong>laudavit</strong></span> <span class='ocrx_word' id='word_1_915' title='bbox 3613 5310 3671 5355; x_wconf 92' lang='lat' dir='ltr'><strong>ut</strong></span> <span class='ocrx_word' id='word_1_916' title='bbox 3689 5302 3784 5373; x_wconf 87' lang='lat' dir='ltr'><strong>qui</strong></span> 
     </span>
    </p>
   </div>
   <div class='ocr_carea' id='block_1_110' title="bbox 2191 5383 3788 5463">
    <p class='ocr_par' dir='ltr' id='par_1_110' title="bbox 2191 5383 3788 5463">
     <span class='ocr_line' id='line_1_110' title="bbox 2191 5383 3788 5463; baseline 0.008 -27"><span class='ocrx_word' id='word_1_917' title='bbox 2191 5399 2335 5438; x_wconf 65' lang='lat' dir='ltr'><strong>vera!</strong></span> <span class='ocrx_word' id='word_1_918' title='bbox 2369 5383 2488 5439; x_wconf 84' lang='lat' dir='ltr'><strong>fidei</strong></span> <span class='ocrx_word' id='word_1_919' title='bbox 2522 5386 2843 5441; x_wconf 73' lang='lat' dir='ltr'><strong>revocanda:</strong></span> <span class='ocrx_word' id='word_1_920' title='bbox 2872 5401 3022 5458; x_wconf 91' lang='lat' dir='ltr'><strong>spem</strong></span> <span class='ocrx_word' id='word_1_921' title='bbox 3047 5389 3378 5456; x_wconf 82' lang='lat' dir='ltr'><strong>attulissent,</strong></span> <span class='ocrx_word' id='word_1_922' title='bbox 3408 5392 3604 5463; x_wconf 88' lang='lat' dir='ltr'><strong>quibus</strong></span> <span class='ocrx_word' id='word_1_923' title='bbox 3632 5392 3788 5449; x_wconf 86' lang='lat' dir='ltr'><strong>deni-</strong></span> 
     </span>
    </p>
   </div>
   <div class='ocr_carea' id='block_1_111' title="bbox 2188 5476 3788 5548">
    <p class='ocr_par' dir='ltr' id='par_1_111' title="bbox 2188 5476 3788 5548">
     <span class='ocr_line' id='line_1_111' title="bbox 2188 5476 3788 5548; baseline 0.009 -22"><span class='ocrx_word' id='word_1_924' title='bbox 2188 5491 2292 5547; x_wconf 86' lang='lat' dir='ltr'><strong>que</strong></span> <span class='ocrx_word' id='word_1_925' title='bbox 2318 5476 2779 5543; x_wconf 56' lang='lat' dir='ltr'><strong>Constautinoroli</strong></span> <span class='ocrx_word' id='word_1_926' title='bbox 2806 5490 2924 5548; x_wconf 90' lang='lat' dir='ltr'><strong>post</strong></span> <span class='ocrx_word' id='word_1_927' title='bbox 2946 5482 3235 5535; x_wconf 88' lang='lat' dir='ltr'><strong>ceucilium</strong></span> <span class='ocrx_word' id='word_1_928' title='bbox 3260 5481 3606 5540; x_wconf 89' lang='lat' dir='ltr'><strong>Seleuciense</strong></span> <span class='ocrx_word' id='word_1_929' title='bbox 3631 5499 3788 5540; x_wconf 86' lang='lat' dir='ltr'><strong>com-</strong></span> 
     </span>
    </p>
   </div>
   <div class='ocr_carea' id='block_1_112' title="bbox 2192 5569 3786 5641">
    <p class='ocr_par' dir='ltr' id='par_1_112' title="bbox 2192 5569 3786 5641">
     <span class='ocr_line' id='line_1_112' title="bbox 2192 5569 3786 5641; baseline 0.007 -20"><span class='ocrx_word' id='word_1_930' title='bbox 2192 5569 2502 5623; x_wconf 85' lang='lat' dir='ltr'><strong>mttltinnem</strong></span> <span class='ocrx_word' id='word_1_931' title='bbox 2530 5584 2635 5623; x_wconf 87' lang='lat' dir='ltr'><strong>non</strong></span> <span class='ocrx_word' id='word_1_932' title='bbox 2663 5572 2880 5638; x_wconf 82' lang='lat' dir='ltr'><strong>negavit</strong></span> <span class='ocrx_word' id='word_1_933' title='bbox 2899 5587 3074 5641; x_wconf 82' lang='lat' dir='ltr'><strong>suam,</strong></span> <span class='ocrx_word' id='word_1_934' title='bbox 3106 5574 3214 5629; x_wconf 85' lang='lat' dir='ltr'><strong>imo</strong></span> <span class='ocrx_word' id='word_1_935' title='bbox 3250 5574 3413 5629; x_wconf 86' lang='lat' dir='ltr'><strong>etiam</strong></span> <span class='ocrx_word' id='word_1_936' title='bbox 3463 5585 3786 5633; x_wconf 62' lang='lat' dir='ltr'><strong>ceterorum</strong></span> 
     </span>
    </p>
   </div>
   <div class='ocr_carea' id='block_1_113' title="bbox 2190 5658 3787 5730">
    <p class='ocr_par' dir='ltr' id='par_1_113' title="bbox 2190 5658 3787 5730">
     <span class='ocr_line' id='line_1_113' title="bbox 2190 5658 3787 5730; baseline 0.006 -16"><span class='ocrx_word' id='word_1_937' title='bbox 2190 5672 2255 5714; x_wconf 80' lang='lat' dir='ltr'><strong>ex</strong></span> <span class='ocrx_word' id='word_1_938' title='bbox 2285 5658 2471 5715; x_wconf 87' lang='lat' dir='ltr'><strong>Galliis</strong></span> <span class='ocrx_word' id='word_1_939' title='bbox 2501 5660 2877 5730; x_wconf 89' lang='lat' dir='ltr'><strong>episcoporum</strong></span> <span class='ocrx_word' id='word_1_940' title='bbox 2906 5674 3095 5720; x_wconf 88' lang='lat' dir='ltr'><strong>coacto</strong></span> <span class='ocrx_word' id='word_1_941' title='bbox 3117 5663 3339 5721; x_wconf 88' lang='lat' dir='ltr'><strong>Parisiis</strong></span> <span class='ocrx_word' id='word_1_942' title='bbox 3366 5666 3600 5723; x_wconf 87' lang='lat' dir='ltr'><strong>concilio</strong></span> <span class='ocrx_word' id='word_1_943' title='bbox 3639 5667 3787 5724; x_wconf 87' lang='lat' dir='ltr'><strong>litte-</strong></span> 
     </span>
    </p>
   </div>
   <div class='ocr_carea' id='block_1_114' title="bbox 2188 5753 2572 5808">
    <p class='ocr_par' dir='ltr' id='par_1_114' title="bbox 2188 5753 2572 5808">
     <span class='ocr_line' id='line_1_114' title="bbox 2188 5753 2572 5808; baseline 0.005 -2"><span class='ocrx_word' id='word_1_944' title='bbox 2188 5767 2278 5808; x_wconf 88' lang='lat' dir='ltr'><strong>ras</strong></span> <span class='ocrx_word' id='word_1_945' title='bbox 2303 5753 2572 5808; x_wconf 88' lang='lat' dir='ltr'><strong>obtinuit?</strong></span> 
     </span>
    </p>
   </div>
   <div class='ocr_carea' id='block_1_115' title="bbox 2261 5844 3789 5923">
    <p class='ocr_par' dir='ltr' id='par_1_115' title="bbox 2261 5844 3789 5923">
     <span class='ocr_line' id='line_1_115' title="bbox 2261 5844 3789 5923; baseline 0.005 -23"><span class='ocrx_word' id='word_1_946' title='bbox 2261 5844 2448 5903; x_wconf 73' lang='lat' dir='ltr'><strong>XVlll.</strong></span> <span class='ocrx_word' id='word_1_947' title='bbox 2478 5844 2804 5904; x_wconf 87' lang='lat' dir='ltr'><strong>Probabilius</strong></span> <span class='ocrx_word' id='word_1_948' title='bbox 2836 5857 2910 5904; x_wconf 84' lang='lat' dir='ltr'><strong>est</strong></span> <span class='ocrx_word' id='word_1_949' title='bbox 2942 5858 3125 5907; x_wconf 85' lang='lat' dir='ltr'><strong>contra</strong></span> <span class='ocrx_word' id='word_1_950' title='bbox 3160 5850 3399 5919; x_wconf 83' lang='lat' dir='ltr'><strong>Arianos,</strong></span> <span class='ocrx_word' id='word_1_951' title='bbox 3430 5868 3586 5923; x_wconf 87' lang='lat' dir='ltr'><strong>quam</strong></span> <span class='ocrx_word' id='word_1_952' title='bbox 3608 5861 3789 5909; x_wconf 80' lang='lat' dir='ltr'><strong>contra</strong></span> 
     </span>
    </p>
   </div>
  </div>
