4040 6328
232 276 298 333 i7
1673 284 2062 344 PREFATIO.
3456 295 3524 351 18

231 394 664 463 Macedonianos,
697 406 944 452 assertum
983 414 1090 453 esse
1120 397 1348 470 Spiritus
1380 401 1547 455 sancti
1582 401 1823 458 diuinita—
1846 401 1903 463 A
1927 400 2187 473 illumque
2224 401 2293 459 de
2322 402 2427 459 hoc
2473 404 2730 462 haeretica
2780 421 2847 463 ne
2894 406 3108 477 quidem
3138 408 3423 479 cogitasse.
3458 408 3529 465 Et

230 498 346 543 tem.
376 519 447 530 —
476 489 657 560 Longe
688 490 847 562 igitur
868 492 1197 561 probabilius
1224 502 1329 560 est,
1356 493 1620 551 Hilarium
1654 497 1704 550 itt
1732 497 1820 562 iis,

227 599 347 652 quae
393 582 461 639 de
503 584 708 653 Spiritu
767 596 954 641 sancto
1005 585 1259 651 disserit,
1293 601 1428 642 unos
1463 587 1694 644 Arianos
1738 604 1824 645 re-

225 678 499 747 spexisse;
536 693 671 747 quos
731 696 835 734 non
879 680 1036 749 plane
1084 680 1350 736 devicisse
1392 681 1685 747 videretur,
1719 683 1823 740 nisi

225 770 391 825 etiam
437 770 667 838 Spit-itus
709 771 883 826 sancti
935 771 1270 827 divinitatem
1325 774 1668 830 asseruisset.
1715 774 1821 831 Sed

224 862 350 934 quia
378 862 495 919 Filii
520 863 801 920 divinitate
824 905 839 931 ,
866 879 931 919 ex
956 880 1024 920 eo
1049 863 1191 934 quod
1222 880 1250 917 a
1279 863 1437 920 Patre
1465 866 1819 922 substantiam

223 969 375 1010 suam
405 957 620 1027 accipit,
652 956 1049 1021 demonstrata,
1075 959 1468 1013 consectarium
1508 968 1624 1013 erat
1648 959 1821 1030 Spiri-

225 1057 338 1104 tum
366 1057 632 1116 sanctum,
652 1050 742 1121 qui
769 1065 921 1104 suam
943 1050 1013 1105 ab
1032 1036 1466 1119 utroqnc'sumit,
1499 1053 1673 1106 neutri
1703 1066 1823 1107 esse

225 1143 571 1206 inferiorem;
605 1144 952 1215 paucioribus
992 1144 1095 1201 hoc
1135 1146 1495 1215 prmstandum
1535 1145 1665 1214 fuit,
1699 1162 1820 1202 cum

221 1234 353 1291 illud
380 1235 622 1302 pluribus
646 1235 949 1291 confectum
974 1238 1084 1308 jam
1117 1239 1323 1294 luisset.
1350 1237 1534 1309 Itaque
1563 1240 1823 1309 quemad-

220 1327 441 1383 modum
492 1327 786 1398 Gregorius
836 1330 1088 1387 Nazianz.
1136 1331 1229 1387 0r.
1262 1331 1365 1398 27,
1398 1350 1453 1387 ιι.
1487 1335 1550 1399 l,
1580 1333 1820 1390 Alexan-

218 1421 378 1477 drum
417 1420 879 1491 Ale'xattdrinum,
915 1426 999 1479 cui
1033 1425 1237 1481 nullum
1269 1437 1456 1482 centra
1486 1426 1825 1485 Macedonia-

218 1525 322 1565 nos
351 1524 625 1570 certamen
668 1513 877 1582 fuerat,
922 1519 1095 1589 magni
1128 1517 1392 1573 Trinitatis
1428 1522 1823 1592 prapugnatoris

216 1611 270 1655 et
300 1606 552 1671 prwconis
571 1606 749 1677 elogio
776 1607 970 1673 dcttat,
1003 1619 1056 1664 et
1080 1619 1239 1664 antea
1267 1609 1362 1665 0r.
1395 1626 1516 1674 χιι,
1547 1628 1694 1666 num.
1726 1610 1818 1681 56,

218 1696 498 1755 Athanasii
547 1702 616 1755 ah
659 1700 899 1765 Arianis,
934 1719 1039 1758 non
1085 1719 1113 1757 a
1160 1704 1560 1760 Macedonianis
1610 1706 1820 1775 expulsi

1926 507 2059 549 vero
2084 509 2206 549 cum
2236 496 2519 553 Sirmiensi
2550 499 2781 556 cont-ilio
2806 501 2931 555 anui
2962 500 3060 557 35l
3086 541 3101 566 ,
3138 504 3422 558 damnatos
3446 502 3526 558 le-

1923 601 2114 657 gamus
2141 601 2263 642 can.
2297 588 2352 655 8,
2386 589 2477 657 qui
2502 592 2818 658 prolativnm
2846 592 3066 648 verbum
3098 592 3289 649 Filium
3320 593 3414 649 Dei
3445 593 3527 648 di-

1924 688 2072 745 cant;
2114 691 2165 736 et
2197 696 2318 738 can.
2354 684 2412 738 11
2440 690 2494 738 et
2522 683 2609 752 ιε,
2639 687 2727 755 qui
2752 685 2989 741 Verbum
3010 685 3064 741 in
3093 701 3314 743 carnem
3348 696 3525 743 trans-

1925 770 2117 838 latum,
2149 783 2242 827 aut
2285 773 2730 842 demutationem,
2769 778 3194 847 corruptionem,
3227 789 3283 835 et
3316 779 3525 849 passio-

1927 879 2069 930 nem,
2106 881 2226 920 rutn
2259 867 2547 922 cruciﬁxus
2575 879 2658 924 est
2690 870 2780 923 Dei
2807 868 2996 935 Filius,
3031 872 3085 926 in
3112 887 3209 927 sua
3237 873 3523 928 divinitate

1925 959 2247 1016 sustinuisse
2286 960 2600 1029 praedicent;
2643 977 2765 1018 cum
2796 962 2957 1017 etiam
2982 963 3032 1018 io
3061 966 3297 1035 generali
3329 966 3521 1035 pratia-

1930 1049 2125 1122 tione§
2155 1052 2209 1118 5,
2239 1067 2303 1106 cx
2333 1051 2698 1120 Theodoreto,
2724 1053 3026 1124 Augustino
3050 1096 3065 1120 ,
3113 1053 3379 1126 Gregorio
3413 1054 3522 1111 Na-

1926 1144 2185 1199 zianzetto
2242 1154 2294 1200 et
2343 1144 2641 1201 Athanasio
2682 1146 3240 1203 demonstraverimus
3295 1146 3527 1204 At-ianos

1925 1236 2159 1290 animam
2203 1237 2422 1293 Christo
2452 1252 2710 1310 negasse,
2755 1254 2864 1310 quo
2892 1239 2943 1293 in
2974 1240 3264 1309 ipsumntet
3288 1239 3523 1296 Verbum

1926 1328 2188 1385 caderent
2210 1330 2449 1397 tristitia,
2482 1331 2656 1395 dolor,
2685 1331 2932 1400 aliaeque,
2963 1348 3083 1402 quae
3112 1332 3209 1403 ipsi
3234 1341 3291 1386 ut
3322 1333 3526 1388 homini

1926 1422 2329 1489 adscribuntur,
2355 1423 2694 1480 inllrmitates
2722 1442 2735 1478 :
2765 1440 2888 1480 cum
2921 1424 3055 1489 haec,
3092 1426 3329 1497 inquam,
3358 1429 3429 1481 ita
3460 1440 3521 1481 se

1926 1514 2197 1583 habeant,
2242 1517 2586 1587 perspicuum
2639 1527 2726 1574 est
2762 1518 3176 1590 Apollinaristas
3204 1520 3525 1575 commentis

1925 1610 2066 1676 illis,
2107 1627 2227 1681 qua)
2263 1613 2330 1666 ab
2354 1612 2561 1667 Hilario
2585 1612 2680 1668 lib.
2714 1629 2747 1667 x
2777 1614 3144 1677 confutantur,
3173 1629 3296 1670 esse
3332 1629 3523 1670 recen-

1923 1704 2090 1759 tiores
2123 1721 2137 1757 :
2171 1719 2235 1759 ac
2262 1705 2401 1759 sicut
2433 1706 2703 1777 Eutyches
2730 1747 2744 1771 ,
2777 1705 2960 1762 Leone
3009 1715 3146 1761 teste
3195 1708 3353 1773 epist.
3384 1721 3527 1761 nunc

220 1791 396 1861 fugam
432 1809 527 1864 pro
564 1793 818 1849 Trinitate
867 1807 916 1851 et
955 1814 1069 1851 cum
1109 1797 1364 1853 Trinitate
1404 1809 1695 1869 susceptam
1726 1815 1820 1854 vo—
1848 1796 1896 1856 Β
1924 1814 2096 1863 xcvn,
2129 1798 2195 1852 ed
2226 1798 2517 1855 Monachos
2545 1799 2864 1865 l’alrestinm,
2893 1815 2941 1855 c.
2972 1799 3028 1865 2,
3059 1809 3113 1855 et
3138 1799 3287 1864 alibi,
3325 1801 3530 1868 Apolli-

218 1894 307 1937 cat
334 1900 346 1936 :
383 1884 452 1938 ita
483 1887 742 1942 credibile
766 1898 850 1943 est
876 1888 1052 1945 Patris
1082 1901 1135 1943 et
1159 1889 1278 1944 Filii
1308 1899 1364 1945 et
1386 1890 1620 1959 Spiritus
1647 1894 1815 1947 sancti

218 1978 584 2048 arqualitatem
613 1980 680 2036 ab
706 1981 910 2036 Hilario
934 1982 1198 2038 adversus
1218 1982 1465 2046 Arianos,
1495 1999 1602 2040 non
1628 1985 1816 2043 adver-

216 2083 313 2124 sus
342 2071 759 2129 Macedonianos
789 2073 955 2129 fuisse
980 2086 1387 2146 propugnatam.

294 2160 438 2217 XIX.
463 2162 615 2219 Liber
659 2166 888 2222 decimus
914 2178 988 2223 est
1024 2178 1202 2223 contra
1246 2186 1445 2226 errores
1486 2171 1819 2244 Apollinarii.

220 2284 294 2295 -—
316 2254 740 2324 Expendendum
774 2258 864 2337 hic
892 2261 1076 2326 venit,
1108 2277 1175 2317 an
1218 2279 1323 2317 non
1366 2264 1503 2319 libro
1532 2281 1563 2320 x
1583 2306 1599 2332 ,
1630 2275 1818 2322 contra

218 2347 639 2415 Apollinaristas
665 2351 1011 2422 disputetur:
1048 2369 1154 2410 non
1174 2356 1318 2412 enim
1356 2368 1618 2429 repugnat
1649 2359 1820 2430 magis

218 2439 359 2496 libro
398 2440 720 2499 duodecimo
770 2446 958 2502 aliisve
1008 2449 1140 2504 locis
1184 2459 1371 2505 contra
1404 2451 1819 2510 Macedoniauos

217 2532 532 2601 disceptari,
561 2552 722 2604 quam
754 2548 941 2593 contra
973 2540 1393 2610 Apollinaristas
1421 2543 1663 2613 decimo;
1694 2560 1816 2602 cum

218 2624 436 2680 illorum
477 2627 729 2699 princeps
768 2644 911 2686 anno
933 2630 1057 2696 560,
1088 2632 1278 2689 horum
1326 2647 1504 2692 autem
1535 2652 1644 2693 non
1694 2646 1819 2694 ante

215 2733 422 2775 annum
449 2722 546 2778 56!
577 2738 737 2792 prava
768 2726 974 2782 sentire
999 2728 1373 2798 deprehensus
1394 2733 1484 2787 sit.
1504 2730 1816 2801 Negaudum

214 2826 353 2868 sane
370 2829 476 2869 non
501 2827 604 2881 est,
621 2824 791 2872 totum
816 2819 1008 2874 librum
1032 2819 1299 2877 decimum
1317 2823 1575 2891 scriptum
1594 2839 1714 2880 esse
1726 2824 1821 2881 ad-

213 2923 412 2965 versus
458 2925 706 2975 errores,
754 2928 982 2982 quorum
1025 2923 1215 2971 auctor
1257 2915 1623 2986 Apollinarius
1660 2918 1820 2989 vulgo

216 3003 581 3059 existimatur.
608 3005 855 3078 Namque
881 3023 911 3061 a
940 3025 1089 3064 num.
1114 3011 1181 3067 15
1206 3026 1377 3082 nsque
1404 3012 1470 3068 ad
1500 3012 1593 3079 25,
1626 3029 1821 3084 magno

215 3098 401 3153 studio
426 3097 753 3165 defenditur,
783 3099 1053 3158 Christum
1100 3120 1287 3160 verum
1328 3116 1395 3160 ac
1440 3115 1609 3162 totum
1647 3107 1824 3162 homi-

1922 1893 2061 1949 narii
2100 1893 2377 1949 suscitavit
2413 1907 2664 1959 errores;
2696 1895 2765 1947 ita
2791 1893 3184 1964 Apollinarium
3213 1894 3282 1949 ab
3306 1892 3523 1950 Arianis

1922 2002 2212 2057 pravarum
2262 1986 2575 2055 opinionum
2624 1985 2831 2042 semina
2861 1984 3149 2055 collegisse
3186 1994 3241 2040 et
3285 1984 3529 2040 dissemi-

1925 2093 2122 2144 nasse;
2176 2094 2275 2134 nec
2301 2078 2525 2149 proinde
2552 2094 2735 2134 earum
2771 2088 2877 2133 tant
2909 2090 3186 2133 auctorem
3216 2076 3523 2134 habendum

1925 2184 2067 2238 esse,
2091 2186 2251 2241 quam
2284 2169 2568 2226 fautorem.
2601 2170 2656 2226 Si
2686 2171 2771 2226 cui
2802 2169 2977 2226 adhuc
3002 2170 3151 2226 dubii
3193 2170 3394 2242 aliquid
3435 2185 3527 2225 su-

1924 2265 2128 2335 persit,
2172 2279 2239 2317 an
2288 2263 2426 2318 liber
2454 2263 2699 2319 decimus
2740 2263 2998 2320 adversus
3027 2263 3259 2318 Arianos
3294 2262 3528 2334 scriptus

1923 2359 2013 2424 sit,
2046 2373 2255 2425 necne;
2299 2358 2588 2428 ipsutnmet
2610 2359 2805 2414 librum
2831 2356 3103 2425 consulat,
3128 2371 3331 2428 eosque
3352 2358 3521 2428 ipsos,

1921 2450 2119 2521 quibus
2164 2451 2218 2505 in
2261 2451 2632 2521 superioribus
2672 2450 2869 2507 libellis
2895 2465 3218 2521 responsum
3256 2449 3347 2517 sit,
3376 2449 3430 2505 itt
3459 2465 3527 2506 eo

1922 2544 2142 2600 refutari
2173 2544 2378 2610 audiet,
2408 2560 2531 2601 cum
2581 2545 2682 2600 hoc
2727 2554 2905 2600 tamen
2955 2554 3420 2614 temperamento,
3470 2554 3531 2599 ut

1919 2652 2030 2691 non
2072 2636 2179 2706 jam
2225 2636 2369 2707 quod
2415 2651 2607 2693 omnes
2654 2636 2896 2692 unanimi
2934 2651 3223 2705 consensu,
3257 2634 3353 2692 sed
3381 2636 3525 2707 quod

1924 2731 2155 2801 plerique
2179 2746 2355 2785 eorum
2388 2731 2582 2794 volunt,
2615 2731 2939 2786 excutiatur.

1994 2824 2137 2880 XXI.
2171 2824 2317 2894 Opus
2343 2824 2440 2879 hoc
2462 2826 2517 2879 in
2541 2825 2721 2880 exsilio
2754 2823 2943 2879 Hilarii
2961 2823 3518 2893 conscriptum—Sed

1921 2920 2049 2988 quid
2082 2917 2392 2973 moramur?
2415 2912 2537 2973 Hoc
2563 2917 2749 2972 Hilarii
2786 2932 2924 2987 opus
2964 2918 3017 2971 in
3049 2916 3247 2972 exsilio
3268 2916 3413 2971 illius
3441 2916 3525 2971 lu-

1922 3010 2446 3077 cubratum.antiqui
2470 3025 2600 3065 mss.
2623 3010 2780 3066 fidem
2804 3010 3027 3077 iaciunt,
3052 3011 3166 3081 ipse
3194 3009 3286 3064 lib.
3312 3025 3367 3075 x,
3384 3025 3438 3063 ιι.
3468 3010 3525 3075 4,

1923 3103 2202 3174 conceptis
2251 3104 2430 3159 verbis
2485 3113 2710 3158 testatur
2738 3120 2751 3155 :
2779 3103 3025 3174 adeoque
3074 3105 3377 3159 conlectum
3400 3101 3519 3158 fue-

218 3207 345 3246 nem
377 3206 442 3247 ex
476 3192 654 3247 anima
702 3201 758 3249 et
802 3209 1034 3266 corpore
1086 3196 1380 3266 perfectum
1430 3201 1819 3269 aSsumpsisse;
1851 3190 1896 3253 C
1929 3198 2001 3253 rit
2052 3212 2274 3252 necesse
2306 3208 2392 3252 est
2427 3205 2551 3251 ante
2585 3211 2782 3251 annum
2812 3196 2938 3260 560,
2968 3213 3075 3268 quo
3100 3198 3291 3267 patrias
3309 3212 3372 3253 ac
3391 3213 3524 3268 pro-

218 3283 492 3355 simulque
521 3301 711 3342 eorum
744 3287 1009 3345 refellitur
1046 3290 1268 3361 opinio,
1312 3292 1401 3363 qui
1433 3292 1684 3349 eumdem
1721 3294 1826 3348 Do-

223 3380 430 3435 minutn
460 3392 699 3439 nostrum
745 3399 850 3440 non
883 3385 1043 3439 modo
1070 3400 1305 3450 carnem,
1342 3386 1436 3441 sed
1489 3395 1545 3443 et
1590 3387 1821 3442 animam

221 3472 289 3526 ab
319 3473 489 3527 Adam
521 3487 866 3547 prOpagatam
907 3479 1214 3546 suscepiSse
1247 3478 1593 3534 arbitrantur.
1620 3478 1823 3551 Imper-

224 3565 423 3621 fectum
457 3578 635 3624 autetn
664 3568 937 3625 hominem
961 3612 975 3636 ,
1010 3580 1065 3625 ttt
1095 3572 1304 3641 ignorat
1329 3587 1518 3638 nemo,
1548 3588 1576 3626 a
1606 3571 1824 3629 Christo

224 3669 539 3730 susceptum
569 3662 900 3733 prasdicabat
936 3662 1342 3736 Apollinarius:
1377 3666 1468 3735 qui
1516 3666 1678 3720 etiam
1704 3707 1719 3732 ,
1769 3675 1826 3721 ttt

224 3753 510 3809 Nemesius
547 3770 667 3825 cap.
695 3755 759 3823 2,
797 3757 947 3812 testis
991 3768 1067 3812 est
1091 3798 1107 3823 ,
1144 3758 1488 3813 existimabat
1526 3760 1725 3814 animos
1758 3759 1821 3814 ab

223 3844 518 3903 Itominibus
564 3849 729 3922 gigni,
765 3858 821 3902 ut
871 3867 903 3904 a
940 3850 1238 3922 corporibus
1287 3867 1545 3919 corpora;
1584 3852 1824 3924 progredi

224 3940 363 3996 enim
390 3948 445 3994 ut
476 3943 895 4014 propagationem
924 3944 1078 4011 primi
1104 3941 1324 3997 hominis
1352 3945 1404 3998 in
1441 3961 1613 3999 omnes
1637 3946 1723 4015 qui
1760 3961 1826 4000 ea:

223 4034 317 4089 illo
362 4046 695 4106 generantur.
746 4035 902 4092 Unde
955 4036 1201 4091 Monachi
1252 4037 1320 4089 ah
1371 4037 1708 4107 Apollinario
1755 4038 1823 4092 ad

225 4128 654 4183 Alexandrinum
686 4128 973 4184 concilium
1029 4130 1215 4195 missi,
1248 4140 1306 4184 ut
1344 4146 1374 4183 a
1426 4131 1825 4197 snSpicionibus

224 4223 419 4292 quibus
449 4222 738 4290 adspersus
778 4230 896 4277 erat.
937 4237 997 4277 se
1027 4232 1316 4292 purgaret,
1351 4222 1666 4290 proﬁtentes
1702 4220 1829 4276 Ver-

224 4312 343 4367 bum
376 4331 439 4369 ea:
463 4313 635 4369 Maria
666 4314 923 4369 hominem
948 4332 1057 4370 esse
1084 4315 1311 4386 genitum
1347 4315 1534 4385 (Apud
1586 4317 1825 4371 Athana-

225 4408 368 4463 sium
398 4409 559 4479 epist.
593 4409 658 4462 ad
687 4408 985 4476 Antioch.),
1019 4423 1124 4463 non
1156 4408 1273 4463 sine
1302 4423 1463 4463 causa
1483 4407 1720 4479 adjicere
1747 4408 1827 4464 vi-

226 4498 447 4566 dentur,
479 4511 729 4570 quantum
749 4500 818 4555 ad
847 4518 1051 4555 carnem
1080 4501 1293 4568 attinet,
1321 4516 1388 4557 ne
1422 4501 1671 4557 videlicet
1703 4516 1826 4557 sus-

1930 3289 2062 3358 prite
2087 3288 2331 3343 ecclesiae
2377 3285 2619 3343 redditus
2653 3295 2768 3355 est,
2820 3297 2874 3343 et
2903 3286 3126 3357 perinde
3152 3296 3281 3344 ante
3308 3297 3527 3343 exortas

1928 3379 2226 3435 Macedonii
2247 3389 2339 3433 aut
2362 3379 2680 3449 Apollinarii
2717 3379 2971 3435 haereses.
2996 3378 3158 3436 Certe
3185 3381 3238 3435 in
3266 3380 3439 3451 patria
3464 3394 3528 3434 ac

1930 3472 2146 3545 propria
2173 3472 2401 3529 ecclesia
2420 3515 2435 3540 ,
2464 3474 2710 3544 quamvis
2738 3473 2940 3543 absuue
2965 3473 3140 3530 exsilii
3174 3474 3526 3545 indulgentia,

1925 3565 2035 3636 jam
2065 3567 2299 3621 manenti
2334 3581 2437 3620 non
2461 3576 2764 3636 congruunt
2811 3564 2928 3621 luce
2957 3566 3080 3622 libri
3126 3582 3156 3620 x
3192 3566 3352 3622 verba
3382 3583 3396 3621 :
3421 3564 3526 3619 Lo-

1927 3674 2141 3729 quentur
2162 3656 2364 3712 exsules
2386 3675 2474 3727 per
2494 3657 2588 3712 Itos
2610 3657 2764 3713 libros
2788 3675 2807 3712 .'
2829 3666 2876 3713 et
2900 3674 3066 3713 sermo
3096 3657 3210 3725 Dei,
3234 3659 3321 3729 qui
3342 3659 3529 3713 vinciri

1928 3765 2032 3803 non
2060 3758 2244 3821 potest,
2278 3748 2406 3803 liber
2435 3758 2688 3804 excurret.
2719 3747 2792 3805 Ut
2817 3751 2961 3804 enim
2993 3751 3128 3816 haec,
3173 3749 3529 3820 quemadmo-

1927 3839 2056 3896 dum
2097 3842 2209 3896 vult
2241 3856 2346 3895 non
2395 3856 2576 3906 nemo,
2610 3856 2731 3896 eum
2763 3841 3001 3896 nondum
3030 3841 3304 3904 exsulem,
3339 3841 3433 3895 sed
3461 3840 3528 3895 ad

1928 3932 2178 3989 exsilium
2237 3934 2421 3989 animo
2475 3934 2753 3989 dumtaxat
2806 3943 3049 4003 paratum
3099 3948 3164 3988 ac
3218 3944 3524 4002 promptum

1929 4024 2131 4081 dixisse
2177 4026 2259 4079 vel
2310 4026 2593 4092 scripsisse
2652 4024 3052 4095 intelligamus,
3101 4024 3206 4078 alia
3248 4039 3371 4095 quae
3420 4025 3527 4081 illis

1931 4119 2174 4187 proxime
2199 4116 2474 4171 cohaerent
2506 4130 2611 4170 non
2642 4116 2975 4184 permittunt.
3006 4115 3125 4184 Quo
3146 4124 3325 4171 autem
3351 4115 3530 4171 exsilii

1930 4224 2073 4263 anno
2114 4209 2350 4263 animum
2400 4206 2464 4261 ad
2508 4206 2609 4262 hoc
2654 4222 2789 4275 opus
2835 4206 3123 4278 appulerit,
3157 4220 3266 4261 non
3295 4215 3527 4262 constat.

1931 4299 2057 4356 Veri
2090 4308 2275 4356 tamen
2303 4298 2639 4355 simillimum
2667 4307 2751 4355 est
2770 4313 2893 4355 eum
2922 4314 3028 4354 non
3059 4298 3360 4368 distulisse,
3399 4299 3528 4371 quin

1930 4393 2062 4450 illud
2085 4394 2409 4464 susciperet.

2004 4488 2173 4546 XXII.
2203 4488 2331 4544 Tres
2358 4489 2512 4560 primi
2540 4489 2656 4543 libri
2682 4488 2878 4559 pridem
2904 4496 3023 4544 ante
3060 4497 3270 4545 crateres
3289 4487 3532 4544 absoluti.

227 4591 371 4661 picio
404 4592 742 4659 relinquatur
762 4634 776 4658 ,
811 4608 907 4648 eos
946 4591 1218 4647 Christum
1246 4608 1311 4647 ex
1339 4592 1500 4647 Maria
1532 4594 1828 4650 secundum
1855 4579 1914 4664 Ῑ),
1934 4614 2004 4627 -·
2032 4586 2110 4640 EX
2136 4585 2291 4640 ίηίιίο
2318 4583 2498 4655 quarti
2529 4582 2649 4639 “bri
2675 4583 3019 4651 Perspicuum
3050 4593 3155 4644 εει·
3188 4591 3298 4638 11³0³
3329 4584 3535 4652 Primos

227 4687 463 4740 animam
488 4687 727 4757 genitum
753 4686 979 4741 sentire.
1009 4686 1086 4740 Ex
1111 4684 1302 4741 eodem
1337 4686 1566 4740 concilio
1593 4687 1831 4741 Alexan-

228 4780 388 4834 drino
418 4788 661 4850 apparet,
686 4779 1075 4850 Apollinarium
1110 4778 1476 4833 insimulatum
1505 4794 1652 4845 esse,
1686 4780 1831 4849 quod

232 4872 469 4928 Verbum
505 4873 714 4927 Domini
741 4882 791 4926 ιιι
821 4873 873 4927 in
898 4872 1175 4942 prophetis
1198 4914 1214 4939 ,
1245 4873 1316 4926 ita
1347 4881 1401 4927 et
1433 4873 1484 4926 in
1509 4871 1635 4926 Jesu
1666 4871 1831 4928 fuisse

226 4967 502 5020 crederet.
535 4965 659 5020 litae
687 4980 850 5037 porro
879 4965 1061 5034 Opinio
1087 4966 1249 5019 etiam
1284 4972 1500 5019 notatur
1542 4973 1598 5019 et
1632 4964 1829 5034 explo-

227 5056 379 5112 ditur
425 5057 682 5126 pra-dieto
713 5074 766 5111 n.
797 5056 861 5111 21
897 5055 1018 5111 libri
1049 5072 1080 5110 x
1106 5097 1121 5121 ,
1160 5070 1266 5125 quo
1314 5056 1572 5124 deinceps
1617 5070 1713 5125 per
1742 5063 1827 5111 to-

228 5157 344 5203 tum
374 5149 720 5202 confutantur
751 5156 861 5202 tum
892 5146 1052 5202 iidem
1083 5146 1159 5201 illi
1188 5160 1422 5210 errores,
1448 5154 1560 5200 tum
1591 5147 1831 5202 maxime

228 5240 481 5312 impietas
510 5257 720 5309 eorum,
748 5240 838 5313 qui
866 5240 1135 5295 Christum
1179 5241 1229 5295 itt
1260 5254 1356 5296 sua
1396 5239 1677 5294 divinitate
1709 5253 1832 5309 pas-

227 5352 352 5390 sum
398 5351 520 5391 esse
561 5335 894 5391 asserebant.
927 5333 1070 5390 Nihil
1117 5343 1296 5389 autem
1336 5332 1477 5402 apud
1509 5332 1745 5388 Leonem
1772 5340 1830 5388 et

228 5428 369 5481 alios
399 5425 586 5482 Patres
614 5427 937 5492 solemnius,
966 5440 1125 5497 quant
1173 5434 1232 5479 ut.
1267 5423 1668 5496 Apollinaristis
1713 5421 1830 5480 hac

229 5518 482 5586 impietas
509 5519 850 5576 attribuatur.

301 5612 427 5670 XX.
458 5612 705 5669 Errorum
733 5612 1024 5668 earumdem
1053 5620 1282 5667 auctores
1313 5610 1486 5665 Ariani
1507 5610 1561 5663 in
1591 5625 1649 5664 eo
1672 5609 1817 5681 refeb

230 5708 416 5764 lantur
449 5705 562 5762 --Α
604 5721 694 5774 pte
718 5717 896 5761 tamen
926 5704 1196 5760 al‘lirmare
1228 5704 1420 5770 liceat,
1454 5702 1658 5757 nullum
1688 5700 1835 5757 Hila-

233 5801 320 5855 rio
353 5802 404 5857 in
436 5800 489 5854 hi
544 5780 694 5855 libris
723 5813 846 5855 cum
895 5795 1230 5869 Apollinario
1273 5794 1578 5852 conﬂictum
1628 5793 1795 5852 fuisse
1819 5833 1835 5860 ,

1938 4680 2133 4750 pridem
2177 4687 2303 4734 ante
2346 4678 2736 4748 subsequentes
2783 4677 2950 4733 fuisse
2977 4677 3275 4733 absolutos.
3316 4676 3534 4732 Photini

1936 4782 2114 4826 autem
2142 4771 2393 4826 haeresim
2426 4782 2550 4824 tunc
2578 4769 2840 4835 temporis
2865 4769 3071 4825 Hilario
3091 4770 3327 4825 nondum
3352 4778 3535 4824 notam

1934 4864 2104 4921 fuisse
2131 4864 2257 4920 hinc
2279 4863 2640 4934 suspicamur,
2669 4862 2814 4933 quod
2845 4870 3210 4919 commentum
3243 4877 3273 4916 a
3302 4863 3534 4918 Photino

1937 4958 2251 5012 suscitatam
2300 4956 2437 5011 libro
2481 4973 2520 5023 ι,
2570 4956 2636 5011 ad
2668 4964 3042 5026 argumentum
3073 4955 3193 5012 libri
3219 4969 3294 5010 vu
3341 4968 3539 5025 propo-

1939 5066 2094 5115 nens,
2138 5065 2203 5106 ac
2232 5050 2324 5105 lib.
2368 5065 2427 5117 tt,
2462 5066 2515 5105 n.
2541 5050 2632 5113 25,
2666 5050 2952 5114 refellens,
3010 5050 3076 5103 de
3118 5049 3221 5104 hoc
3248 5048 3536 5118 utrobique

1937 5138 2047 5208 agit
2078 5136 2522 5196 unius_Hebionis
2549 5137 2788 5202 nomine,
2821 5152 2928 5192 non
2950 5134 3173 5192 Pbotini
3198 5152 3214 5191 :
3242 5134 3421 5205 cujus,
3452 5142 3540 5190 ut-

1937 5238 2066 5301 pote
2091 5230 2432 5296 recentioris,
2462 5239 2517 5284 et
2546 5228 2766 5299 perinde
2798 5228 3129 5285 ttoceutioris
3154 5270 3168 5292 ,
3213 5242 3408 5283 nomen
3439 5240 3538 5296 po-

1940 5325 2044 5380 tius
2071 5324 2483 5394 exprimendum
2508 5333 2645 5391 erat,
2672 5340 2840 5395 quam
2874 5322 3149 5379 Hebionis.
3178 5321 3378 5377 Contra
3407 5335 3539 5376 vero

1939 5419 2078 5475 libro
2128 5434 2223 5486 vn,
2267 5419 2378 5490 jam
2431 5419 2642 5475 doctior
2692 5417 2882 5484 lactus,
2922 5425 3331 5489 argumentum,
3388 5414 3537 5487 quod

1938 5511 2077 5567 libro
2093 5512 2378 5570 tadversus
2398 5512 2693 5570 Hebionem
2712 5511 2811 5568 sibi
2827 5516 3202 5580 preposuerat,
3219 5508 3293 5563 ita
3306 5508 3540 5578 prudens

1940 5605 1995 5661 in
2027 5605 2308 5661 Photinum
2337 5613 2635 5677 retorquet,
2667 5613 2727 5659 ut
2756 5618 2824 5659 ne
2855 5600 3115 5673 prepositi
3144 5600 3431 5657 immemor
3460 5600 3539 5656 vi-

1942 5700 2166 5766 deatur,
2214 5714 2271 5754 ιι.
2303 5699 2339 5757 ὅ
2367 5709 2422 5757 et
2462 5698 2518 5766 7,
2551 5695 2800 5755 consulto
2842 5702 3053 5766 repetat
3096 5692 3394 5755 Hebionem
3419 5706 3543 5751 esse

1945 5793 2253 5851 Photinum.
3528 5795 3534 5800 ’
