  <div class='ocr_page' id='page_1' title='image "/cluster/home/n/w/nwhite01/storage/ocr_20150623/10/hvd.32044015471279/015.png"; bbox 0 0 4040 6328; ppageno 0'>
   <div class='ocr_carea' id='block_1_1' title="bbox 501 261 2092 340">
    <p class='ocr_par' dir='ltr' id='par_1_1' title="bbox 501 261 2092 332">
     <span class='ocr_line' id='line_1_1' title="bbox 501 261 2092 332; baseline 0.009 -14"><span class='ocrx_word' id='word_1_1' title='bbox 501 261 572 319; x_wconf 72' lang='lat' dir='ltr'><strong>l9</strong></span> <span class='ocrx_word' id='word_1_2' title='bbox 1689 274 1751 328; x_wconf 79' lang='lat' dir='ltr'><strong>IN</strong></span> <span class='ocrx_word' id='word_1_3' title='bbox 1793 274 2036 332; x_wconf 71' lang='lat' dir='ltr'><strong>LIBROS</strong></span> <span class='ocrx_word' id='word_1_4' title='bbox 2076 276 2092 332; x_wconf 87' lang='lat' dir='ltr'><strong>I</strong></span> 
     </span>
    </p>
   </div>
   <div class='ocr_carea' id='block_1_2' title="bbox 2198 261 2583 340">
    <p class='ocr_par' dir='ltr' id='par_1_2' title="bbox 2209 276 2583 340">
     <span class='ocr_line' id='line_1_2' title="bbox 2209 276 2583 340; baseline 0.016 -6"><span class='ocrx_word' id='word_1_5' title='bbox 2209 276 2583 340; x_wconf 72' lang='grc' dir='ltr'><strong>ΤΜΝΙΤΛΤΕ</strong></span> 
     </span>
    </p>
   </div>
   <div class='ocr_carea' id='block_1_3' title="bbox 3704 264 3813 367">
    <p class='ocr_par' dir='ltr' id='par_1_3' title="bbox 3704 264 3813 367">
     <span class='ocr_line' id='line_1_3' title="bbox 3704 264 3813 367; baseline 0.028 -3"><span class='ocrx_word' id='word_1_6' title='bbox 3704 264 3813 367; x_wconf 60' lang='grc' dir='ltr'><strong>ἐυ</strong></span> 
     </span>
    </p>
   </div>
   <div class='ocr_carea' id='block_1_4' title="bbox 579 375 3820 479">
    <p class='ocr_par' dir='ltr' id='par_1_4' title="bbox 579 375 3820 479">
     <span class='ocr_line' id='line_1_4' title="bbox 579 375 3820 479; baseline 0.015 -48"><span class='ocrx_word' id='word_1_7' title='bbox 579 375 768 433; x_wconf 83' lang='lat' dir='ltr'><strong>XXIII.</strong></span> <span class='ocrx_word' id='word_1_8' title='bbox 804 376 925 434; x_wconf 83' lang='lat' dir='ltr'><strong>Non</strong></span> <span class='ocrx_word' id='word_1_9' title='bbox 950 379 1087 435; x_wconf 83' lang='lat' dir='ltr'><strong>deest</strong></span> <span class='ocrx_word' id='word_1_10' title='bbox 1107 383 1244 438; x_wconf 73' lang='lat' dir='ltr'><strong>unde</strong></span> <span class='ocrx_word' id='word_1_11' title='bbox 1273 385 1472 456; x_wconf 74' lang='lat' dir='ltr'><strong>primus</strong></span> <span class='ocrx_word' id='word_1_12' title='bbox 1510 396 1716 455; x_wconf 78' lang='lat' dir='ltr'><strong>putetur</strong></span> <span class='ocrx_word' id='word_1_13' title='bbox 1742 392 1984 459; x_wconf 72' lang='lat' dir='ltr'><strong>scriptus,</strong></span> <span class='ocrx_word' id='word_1_14' title='bbox 2016 395 2106 464; x_wconf 71' lang='lat' dir='ltr'><strong>qui</strong></span> <span class='ocrx_word' id='word_1_15' title='bbox 2131 397 2183 458; x_wconf 61' lang='grc' dir='ltr'><strong>Α</strong></span> <span class='ocrx_word' id='word_1_16' title='bbox 2209 396 2366 461; x_wconf 84' lang='lat' dir='ltr'><strong>dicis,</strong></span> <span class='ocrx_word' id='word_1_17' title='bbox 2413 410 2571 470; x_wconf 84' lang='lat' dir='ltr'><strong>quem</strong></span> <span class='ocrx_word' id='word_1_18' title='bbox 2606 402 2658 457; x_wconf 89' lang='lat' dir='ltr'><strong>in</strong></span> <span class='ocrx_word' id='word_1_19' title='bbox 2706 406 3127 478; x_wconf 75' lang='lat' dir='ltr'><strong>Aquisgr‘anensi</strong></span> <span class='ocrx_word' id='word_1_20' title='bbox 3164 410 3487 474; x_wconf 85' lang='lat' dir='ltr'><strong>bibliotheca</strong></span> <span class='ocrx_word' id='word_1_21' title='bbox 3539 416 3606 477; x_wconf 88' lang='lat' dir='ltr'><strong>ab</strong></span> <span class='ocrx_word' id='word_1_22' title='bbox 3646 414 3820 479; x_wconf 55' lang='lat' dir='ltr'><strong>llius.</strong></span> 
     </span>
    </p>
   </div>
   <div class='ocr_carea' id='block_1_5' title="bbox 507 471 2102 555">
    <p class='ocr_par' dir='ltr' id='par_1_5' title="bbox 507 471 2102 555">
     <span class='ocr_line' id='line_1_5' title="bbox 507 471 2102 555; baseline 0.012 -32"><span class='ocrx_word' id='word_1_23' title='bbox 507 471 706 540; x_wconf 80' lang='lat' dir='ltr'><strong>primus</strong></span> <span class='ocrx_word' id='word_1_24' title='bbox 732 481 829 526; x_wconf 87' lang='lat' dir='ltr'><strong>est.</strong></span> <span class='ocrx_word' id='word_1_25' title='bbox 856 501 931 514; x_wconf 89' lang='lat'><strong><em>—</em></strong></span> <span class='ocrx_word' id='word_1_26' title='bbox 954 473 1062 529; x_wconf 85' lang='lat' dir='ltr'><strong>Hac</strong></span> <span class='ocrx_word' id='word_1_27' title='bbox 1083 475 1291 532; x_wconf 79' lang='lat' dir='ltr'><strong>ratione</strong></span> <span class='ocrx_word' id='word_1_28' title='bbox 1319 478 1562 535; x_wconf 80' lang='lat' dir='ltr'><strong>nonnihil</strong></span> <span class='ocrx_word' id='word_1_29' title='bbox 1593 482 1963 553; x_wconf 80' lang='lat' dir='ltr'><strong>prohibemur,</strong></span> <span class='ocrx_word' id='word_1_30' title='bbox 1994 501 2102 555; x_wconf 79' lang='lat' dir='ltr'><strong>quo</strong></span> 
     </span>
    </p>
   </div>
   <div class='ocr_carea' id='block_1_6' title="bbox 506 561 2105 640">
    <p class='ocr_par' dir='ltr' id='par_1_6' title="bbox 506 561 2105 640">
     <span class='ocr_line' id='line_1_6' title="bbox 506 561 2105 640; baseline 0.013 -25"><span class='ocrx_word' id='word_1_31' title='bbox 506 561 687 617; x_wconf 85' lang='lat' dir='ltr'><strong>minus</strong></span> <span class='ocrx_word' id='word_1_32' title='bbox 707 562 1107 619; x_wconf 78' lang='lat' dir='ltr'><strong>subscribamus</strong></span> <span class='ocrx_word' id='word_1_33' title='bbox 1128 565 1372 630; x_wconf 80' lang='lat' dir='ltr'><strong>Erasmo,</strong></span> <span class='ocrx_word' id='word_1_34' title='bbox 1397 570 1489 640; x_wconf 87' lang='lat' dir='ltr'><strong>qui</strong></span> <span class='ocrx_word' id='word_1_35' title='bbox 1507 569 1724 639; x_wconf 80' lang='lat' dir='ltr'><strong>librant,</strong></span> <span class='ocrx_word' id='word_1_36' title='bbox 1747 590 1889 631; x_wconf 88' lang='lat' dir='ltr'><strong>nunc</strong></span> <span class='ocrx_word' id='word_1_37' title='bbox 1910 577 2105 635; x_wconf 78' lang='lat' dir='ltr'><strong>ordine</strong></span> 
     </span>
    </p>
   </div>
   <div class='ocr_carea' id='block_1_7' title="bbox 504 657 2104 744">
    <p class='ocr_par' dir='ltr' id='par_1_7' title="bbox 504 657 2104 744">
     <span class='ocr_line' id='line_1_7' title="bbox 504 657 2104 744; baseline 0.012 -33"><span class='ocrx_word' id='word_1_38' title='bbox 504 658 761 727; x_wconf 83' lang='lat' dir='ltr'><strong>primum,</strong></span> <span class='ocrx_word' id='word_1_39' title='bbox 806 657 1010 713; x_wconf 87' lang='lat' dir='ltr'><strong>auctori</strong></span> <span class='ocrx_word' id='word_1_40' title='bbox 1051 670 1379 729; x_wconf 88' lang='lat' dir='ltr'><strong>postremum</strong></span> <span class='ocrx_word' id='word_1_41' title='bbox 1413 668 1627 723; x_wconf 83' lang='lat' dir='ltr'><strong>nemine</strong></span> <span class='ocrx_word' id='word_1_42' title='bbox 1657 667 1918 729; x_wconf 78' lang='lat' dir='ltr'><strong>hactenus</strong></span> <span class='ocrx_word' id='word_1_43' title='bbox 1944 688 2104 744; x_wconf 55' lang='lat' dir='ltr'><strong>repu»</strong></span> 
     </span>
    </p>
   </div>
   <div class='ocr_carea' id='block_1_8' title="bbox 502 751 2104 831">
    <p class='ocr_par' dir='ltr' id='par_1_8' title="bbox 502 751 2104 831">
     <span class='ocr_line' id='line_1_8' title="bbox 502 751 2104 831; baseline 0.014 -30"><span class='ocrx_word' id='word_1_44' title='bbox 502 758 701 820; x_wconf 76' lang='lat' dir='ltr'><strong>gnante</strong></span> <span class='ocrx_word' id='word_1_45' title='bbox 722 751 973 806; x_wconf 65' lang='lat' dir='ltr'><strong>as~eruit.</strong></span> <span class='ocrx_word' id='word_1_46' title='bbox 1020 751 1200 810; x_wconf 81' lang='lat' dir='ltr'><strong>Movet</strong></span> <span class='ocrx_word' id='word_1_47' title='bbox 1238 770 1337 811; x_wconf 89' lang='lat' dir='ltr'><strong>nos</strong></span> <span class='ocrx_word' id='word_1_48' title='bbox 1363 766 1655 831; x_wconf 65' lang='lat' dir='ltr'><strong>praeterea,</strong></span> <span class='ocrx_word' id='word_1_49' title='bbox 1698 763 1840 831; x_wconf 77' lang='lat' dir='ltr'><strong>quod</strong></span> <span class='ocrx_word' id='word_1_50' title='bbox 1871 764 2104 824; x_wconf 76' lang='lat' dir='ltr'><strong>Hilarius</strong></span> 
     </span>
    </p>
   </div>
   <div class='ocr_carea' id='block_1_9' title="bbox 503 842 2099 927">
    <p class='ocr_par' dir='ltr' id='par_1_9' title="bbox 503 842 2099 927">
     <span class='ocr_line' id='line_1_9' title="bbox 503 842 2099 927; baseline 0.012 -31"><span class='ocrx_word' id='word_1_51' title='bbox 503 842 620 911; x_wconf 88' lang='lat' dir='ltr'><strong>ipse</strong></span> <span class='ocrx_word' id='word_1_52' title='bbox 650 844 823 913; x_wconf 85' lang='lat' dir='ltr'><strong>quarti</strong></span> <span class='ocrx_word' id='word_1_53' title='bbox 850 843 972 899; x_wconf 90' lang='lat' dir='ltr'><strong>libri</strong></span> <span class='ocrx_word' id='word_1_54' title='bbox 1005 846 1155 901; x_wconf 92' lang='lat' dir='ltr'><strong>initio</strong></span> <span class='ocrx_word' id='word_1_55' title='bbox 1184 854 1432 913; x_wconf 82' lang='lat' dir='ltr'><strong>testetur,</strong></span> <span class='ocrx_word' id='word_1_56' title='bbox 1460 866 1522 905; x_wconf 86' lang='lat' dir='ltr'><strong>se</strong></span> <span class='ocrx_word' id='word_1_57' title='bbox 1544 854 1848 913; x_wconf 73' lang='lat' dir='ltr'><strong>anteriores</strong></span> <span class='ocrx_word' id='word_1_58' title='bbox 1868 857 2099 927; x_wconf 90' lang='lat' dir='ltr'><strong>libellos,</strong></span> 
     </span>
    </p>
   </div>
   <div class='ocr_carea' id='block_1_10' title="bbox 499 934 2105 1014">
    <p class='ocr_par' dir='ltr' id='par_1_10' title="bbox 499 934 2105 1014">
     <span class='ocr_line' id='line_1_10' title="bbox 499 934 2105 1014; baseline 0.015 -27"><span class='ocrx_word' id='word_1_59' title='bbox 499 934 620 989; x_wconf 83' lang='lat' dir='ltr'><strong>sine</strong></span> <span class='ocrx_word' id='word_1_60' title='bbox 658 935 978 1006; x_wconf 78' lang='lat' dir='ltr'><strong>exceptione</strong></span> <span class='ocrx_word' id='word_1_61' title='bbox 1005 978 1022 1004; x_wconf 94' lang='lat'><strong>,</strong></span> <span class='ocrx_word' id='word_1_62' title='bbox 1079 938 1286 1009; x_wconf 81' lang='lat' dir='ltr'><strong>pridem</strong></span> <span class='ocrx_word' id='word_1_63' title='bbox 1335 944 1725 1014; x_wconf 61' lang='lat' dir='ltr'><strong>conscripsisse</strong></span> <span class='ocrx_word' id='word_1_64' title='bbox 1755 965 1768 1002; x_wconf 91' lang='lat'><strong>:</strong></span> <span class='ocrx_word' id='word_1_65' title='bbox 1801 964 1865 1004; x_wconf 87' lang='lat' dir='ltr'><strong>ac</strong></span> <span class='ocrx_word' id='word_1_66' title='bbox 1906 951 2105 1011; x_wconf 86' lang='lat' dir='ltr'><strong>deinde</strong></span> 
     </span>
    </p>
   </div>
   <div class='ocr_carea' id='block_1_11' title="bbox 500 1029 2104 1109">
    <p class='ocr_par' dir='ltr' id='par_1_11' title="bbox 500 1029 2104 1109">
     <span class='ocr_line' id='line_1_11' title="bbox 500 1029 2104 1109; baseline 0.014 -26"><span class='ocrx_word' id='word_1_67' title='bbox 500 1038 651 1084; x_wconf 86' lang='lat' dir='ltr'><strong>num.</strong></span> <span class='ocrx_word' id='word_1_68' title='bbox 701 1029 755 1093; x_wconf 58' lang='grc' dir='ltr'><strong>ἢ,</strong></span> <span class='ocrx_word' id='word_1_69' title='bbox 802 1042 992 1101; x_wconf 89' lang='lat' dir='ltr'><strong>aperte</strong></span> <span class='ocrx_word' id='word_1_70' title='bbox 1036 1033 1253 1099; x_wconf 88' lang='lat' dir='ltr'><strong>indicet,</strong></span> <span class='ocrx_word' id='word_1_71' title='bbox 1286 1038 1545 1107; x_wconf 88' lang='lat' dir='ltr'><strong>scriptum</strong></span> <span class='ocrx_word' id='word_1_72' title='bbox 1573 1040 1683 1109; x_wconf 86' lang='lat' dir='ltr'><strong>jam</strong></span> <span class='ocrx_word' id='word_1_73' title='bbox 1714 1042 1878 1101; x_wconf 88' lang='lat' dir='ltr'><strong>fuisse</strong></span> <span class='ocrx_word' id='word_1_74' title='bbox 1908 1046 2104 1105; x_wconf 84' lang='lat' dir='ltr'><strong>librum</strong></span> 
     </span>
    </p>
   </div>
   <div class='ocr_carea' id='block_1_12' title="bbox 501 1122 2102 1203">
    <p class='ocr_par' dir='ltr' id='par_1_12' title="bbox 501 1122 2102 1203">
     <span class='ocr_line' id='line_1_12' title="bbox 501 1122 2102 1203; baseline 0.013 -28"><span class='ocrx_word' id='word_1_75' title='bbox 501 1122 755 1191; x_wconf 87' lang='lat' dir='ltr'><strong>primum,</strong></span> <span class='ocrx_word' id='word_1_76' title='bbox 782 1136 905 1177; x_wconf 86' lang='lat' dir='ltr'><strong>cum</strong></span> <span class='ocrx_word' id='word_1_77' title='bbox 952 1123 1018 1177; x_wconf 88' lang='lat' dir='ltr'><strong>ad</strong></span> <span class='ocrx_word' id='word_1_78' title='bbox 1054 1135 1302 1195; x_wconf 85' lang='lat' dir='ltr'><strong>quartum</strong></span> <span class='ocrx_word' id='word_1_79' title='bbox 1335 1145 1525 1185; x_wconf 89' lang='lat' dir='ltr'><strong>manus</strong></span> <span class='ocrx_word' id='word_1_80' title='bbox 1560 1132 1829 1203; x_wconf 83' lang='lat' dir='ltr'><strong>admovit;</strong></span> <span class='ocrx_word' id='word_1_81' title='bbox 1857 1138 1937 1193; x_wconf 87' lang='lat' dir='ltr'><strong>sic</strong></span> <span class='ocrx_word' id='word_1_82' title='bbox 1959 1141 2102 1196; x_wconf 89' lang='lat' dir='ltr'><strong>enim</strong></span> 
     </span>
    </p>
   </div>
   <div class='ocr_carea' id='block_1_13' title="bbox 503 1212 2102 1300">
    <p class='ocr_par' dir='ltr' id='par_1_13' title="bbox 503 1212 2102 1300">
     <span class='ocr_line' id='line_1_13' title="bbox 503 1212 2102 1300; baseline 0.015 -35"><span class='ocrx_word' id='word_1_83' title='bbox 503 1212 664 1268; x_wconf 87' lang='lat' dir='ltr'><strong>habet</strong></span> <span class='ocrx_word' id='word_1_84' title='bbox 698 1231 711 1266; x_wconf 86' lang='lat'><strong>:</strong></span> <span class='ocrx_word' id='word_1_85' title='bbox 744 1214 905 1283; x_wconf 79' lang='lat' dir='ltr'><strong>Atque</strong></span> <span class='ocrx_word' id='word_1_86' title='bbox 934 1215 1042 1270; x_wconf 67' lang='lat' dir='ltr'><strong>hinc</strong></span> <span class='ocrx_word' id='word_1_87' title='bbox 1071 1216 1201 1272; x_wconf 79' lang='lat' dir='ltr'><strong>sicut</strong></span> <span class='ocrx_word' id='word_1_88' title='bbox 1232 1234 1397 1276; x_wconf 74' lang='lat' dir='ltr'><strong>PRIIO</strong></span> <span class='ocrx_word' id='word_1_89' title='bbox 1437 1238 1661 1281; x_wconf 78' lang='lat' dir='ltr'><strong>LissLLo</strong></span> <span class='ocrx_word' id='word_1_90' title='bbox 1690 1229 1860 1283; x_wconf 75' lang='lat' dir='ltr'><strong>testati</strong></span> <span class='ocrx_word' id='word_1_91' title='bbox 1888 1246 2062 1288; x_wconf 78' lang='lat' dir='ltr'><strong>sumus</strong></span> <span class='ocrx_word' id='word_1_92' title='bbox 2085 1274 2102 1300; x_wconf 90' lang='lat'><strong>,</strong></span> 
     </span>
    </p>
   </div>
   <div class='ocr_carea' id='block_1_14' title="bbox 498 1307 2102 1389">
    <p class='ocr_par' dir='ltr' id='par_1_14' title="bbox 498 1307 2102 1389">
     <span class='ocr_line' id='line_1_14' title="bbox 498 1307 2102 1389; baseline 0.014 -31"><span class='ocrx_word' id='word_1_93' title='bbox 498 1321 636 1358; x_wconf 87' lang='lat' dir='ltr'><strong>nunc</strong></span> <span class='ocrx_word' id='word_1_94' title='bbox 656 1321 858 1377; x_wconf 73' lang='lat' dir='ltr'><strong>quoque</strong></span> <span class='ocrx_word' id='word_1_95' title='bbox 883 1307 1077 1363; x_wconf 88' lang='lat' dir='ltr'><strong>idcirco</strong></span> <span class='ocrx_word' id='word_1_96' title='bbox 1113 1327 1147 1364; x_wconf 77' lang='grc' dir='ltr'><em>α</em></span> <span class='ocrx_word' id='word_1_97' title='bbox 1192 1311 1340 1367; x_wconf 87' lang='lat' dir='ltr'><strong>nobis</strong></span> <span class='ocrx_word' id='word_1_98' title='bbox 1390 1330 1788 1374; x_wconf 75' lang='lat' dir='ltr'><strong>commemorata</strong></span> <span class='ocrx_word' id='word_1_99' title='bbox 1826 1332 1968 1389; x_wconf 80' lang='lat' dir='ltr'><strong>sunt,</strong></span> <span class='ocrx_word' id='word_1_100' title='bbox 1994 1333 2102 1380; x_wconf 86' lang='lat' dir='ltr'><strong>etc.</strong></span> 
     </span>
    </p>
   </div>
   <div class='ocr_carea' id='block_1_15' title="bbox 500 1394 2104 1485">
    <p class='ocr_par' dir='ltr' id='par_1_15' title="bbox 500 1394 2104 1485">
     <span class='ocr_line' id='line_1_15' title="bbox 500 1394 2104 1485; baseline 0.013 -35"><span class='ocrx_word' id='word_1_101' title='bbox 500 1394 686 1467; x_wconf 82' lang='lat' dir='ltr'><strong>Neque</strong></span> <span class='ocrx_word' id='word_1_102' title='bbox 716 1397 887 1453; x_wconf 88' lang='lat' dir='ltr'><strong>solum</strong></span> <span class='ocrx_word' id='word_1_103' title='bbox 917 1399 1060 1454; x_wconf 87' lang='lat' dir='ltr'><strong>lihro</strong></span> <span class='ocrx_word' id='word_1_104' title='bbox 1095 1411 1309 1471; x_wconf 87' lang='lat' dir='ltr'><strong>quarto,</strong></span> <span class='ocrx_word' id='word_1_105' title='bbox 1342 1404 1439 1461; x_wconf 88' lang='lat' dir='ltr'><strong>sed</strong></span> <span class='ocrx_word' id='word_1_106' title='bbox 1467 1408 1633 1462; x_wconf 85' lang='lat' dir='ltr'><strong>etiam</strong></span> <span class='ocrx_word' id='word_1_107' title='bbox 1665 1426 1807 1466; x_wconf 91' lang='lat' dir='ltr'><strong>nono</strong></span> <span class='ocrx_word' id='word_1_108' title='bbox 1830 1428 1981 1468; x_wconf 92' lang='lat' dir='ltr'><strong>num.</strong></span> <span class='ocrx_word' id='word_1_109' title='bbox 2013 1414 2104 1485; x_wconf 81' lang='lat' dir='ltr'><strong>I0,</strong></span> 
     </span>
    </p>
   </div>
   <div class='ocr_carea' id='block_1_16' title="bbox 504 1490 2102 1566">
    <p class='ocr_par' dir='ltr' id='par_1_16' title="bbox 504 1490 2102 1566">
     <span class='ocr_line' id='line_1_16' title="bbox 504 1490 2102 1566; baseline 0.013 -22"><span class='ocrx_word' id='word_1_110' title='bbox 504 1490 556 1544; x_wconf 91' lang='lat' dir='ltr'><strong>in</strong></span> <span class='ocrx_word' id='word_1_111' title='bbox 589 1491 905 1546; x_wconf 81' lang='lat' dir='ltr'><strong>memoriam</strong></span> <span class='ocrx_word' id='word_1_112' title='bbox 952 1504 1170 1551; x_wconf 82' lang='lat' dir='ltr'><strong>revocat</strong></span> <span class='ocrx_word' id='word_1_113' title='bbox 1220 1513 1341 1566; x_wconf 66' lang='lat' dir='ltr'><strong>quae</strong></span> <span class='ocrx_word' id='word_1_114' title='bbox 1367 1498 1460 1554; x_wconf 86' lang='lat' dir='ltr'><strong>lib.</strong></span> <span class='ocrx_word' id='word_1_115' title='bbox 1494 1514 1513 1554; x_wconf 86' lang='grc' dir='ltr'><strong><em>ι</em></strong></span> <span class='ocrx_word' id='word_1_116' title='bbox 1554 1517 1583 1555; x_wconf 87' lang='lat' dir='ltr'><strong>a</strong></span> <span class='ocrx_word' id='word_1_117' title='bbox 1618 1517 1679 1559; x_wconf 89' lang='lat' dir='ltr'><strong>se</strong></span> <span class='ocrx_word' id='word_1_118' title='bbox 1723 1514 1951 1562; x_wconf 84' lang='lat' dir='ltr'><strong>tractata</strong></span> <span class='ocrx_word' id='word_1_119' title='bbox 1975 1508 2102 1565; x_wconf 81' lang='lat' dir='ltr'><strong>sint.</strong></span> 
     </span>
    </p>
   </div>
   <div class='ocr_carea' id='block_1_17' title="bbox 570 1581 2108 1658">
    <p class='ocr_par' dir='ltr' id='par_1_17' title="bbox 570 1581 2108 1658">
     <span class='ocr_line' id='line_1_17' title="bbox 570 1581 2108 1658; baseline 0.014 -22"><span class='ocrx_word' id='word_1_120' title='bbox 570 1581 763 1638; x_wconf 81' lang='lat' dir='ltr'><strong>XXIV.</strong></span> <span class='ocrx_word' id='word_1_121' title='bbox 795 1584 1045 1650; x_wconf 70' lang='lat' dir='ltr'><strong>Quadam</strong></span> <span class='ocrx_word' id='word_1_122' title='bbox 1065 1586 1186 1643; x_wconf 82' lang='lat' dir='ltr'><strong>inde</strong></span> <span class='ocrx_word' id='word_1_123' title='bbox 1211 1591 1528 1646; x_wconf 78' lang='lat' dir='ltr'><strong>consectaria</strong></span> <span class='ocrx_word' id='word_1_124' title='bbox 1566 1594 1636 1648; x_wconf 84' lang='lat' dir='ltr'><strong>ad</strong></span> <span class='ocrx_word' id='word_1_125' title='bbox 1657 1597 1861 1653; x_wconf 81' lang='lat' dir='ltr'><strong>laudent</strong></span> <span class='ocrx_word' id='word_1_126' title='bbox 1880 1602 2108 1658; x_wconf 84' lang='lat' dir='ltr'><strong>auctoris</strong></span> 
     </span>
    </p>
   </div>
   <div class='ocr_carea' id='block_1_18' title="bbox 498 1677 2105 1760">
    <p class='ocr_par' dir='ltr' id='par_1_18' title="bbox 498 1677 2105 1760">
     <span class='ocr_line' id='line_1_18' title="bbox 498 1677 2105 1760; baseline 0.015 -34"><span class='ocrx_word' id='word_1_127' title='bbox 498 1684 543 1727; x_wconf 87' lang='lat' dir='ltr'><strong>et</strong></span> <span class='ocrx_word' id='word_1_128' title='bbox 570 1684 767 1744; x_wconf 78' lang='lat' dir='ltr'><strong>tempus</strong></span> <span class='ocrx_word' id='word_1_129' title='bbox 789 1677 977 1748; x_wconf 79' lang='lat' dir='ltr'><strong>operis.</strong></span> <span class='ocrx_word' id='word_1_130' title='bbox 994 1678 1135 1735; x_wconf 90' lang='lat' dir='ltr'><strong>—Si</strong></span> <span class='ocrx_word' id='word_1_131' title='bbox 1163 1681 1290 1751; x_wconf 82' lang='lat' dir='ltr'><strong>quid</strong></span> <span class='ocrx_word' id='word_1_132' title='bbox 1314 1692 1494 1740; x_wconf 85' lang='lat' dir='ltr'><strong>autem</strong></span> <span class='ocrx_word' id='word_1_133' title='bbox 1525 1686 1650 1743; x_wconf 85' lang='lat' dir='ltr'><strong>inde</strong></span> <span class='ocrx_word' id='word_1_134' title='bbox 1678 1690 1983 1760; x_wconf 79' lang='lat' dir='ltr'><strong>coniicitur,</strong></span> <span class='ocrx_word' id='word_1_135' title='bbox 2007 1708 2105 1750; x_wconf 85' lang='lat' dir='ltr'><strong>an-</strong></span> 
     </span>
    </p>
   </div>
   <div class='ocr_carea' id='block_1_19' title="bbox 498 1769 2174 1847">
    <p class='ocr_par' dir='ltr' id='par_1_19' title="bbox 498 1769 2174 1847">
     <span class='ocr_line' id='line_1_19' title="bbox 498 1769 2174 1847; baseline 0.016 -26"><span class='ocrx_word' id='word_1_136' title='bbox 498 1769 654 1824; x_wconf 85' lang='lat' dir='ltr'><strong>tistes</strong></span> <span class='ocrx_word' id='word_1_137' title='bbox 677 1769 1025 1829; x_wconf 86' lang='lat' dir='ltr'><strong>doctissimus</strong></span> <span class='ocrx_word' id='word_1_138' title='bbox 1052 1774 1267 1831; x_wconf 90' lang='lat' dir='ltr'><strong>laudem</strong></span> <span class='ocrx_word' id='word_1_139' title='bbox 1312 1792 1418 1833; x_wconf 91' lang='lat' dir='ltr'><strong>non</strong></span> <span class='ocrx_word' id='word_1_140' title='bbox 1465 1793 1705 1837; x_wconf 79' lang='lat' dir='ltr'><strong>meretur</strong></span> <span class='ocrx_word' id='word_1_141' title='bbox 1736 1785 1997 1842; x_wconf 81' lang='lat' dir='ltr'><strong>minorem</strong></span> <span class='ocrx_word' id='word_1_142' title='bbox 2025 1790 2098 1844; x_wconf 87' lang='lat' dir='ltr'><strong>ob</strong></span> <span class='ocrx_word' id='word_1_143' title='bbox 2127 1785 2174 1847; x_wconf 82' lang='grc' dir='ltr'><strong>Β</strong></span> 
     </span>
    </p>
   </div>
   <div class='ocr_carea' id='block_1_20' title="bbox 496 1861 2100 1950">
    <p class='ocr_par' dir='ltr' id='par_1_20' title="bbox 496 1861 2100 1950">
     <span class='ocr_line' id='line_1_20' title="bbox 496 1861 2100 1950; baseline 0.015 -37"><span class='ocrx_word' id='word_1_144' title='bbox 496 1861 907 1931; x_wconf 88' lang='lat' dir='ltr'><strong>amplitudinem</strong></span> <span class='ocrx_word' id='word_1_145' title='bbox 932 1865 1152 1937; x_wconf 71' lang='lat' dir='ltr'><strong>ingenii,</strong></span> <span class='ocrx_word' id='word_1_146' title='bbox 1183 1882 1291 1938; x_wconf 84' lang='lat' dir='ltr'><strong>quo</strong></span> <span class='ocrx_word' id='word_1_147' title='bbox 1318 1879 1395 1925; x_wconf 90' lang='lat' dir='ltr'><strong>tot</strong></span> <span class='ocrx_word' id='word_1_148' title='bbox 1423 1884 1489 1927; x_wconf 89' lang='lat' dir='ltr'><strong>ac</strong></span> <span class='ocrx_word' id='word_1_149' title='bbox 1514 1881 1661 1930; x_wconf 90' lang='lat' dir='ltr'><strong>tanta</strong></span> <span class='ocrx_word' id='word_1_150' title='bbox 1681 1875 1751 1930; x_wconf 89' lang='lat' dir='ltr'><strong>ab</strong></span> <span class='ocrx_word' id='word_1_151' title='bbox 1772 1876 1892 1949; x_wconf 89' lang='lat' dir='ltr'><strong>ipso</strong></span> <span class='ocrx_word' id='word_1_152' title='bbox 1917 1880 2100 1950; x_wconf 85' lang='lat' dir='ltr'><strong>operis</strong></span> 
     </span>
    </p>
   </div>
   <div class='ocr_carea' id='block_1_21' title="bbox 496 1955 2098 2044">
    <p class='ocr_par' dir='ltr' id='par_1_21' title="bbox 496 1955 2098 2044">
     <span class='ocr_line' id='line_1_21' title="bbox 496 1955 2098 2044; baseline 0.014 -36"><span class='ocrx_word' id='word_1_153' title='bbox 496 1955 577 2009; x_wconf 91' lang='lat' dir='ltr'><strong>sui</strong></span> <span class='ocrx_word' id='word_1_154' title='bbox 610 1956 834 2013; x_wconf 72' lang='lat' dir='ltr'><strong>exordio</strong></span> <span class='ocrx_word' id='word_1_155' title='bbox 858 1959 1176 2030; x_wconf 80' lang='lat' dir='ltr'><strong>complexus</strong></span> <span class='ocrx_word' id='word_1_156' title='bbox 1206 1962 1297 2030; x_wconf 89' lang='lat' dir='ltr'><strong>sit,</strong></span> <span class='ocrx_word' id='word_1_157' title='bbox 1330 1979 1489 2034; x_wconf 87' lang='lat' dir='ltr'><strong>quam</strong></span> <span class='ocrx_word' id='word_1_158' title='bbox 1518 1969 1590 2023; x_wconf 85' lang='lat' dir='ltr'><strong>ob</strong></span> <span class='ocrx_word' id='word_1_159' title='bbox 1626 1982 1877 2037; x_wconf 81' lang='lat' dir='ltr'><strong>acumen,</strong></span> <span class='ocrx_word' id='word_1_160' title='bbox 1907 1988 2013 2044; x_wconf 90' lang='lat' dir='ltr'><strong>quo</strong></span> <span class='ocrx_word' id='word_1_161' title='bbox 2044 1975 2098 2031; x_wconf 84' lang='lat' dir='ltr'><strong>in</strong></span> 
     </span>
    </p>
   </div>
   <div class='ocr_carea' id='block_1_22' title="bbox 495 2047 2099 2135">
    <p class='ocr_par' dir='ltr' id='par_1_22' title="bbox 495 2047 2099 2135">
     <span class='ocr_line' id='line_1_22' title="bbox 495 2047 2099 2135; baseline 0.015 -35"><span class='ocrx_word' id='word_1_162' title='bbox 495 2055 603 2101; x_wconf 89' lang='lat' dir='ltr'><strong>tam</strong></span> <span class='ocrx_word' id='word_1_163' title='bbox 629 2047 878 2106; x_wconf 84' lang='lat' dir='ltr'><strong>abstrusa</strong></span> <span class='ocrx_word' id='word_1_164' title='bbox 919 2056 1236 2122; x_wconf 87' lang='lat' dir='ltr'><strong>penetrarit.</strong></span> <span class='ocrx_word' id='word_1_165' title='bbox 1267 2056 1344 2112; x_wconf 83' lang='lat' dir='ltr'><strong>Ex</strong></span> <span class='ocrx_word' id='word_1_166' title='bbox 1374 2057 1458 2114; x_wconf 89' lang='lat' dir='ltr'><strong>his</strong></span> <span class='ocrx_word' id='word_1_167' title='bbox 1485 2061 1649 2117; x_wconf 89' lang='lat' dir='ltr'><strong>etiam</strong></span> <span class='ocrx_word' id='word_1_168' title='bbox 1679 2065 1940 2135; x_wconf 84' lang='lat' dir='ltr'><strong>sequitur,</strong></span> <span class='ocrx_word' id='word_1_169' title='bbox 1987 2077 2099 2124; x_wconf 91' lang='lat' dir='ltr'><strong>tres</strong></span> 
     </span>
    </p>
   </div>
   <div class='ocr_carea' id='block_1_23' title="bbox 493 2140 2098 2231">
    <p class='ocr_par' dir='ltr' id='par_1_23' title="bbox 493 2140 2098 2231">
     <span class='ocr_line' id='line_1_23' title="bbox 493 2140 2098 2231; baseline 0.014 -38"><span class='ocrx_word' id='word_1_170' title='bbox 493 2140 688 2198; x_wconf 82' lang='lat' dir='ltr'><strong>saltem</strong></span> <span class='ocrx_word' id='word_1_171' title='bbox 714 2143 924 2212; x_wconf 66' lang='lat' dir='ltr'><strong>priores</strong></span> <span class='ocrx_word' id='word_1_172' title='bbox 952 2144 1120 2202; x_wconf 89' lang='lat' dir='ltr'><strong>libros</strong></span> <span class='ocrx_word' id='word_1_173' title='bbox 1145 2156 1273 2203; x_wconf 90' lang='lat' dir='ltr'><strong>ante</strong></span> <span class='ocrx_word' id='word_1_174' title='bbox 1302 2149 1500 2207; x_wconf 85' lang='lat' dir='ltr'><strong>librum</strong></span> <span class='ocrx_word' id='word_1_175' title='bbox 1538 2152 1607 2208; x_wconf 89' lang='lat' dir='ltr'><strong>de</strong></span> <span class='ocrx_word' id='word_1_176' title='bbox 1627 2156 1870 2228; x_wconf 84' lang='lat' dir='ltr'><strong>synodis,</strong></span> <span class='ocrx_word' id='word_1_177' title='bbox 1914 2160 1967 2214; x_wconf 91' lang='lat' dir='ltr'><strong>in</strong></span> <span class='ocrx_word' id='word_1_178' title='bbox 1990 2177 2098 2231; x_wconf 84' lang='lat' dir='ltr'><strong>quo</strong></span> 
     </span>
    </p>
   </div>
   <div class='ocr_carea' id='block_1_24' title="bbox 494 2231 2096 2324">
    <p class='ocr_par' dir='ltr' id='par_1_24' title="bbox 494 2231 2096 2324">
     <span class='ocr_line' id='line_1_24' title="bbox 494 2231 2096 2324; baseline 0.014 -36"><span class='ocrx_word' id='word_1_179' title='bbox 494 2231 563 2290; x_wconf 89' lang='lat' dir='ltr'><strong>de</strong></span> <span class='ocrx_word' id='word_1_180' title='bbox 608 2236 776 2305; x_wconf 75' lang='lat' dir='ltr'><strong>gestis</strong></span> <span class='ocrx_word' id='word_1_181' title='bbox 806 2238 859 2292; x_wconf 91' lang='lat' dir='ltr'><strong>in</strong></span> <span class='ocrx_word' id='word_1_182' title='bbox 889 2237 1105 2296; x_wconf 82' lang='lat' dir='ltr'><strong>Photini</strong></span> <span class='ocrx_word' id='word_1_183' title='bbox 1146 2241 1657 2304; x_wconf 83' lang='lat' dir='ltr'><strong>condemnationem</strong></span> <span class='ocrx_word' id='word_1_184' title='bbox 1689 2250 1811 2307; x_wconf 88' lang='lat' dir='ltr'><strong>fuse</strong></span> <span class='ocrx_word' id='word_1_185' title='bbox 1853 2252 2096 2324; x_wconf 70' lang='lat' dir='ltr'><strong>disserit,</strong></span> 
     </span>
    </p>
   </div>
   <div class='ocr_carea' id='block_1_25' title="bbox 491 2323 2099 2404">
    <p class='ocr_par' dir='ltr' id='par_1_25' title="bbox 491 2323 2099 2404">
     <span class='ocr_line' id='line_1_25' title="bbox 491 2323 2099 2404; baseline 0.016 -24"><span class='ocrx_word' id='word_1_186' title='bbox 491 2323 661 2384; x_wconf 82' lang='lat' dir='ltr'><strong>fuisse</strong></span> <span class='ocrx_word' id='word_1_187' title='bbox 707 2331 1059 2400; x_wconf 87' lang='lat' dir='ltr'><strong>compositos.</strong></span> <span class='ocrx_word' id='word_1_188' title='bbox 1086 2332 1222 2390; x_wconf 84' lang='lat' dir='ltr'><strong>Cum</strong></span> <span class='ocrx_word' id='word_1_189' title='bbox 1272 2343 1452 2395; x_wconf 85' lang='lat' dir='ltr'><strong>autem</strong></span> <span class='ocrx_word' id='word_1_190' title='bbox 1486 2339 1603 2399; x_wconf 58' lang='lat' dir='ltr'><strong>hac</strong></span> <span class='ocrx_word' id='word_1_191' title='bbox 1627 2342 1889 2401; x_wconf 88' lang='lat' dir='ltr'><strong>adversus</strong></span> <span class='ocrx_word' id='word_1_192' title='bbox 1911 2346 2099 2404; x_wconf 77' lang='lat' dir='ltr'><strong>Photi-</strong></span> 
     </span>
    </p>
   </div>
   <div class='ocr_carea' id='block_1_26' title="bbox 495 2426 2097 2505">
    <p class='ocr_par' dir='ltr' id='par_1_26' title="bbox 495 2426 2097 2505">
     <span class='ocr_line' id='line_1_26' title="bbox 495 2426 2097 2505; baseline 0.017 -31"><span class='ocrx_word' id='word_1_193' title='bbox 495 2435 622 2476; x_wconf 90' lang='lat' dir='ltr'><strong>num</strong></span> <span class='ocrx_word' id='word_1_194' title='bbox 669 2432 818 2493; x_wconf 71' lang='lat' dir='ltr'><strong>gesta</strong></span> <span class='ocrx_word' id='word_1_195' title='bbox 855 2426 951 2482; x_wconf 88' lang='lat' dir='ltr'><strong>diu</strong></span> <span class='ocrx_word' id='word_1_196' title='bbox 1006 2429 1177 2486; x_wconf 86' lang='lat' dir='ltr'><strong>latere</strong></span> <span class='ocrx_word' id='word_1_197' title='bbox 1215 2444 1328 2490; x_wconf 84' lang='lat' dir='ltr'><strong>non</strong></span> <span class='ocrx_word' id='word_1_198' title='bbox 1358 2436 1637 2505; x_wconf 87' lang='lat' dir='ltr'><strong>potuerint</strong></span> <span class='ocrx_word' id='word_1_199' title='bbox 1680 2441 1737 2494; x_wconf 90' lang='lat' dir='ltr'><strong>in</strong></span> <span class='ocrx_word' id='word_1_200' title='bbox 1766 2442 1976 2500; x_wconf 83' lang='lat' dir='ltr'><strong>oriente</strong></span> <span class='ocrx_word' id='word_1_201' title='bbox 1999 2445 2097 2502; x_wconf 88' lang='lat' dir='ltr'><strong>de-</strong></span> 
     </span>
    </p>
   </div>
   <div class='ocr_carea' id='block_1_27' title="bbox 488 2516 2096 2598">
    <p class='ocr_par' dir='ltr' id='par_1_27' title="bbox 488 2516 2096 2598">
     <span class='ocr_line' id='line_1_27' title="bbox 488 2516 2096 2598; baseline 0.02 -33"><span class='ocrx_word' id='word_1_202' title='bbox 488 2516 677 2583; x_wconf 76' lang='lat' dir='ltr'><strong>genti,</strong></span> <span class='ocrx_word' id='word_1_203' title='bbox 728 2516 855 2574; x_wconf 87' lang='lat' dir='ltr'><strong>hinc</strong></span> <span class='ocrx_word' id='word_1_204' title='bbox 883 2522 1190 2591; x_wconf 68' lang='lat' dir='ltr'><strong>conjectare</strong></span> <span class='ocrx_word' id='word_1_205' title='bbox 1216 2536 1300 2582; x_wconf 90' lang='lat' dir='ltr'><strong>est</strong></span> <span class='ocrx_word' id='word_1_206' title='bbox 1348 2527 1610 2587; x_wconf 80' lang='lat' dir='ltr'><strong>Hilarium</strong></span> <span class='ocrx_word' id='word_1_207' title='bbox 1655 2532 1709 2588; x_wconf 88' lang='lat' dir='ltr'><strong>in</strong></span> <span class='ocrx_word' id='word_1_208' title='bbox 1752 2534 2096 2598; x_wconf 81' lang='lat' dir='ltr'><strong>lucubrandis</strong></span> 
     </span>
    </p>
   </div>
   <div class='ocr_carea' id='block_1_28' title="bbox 495 2605 2089 2688">
    <p class='ocr_par' dir='ltr' id='par_1_28' title="bbox 495 2605 2089 2688">
     <span class='ocr_line' id='line_1_28' title="bbox 495 2605 2089 2688; baseline 0.017 -27"><span class='ocrx_word' id='word_1_209' title='bbox 495 2605 669 2664; x_wconf 86' lang='lat' dir='ltr'><strong>tribus</strong></span> <span class='ocrx_word' id='word_1_210' title='bbox 694 2611 970 2680; x_wconf 74' lang='lat' dir='ltr'><strong>prtedictis</strong></span> <span class='ocrx_word' id='word_1_211' title='bbox 998 2613 1152 2672; x_wconf 83' lang='lat' dir='ltr'><strong>libris</strong></span> <span class='ocrx_word' id='word_1_212' title='bbox 1194 2618 1367 2688; x_wconf 89' lang='lat' dir='ltr'><strong>prima</strong></span> <span class='ocrx_word' id='word_1_213' title='bbox 1395 2621 1568 2677; x_wconf 73' lang='lat' dir='ltr'><strong>exsilii</strong></span> <span class='ocrx_word' id='word_1_214' title='bbox 1608 2624 1692 2680; x_wconf 85' lang='lat' dir='ltr'><strong>sui</strong></span> <span class='ocrx_word' id='word_1_215' title='bbox 1718 2627 1830 2683; x_wconf 87' lang='lat' dir='ltr'><strong>otia</strong></span> <span class='ocrx_word' id='word_1_216' title='bbox 1856 2629 2089 2688; x_wconf 80' lang='lat' dir='ltr'><strong>dedisse.</strong></span> 
     </span>
    </p>
   </div>
   <div class='ocr_carea' id='block_1_29' title="bbox 492 2699 2097 2781">
    <p class='ocr_par' dir='ltr' id='par_1_29' title="bbox 492 2699 2097 2781">
     <span class='ocr_line' id='line_1_29' title="bbox 492 2699 2097 2781; baseline 0.016 -24"><span class='ocrx_word' id='word_1_217' title='bbox 492 2699 607 2758; x_wconf 80' lang='lat' dir='ltr'><strong>Nisi</strong></span> <span class='ocrx_word' id='word_1_218' title='bbox 633 2702 773 2760; x_wconf 92' lang='lat' dir='ltr'><strong>forte</strong></span> <span class='ocrx_word' id='word_1_219' title='bbox 798 2705 920 2776; x_wconf 89' lang='lat' dir='ltr'><strong>quis</strong></span> <span class='ocrx_word' id='word_1_220' title='bbox 946 2708 1117 2777; x_wconf 87' lang='lat' dir='ltr'><strong>malit,</strong></span> <span class='ocrx_word' id='word_1_221' title='bbox 1153 2724 1248 2766; x_wconf 86' lang='lat' dir='ltr'><strong>eos</strong></span> <span class='ocrx_word' id='word_1_222' title='bbox 1276 2713 1463 2770; x_wconf 87' lang='lat' dir='ltr'><strong>abillo</strong></span> <span class='ocrx_word' id='word_1_223' title='bbox 1484 2718 1646 2772; x_wconf 83' lang='lat' dir='ltr'><strong>etiam</strong></span> <span class='ocrx_word' id='word_1_224' title='bbox 1676 2730 1801 2775; x_wconf 87' lang='lat' dir='ltr'><strong>ante</strong></span> <span class='ocrx_word' id='word_1_225' title='bbox 1827 2720 1931 2778; x_wconf 83' lang='lat' dir='ltr'><strong>hoc</strong></span> <span class='ocrx_word' id='word_1_226' title='bbox 1960 2734 2097 2781; x_wconf 91' lang='lat' dir='ltr'><strong>tem-</strong></span> 
     </span>
    </p>
   </div>
   <div class='ocr_carea' id='block_1_30' title="bbox 494 2798 2094 2886">
    <p class='ocr_par' dir='ltr' id='par_1_30' title="bbox 494 2798 2094 2886">
     <span class='ocr_line' id='line_1_30' title="bbox 494 2798 2094 2886; baseline 0.015 -35"><span class='ocrx_word' id='word_1_227' title='bbox 494 2808 592 2866; x_wconf 86' lang='lat' dir='ltr'><strong>pus</strong></span> <span class='ocrx_word' id='word_1_228' title='bbox 618 2837 635 2864; x_wconf 92' lang='lat'><strong>,</strong></span> <span class='ocrx_word' id='word_1_229' title='bbox 687 2798 790 2856; x_wconf 87' lang='lat' dir='ltr'><strong>hoe</strong></span> <span class='ocrx_word' id='word_1_230' title='bbox 832 2809 961 2867; x_wconf 84' lang='lat' dir='ltr'><strong>est,</strong></span> <span class='ocrx_word' id='word_1_231' title='bbox 1017 2811 1145 2860; x_wconf 86' lang='lat' dir='ltr'><strong>ante</strong></span> <span class='ocrx_word' id='word_1_232' title='bbox 1182 2805 1420 2862; x_wconf 77' lang='lat' dir='ltr'><strong>medium</strong></span> <span class='ocrx_word' id='word_1_233' title='bbox 1470 2823 1669 2866; x_wconf 89' lang='lat' dir='ltr'><strong>annum</strong></span> <span class='ocrx_word' id='word_1_234' title='bbox 1713 2813 1819 2869; x_wconf 72' lang='lat'><strong>356</strong></span> <span class='ocrx_word' id='word_1_235' title='bbox 1860 2818 2094 2886; x_wconf 87' lang='lat' dir='ltr'><strong>scriptos</strong></span> 
     </span>
    </p>
   </div>
   <div class='ocr_carea' id='block_1_31' title="bbox 491 2890 2092 2969">
    <p class='ocr_par' dir='ltr' id='par_1_31' title="bbox 491 2890 2092 2969">
     <span class='ocr_line' id='line_1_31' title="bbox 491 2890 2092 2969; baseline 0.016 -24"><span class='ocrx_word' id='word_1_236' title='bbox 491 2890 680 2959; x_wconf 76' lang='lat' dir='ltr'><strong>fuisse,</strong></span> <span class='ocrx_word' id='word_1_237' title='bbox 712 2893 783 2948; x_wconf 85' lang='lat' dir='ltr'><strong>ita</strong></span> <span class='ocrx_word' id='word_1_238' title='bbox 825 2903 883 2949; x_wconf 91' lang='lat' dir='ltr'><strong>ut</strong></span> <span class='ocrx_word' id='word_1_239' title='bbox 913 2896 1110 2952; x_wconf 83' lang='lat' dir='ltr'><strong>exsilio</strong></span> <span class='ocrx_word' id='word_1_240' title='bbox 1134 2907 1247 2955; x_wconf 89' lang='lat' dir='ltr'><strong>tum</strong></span> <span class='ocrx_word' id='word_1_241' title='bbox 1286 2900 1682 2963; x_wconf 82' lang='lat' dir='ltr'><strong>interveniente</strong></span> <span class='ocrx_word' id='word_1_242' title='bbox 1713 2911 1956 2966; x_wconf 83' lang='lat' dir='ltr'><strong>nonnihil</strong></span> <span class='ocrx_word' id='word_1_243' title='bbox 2002 2929 2092 2969; x_wconf 88' lang='lat' dir='ltr'><strong>re-</strong></span> 
     </span>
    </p>
   </div>
   <div class='ocr_carea' id='block_1_32' title="bbox 492 2980 2094 3075">
    <p class='ocr_par' dir='ltr' id='par_1_32' title="bbox 492 2980 2094 3075">
     <span class='ocr_line' id='line_1_32' title="bbox 492 2980 2094 3075; baseline 0.016 -39"><span class='ocrx_word' id='word_1_244' title='bbox 492 2980 736 3040; x_wconf 82' lang='lat' dir='ltr'><strong>tardatus</strong></span> <span class='ocrx_word' id='word_1_245' title='bbox 756 2986 846 3051; x_wconf 86' lang='lat' dir='ltr'><strong>sit,</strong></span> <span class='ocrx_word' id='word_1_246' title='bbox 880 3002 950 3043; x_wconf 90' lang='lat' dir='ltr'><strong>ne</strong></span> <span class='ocrx_word' id='word_1_247' title='bbox 977 2989 1114 3047; x_wconf 86' lang='lat' dir='ltr'><strong>alios</strong></span> <span class='ocrx_word' id='word_1_248' title='bbox 1145 3006 1584 3062; x_wconf 81' lang='lat' dir='ltr'><strong>prosequeretur.</strong></span> <span class='ocrx_word' id='word_1_249' title='bbox 1611 2998 1692 3054; x_wconf 82' lang='lat' dir='ltr'><strong>An</strong></span> <span class='ocrx_word' id='word_1_250' title='bbox 1722 3005 1938 3059; x_wconf 57' lang='lat' dir='ltr'><strong>exteris</strong></span> <span class='ocrx_word' id='word_1_251' title='bbox 1959 3016 2094 3075; x_wconf 81' lang='lat' dir='ltr'><strong>quo-</strong></span> 
     </span>
    </p>
   </div>
   <div class='ocr_carea' id='block_1_33' title="bbox 494 3073 2091 3168">
    <p class='ocr_par' dir='ltr' id='par_1_33' title="bbox 494 3073 2091 3168">
     <span class='ocr_line' id='line_1_33' title="bbox 494 3073 2091 3168; baseline 0.017 -42"><span class='ocrx_word' id='word_1_252' title='bbox 494 3087 598 3142; x_wconf 90' lang='lat' dir='ltr'><strong>que</strong></span> <span class='ocrx_word' id='word_1_253' title='bbox 624 3073 779 3132; x_wconf 80' lang='lat' dir='ltr'><strong>libris</strong></span> <span class='ocrx_word' id='word_1_254' title='bbox 802 3079 1067 3146; x_wconf 84' lang='lat' dir='ltr'><strong>posterior</strong></span> <span class='ocrx_word' id='word_1_255' title='bbox 1086 3083 1359 3140; x_wconf 87' lang='lat' dir='ltr'><strong>censenda</strong></span> <span class='ocrx_word' id='word_1_256' title='bbox 1374 3085 1445 3141; x_wconf 87' lang='lat' dir='ltr'><strong>sit</strong></span> <span class='ocrx_word' id='word_1_257' title='bbox 1471 3089 1725 3158; x_wconf 70' lang='lat' dir='ltr'><strong>pra-dicta</strong></span> <span class='ocrx_word' id='word_1_258' title='bbox 1756 3093 1823 3149; x_wconf 90' lang='lat' dir='ltr'><strong>de</strong></span> <span class='ocrx_word' id='word_1_259' title='bbox 1855 3073 2091 3168; x_wconf 77' lang='lat' dir='ltr'><strong>Synodis</strong></span> 
     </span>
    </p>
   </div>
   <div class='ocr_carea' id='block_1_34' title="bbox 492 3167 2164 3254">
    <p class='ocr_par' dir='ltr' id='par_1_34' title="bbox 492 3167 2164 3254">
     <span class='ocr_line' id='line_1_34' title="bbox 492 3167 2164 3254; baseline 0.016 -33"><span class='ocrx_word' id='word_1_260' title='bbox 492 3167 815 3237; x_wconf 75' lang='lat' dir='ltr'><strong>lucubratio,</strong></span> <span class='ocrx_word' id='word_1_261' title='bbox 848 3188 955 3227; x_wconf 90' lang='lat' dir='ltr'><strong>non</strong></span> <span class='ocrx_word' id='word_1_262' title='bbox 1002 3176 1174 3231; x_wconf 80' lang='lat' dir='ltr'><strong>ausim</strong></span> <span class='ocrx_word' id='word_1_263' title='bbox 1218 3176 1512 3248; x_wconf 80' lang='lat' dir='ltr'><strong>afﬁrmare,</strong></span> <span class='ocrx_word' id='word_1_264' title='bbox 1561 3185 1704 3254; x_wconf 87' lang='lat' dir='ltr'><strong>quod</strong></span> <span class='ocrx_word' id='word_1_265' title='bbox 1751 3167 1930 3243; x_wconf 81' lang='lat' dir='ltr'><strong>tamen</strong></span> <span class='ocrx_word' id='word_1_266' title='bbox 1967 3174 2164 3247; x_wconf 77' lang='lat' dir='ltr'><strong>licetc</strong></span> 
     </span>
    </p>
   </div>
   <div class='ocr_carea' id='block_1_35' title="bbox 491 3259 2090 3345">
    <p class='ocr_par' dir='ltr' id='par_1_35' title="bbox 491 3259 2090 3345">
     <span class='ocr_line' id='line_1_35' title="bbox 491 3259 2090 3345; baseline 0.015 -31"><span class='ocrx_word' id='word_1_267' title='bbox 491 3259 723 3330; x_wconf 86' lang='lat' dir='ltr'><strong>epinari.</strong></span> <span class='ocrx_word' id='word_1_268' title='bbox 782 3263 894 3319; x_wconf 84' lang='lat' dir='ltr'><strong>Hoc</strong></span> <span class='ocrx_word' id='word_1_269' title='bbox 934 3280 1063 3323; x_wconf 74' lang='lat' dir='ltr'><strong>vero</strong></span> <span class='ocrx_word' id='word_1_270' title='bbox 1102 3278 1361 3337; x_wconf 82' lang='lat' dir='ltr'><strong>maneat,</strong></span> <span class='ocrx_word' id='word_1_271' title='bbox 1414 3273 1487 3327; x_wconf 88' lang='lat' dir='ltr'><strong>ita</strong></span> <span class='ocrx_word' id='word_1_272' title='bbox 1534 3289 1669 3345; x_wconf 87' lang='lat' dir='ltr'><strong>opus</strong></span> <span class='ocrx_word' id='word_1_273' title='bbox 1721 3279 2090 3338; x_wconf 85' lang='lat' dir='ltr'><strong>intermissum</strong></span> 
     </span>
    </p>
   </div>
   <div class='ocr_carea' id='block_1_36' title="bbox 493 3349 2092 3431">
    <p class='ocr_par' dir='ltr' id='par_1_36' title="bbox 493 3349 2092 3431">
     <span class='ocr_line' id='line_1_36' title="bbox 493 3349 2092 3431; baseline 0.018 -28"><span class='ocrx_word' id='word_1_274' title='bbox 493 3349 658 3408; x_wconf 86' lang='lat' dir='ltr'><strong>fuisse</strong></span> <span class='ocrx_word' id='word_1_275' title='bbox 683 3392 698 3417; x_wconf 90' lang='lat'><strong>,</strong></span> <span class='ocrx_word' id='word_1_276' title='bbox 756 3364 813 3409; x_wconf 87' lang='lat' dir='ltr'><strong>ut</strong></span> <span class='ocrx_word' id='word_1_277' title='bbox 862 3356 983 3424; x_wconf 88' lang='lat' dir='ltr'><strong>pius</strong></span> <span class='ocrx_word' id='word_1_278' title='bbox 1010 3358 1292 3418; x_wconf 87' lang='lat' dir='ltr'><strong>confessor</strong></span> <span class='ocrx_word' id='word_1_279' title='bbox 1319 3362 1498 3421; x_wconf 87' lang='lat' dir='ltr'><strong>adhuc</strong></span> <span class='ocrx_word' id='word_1_280' title='bbox 1528 3366 1579 3420; x_wconf 91' lang='lat' dir='ltr'><strong>in</strong></span> <span class='ocrx_word' id='word_1_281' title='bbox 1604 3371 1798 3426; x_wconf 84' lang='lat' dir='ltr'><strong>exsilio</strong></span> <span class='ocrx_word' id='word_1_282' title='bbox 1840 3372 2092 3431; x_wconf 76' lang='lat' dir='ltr'><strong>detentus</strong></span> 
     </span>
    </p>
   </div>
   <div class='ocr_carea' id='block_1_37' title="bbox 490 3443 1296 3524">
    <p class='ocr_par' dir='ltr' id='par_1_37' title="bbox 490 3443 1296 3524">
     <span class='ocr_line' id='line_1_37' title="bbox 490 3443 1296 3524; baseline 0.014 -26"><span class='ocrx_word' id='word_1_283' title='bbox 490 3443 760 3501; x_wconf 85' lang='lat' dir='ltr'><strong>decimum</strong></span> <span class='ocrx_word' id='word_1_284' title='bbox 790 3448 984 3505; x_wconf 88' lang='lat' dir='ltr'><strong>librum</strong></span> <span class='ocrx_word' id='word_1_285' title='bbox 1005 3456 1296 3524; x_wconf 80' lang='lat' dir='ltr'><strong>peregerit.</strong></span> 
     </span>
    </p>
   </div>
   <div class='ocr_carea' id='block_1_38' title="bbox 564 3534 2091 3613">
    <p class='ocr_par' dir='ltr' id='par_1_38' title="bbox 564 3534 2091 3613">
     <span class='ocr_line' id='line_1_38' title="bbox 564 3534 2091 3613; baseline 0.014 -22"><span class='ocrx_word' id='word_1_286' title='bbox 564 3534 733 3594; x_wconf 87' lang='lat' dir='ltr'><strong>XXV.</strong></span> <span class='ocrx_word' id='word_1_287' title='bbox 788 3540 865 3594; x_wconf 76' lang='lat' dir='ltr'><strong>An</strong></span> <span class='ocrx_word' id='word_1_288' title='bbox 906 3542 985 3596; x_wconf 79' lang='lat' dir='ltr'><strong>illi</strong></span> <span class='ocrx_word' id='word_1_289' title='bbox 1011 3542 1131 3597; x_wconf 85' lang='lat' dir='ltr'><strong>libri</strong></span> <span class='ocrx_word' id='word_1_290' title='bbox 1158 3545 1229 3598; x_wconf 79' lang='lat' dir='ltr'><strong>ad</strong></span> <span class='ocrx_word' id='word_1_291' title='bbox 1257 3545 1611 3605; x_wconf 72' lang='lat' dir='ltr'><strong>Constantium</strong></span> <span class='ocrx_word' id='word_1_292' title='bbox 1653 3553 1715 3606; x_wconf 86' lang='lat' dir='ltr'><strong>ab</strong></span> <span class='ocrx_word' id='word_1_293' title='bbox 1748 3552 1954 3611; x_wconf 81' lang='lat' dir='ltr'><strong>Hilario</strong></span> <span class='ocrx_word' id='word_1_294' title='bbox 1988 3559 2091 3613; x_wconf 81' lang='lat' dir='ltr'><strong>sint</strong></span> 
     </span>
    </p>
   </div>
   <div class='ocr_carea' id='block_1_39' title="bbox 492 3628 2091 3719">
    <p class='ocr_par' dir='ltr' id='par_1_39' title="bbox 492 3628 2091 3719">
     <span class='ocr_line' id='line_1_39' title="bbox 492 3628 2091 3719; baseline 0.016 -39"><span class='ocrx_word' id='word_1_295' title='bbox 492 3628 790 3686; x_wconf 83' lang='lat' dir='ltr'><strong>missi.-—Si</strong></span> <span class='ocrx_word' id='word_1_296' title='bbox 818 3631 1082 3704; x_wconf 74' lang='lat' dir='ltr'><strong>Gregorio</strong></span> <span class='ocrx_word' id='word_1_297' title='bbox 1109 3636 1411 3695; x_wconf 81' lang='lat' dir='ltr'><strong>Turonensi</strong></span> <span class='ocrx_word' id='word_1_298' title='bbox 1444 3642 1603 3699; x_wconf 86' lang='lat' dir='ltr'><strong>Iidem</strong></span> <span class='ocrx_word' id='word_1_299' title='bbox 1625 3643 1828 3702; x_wconf 81' lang='lat' dir='ltr'><strong>habere</strong></span> <span class='ocrx_word' id='word_1_300' title='bbox 1854 3648 1973 3719; x_wconf 80' lang='lat' dir='ltr'><strong>quis</strong></span> <span class='ocrx_word' id='word_1_301' title='bbox 1998 3666 2091 3706; x_wconf 71' lang='lat' dir='ltr'><strong>ro.</strong></span> 
     </span>
    </p>
   </div>
   <div class='ocr_carea' id='block_1_40' title="bbox 488 3722 2088 3809">
    <p class='ocr_par' dir='ltr' id='par_1_40' title="bbox 488 3722 2088 3809">
     <span class='ocr_line' id='line_1_40' title="bbox 488 3722 2088 3809; baseline 0.014 -34"><span class='ocrx_word' id='word_1_302' title='bbox 488 3722 587 3787; x_wconf 85' lang='lat' dir='ltr'><strong>let,</strong></span> <span class='ocrx_word' id='word_1_303' title='bbox 612 3736 719 3779; x_wconf 85' lang='lat' dir='ltr'><strong>non</strong></span> <span class='ocrx_word' id='word_1_304' title='bbox 747 3724 910 3781; x_wconf 87' lang='lat' dir='ltr'><strong>modo</strong></span> <span class='ocrx_word' id='word_1_305' title='bbox 946 3736 1116 3783; x_wconf 84' lang='lat' dir='ltr'><strong>totum</strong></span> <span class='ocrx_word' id='word_1_306' title='bbox 1148 3727 1252 3786; x_wconf 83' lang='lat' dir='ltr'><strong>hoc</strong></span> <span class='ocrx_word' id='word_1_307' title='bbox 1281 3746 1419 3801; x_wconf 88' lang='lat' dir='ltr'><strong>opus</strong></span> <span class='ocrx_word' id='word_1_308' title='bbox 1444 3734 1497 3788; x_wconf 90' lang='lat' dir='ltr'><strong>in</strong></span> <span class='ocrx_word' id='word_1_309' title='bbox 1524 3736 1719 3791; x_wconf 80' lang='lat' dir='ltr'><strong>exsilio</strong></span> <span class='ocrx_word' id='word_1_310' title='bbox 1741 3739 2045 3796; x_wconf 86' lang='lat' dir='ltr'><strong>absolutum</strong></span> <span class='ocrx_word' id='word_1_311' title='bbox 2071 3784 2088 3809; x_wconf 94' lang='lat'><strong>,</strong></span> 
     </span>
    </p>
   </div>
   <div class='ocr_carea' id='block_1_41' title="bbox 489 3814 2089 3892">
    <p class='ocr_par' dir='ltr' id='par_1_41' title="bbox 489 3814 2089 3892">
     <span class='ocr_line' id='line_1_41' title="bbox 489 3814 2089 3892; baseline 0.014 -24"><span class='ocrx_word' id='word_1_312' title='bbox 489 3814 587 3869; x_wconf 85' lang='lat' dir='ltr'><strong>sed</strong></span> <span class='ocrx_word' id='word_1_313' title='bbox 609 3815 773 3872; x_wconf 89' lang='lat' dir='ltr'><strong>etiam</strong></span> <span class='ocrx_word' id='word_1_314' title='bbox 832 3817 956 3875; x_wconf 89' lang='lat' dir='ltr'><strong>inde</strong></span> <span class='ocrx_word' id='word_1_315' title='bbox 994 3820 1062 3876; x_wconf 82' lang='lat' dir='ltr'><strong>ad</strong></span> <span class='ocrx_word' id='word_1_316' title='bbox 1092 3822 1467 3882; x_wconf 81' lang='lat' dir='ltr'><strong>Constantium</strong></span> <span class='ocrx_word' id='word_1_317' title='bbox 1503 3827 1574 3884; x_wconf 85' lang='lat' dir='ltr'><strong>ab</strong></span> <span class='ocrx_word' id='word_1_318' title='bbox 1618 3829 1824 3888; x_wconf 78' lang='lat' dir='ltr'><strong>Hilario</strong></span> <span class='ocrx_word' id='word_1_319' title='bbox 1862 3836 2089 3892; x_wconf 87' lang='lat' dir='ltr'><strong>missum</strong></span> 
     </span>
    </p>
   </div>
   <div class='ocr_carea' id='block_1_42' title="bbox 487 3906 2091 3987">
    <p class='ocr_par' dir='ltr' id='par_1_42' title="bbox 487 3906 2091 3987">
     <span class='ocr_line' id='line_1_42' title="bbox 487 3906 2091 3987; baseline 0.015 -24"><span class='ocrx_word' id='word_1_320' title='bbox 487 3906 676 3965; x_wconf 87' lang='lat' dir='ltr'><strong>credat</strong></span> <span class='ocrx_word' id='word_1_321' title='bbox 711 3924 936 3969; x_wconf 84' lang='lat' dir='ltr'><strong>necesse</strong></span> <span class='ocrx_word' id='word_1_322' title='bbox 961 3923 1067 3970; x_wconf 90' lang='lat' dir='ltr'><strong>est.</strong></span> <span class='ocrx_word' id='word_1_323' title='bbox 1094 3914 1212 3973; x_wconf 84' lang='lat' dir='ltr'><strong>Non</strong></span> <span class='ocrx_word' id='word_1_324' title='bbox 1239 3920 1384 3974; x_wconf 89' lang='lat' dir='ltr'><strong>enim</strong></span> <span class='ocrx_word' id='word_1_325' title='bbox 1424 3920 1568 3977; x_wconf 84' lang='lat' dir='ltr'><strong>aliud</strong></span> <span class='ocrx_word' id='word_1_326' title='bbox 1613 3924 1849 3983; x_wconf 85' lang='lat' dir='ltr'><strong>indicare</strong></span> <span class='ocrx_word' id='word_1_327' title='bbox 1877 3928 2091 3987; x_wconf 85' lang='lat' dir='ltr'><strong>videtur</strong></span> 
     </span>
    </p>
   </div>
   <div class='ocr_carea' id='block_1_43' title="bbox 488 3999 2088 4079">
    <p class='ocr_par' dir='ltr' id='par_1_43' title="bbox 488 3999 2088 4079">
     <span class='ocr_line' id='line_1_43' title="bbox 488 3999 2088 4079; baseline 0.014 -23"><span class='ocrx_word' id='word_1_328' title='bbox 488 3999 583 4057; x_wconf 87' lang='lat' dir='ltr'><strong>lib.</strong></span> <span class='ocrx_word' id='word_1_329' title='bbox 613 4018 629 4058; x_wconf 92' lang='grc' dir='ltr'>ι</span> <span class='ocrx_word' id='word_1_330' title='bbox 657 4003 795 4061; x_wconf 78' lang='lat' dir='ltr'><strong>Hist.</strong></span> <span class='ocrx_word' id='word_1_331' title='bbox 828 4004 1024 4064; x_wconf 83' lang='lat' dir='ltr'><strong>Fraus.</strong></span> <span class='ocrx_word' id='word_1_332' title='bbox 1056 4024 1104 4065; x_wconf 87' lang='lat' dir='ltr'><strong>c.</strong></span> <span class='ocrx_word' id='word_1_333' title='bbox 1134 4011 1222 4079; x_wconf 74' lang='lat'><strong>58,</strong></span> <span class='ocrx_word' id='word_1_334' title='bbox 1260 4012 1349 4069; x_wconf 83' lang='lat' dir='ltr'><strong>ubi</strong></span> <span class='ocrx_word' id='word_1_335' title='bbox 1377 4014 1454 4069; x_wconf 85' lang='lat' dir='ltr'><strong>ait</strong></span> <span class='ocrx_word' id='word_1_336' title='bbox 1493 4032 1505 4069; x_wconf 91' lang='lat'>:</span> <span class='ocrx_word' id='word_1_337' title='bbox 1546 4015 1881 4076; x_wconf 78' lang='lat' dir='ltr'><strong>Beotissimus</strong></span> <span class='ocrx_word' id='word_1_338' title='bbox 1924 4020 2088 4079; x_wconf 78' lang='lat' dir='ltr'><strong>Hila-</strong></span> 
     </span>
    </p>
   </div>
   <div class='ocr_carea' id='block_1_44' title="bbox 485 4096 2089 4176">
    <p class='ocr_par' dir='ltr' id='par_1_44' title="bbox 485 4096 2089 4176">
     <span class='ocr_line' id='line_1_44' title="bbox 485 4096 2089 4176; baseline 0.015 -25"><span class='ocrx_word' id='word_1_339' title='bbox 485 4098 597 4152; x_wconf 81' lang='lat' dir='ltr'><strong>rius</strong></span> <span class='ocrx_word' id='word_1_340' title='bbox 634 4096 953 4157; x_wconf 68' lang='lat' dir='ltr'><strong>Pictuensis</strong></span> <span class='ocrx_word' id='word_1_341' title='bbox 991 4110 1261 4176; x_wconf 82' lang='lat' dir='ltr'><strong>episcopus</strong></span> <span class='ocrx_word' id='word_1_342' title='bbox 1298 4123 1456 4163; x_wconf 70' lang='lat' dir='ltr'><strong>suasa</strong></span> <span class='ocrx_word' id='word_1_343' title='bbox 1500 4111 1861 4169; x_wconf 65' lang='lat' dir='ltr'><strong>hereticorum</strong></span> <span class='ocrx_word' id='word_1_344' title='bbox 1905 4118 2089 4175; x_wconf 66' lang='lat' dir='ltr'><strong>exsilio</strong></span> 
     </span>
    </p>
   </div>
   <div class='ocr_carea' id='block_1_45' title="bbox 487 4188 2089 4270">
    <p class='ocr_par' dir='ltr' id='par_1_45' title="bbox 487 4188 2089 4270">
     <span class='ocr_line' id='line_1_45' title="bbox 487 4188 2089 4270; baseline 0.016 -29"><span class='ocrx_word' id='word_1_345' title='bbox 487 4188 765 4259; x_wconf 71' lang='lat' dir='ltr'><strong>deputatur</strong></span> <span class='ocrx_word' id='word_1_346' title='bbox 799 4207 821 4248; x_wconf 84' lang='lat'><strong><em>:</em></strong></span> <span class='ocrx_word' id='word_1_347' title='bbox 852 4194 1020 4265; x_wconf 78' lang='lat' dir='ltr'><strong>ibique</strong></span> <span class='ocrx_word' id='word_1_348' title='bbox 1061 4196 1219 4253; x_wconf 84' lang='lat' dir='ltr'><strong>libros</strong></span> <span class='ocrx_word' id='word_1_349' title='bbox 1269 4215 1364 4269; x_wconf 89' lang='lat' dir='ltr'><strong>pro</strong></span> <span class='ocrx_word' id='word_1_350' title='bbox 1408 4201 1512 4270; x_wconf 78' lang='lat' dir='ltr'><strong>ﬁde</strong></span> <span class='ocrx_word' id='word_1_351' title='bbox 1563 4205 1822 4261; x_wconf 66' lang='lat' dir='ltr'><strong>catholica</strong></span> <span class='ocrx_word' id='word_1_352' title='bbox 1866 4209 2089 4268; x_wconf 75' lang='lat' dir='ltr'><strong>scribens</strong></span> 
     </span>
    </p>
   </div>
   <div class='ocr_carea' id='block_1_46' title="bbox 487 4280 2089 4363">
    <p class='ocr_par' dir='ltr' id='par_1_46' title="bbox 487 4280 2089 4363">
     <span class='ocr_line' id='line_1_46' title="bbox 487 4280 2089 4363; baseline 0.014 -27"><span class='ocrx_word' id='word_1_353' title='bbox 487 4280 787 4340; x_wconf 81' lang='lat' dir='ltr'><strong>Constantio</strong></span> <span class='ocrx_word' id='word_1_354' title='bbox 832 4287 992 4343; x_wconf 70' lang='lat' dir='ltr'><strong>irrisit.</strong></span> <span class='ocrx_word' id='word_1_355' title='bbox 1041 4288 1156 4345; x_wconf 87' lang='lat' dir='ltr'><strong>Hoc</strong></span> <span class='ocrx_word' id='word_1_356' title='bbox 1180 4292 1382 4363; x_wconf 81' lang='lat' dir='ltr'><strong>quippe</strong></span> <span class='ocrx_word' id='word_1_357' title='bbox 1412 4293 1480 4349; x_wconf 90' lang='lat' dir='ltr'><strong>de</strong></span> <span class='ocrx_word' id='word_1_358' title='bbox 1508 4292 1709 4352; x_wconf 89' lang='lat' dir='ltr'><strong>libellis</strong></span> <span class='ocrx_word' id='word_1_359' title='bbox 1729 4298 1797 4355; x_wconf 79' lang='lat' dir='ltr'><strong>ad</strong></span> <span class='ocrx_word' id='word_1_360' title='bbox 1826 4300 2089 4358; x_wconf 77' lang='lat' dir='ltr'><strong>Constan-</strong></span> 
     </span>
    </p>
   </div>
   <div class='ocr_carea' id='block_1_47' title="bbox 490 4375 2088 4463">
    <p class='ocr_par' dir='ltr' id='par_1_47' title="bbox 490 4375 2088 4463">
     <span class='ocr_line' id='line_1_47' title="bbox 490 4375 2088 4463; baseline 0.013 -32"><span class='ocrx_word' id='word_1_361' title='bbox 490 4375 627 4432; x_wconf 89' lang='lat' dir='ltr'><strong>tium</strong></span> <span class='ocrx_word' id='word_1_362' title='bbox 673 4378 820 4450; x_wconf 88' lang='lat' dir='ltr'><strong>loqui</strong></span> <span class='ocrx_word' id='word_1_363' title='bbox 846 4394 956 4436; x_wconf 89' lang='lat' dir='ltr'><strong>non</strong></span> <span class='ocrx_word' id='word_1_364' title='bbox 985 4381 1365 4455; x_wconf 74' lang='lat' dir='ltr'><strong>intelligendus</strong></span> <span class='ocrx_word' id='word_1_365' title='bbox 1380 4397 1485 4455; x_wconf 91' lang='lat' dir='ltr'><strong>est,</strong></span> <span class='ocrx_word' id='word_1_366' title='bbox 1511 4404 1741 4459; x_wconf 90' lang='lat' dir='ltr'><strong>quorum</strong></span> <span class='ocrx_word' id='word_1_367' title='bbox 1766 4404 1933 4448; x_wconf 85' lang='lat' dir='ltr'><strong>unum</strong></span> <span class='ocrx_word' id='word_1_368' title='bbox 1960 4403 2088 4463; x_wconf 72' lang='lat' dir='ltr'><strong>ante</strong></span> 
     </span>
    </p>
   </div>
   <div class='ocr_carea' id='block_1_48' title="bbox 485 4469 2087 4562">
    <p class='ocr_par' dir='ltr' id='par_1_48' title="bbox 485 4469 2087 4562">
     <span class='ocr_line' id='line_1_48' title="bbox 485 4469 2087 4562; baseline 0.014 -38"><span class='ocrx_word' id='word_1_369' title='bbox 485 4469 737 4526; x_wconf 62' lang='lat' dir='ltr'><strong>extilium</strong></span> <span class='ocrx_word' id='word_1_370' title='bbox 760 4472 911 4529; x_wconf 80' lang='lat' dir='ltr'><strong>misit</strong></span> <span class='ocrx_word' id='word_1_371' title='bbox 931 4474 1186 4544; x_wconf 77' lang='lat' dir='ltr'><strong>Hilarius,</strong></span> <span class='ocrx_word' id='word_1_372' title='bbox 1213 4478 1448 4536; x_wconf 82' lang='lat' dir='ltr'><strong>alterum</strong></span> <span class='ocrx_word' id='word_1_373' title='bbox 1470 4496 1576 4537; x_wconf 92' lang='lat' dir='ltr'><strong>non</strong></span> <span class='ocrx_word' id='word_1_374' title='bbox 1608 4485 1795 4553; x_wconf 87' lang='lat' dir='ltr'><strong>misit,</strong></span> <span class='ocrx_word' id='word_1_375' title='bbox 1838 4484 1933 4543; x_wconf 84' lang='lat' dir='ltr'><strong>sed</strong></span> <span class='ocrx_word' id='word_1_376' title='bbox 1968 4488 2087 4562; x_wconf 89' lang='lat' dir='ltr'><strong>ipse</strong></span> 
     </span>
    </p>
   </div>
   <div class='ocr_carea' id='block_1_49' title="bbox 485 4560 2166 4646">
    <p class='ocr_par' dir='ltr' id='par_1_49' title="bbox 485 4560 2166 4646">
     <span class='ocr_line' id='line_1_49' title="bbox 485 4560 2166 4646; baseline 0.012 -28"><span class='ocrx_word' id='word_1_377' title='bbox 485 4560 801 4619; x_wconf 79' lang='lat' dir='ltr'><strong>Constantio</strong></span> <span class='ocrx_word' id='word_1_378' title='bbox 821 4565 991 4623; x_wconf 79' lang='lat' dir='ltr'><strong>dedit.</strong></span> <span class='ocrx_word' id='word_1_379' title='bbox 1012 4566 1399 4627; x_wconf 75' lang='lat' dir='ltr'><strong>Verumtamen</strong></span> <span class='ocrx_word' id='word_1_380' title='bbox 1428 4574 1735 4646; x_wconf 78' lang='lat' dir='ltr'><strong>conjectare</strong></span> <span class='ocrx_word' id='word_1_381' title='bbox 1767 4579 1916 4646; x_wconf 84' lang='lat' dir='ltr'><strong>licet,</strong></span> <span class='ocrx_word' id='word_1_382' title='bbox 1941 4560 2080 4639; x_wconf 79' lang='lat' dir='ltr'><strong>Gre-</strong></span> <span class='ocrx_word' id='word_1_383' title='bbox 2110 4563 2166 4625; x_wconf 79' lang='grc' dir='ltr'>Ῑ)</span> 
     </span>
    </p>
   </div>
   <div class='ocr_carea' id='block_1_50' title="bbox 483 4657 2084 4735">
    <p class='ocr_par' dir='ltr' id='par_1_50' title="bbox 483 4657 2084 4735">
     <span class='ocr_line' id='line_1_50' title="bbox 483 4657 2084 4735; baseline 0.013 -23"><span class='ocrx_word' id='word_1_384' title='bbox 483 4657 694 4727; x_wconf 74' lang='lat' dir='ltr'><strong>gorium</strong></span> <span class='ocrx_word' id='word_1_385' title='bbox 732 4659 1042 4718; x_wconf 86' lang='lat' dir='ltr'><strong>eonfudisse</strong></span> <span class='ocrx_word' id='word_1_386' title='bbox 1072 4663 1217 4733; x_wconf 89' lang='lat' dir='ltr'><strong>quod</strong></span> <span class='ocrx_word' id='word_1_387' title='bbox 1247 4679 1345 4735; x_wconf 90' lang='lat' dir='ltr'><strong>pro</strong></span> <span class='ocrx_word' id='word_1_388' title='bbox 1374 4666 1478 4723; x_wconf 88' lang='lat' dir='ltr'><strong>lide</strong></span> <span class='ocrx_word' id='word_1_389' title='bbox 1507 4669 1774 4726; x_wconf 85' lang='lat' dir='ltr'><strong>catholica</strong></span> <span class='ocrx_word' id='word_1_390' title='bbox 1802 4673 2084 4733; x_wconf 79' lang='lat' dir='ltr'><strong>confessor</strong></span> 
     </span>
    </p>
   </div>
   <div class='ocr_carea' id='block_1_51' title="bbox 480 4753 2084 4832">
    <p class='ocr_par' dir='ltr' id='par_1_51' title="bbox 480 4753 2084 4832">
     <span class='ocr_line' id='line_1_51' title="bbox 480 4753 2084 4832; baseline 0.015 -29"><span class='ocrx_word' id='word_1_391' title='bbox 480 4758 736 4806; x_wconf 86' lang='lat' dir='ltr'><strong>strenuus</strong></span> <span class='ocrx_word' id='word_1_392' title='bbox 756 4760 811 4807; x_wconf 82' lang='lat' dir='ltr'><strong>et</strong></span> <span class='ocrx_word' id='word_1_393' title='bbox 831 4753 956 4808; x_wconf 77' lang='lat' dir='ltr'><strong>iecit</strong></span> <span class='ocrx_word' id='word_1_394' title='bbox 980 4754 1152 4812; x_wconf 89' lang='lat' dir='ltr'><strong>libros</strong></span> <span class='ocrx_word' id='word_1_395' title='bbox 1173 4756 1295 4815; x_wconf 90' lang='lat' dir='ltr'><strong>illos</strong></span> <span class='ocrx_word' id='word_1_396' title='bbox 1317 4761 1733 4832; x_wconf 86' lang='lat' dir='ltr'><strong>conscribendo,</strong></span> <span class='ocrx_word' id='word_1_397' title='bbox 1768 4775 1825 4822; x_wconf 89' lang='lat' dir='ltr'><strong>et</strong></span> <span class='ocrx_word' id='word_1_398' title='bbox 1855 4772 2084 4826; x_wconf 79' lang='lat' dir='ltr'><strong>tentavit</strong></span> 
     </span>
    </p>
   </div>
   <div class='ocr_carea' id='block_1_52' title="bbox 478 4841 2080 4920">
    <p class='ocr_par' dir='ltr' id='par_1_52' title="bbox 478 4841 2080 4920">
     <span class='ocr_line' id='line_1_52' title="bbox 478 4841 2080 4920; baseline 0.014 -23"><span class='ocrx_word' id='word_1_399' title='bbox 478 4841 675 4899; x_wconf 87' lang='lat' dir='ltr'><strong>libellis</strong></span> <span class='ocrx_word' id='word_1_400' title='bbox 701 4841 1018 4904; x_wconf 81' lang='lat' dir='ltr'><strong>Constantio</strong></span> <span class='ocrx_word' id='word_1_401' title='bbox 1060 4858 1154 4905; x_wconf 84' lang='lat' dir='ltr'><strong>aut</strong></span> <span class='ocrx_word' id='word_1_402' title='bbox 1202 4852 1387 4909; x_wconf 79' lang='lat' dir='ltr'><strong>missis</strong></span> <span class='ocrx_word' id='word_1_403' title='bbox 1435 4863 1527 4909; x_wconf 80' lang='lat' dir='ltr'><strong>aut</strong></span> <span class='ocrx_word' id='word_1_404' title='bbox 1574 4854 1714 4913; x_wconf 85' lang='lat' dir='ltr'><strong>datis</strong></span> <span class='ocrx_word' id='word_1_405' title='bbox 1750 4859 2080 4920; x_wconf 85' lang='lat' dir='ltr'><strong>audientiam</strong></span> 
     </span>
    </p>
   </div>
   <div class='ocr_carea' id='block_1_53' title="bbox 479 4936 846 5009">
    <p class='ocr_par' dir='ltr' id='par_1_53' title="bbox 479 4936 846 5009">
     <span class='ocr_line' id='line_1_53' title="bbox 479 4936 846 5009; baseline 0.005 -16"><span class='ocrx_word' id='word_1_406' title='bbox 479 4936 846 5009; x_wconf 83' lang='lat' dir='ltr'><strong>deprecando.</strong></span> 
     </span>
    </p>
   </div>
   <div class='ocr_carea' id='block_1_54' title="bbox 553 5028 2081 5108">
    <p class='ocr_par' dir='ltr' id='par_1_54' title="bbox 553 5028 2081 5108">
     <span class='ocr_line' id='line_1_54' title="bbox 553 5028 2081 5108; baseline 0.014 -23"><span class='ocrx_word' id='word_1_407' title='bbox 553 5028 745 5087; x_wconf 84' lang='lat' dir='ltr'><strong>XXVI.</strong></span> <span class='ocrx_word' id='word_1_408' title='bbox 776 5030 1027 5088; x_wconf 79' lang='lat' dir='ltr'><strong>Barberio</strong></span> <span class='ocrx_word' id='word_1_409' title='bbox 1069 5035 1353 5108; x_wconf 71' lang='lat' dir='ltr'><strong>presbyter.</strong></span> <span class='ocrx_word' id='word_1_410' title='bbox 1382 5068 1456 5082; x_wconf 84' lang='lat'><strong>-</strong></span> <span class='ocrx_word' id='word_1_411' title='bbox 1481 5039 1767 5099; x_wconf 73' lang='lat' dir='ltr'><strong>Rationem</strong></span> <span class='ocrx_word' id='word_1_412' title='bbox 1815 5048 1954 5105; x_wconf 90' lang='lat' dir='ltr'><strong>tituli</strong></span> <span class='ocrx_word' id='word_1_413' title='bbox 1984 5065 2081 5106; x_wconf 71' lang='lat' dir='ltr'><strong>ea-</strong></span> 
     </span>
    </p>
   </div>
   <div class='ocr_carea' id='block_1_55' title="bbox 481 5126 2079 5214">
    <p class='ocr_par' dir='ltr' id='par_1_55' title="bbox 481 5126 2079 5214">
     <span class='ocr_line' id='line_1_55' title="bbox 481 5126 2079 5214; baseline 0.013 -35"><span class='ocrx_word' id='word_1_414' title='bbox 481 5126 820 5197; x_wconf 76' lang='lat' dir='ltr'><strong>pendentes,</strong></span> <span class='ocrx_word' id='word_1_415' title='bbox 864 5126 1093 5185; x_wconf 69' lang='lat' dir='ltr'><strong>necdum</strong></span> <span class='ocrx_word' id='word_1_416' title='bbox 1139 5132 1379 5189; x_wconf 78' lang='lat' dir='ltr'><strong>diximus</strong></span> <span class='ocrx_word' id='word_1_417' title='bbox 1403 5135 1526 5205; x_wconf 88' lang='lat' dir='ltr'><strong>quis</strong></span> <span class='ocrx_word' id='word_1_418' title='bbox 1565 5137 1637 5193; x_wconf 90' lang='lat' dir='ltr'><strong>sit</strong></span> <span class='ocrx_word' id='word_1_419' title='bbox 1678 5139 1768 5196; x_wconf 83' lang='lat' dir='ltr'><strong>ille</strong></span> <span class='ocrx_word' id='word_1_420' title='bbox 1816 5144 2079 5214; x_wconf 73' lang='lat' dir='ltr'><strong>presbyter</strong></span> 
     </span>
    </p>
   </div>
   <div class='ocr_carea' id='block_1_56' title="bbox 478 5216 2078 5305">
    <p class='ocr_par' dir='ltr' id='par_1_56' title="bbox 478 5216 2078 5305">
     <span class='ocr_line' id='line_1_56' title="bbox 478 5216 2078 5305; baseline 0.016 -35"><span class='ocrx_word' id='word_1_421' title='bbox 478 5216 755 5285; x_wconf 81' lang='lat' dir='ltr'><strong>Barburio,</strong></span> <span class='ocrx_word' id='word_1_422' title='bbox 781 5220 935 5291; x_wconf 84' lang='lat' dir='ltr'><strong>cujus</strong></span> <span class='ocrx_word' id='word_1_423' title='bbox 960 5218 1157 5278; x_wconf 76' lang='lat' dir='ltr'><strong>nomen</strong></span> <span class='ocrx_word' id='word_1_424' title='bbox 1191 5224 1243 5280; x_wconf 90' lang='lat' dir='ltr'><strong>in</strong></span> <span class='ocrx_word' id='word_1_425' title='bbox 1271 5224 1584 5285; x_wconf 82' lang='lat' dir='ltr'><strong>Corbeiensi</strong></span> <span class='ocrx_word' id='word_1_426' title='bbox 1610 5233 1838 5305; x_wconf 80' lang='lat' dir='ltr'><strong>aliisque</strong></span> <span class='ocrx_word' id='word_1_427' title='bbox 1865 5236 2078 5295; x_wconf 85' lang='lat' dir='ltr'><strong>duobus</strong></span> 
     </span>
    </p>
   </div>
   <div class='ocr_carea' id='block_1_57' title="bbox 474 5312 2072 5396">
    <p class='ocr_par' dir='ltr' id='par_1_57' title="bbox 474 5312 2072 5396">
     <span class='ocr_line' id='line_1_57' title="bbox 474 5312 2072 5396; baseline 0.012 -28"><span class='ocrx_word' id='word_1_428' title='bbox 474 5312 753 5369; x_wconf 85' lang='lat' dir='ltr'><strong>codicibus</strong></span> <span class='ocrx_word' id='word_1_429' title='bbox 808 5314 1133 5386; x_wconf 78' lang='lat' dir='ltr'><strong>adscriptum</strong></span> <span class='ocrx_word' id='word_1_430' title='bbox 1183 5322 1528 5390; x_wconf 81' lang='lat' dir='ltr'><strong>reperimus;</strong></span> <span class='ocrx_word' id='word_1_431' title='bbox 1583 5326 1703 5383; x_wconf 80' lang='lat' dir='ltr'><strong>ilius</strong></span> <span class='ocrx_word' id='word_1_432' title='bbox 1758 5328 1955 5396; x_wconf 79' lang='lat' dir='ltr'><strong>fuerit,</strong></span> <span class='ocrx_word' id='word_1_433' title='bbox 2004 5334 2072 5387; x_wconf 83' lang='lat' dir='ltr'><strong>ad</strong></span> 
     </span>
    </p>
   </div>
   <div class='ocr_carea' id='block_1_58' title="bbox 475 5405 2069 5487">
    <p class='ocr_par' dir='ltr' id='par_1_58' title="bbox 475 5405 2069 5487">
     <span class='ocr_line' id='line_1_58' title="bbox 475 5405 2069 5487; baseline 0.014 -30"><span class='ocrx_word' id='word_1_434' title='bbox 475 5418 636 5474; x_wconf 87' lang='lat' dir='ltr'><strong>quem</strong></span> <span class='ocrx_word' id='word_1_435' title='bbox 687 5405 921 5461; x_wconf 79' lang='lat' dir='ltr'><strong>Hilarius</strong></span> <span class='ocrx_word' id='word_1_436' title='bbox 970 5408 1085 5479; x_wconf 80' lang='lat' dir='ltr'><strong>ipse</strong></span> <span class='ocrx_word' id='word_1_437' title='bbox 1131 5413 1520 5483; x_wconf 77' lang='lat' dir='ltr'><strong>autographum</strong></span> <span class='ocrx_word' id='word_1_438' title='bbox 1545 5417 1860 5487; x_wconf 71' lang='lat' dir='ltr'><strong>destinarit;</strong></span> <span class='ocrx_word' id='word_1_439' title='bbox 1903 5432 1971 5478; x_wconf 87' lang='lat' dir='ltr'><strong>an</strong></span> <span class='ocrx_word' id='word_1_440' title='bbox 2000 5424 2069 5481; x_wconf 81' lang='lat' dir='ltr'><strong>ad</strong></span> 
     </span>
    </p>
   </div>
   <div class='ocr_carea' id='block_1_59' title="bbox 472 5500 2067 5577">
    <p class='ocr_par' dir='ltr' id='par_1_59' title="bbox 472 5500 2067 5577">
     <span class='ocr_line' id='line_1_59' title="bbox 472 5500 2067 5577; baseline 0.016 -27"><span class='ocrx_word' id='word_1_441' title='bbox 472 5502 633 5567; x_wconf 80' lang='lat' dir='ltr'><strong>quem</strong></span> <span class='ocrx_word' id='word_1_442' title='bbox 682 5500 1051 5570; x_wconf 67' lang='lat' dir='ltr'><strong>apographnm</strong></span> <span class='ocrx_word' id='word_1_443' title='bbox 1109 5502 1269 5576; x_wconf 58' lang='lat' dir='ltr'><strong>longe</strong></span> <span class='ocrx_word' id='word_1_444' title='bbox 1309 5518 1430 5577; x_wconf 85' lang='lat' dir='ltr'><strong>post</strong></span> <span class='ocrx_word' id='word_1_445' title='bbox 1483 5506 1743 5569; x_wconf 87' lang='lat' dir='ltr'><strong>Hilrlum</strong></span> <span class='ocrx_word' id='word_1_446' title='bbox 1798 5512 1940 5573; x_wconf 68' lang='lat' dir='ltr'><strong>Mter</strong></span> <span class='ocrx_word' id='word_1_447' title='bbox 1983 5519 2067 5576; x_wconf 82' lang='lat' dir='ltr'><strong>vel</strong></span> 
     </span>
    </p>
   </div>
   <div class='ocr_carea' id='block_1_60' title="bbox 472 5595 2069 5678">
    <p class='ocr_par' dir='ltr' id='par_1_60' title="bbox 472 5595 2069 5678">
     <span class='ocr_line' id='line_1_60' title="bbox 472 5595 2069 5678; baseline 0.014 -32"><span class='ocrx_word' id='word_1_448' title='bbox 472 5602 665 5662; x_wconf 85' lang='lat' dir='ltr'><strong>sponte</strong></span> <span class='ocrx_word' id='word_1_449' title='bbox 693 5607 789 5649; x_wconf 87' lang='lat' dir='ltr'><strong>sua</strong></span> <span class='ocrx_word' id='word_1_450' title='bbox 810 5634 825 5660; x_wconf 94' lang='lat'><strong>,</strong></span> <span class='ocrx_word' id='word_1_451' title='bbox 865 5595 946 5651; x_wconf 75' lang='lat' dir='ltr'><strong>vel</strong></span> <span class='ocrx_word' id='word_1_452' title='bbox 972 5604 1189 5669; x_wconf 74' lang='lat' dir='ltr'><strong>rogatus</strong></span> <span class='ocrx_word' id='word_1_453' title='bbox 1216 5600 1443 5658; x_wconf 81' lang='lat' dir='ltr'><strong>miserit.</strong></span> <span class='ocrx_word' id='word_1_454' title='bbox 1487 5604 1600 5662; x_wconf 75' lang='lat' dir='ltr'><strong>Hoc</strong></span> <span class='ocrx_word' id='word_1_455' title='bbox 1624 5610 1955 5678; x_wconf 72' lang='lat' dir='ltr'><strong>postremum</strong></span> <span class='ocrx_word' id='word_1_456' title='bbox 1993 5614 2069 5669; x_wconf 81' lang='lat' dir='ltr'><strong>st-</strong></span> 
     </span>
    </p>
   </div>
   <div class='ocr_carea' id='block_1_61' title="bbox 469 5682 2066 5775">
    <p class='ocr_par' dir='ltr' id='par_1_61' title="bbox 469 5682 2066 5775">
     <span class='ocr_line' id='line_1_61' title="bbox 469 5682 2066 5775; baseline 0.014 -37"><span class='ocrx_word' id='word_1_457' title='bbox 469 5685 755 5756; x_wconf 75' lang='lat' dir='ltr'><strong>gniﬁcatur</strong></span> <span class='ocrx_word' id='word_1_458' title='bbox 790 5682 877 5746; x_wconf 87' lang='lat' dir='ltr'><strong>his</strong></span> <span class='ocrx_word' id='word_1_459' title='bbox 905 5696 1008 5747; x_wconf 68' lang='lat' dir='ltr'><strong>nisi</strong></span> <span class='ocrx_word' id='word_1_460' title='bbox 1041 5691 1391 5751; x_wconf 78' lang='lat' dir='ltr'><strong>Pratellensis</strong></span> <span class='ocrx_word' id='word_1_461' title='bbox 1419 5694 1619 5766; x_wconf 76' lang='lat' dir='ltr'><strong>verbis,</strong></span> <span class='ocrx_word' id='word_1_462' title='bbox 1648 5696 1790 5756; x_wconf 67' lang='lat' dir='ltr'><strong>interc</strong></span> <span class='ocrx_word' id='word_1_463' title='bbox 1818 5704 1946 5775; x_wconf 67' lang='lat' dir='ltr'><strong>fetis:</strong></span> <span class='ocrx_word' id='word_1_464' title='bbox 1975 5718 2066 5761; x_wconf 85' lang='lat' dir='ltr'><strong>cu-</strong></span> 
     </span>
    </p>
   </div>
   <div class='ocr_carea' id='block_1_62' title="bbox 465 5784 2062 5867">
    <p class='ocr_par' dir='ltr' id='par_1_62' title="bbox 465 5784 2062 5867">
     <span class='ocr_line' id='line_1_62' title="bbox 465 5784 2062 5867; baseline 0.014 -28"><span class='ocrx_word' id='word_1_465' title='bbox 465 5784 748 5845; x_wconf 89' lang='lat' dir='ltr'><strong>rationibus</strong></span> <span class='ocrx_word' id='word_1_466' title='bbox 781 5787 907 5844; x_wconf 81' lang='lat' dir='ltr'><strong>tuis.</strong></span> <span class='ocrx_word' id='word_1_467' title='bbox 934 5784 1014 5845; x_wconf 81' lang='lat' dir='ltr'><strong>Ex</strong></span> <span class='ocrx_word' id='word_1_468' title='bbox 1039 5785 1356 5867; x_wconf 84' lang='lat' dir='ltr'><strong>antiquitate</strong></span> <span class='ocrx_word' id='word_1_469' title='bbox 1383 5802 1566 5853; x_wconf 85' lang='lat' dir='ltr'><strong>autem</strong></span> <span class='ocrx_word' id='word_1_470' title='bbox 1588 5790 1930 5857; x_wconf 83' lang='lat' dir='ltr'><strong>Corbeieusis</strong></span> <span class='ocrx_word' id='word_1_471' title='bbox 1964 5814 2062 5861; x_wconf 83' lang='lat' dir='ltr'><strong>co-</strong></span> 
     </span>
    </p>
   </div>
   <div class='ocr_carea' id='block_1_63' title="bbox 2206 491 3811 587">
    <p class='ocr_par' dir='ltr' id='par_1_63' title="bbox 2206 491 3811 587">
     <span class='ocr_line' id='line_1_63' title="bbox 2206 491 3811 587; baseline 0.019 -42"><span class='ocrx_word' id='word_1_472' title='bbox 2206 505 2360 546; x_wconf 81' lang='lat' dir='ltr'><strong>maro</strong></span> <span class='ocrx_word' id='word_1_473' title='bbox 2387 503 2442 547; x_wconf 90' lang='lat' dir='ltr'><strong>et</strong></span> <span class='ocrx_word' id='word_1_474' title='bbox 2470 491 2700 551; x_wconf 80' lang='lat' dir='ltr'><strong>Alcuino</strong></span> <span class='ocrx_word' id='word_1_475' title='bbox 2744 502 3048 559; x_wconf 88' lang='lat' dir='ltr'><strong>consultum</strong></span> <span class='ocrx_word' id='word_1_476' title='bbox 3083 504 3250 563; x_wconf 89' lang='lat' dir='ltr'><strong>fuisse</strong></span> <span class='ocrx_word' id='word_1_477' title='bbox 3279 509 3344 564; x_wconf 88' lang='lat' dir='ltr'><strong>ad</strong></span> <span class='ocrx_word' id='word_1_478' title='bbox 3378 510 3469 568; x_wconf 90' lang='lat' dir='ltr'><strong>lib.</strong></span> <span class='ocrx_word' id='word_1_479' title='bbox 3514 529 3585 582; x_wconf 81' lang='grc' dir='ltr'><strong>ιι,</strong></span> <span class='ocrx_word' id='word_1_480' title='bbox 3626 524 3679 572; x_wconf 80' lang='lat' dir='ltr'><strong>ii.</strong></span> <span class='ocrx_word' id='word_1_481' title='bbox 3711 517 3811 587; x_wconf 72' lang='lat'><strong>27,</strong></span> 
     </span>
    </p>
   </div>
   <div class='ocr_carea' id='block_1_64' title="bbox 2204 584 3815 670">
    <p class='ocr_par' dir='ltr' id='par_1_64' title="bbox 2204 584 3815 670">
     <span class='ocr_line' id='line_1_64' title="bbox 2204 584 3815 670; baseline 0.02 -34"><span class='ocrx_word' id='word_1_482' title='bbox 2204 584 2590 653; x_wconf 82' lang='lat' dir='ltr'><strong>ostendemus,</strong></span> <span class='ocrx_word' id='word_1_483' title='bbox 2629 590 2841 659; x_wconf 77' lang='lat' dir='ltr'><strong>planum</strong></span> <span class='ocrx_word' id='word_1_484' title='bbox 2895 605 2978 651; x_wconf 89' lang='lat' dir='ltr'><strong>est</strong></span> <span class='ocrx_word' id='word_1_485' title='bbox 3035 597 3415 658; x_wconf 80' lang='lat' dir='ltr'><strong>Barbarionem</strong></span> <span class='ocrx_word' id='word_1_486' title='bbox 3449 605 3599 663; x_wconf 89' lang='lat' dir='ltr'><strong>illum</strong></span> <span class='ocrx_word' id='word_1_487' title='bbox 3629 584 3815 670; x_wconf 79' lang='lat' dir='ltr'><strong>Caroli</strong></span> 
     </span>
    </p>
   </div>
   <div class='ocr_carea' id='block_1_65' title="bbox 2204 677 3815 762">
    <p class='ocr_par' dir='ltr' id='par_1_65' title="bbox 2204 677 3815 762">
     <span class='ocr_line' id='line_1_65' title="bbox 2204 677 3815 762; baseline 0.018 -29"><span class='ocrx_word' id='word_1_488' title='bbox 2204 677 2378 749; x_wconf 74' lang='lat' dir='ltr'><strong>Magni</strong></span> <span class='ocrx_word' id='word_1_489' title='bbox 2405 684 2742 751; x_wconf 79' lang='lat' dir='ltr'><strong>temporibus</strong></span> <span class='ocrx_word' id='word_1_490' title='bbox 2789 703 2894 744; x_wconf 87' lang='lat' dir='ltr'><strong>non</strong></span> <span class='ocrx_word' id='word_1_491' title='bbox 2936 705 3057 748; x_wconf 72' lang='lat' dir='ltr'><strong>esse</strong></span> <span class='ocrx_word' id='word_1_492' title='bbox 3100 692 3434 753; x_wconf 88' lang='lat' dir='ltr'><strong>inferiorem.</strong></span> <span class='ocrx_word' id='word_1_493' title='bbox 3467 699 3600 756; x_wconf 85' lang='lat' dir='ltr'><strong>Cum</strong></span> <span class='ocrx_word' id='word_1_494' title='bbox 3631 711 3815 762; x_wconf 79' lang='lat' dir='ltr'><strong>autem</strong></span> 
     </span>
    </p>
   </div>
   <div class='ocr_carea' id='block_1_66' title="bbox 2208 770 3816 859">
    <p class='ocr_par' dir='ltr' id='par_1_66' title="bbox 2208 770 3816 859">
     <span class='ocr_line' id='line_1_66' title="bbox 2208 770 3816 859; baseline 0.02 -34"><span class='ocrx_word' id='word_1_495' title='bbox 2208 770 2368 842; x_wconf 78' lang='lat' dir='ltr'><strong>hujus</strong></span> <span class='ocrx_word' id='word_1_496' title='bbox 2412 788 2608 831; x_wconf 89' lang='lat' dir='ltr'><strong>nomen</strong></span> <span class='ocrx_word' id='word_1_497' title='bbox 2656 778 2799 834; x_wconf 87' lang='lat' dir='ltr'><strong>absit</strong></span> <span class='ocrx_word' id='word_1_498' title='bbox 2846 794 2874 836; x_wconf 87' lang='lat' dir='ltr'><strong>a</strong></span> <span class='ocrx_word' id='word_1_499' title='bbox 2922 798 3054 839; x_wconf 85' lang='lat' dir='ltr'><strong>mss.</strong></span> <span class='ocrx_word' id='word_1_500' title='bbox 3102 786 3241 851; x_wconf 81' lang='lat' dir='ltr'><strong>aliis,</strong></span> <span class='ocrx_word' id='word_1_501' title='bbox 3274 790 3393 859; x_wconf 83' lang='lat' dir='ltr'><strong>quis</strong></span> <span class='ocrx_word' id='word_1_502' title='bbox 3420 790 3567 849; x_wconf 84' lang='lat' dir='ltr'><strong>illum</strong></span> <span class='ocrx_word' id='word_1_503' title='bbox 3609 792 3816 857; x_wconf 75' lang='lat' dir='ltr'><strong>Hilario</strong></span> 
     </span>
    </p>
   </div>
   <div class='ocr_carea' id='block_1_67' title="bbox 2205 866 3125 946">
    <p class='ocr_par' dir='ltr' id='par_1_67' title="bbox 2205 866 3125 946">
     <span class='ocr_line' id='line_1_67' title="bbox 2205 866 3125 946; baseline 0.016 -28"><span class='ocrx_word' id='word_1_504' title='bbox 2205 866 2621 923; x_wconf 77' lang='lat' dir='ltr'><strong>existimandum</strong></span> <span class='ocrx_word' id='word_1_505' title='bbox 2651 882 2799 940; x_wconf 89' lang='lat' dir='ltr'><strong>putet</strong></span> <span class='ocrx_word' id='word_1_506' title='bbox 2824 877 3125 946; x_wconf 79' lang='lat' dir='ltr'><strong>:equalem?</strong></span> 
     </span>
    </p>
   </div>
   <div class='ocr_carea' id='block_1_68' title="bbox 2278 958 3813 1043">
    <p class='ocr_par' dir='ltr' id='par_1_68' title="bbox 2278 958 3813 1043">
     <span class='ocr_line' id='line_1_68' title="bbox 2278 958 3813 1043; baseline 0.016 -25"><span class='ocrx_word' id='word_1_507' title='bbox 2278 958 2495 1020; x_wconf 83' lang='lat' dir='ltr'><strong>XXVII.</strong></span> <span class='ocrx_word' id='word_1_508' title='bbox 2529 964 2722 1031; x_wconf 83' lang='lat' dir='ltr'><strong>Quibus</strong></span> <span class='ocrx_word' id='word_1_509' title='bbox 2761 972 2928 1027; x_wconf 79' lang='lat' dir='ltr'><strong>causis</strong></span> <span class='ocrx_word' id='word_1_510' title='bbox 2978 974 3047 1028; x_wconf 86' lang='lat' dir='ltr'><strong>ad</strong></span> <span class='ocrx_word' id='word_1_511' title='bbox 3094 976 3417 1034; x_wconf 73' lang='lat' dir='ltr'><strong>scribendum</strong></span> <span class='ocrx_word' id='word_1_512' title='bbox 3465 980 3715 1041; x_wconf 86' lang='lat' dir='ltr'><strong>adductus</strong></span> <span class='ocrx_word' id='word_1_513' title='bbox 3742 989 3813 1043; x_wconf 80' lang='lat' dir='ltr'><strong>sit</strong></span> 
     </span>
    </p>
   </div>
   <div class='ocr_carea' id='block_1_69' title="bbox 2217 1052 3811 1146">
    <p class='ocr_par' dir='ltr' id='par_1_69' title="bbox 2217 1052 3811 1146">
     <span class='ocr_line' id='line_1_69' title="bbox 2217 1052 3811 1146; baseline 0.018 -38"><span class='ocrx_word' id='word_1_514' title='bbox 2217 1052 2467 1111; x_wconf 78' lang='lat' dir='ltr'><strong>Hilarius.</strong></span> <span class='ocrx_word' id='word_1_515' title='bbox 2493 1091 2565 1103; x_wconf 93' lang='lat'><strong>-—</strong></span> <span class='ocrx_word' id='word_1_516' title='bbox 2590 1061 2759 1116; x_wconf 82' lang='lat' dir='ltr'><strong>Porro</strong></span> <span class='ocrx_word' id='word_1_517' title='bbox 2788 1064 2900 1132; x_wconf 83' lang='lat' dir='ltr'><strong>ipse</strong></span> <span class='ocrx_word' id='word_1_518' title='bbox 2930 1078 3033 1121; x_wconf 87' lang='lat' dir='ltr'><strong>non</strong></span> <span class='ocrx_word' id='word_1_519' title='bbox 3081 1067 3411 1126; x_wconf 78' lang='lat' dir='ltr'><strong>Barbarione</strong></span> <span class='ocrx_word' id='word_1_520' title='bbox 3434 1116 3448 1139; x_wconf 96' lang='lat'><strong>,</strong></span> <span class='ocrx_word' id='word_1_521' title='bbox 3488 1091 3594 1130; x_wconf 87' lang='lat' dir='ltr'><strong>non</strong></span> <span class='ocrx_word' id='word_1_522' title='bbox 3628 1080 3811 1146; x_wconf 81' lang='lat' dir='ltr'><strong>aliquo</strong></span> 
     </span>
    </p>
   </div>
   <div class='ocr_carea' id='block_1_70' title="bbox 2209 1147 3809 1241">
    <p class='ocr_par' dir='ltr' id='par_1_70' title="bbox 2209 1147 3809 1241">
     <span class='ocr_line' id='line_1_70' title="bbox 2209 1147 3809 1241; baseline 0.019 -40"><span class='ocrx_word' id='word_1_523' title='bbox 2209 1147 2318 1205; x_wconf 84' lang='lat' dir='ltr'><strong>alio</strong></span> <span class='ocrx_word' id='word_1_524' title='bbox 2345 1166 2592 1223; x_wconf 80' lang='lat' dir='ltr'><strong>suasore,</strong></span> <span class='ocrx_word' id='word_1_525' title='bbox 2621 1155 2717 1211; x_wconf 85' lang='lat' dir='ltr'><strong>sed</strong></span> <span class='ocrx_word' id='word_1_526' title='bbox 2751 1156 3012 1217; x_wconf 83' lang='lat' dir='ltr'><strong>charitate</strong></span> <span class='ocrx_word' id='word_1_527' title='bbox 3049 1160 3165 1219; x_wconf 88' lang='lat' dir='ltr'><strong>sola</strong></span> <span class='ocrx_word' id='word_1_528' title='bbox 3197 1164 3252 1221; x_wconf 86' lang='lat' dir='ltr'><strong>et</strong></span> <span class='ocrx_word' id='word_1_529' title='bbox 3282 1169 3602 1241; x_wconf 79' lang='lat' dir='ltr'><strong>episcopalis</strong></span> <span class='ocrx_word' id='word_1_530' title='bbox 3645 1176 3809 1232; x_wconf 81' lang='lat' dir='ltr'><strong>oliicii</strong></span> 
     </span>
    </p>
   </div>
   <div class='ocr_carea' id='block_1_71' title="bbox 2207 1246 3811 1336">
    <p class='ocr_par' dir='ltr' id='par_1_71' title="bbox 2207 1246 3811 1336">
     <span class='ocr_line' id='line_1_71' title="bbox 2207 1246 3811 1336; baseline 0.019 -40"><span class='ocrx_word' id='word_1_531' title='bbox 2207 1246 2529 1303; x_wconf 53' lang='lat' dir='ltr'><strong>necessitate</strong></span> <span class='ocrx_word' id='word_1_532' title='bbox 2573 1258 2797 1320; x_wconf 76' lang='lat' dir='ltr'><strong>urgente</strong></span> <span class='ocrx_word' id='word_1_533' title='bbox 2864 1266 2924 1309; x_wconf 85' lang='lat' dir='ltr'><strong>se</strong></span> <span class='ocrx_word' id='word_1_534' title='bbox 2975 1252 3042 1310; x_wconf 85' lang='lat' dir='ltr'><strong>ad</strong></span> <span class='ocrx_word' id='word_1_535' title='bbox 3102 1258 3444 1317; x_wconf 78' lang='lat' dir='ltr'><strong>scribendum</strong></span> <span class='ocrx_word' id='word_1_536' title='bbox 3505 1274 3811 1336; x_wconf 87' lang='lat' dir='ltr'><strong>permotum</strong></span> 
     </span>
    </p>
   </div>
   <div class='ocr_carea' id='block_1_72' title="bbox 2208 1332 3811 1432">
    <p class='ocr_par' dir='ltr' id='par_1_72' title="bbox 2208 1332 3811 1432">
     <span class='ocr_line' id='line_1_72' title="bbox 2208 1332 3811 1432; baseline 0.018 -44"><span class='ocrx_word' id='word_1_537' title='bbox 2208 1332 2376 1392; x_wconf 77' lang='lat' dir='ltr'><strong>fuisse</strong></span> <span class='ocrx_word' id='word_1_538' title='bbox 2402 1337 2644 1395; x_wconf 83' lang='lat' dir='ltr'><strong>declarat</strong></span> <span class='ocrx_word' id='word_1_539' title='bbox 2675 1334 2772 1398; x_wconf 85' lang='lat' dir='ltr'><strong>lib.</strong></span> <span class='ocrx_word' id='word_1_540' title='bbox 2800 1358 2873 1410; x_wconf 78' lang='lat' dir='ltr'><strong>vr,</strong></span> <span class='ocrx_word' id='word_1_541' title='bbox 2907 1363 2960 1400; x_wconf 83' lang='grc' dir='ltr'><strong><em>η.</em></strong></span> <span class='ocrx_word' id='word_1_542' title='bbox 2993 1347 3017 1402; x_wconf 84' lang='lat' dir='ltr'><strong>I</strong></span> <span class='ocrx_word' id='word_1_543' title='bbox 3043 1348 3151 1404; x_wconf 81' lang='lat' dir='ltr'><strong>:Ac</strong></span> <span class='ocrx_word' id='word_1_544' title='bbox 3176 1351 3306 1406; x_wconf 78' lang='lat' dir='ltr'><strong>mihi</strong></span> <span class='ocrx_word' id='word_1_545' title='bbox 3330 1332 3536 1425; x_wconf 82' lang='lat' dir='ltr'><strong>quidem</strong></span> <span class='ocrx_word' id='word_1_546' title='bbox 3557 1400 3572 1426; x_wconf 96' lang='lat'><strong>,</strong></span> <span class='ocrx_word' id='word_1_547' title='bbox 3613 1360 3811 1432; x_wconf 85' lang='lat' dir='ltr'><strong>inquit,</strong></span> 
     </span>
    </p>
   </div>
   <div class='ocr_carea' id='block_1_73' title="bbox 2206 1432 3817 1528">
    <p class='ocr_par' dir='ltr' id='par_1_73' title="bbox 2206 1432 3817 1528">
     <span class='ocr_line' id='line_1_73' title="bbox 2206 1432 3817 1528; baseline 0.02 -47"><span class='ocrx_word' id='word_1_548' title='bbox 2206 1438 2393 1501; x_wconf 74' lang='lat' dir='ltr'><strong>prtem</strong></span> <span class='ocrx_word' id='word_1_549' title='bbox 2422 1432 2583 1503; x_wconf 65' lang='grc' dir='ltr'><strong>σηεοῆ</strong></span> <span class='ocrx_word' id='word_1_550' title='bbox 2605 1436 2705 1490; x_wconf 86' lang='lat' dir='ltr'><strong>mei</strong></span> <span class='ocrx_word' id='word_1_551' title='bbox 2735 1440 3082 1494; x_wconf 80' lang='lat' dir='ltr'><strong>necessitatem</strong></span> <span class='ocrx_word' id='word_1_552' title='bbox 3101 1485 3114 1509; x_wconf 89' lang='lat'><strong>,</strong></span> <span class='ocrx_word' id='word_1_553' title='bbox 3146 1460 3247 1514; x_wconf 84' lang='lat' dir='ltr'><strong>qua</strong></span> <span class='ocrx_word' id='word_1_554' title='bbox 3292 1446 3387 1502; x_wconf 82' lang='lat' dir='ltr'><strong>hoc</strong></span> <span class='ocrx_word' id='word_1_555' title='bbox 3413 1440 3665 1510; x_wconf 73' lang='lat' dir='ltr'><strong>Ecclesia:</strong></span> <span class='ocrx_word' id='word_1_556' title='bbox 3702 1457 3817 1528; x_wconf 85' lang='lat' dir='ltr'><strong>epi-</strong></span> 
     </span>
    </p>
   </div>
   <div class='ocr_carea' id='block_1_74' title="bbox 2205 1524 3812 1605">
    <p class='ocr_par' dir='ltr' id='par_1_74' title="bbox 2205 1524 3812 1605">
     <span class='ocr_line' id='line_1_74' title="bbox 2205 1524 3812 1605; baseline 0.021 -32"><span class='ocrx_word' id='word_1_557' title='bbox 2205 1532 2392 1593; x_wconf 81' lang='lat' dir='ltr'><strong>scopus</strong></span> <span class='ocrx_word' id='word_1_558' title='bbox 2412 1524 2791 1591; x_wconf 73' lang='lat' dir='ltr'><strong>priedicationis</strong></span> <span class='ocrx_word' id='word_1_559' title='bbox 2809 1532 3111 1603; x_wconf 73' lang='lat' dir='ltr'><strong>evaiigelicae</strong></span> <span class='ocrx_word' id='word_1_560' title='bbox 3131 1536 3283 1592; x_wconf 77' lang='lat' dir='ltr'><strong>debeo</strong></span> <span class='ocrx_word' id='word_1_561' title='bbox 3312 1540 3648 1600; x_wconf 83' lang='lat' dir='ltr'><strong>ministerium</strong></span> <span class='ocrx_word' id='word_1_562' title='bbox 3675 1564 3690 1605; x_wconf 87' lang='lat'><strong>:</strong></span> <span class='ocrx_word' id='word_1_563' title='bbox 3727 1524 3812 1605; x_wconf 81' lang='lat' dir='ltr'><strong>ta-</strong></span> 
     </span>
    </p>
   </div>
   <div class='ocr_carea' id='block_1_75' title="bbox 2206 1621 3811 1713">
    <p class='ocr_par' dir='ltr' id='par_1_75' title="bbox 2206 1621 3811 1713">
     <span class='ocr_line' id='line_1_75' title="bbox 2206 1621 3811 1713; baseline 0.019 -46"><span class='ocrx_word' id='word_1_564' title='bbox 2206 1628 2321 1669; x_wconf 86' lang='lat' dir='ltr'><strong>men</strong></span> <span class='ocrx_word' id='word_1_565' title='bbox 2352 1628 2410 1670; x_wconf 92' lang='lat' dir='ltr'><strong>eo</strong></span> <span class='ocrx_word' id='word_1_566' title='bbox 2442 1621 2746 1690; x_wconf 75' lang='lat' dir='ltr'><strong>propensior</strong></span> <span class='ocrx_word' id='word_1_567' title='bbox 2775 1638 2900 1679; x_wconf 83' lang='lat' dir='ltr'><strong>cura</strong></span> <span class='ocrx_word' id='word_1_568' title='bbox 2928 1626 2996 1680; x_wconf 83' lang='lat' dir='ltr'><strong>ad</strong></span> <span class='ocrx_word' id='word_1_569' title='bbox 3024 1628 3347 1686; x_wconf 83' lang='lat' dir='ltr'><strong>scribendum</strong></span> <span class='ocrx_word' id='word_1_570' title='bbox 3372 1635 3489 1704; x_wconf 76' lang='lat' dir='ltr'><strong>fuit,</strong></span> <span class='ocrx_word' id='word_1_571' title='bbox 3518 1653 3618 1709; x_wconf 87' lang='lat' dir='ltr'><strong>quo</strong></span> <span class='ocrx_word' id='word_1_572' title='bbox 3648 1644 3811 1713; x_wconf 85' lang='lat' dir='ltr'><strong>magis</strong></span> 
     </span>
    </p>
   </div>
   <div class='ocr_carea' id='block_1_76' title="bbox 2207 1708 3811 1798">
    <p class='ocr_par' dir='ltr' id='par_1_76' title="bbox 2207 1708 3811 1798">
     <span class='ocr_line' id='line_1_76' title="bbox 2207 1708 3811 1798; baseline 0.018 -36"><span class='ocrx_word' id='word_1_573' title='bbox 2207 1708 2384 1779; x_wconf 80' lang='lat' dir='ltr'><strong>plures</strong></span> <span class='ocrx_word' id='word_1_574' title='bbox 2412 1714 2642 1781; x_wconf 86' lang='lat' dir='ltr'><strong>periculo</strong></span> <span class='ocrx_word' id='word_1_575' title='bbox 2661 1716 2887 1785; x_wconf 78' lang='lat' dir='ltr'><strong>infidelis</strong></span> <span class='ocrx_word' id='word_1_576' title='bbox 2911 1719 3259 1794; x_wconf 70' lang='lat' dir='ltr'><strong>intelligentiae</strong></span> <span class='ocrx_word' id='word_1_577' title='bbox 3278 1708 3655 1798; x_wconf 82' lang='lat' dir='ltr'><strong>detinebantur,</strong></span> <span class='ocrx_word' id='word_1_578' title='bbox 3682 1708 3811 1790; x_wconf 79' lang='lat' dir='ltr'><strong>ube-</strong></span> 
     </span>
    </p>
   </div>
   <div class='ocr_carea' id='block_1_77' title="bbox 2201 1803 3809 1901">
    <p class='ocr_par' dir='ltr' id='par_1_77' title="bbox 2201 1803 3809 1901">
     <span class='ocr_line' id='line_1_77' title="bbox 2201 1803 3809 1901; baseline 0.018 -45"><span class='ocrx_word' id='word_1_579' title='bbox 2201 1803 2311 1859; x_wconf 85' lang='lat' dir='ltr'><strong>rius</strong></span> <span class='ocrx_word' id='word_1_580' title='bbox 2332 1807 2575 1878; x_wconf 82' lang='lat' dir='ltr'><strong>gaudium</strong></span> <span class='ocrx_word' id='word_1_581' title='bbox 2603 1822 2904 1867; x_wconf 86' lang='lat' dir='ltr'><strong>consectans</strong></span> <span class='ocrx_word' id='word_1_582' title='bbox 2940 1830 3004 1869; x_wconf 79' lang='lat' dir='ltr'><strong>ea:</strong></span> <span class='ocrx_word' id='word_1_583' title='bbox 3024 1815 3189 1873; x_wconf 87' lang='lat' dir='ltr'><strong>salute</strong></span> <span class='ocrx_word' id='word_1_584' title='bbox 3210 1820 3497 1879; x_wconf 85' lang='lat' dir='ltr'><strong>multorum</strong></span> <span class='ocrx_word' id='word_1_585' title='bbox 3515 1869 3531 1893; x_wconf 92' lang='lat'><strong>,</strong></span> <span class='ocrx_word' id='word_1_586' title='bbox 3560 1826 3604 1882; x_wconf 86' lang='lat' dir='ltr'><strong>si</strong></span> <span class='ocrx_word' id='word_1_587' title='bbox 3631 1831 3809 1901; x_wconf 84' lang='lat' dir='ltr'><strong>cogni-</strong></span> 
     </span>
    </p>
   </div>
   <div class='ocr_carea' id='block_1_78' title="bbox 2202 1900 3811 1990">
    <p class='ocr_par' dir='ltr' id='par_1_78' title="bbox 2202 1900 3811 1990">
     <span class='ocr_line' id='line_1_78' title="bbox 2202 1900 3811 1990; baseline 0.017 -38"><span class='ocrx_word' id='word_1_588' title='bbox 2202 1900 2268 1952; x_wconf 88' lang='lat' dir='ltr'><strong>tis</strong></span> <span class='ocrx_word' id='word_1_589' title='bbox 2296 1904 2634 1959; x_wconf 75' lang='lat' dir='ltr'><strong>sacramentis</strong></span> <span class='ocrx_word' id='word_1_590' title='bbox 2656 1908 2897 1979; x_wconf 71' lang='lat' dir='ltr'><strong>perfectaa</strong></span> <span class='ocrx_word' id='word_1_591' title='bbox 2924 1911 2977 1964; x_wconf 88' lang='lat' dir='ltr'><strong>iu</strong></span> <span class='ocrx_word' id='word_1_592' title='bbox 3011 1910 3172 1966; x_wconf 87' lang='lat' dir='ltr'><strong>Deum</strong></span> <span class='ocrx_word' id='word_1_593' title='bbox 3198 1914 3341 1983; x_wconf 77' lang='lat' dir='ltr'><strong>ﬁdei,</strong></span> <span class='ocrx_word' id='word_1_594' title='bbox 3381 1919 3545 1990; x_wconf 87' lang='lat' dir='ltr'><strong>impia</strong></span> <span class='ocrx_word' id='word_1_595' title='bbox 3573 1900 3811 1982; x_wconf 70' lang='lat' dir='ltr'><strong>Immanis</strong></span> 
     </span>
    </p>
   </div>
   <div class='ocr_carea' id='block_1_79' title="bbox 2199 1994 3806 2076">
    <p class='ocr_par' dir='ltr' id='par_1_79' title="bbox 2199 1994 3806 2076">
     <span class='ocr_line' id='line_1_79' title="bbox 2199 1994 3806 2076; baseline 0.018 -29"><span class='ocrx_word' id='word_1_596' title='bbox 2199 1994 2427 2050; x_wconf 68' lang='lat' dir='ltr'><strong>stultitim</strong></span> <span class='ocrx_word' id='word_1_597' title='bbox 2449 1997 2684 2053; x_wconf 86' lang='lat' dir='ltr'><strong>instituta</strong></span> <span class='ocrx_word' id='word_1_598' title='bbox 2712 2000 3023 2072; x_wconf 86' lang='lat' dir='ltr'><strong>desererent,</strong></span> <span class='ocrx_word' id='word_1_599' title='bbox 3056 2017 3103 2061; x_wconf 91' lang='lat' dir='ltr'><strong>et</strong></span> <span class='ocrx_word' id='word_1_600' title='bbox 3125 2024 3179 2064; x_wconf 87' lang='lat' dir='ltr'><strong>se</strong></span> <span class='ocrx_word' id='word_1_601' title='bbox 3200 2007 3309 2065; x_wconf 91' lang='lat' dir='ltr'><strong>Deo</strong></span> <span class='ocrx_word' id='word_1_602' title='bbox 3332 2013 3623 2072; x_wconf 86' lang='lat' dir='ltr'><strong>redderent.</strong></span> <span class='ocrx_word' id='word_1_603' title='bbox 3654 2018 3806 2076; x_wconf 84' lang='lat' dir='ltr'><strong>Hunc</strong></span> 
     </span>
    </p>
   </div>
   <div class='ocr_carea' id='block_1_80' title="bbox 2202 2086 3807 2182">
    <p class='ocr_par' dir='ltr' id='par_1_80' title="bbox 2202 2086 3807 2182">
     <span class='ocr_line' id='line_1_80' title="bbox 2202 2086 3807 2182; baseline 0.018 -42"><span class='ocrx_word' id='word_1_604' title='bbox 2202 2086 2378 2143; x_wconf 91' lang='lat' dir='ltr'><strong>locum</strong></span> <span class='ocrx_word' id='word_1_605' title='bbox 2434 2091 2679 2162; x_wconf 75' lang='lat' dir='ltr'><strong>aliosque</strong></span> <span class='ocrx_word' id='word_1_606' title='bbox 2726 2109 2835 2150; x_wconf 92' lang='lat' dir='ltr'><strong>non</strong></span> <span class='ocrx_word' id='word_1_607' title='bbox 2889 2098 3183 2157; x_wconf 84' lang='lat' dir='ltr'><strong>attendisse</strong></span> <span class='ocrx_word' id='word_1_608' title='bbox 3229 2106 3656 2176; x_wconf 86' lang='lat' dir='ltr'><strong>convincuntur,</strong></span> <span class='ocrx_word' id='word_1_609' title='bbox 3713 2113 3807 2182; x_wconf 82' lang='lat' dir='ltr'><strong>qui</strong></span> 
     </span>
    </p>
   </div>
   <div class='ocr_carea' id='block_1_81' title="bbox 2197 2182 3801 2276">
    <p class='ocr_par' dir='ltr' id='par_1_81' title="bbox 2197 2182 3801 2276">
     <span class='ocr_line' id='line_1_81' title="bbox 2197 2182 3801 2276; baseline 0.017 -40"><span class='ocrx_word' id='word_1_610' title='bbox 2197 2186 2324 2236; x_wconf 85' lang='lat' dir='ltr'><strong>eum</strong></span> <span class='ocrx_word' id='word_1_611' title='bbox 2339 2182 2504 2239; x_wconf 81' lang='lat' dir='ltr'><strong>v‘elinl</strong></span> <span class='ocrx_word' id='word_1_612' title='bbox 2525 2185 2784 2254; x_wconf 72' lang='lat' dir='ltr'><strong>plmimos</strong></span> <span class='ocrx_word' id='word_1_613' title='bbox 2812 2205 2918 2246; x_wconf 93' lang='lat' dir='ltr'><strong>non</strong></span> <span class='ocrx_word' id='word_1_614' title='bbox 2948 2193 3084 2249; x_wconf 87' lang='lat' dir='ltr'><strong>mala</strong></span> <span class='ocrx_word' id='word_1_615' title='bbox 3115 2194 3219 2252; x_wconf 85' lang='lat' dir='ltr'><strong>fide</strong></span> <span class='ocrx_word' id='word_1_616' title='bbox 3242 2196 3492 2257; x_wconf 62' lang='lat' dir='ltr'><strong>haeresim</strong></span> <span class='ocrx_word' id='word_1_617' title='bbox 3520 2202 3801 2276; x_wconf 76' lang='lat' dir='ltr'><strong>amplexa-</strong></span> 
     </span>
    </p>
   </div>
   <div class='ocr_carea' id='block_1_82' title="bbox 2197 2276 3805 2356">
    <p class='ocr_par' dir='ltr' id='par_1_82' title="bbox 2197 2276 3805 2356">
     <span class='ocr_line' id='line_1_82' title="bbox 2197 2276 3805 2356; baseline 0.017 -28"><span class='ocrx_word' id='word_1_618' title='bbox 2197 2280 2304 2341; x_wconf 83' lang='lat' dir='ltr'><strong>tos,</strong></span> <span class='ocrx_word' id='word_1_619' title='bbox 2336 2276 2678 2334; x_wconf 83' lang='lat' dir='ltr'><strong>clementiam</strong></span> <span class='ocrx_word' id='word_1_620' title='bbox 2719 2297 2844 2351; x_wconf 81' lang='lat' dir='ltr'><strong>erga</strong></span> <span class='ocrx_word' id='word_1_621' title='bbox 2876 2283 2998 2341; x_wconf 88' lang='lat' dir='ltr'><strong>illos</strong></span> <span class='ocrx_word' id='word_1_622' title='bbox 3024 2286 3076 2341; x_wconf 88' lang='lat' dir='ltr'><strong>in</strong></span> <span class='ocrx_word' id='word_1_623' title='bbox 3103 2286 3306 2345; x_wconf 86' lang='lat' dir='ltr'><strong>Hilario</strong></span> <span class='ocrx_word' id='word_1_624' title='bbox 3336 2292 3666 2352; x_wconf 84' lang='lat' dir='ltr'><strong>desiderant.</strong></span> <span class='ocrx_word' id='word_1_625' title='bbox 3696 2299 3805 2356; x_wconf 79' lang='lat' dir='ltr'><strong>Eos</strong></span> 
     </span>
    </p>
   </div>
   <div class='ocr_carea' id='block_1_83' title="bbox 2196 2371 3806 2457">
    <p class='ocr_par' dir='ltr' id='par_1_83' title="bbox 2196 2371 3806 2457">
     <span class='ocr_line' id='line_1_83' title="bbox 2196 2371 3806 2457; baseline 0.016 -34"><span class='ocrx_word' id='word_1_626' title='bbox 2196 2376 2368 2437; x_wconf 88' lang='lat' dir='ltr'><strong>certe,</strong></span> <span class='ocrx_word' id='word_1_627' title='bbox 2413 2371 2503 2441; x_wconf 88' lang='lat' dir='ltr'><strong>qui</strong></span> <span class='ocrx_word' id='word_1_628' title='bbox 2546 2372 2663 2428; x_wconf 82' lang='lat' dir='ltr'><strong>Arii</strong></span> <span class='ocrx_word' id='word_1_629' title='bbox 2709 2377 2950 2445; x_wconf 89' lang='lat' dir='ltr'><strong>partibus</strong></span> <span class='ocrx_word' id='word_1_630' title='bbox 2989 2392 3176 2438; x_wconf 88' lang='lat' dir='ltr'><strong>errore</strong></span> <span class='ocrx_word' id='word_1_631' title='bbox 3223 2390 3279 2440; x_wconf 90' lang='lat' dir='ltr'><strong>et</strong></span> <span class='ocrx_word' id='word_1_632' title='bbox 3329 2385 3622 2457; x_wconf 80' lang='lat' dir='ltr'><strong>ignorantia</strong></span> <span class='ocrx_word' id='word_1_633' title='bbox 3657 2388 3806 2449; x_wconf 87' lang='lat' dir='ltr'><strong>fave-</strong></span> 
     </span>
    </p>
   </div>
   <div class='ocr_carea' id='block_1_84' title="bbox 2198 2463 3802 2554">
    <p class='ocr_par' dir='ltr' id='par_1_84' title="bbox 2198 2463 3802 2554">
     <span class='ocr_line' id='line_1_84' title="bbox 2198 2463 3802 2554; baseline 0.017 -37"><span class='ocrx_word' id='word_1_634' title='bbox 2198 2463 2348 2530; x_wconf 88' lang='lat' dir='ltr'><strong>bant,</strong></span> <span class='ocrx_word' id='word_1_635' title='bbox 2363 2466 2603 2534; x_wconf 88' lang='lat' dir='ltr'><strong>apprime</strong></span> <span class='ocrx_word' id='word_1_636' title='bbox 2616 2467 2949 2539; x_wconf 79' lang='lat' dir='ltr'><strong>distinguere</strong></span> <span class='ocrx_word' id='word_1_637' title='bbox 2969 2484 3192 2532; x_wconf 63' lang='lat' dir='ltr'><strong>noverat</strong></span> <span class='ocrx_word' id='word_1_638' title='bbox 3214 2479 3281 2535; x_wconf 89' lang='lat' dir='ltr'><strong>ab</strong></span> <span class='ocrx_word' id='word_1_639' title='bbox 3313 2480 3421 2537; x_wconf 90' lang='lat' dir='ltr'><strong>illis</strong></span> <span class='ocrx_word' id='word_1_640' title='bbox 3443 2483 3532 2554; x_wconf 85' lang='lat' dir='ltr'><strong>qui</strong></span> <span class='ocrx_word' id='word_1_641' title='bbox 3547 2485 3601 2540; x_wconf 91' lang='lat' dir='ltr'><strong>in</strong></span> <span class='ocrx_word' id='word_1_642' title='bbox 3614 2476 3802 2545; x_wconf 82' lang='lat' dir='ltr'><strong>eadem</strong></span> 
     </span>
    </p>
   </div>
   <div class='ocr_carea' id='block_1_85' title="bbox 2196 2553 3798 2635">
    <p class='ocr_par' dir='ltr' id='par_1_85' title="bbox 2196 2553 3798 2635">
     <span class='ocr_line' id='line_1_85' title="bbox 2196 2553 3798 2635; baseline 0.016 -26"><span class='ocrx_word' id='word_1_643' title='bbox 2196 2553 2392 2613; x_wconf 59' lang='grc' dir='ltr'><strong>δαιτθεὶ</strong></span> <span class='ocrx_word' id='word_1_644' title='bbox 2414 2570 2583 2626; x_wconf 88' lang='lat' dir='ltr'><strong>pravo</strong></span> <span class='ocrx_word' id='word_1_645' title='bbox 2608 2561 2840 2632; x_wconf 86' lang='lat' dir='ltr'><strong>quodam</strong></span> <span class='ocrx_word' id='word_1_646' title='bbox 2870 2565 3161 2624; x_wconf 82' lang='lat' dir='ltr'><strong>voluntatis</strong></span> <span class='ocrx_word' id='word_1_647' title='bbox 3183 2569 3378 2628; x_wconf 77' lang='lat' dir='ltr'><strong>allecto</strong></span> <span class='ocrx_word' id='word_1_648' title='bbox 3399 2573 3798 2635; x_wconf 86' lang='lat' dir='ltr'><strong>detinebantur.</strong></span> 
     </span>
    </p>
   </div>
   <div class='ocr_carea' id='block_1_86' title="bbox 2197 2645 3800 2735">
    <p class='ocr_par' dir='ltr' id='par_1_86' title="bbox 2197 2645 3800 2735">
     <span class='ocr_line' id='line_1_86' title="bbox 2197 2645 3800 2735; baseline 0.017 -33"><span class='ocrx_word' id='word_1_649' title='bbox 2197 2645 2266 2702; x_wconf 81' lang='lat' dir='ltr'><strong>Et</strong></span> <span class='ocrx_word' id='word_1_650' title='bbox 2286 2647 2477 2706; x_wconf 87' lang='lat' dir='ltr'><strong>horum</strong></span> <span class='ocrx_word' id='word_1_651' title='bbox 2507 2652 2724 2722; x_wconf 89' lang='lat' dir='ltr'><strong>quidem</strong></span> <span class='ocrx_word' id='word_1_652' title='bbox 2755 2655 3013 2713; x_wconf 82' lang='lat' dir='ltr'><strong>malitiam</strong></span> <span class='ocrx_word' id='word_1_653' title='bbox 3039 2675 3102 2716; x_wconf 91' lang='lat' dir='ltr'><strong>ae</strong></span> <span class='ocrx_word' id='word_1_654' title='bbox 3128 2677 3323 2721; x_wconf 90' lang='lat' dir='ltr'><strong>sensus</strong></span> <span class='ocrx_word' id='word_1_655' title='bbox 3348 2669 3662 2735; x_wconf 86' lang='lat' dir='ltr'><strong>pravitatem</strong></span> <span class='ocrx_word' id='word_1_656' title='bbox 3696 2689 3800 2729; x_wconf 77' lang='lat' dir='ltr'><strong>non</strong></span> 
     </span>
    </p>
   </div>
   <div class='ocr_carea' id='block_1_87' title="bbox 2196 2741 3798 2833">
    <p class='ocr_par' dir='ltr' id='par_1_87' title="bbox 2196 2741 3798 2833">
     <span class='ocr_line' id='line_1_87' title="bbox 2196 2741 3798 2833; baseline 0.017 -39"><span class='ocrx_word' id='word_1_657' title='bbox 2196 2741 2315 2797; x_wconf 84' lang='lat' dir='ltr'><strong>sine</strong></span> <span class='ocrx_word' id='word_1_658' title='bbox 2357 2742 2583 2800; x_wconf 89' lang='lat' dir='ltr'><strong>horrore</strong></span> <span class='ocrx_word' id='word_1_659' title='bbox 2621 2754 2677 2803; x_wconf 89' lang='lat' dir='ltr'><strong>et</strong></span> <span class='ocrx_word' id='word_1_660' title='bbox 2712 2747 3077 2821; x_wconf 67' lang='lat' dir='ltr'><strong>indignatione</strong></span> <span class='ocrx_word' id='word_1_661' title='bbox 3105 2757 3411 2827; x_wconf 78' lang='lat' dir='ltr'><strong>cogitabat:</strong></span> <span class='ocrx_word' id='word_1_662' title='bbox 3443 2772 3495 2816; x_wconf 89' lang='lat' dir='ltr'><strong>at</strong></span> <span class='ocrx_word' id='word_1_663' title='bbox 3536 2764 3798 2833; x_wconf 81' lang='lat' dir='ltr'><strong>singulari</strong></span> 
     </span>
    </p>
   </div>
   <div class='ocr_carea' id='block_1_88' title="bbox 2196 2830 3803 2927">
    <p class='ocr_par' dir='ltr' id='par_1_88' title="bbox 2196 2830 3803 2927">
     <span class='ocr_line' id='line_1_88' title="bbox 2196 2830 3803 2927; baseline 0.019 -42"><span class='ocrx_word' id='word_1_664' title='bbox 2196 2830 2252 2886; x_wconf 90' lang='lat' dir='ltr'><strong>in</strong></span> <span class='ocrx_word' id='word_1_665' title='bbox 2283 2832 2404 2889; x_wconf 83' lang='lat' dir='ltr'><strong>illos</strong></span> <span class='ocrx_word' id='word_1_666' title='bbox 2430 2835 2803 2896; x_wconf 85' lang='lat' dir='ltr'><strong>misericordia</strong></span> <span class='ocrx_word' id='word_1_667' title='bbox 2839 2846 3301 2905; x_wconf 79' lang='lat' dir='ltr'><strong>coiiimovebatur.</strong></span> <span class='ocrx_word' id='word_1_668' title='bbox 3332 2850 3440 2907; x_wconf 90' lang='lat' dir='ltr'><strong>Sed</strong></span> <span class='ocrx_word' id='word_1_669' title='bbox 3486 2854 3609 2927; x_wconf 86' lang='lat' dir='ltr'><strong>quia</strong></span> <span class='ocrx_word' id='word_1_670' title='bbox 3627 2830 3803 2915; x_wconf 32' lang='lat' dir='ltr'><strong>intris-</strong></span> 
     </span>
    </p>
   </div>
   <div class='ocr_carea' id='block_1_89' title="bbox 2196 2928 3448 3011">
    <p class='ocr_par' dir='ltr' id='par_1_89' title="bbox 2196 2928 3448 3011">
     <span class='ocr_line' id='line_1_89' title="bbox 2196 2928 3448 3011; baseline 0.018 -32"><span class='ocrx_word' id='word_1_671' title='bbox 2196 2943 2302 2998; x_wconf 90' lang='lat' dir='ltr'><strong>que</strong></span> <span class='ocrx_word' id='word_1_672' title='bbox 2326 2928 2614 2986; x_wconf 82' lang='lat' dir='ltr'><strong>subvenire</strong></span> <span class='ocrx_word' id='word_1_673' title='bbox 2648 2934 2918 3003; x_wconf 67' lang='lat' dir='ltr'><strong>cupiebat,</strong></span> <span class='ocrx_word' id='word_1_674' title='bbox 2946 2942 3190 3011; x_wconf 83' lang='lat' dir='ltr'><strong>utrisque</strong></span> <span class='ocrx_word' id='word_1_675' title='bbox 3213 2944 3448 3011; x_wconf 76' lang='lat' dir='ltr'><strong>scripsit.</strong></span> 
     </span>
    </p>
   </div>
   <div class='ocr_carea' id='block_1_90' title="bbox 2270 3020 3795 3104">
    <p class='ocr_par' dir='ltr' id='par_1_90' title="bbox 2270 3020 3795 3104">
     <span class='ocr_line' id='line_1_90' title="bbox 2270 3020 3795 3104; baseline 0.016 -27"><span class='ocrx_word' id='word_1_676' title='bbox 2270 3020 2505 3079; x_wconf 81' lang='lat' dir='ltr'><strong>XXVIII.</strong></span> <span class='ocrx_word' id='word_1_677' title='bbox 2541 3026 2682 3094; x_wconf 82' lang='lat' dir='ltr'><strong>Quid</strong></span> <span class='ocrx_word' id='word_1_678' title='bbox 2702 3029 2765 3083; x_wconf 87' lang='lat' dir='ltr'><strong>de</strong></span> <span class='ocrx_word' id='word_1_679' title='bbox 2787 3031 3099 3089; x_wconf 84' lang='lat' dir='ltr'><strong>Arianorum</strong></span> <span class='ocrx_word' id='word_1_680' title='bbox 3128 3032 3401 3104; x_wconf 71' lang='lat' dir='ltr'><strong>affectione</strong></span> <span class='ocrx_word' id='word_1_681' title='bbox 3428 3043 3692 3099; x_wconf 83' lang='lat' dir='ltr'><strong>sentiebat.</strong></span> <span class='ocrx_word' id='word_1_682' title='bbox 3722 3078 3795 3088; x_wconf 92' lang='lat'><strong><em>—</em></strong></span> 
     </span>
    </p>
   </div>
   <div class='ocr_carea' id='block_1_91' title="bbox 2197 3115 3800 3209">
    <p class='ocr_par' dir='ltr' id='par_1_91' title="bbox 2197 3115 3800 3209">
     <span class='ocr_line' id='line_1_91' title="bbox 2197 3115 3800 3209; baseline 0.016 -36"><span class='ocrx_word' id='word_1_683' title='bbox 2197 3115 2423 3189; x_wconf 76' lang='lat' dir='ltr'><strong>Scripsit</strong></span> <span class='ocrx_word' id='word_1_684' title='bbox 2452 3122 2596 3177; x_wconf 88' lang='lat' dir='ltr'><strong>enim</strong></span> <span class='ocrx_word' id='word_1_685' title='bbox 2626 3133 2683 3179; x_wconf 90' lang='lat' dir='ltr'><strong>et</strong></span> <span class='ocrx_word' id='word_1_686' title='bbox 2712 3136 2933 3197; x_wconf 83' lang='lat' dir='ltr'><strong>propter</strong></span> <span class='ocrx_word' id='word_1_687' title='bbox 2962 3132 3248 3203; x_wconf 75' lang='lat' dir='ltr'><strong>magistras</strong></span> <span class='ocrx_word' id='word_1_688' title='bbox 3278 3136 3533 3209; x_wconf 61' lang='lat' dir='ltr'><strong>nequitia:</strong></span> <span class='ocrx_word' id='word_1_689' title='bbox 3562 3142 3647 3198; x_wconf 90' lang='lat' dir='ltr'><strong>vel</strong></span> <span class='ocrx_word' id='word_1_690' title='bbox 3674 3159 3800 3198; x_wconf 82' lang='lat' dir='ltr'><strong>oor-</strong></span> 
     </span>
    </p>
   </div>
   <div class='ocr_carea' id='block_1_92' title="bbox 2196 3211 3800 3304">
    <p class='ocr_par' dir='ltr' id='par_1_92' title="bbox 2196 3211 3800 3304">
     <span class='ocr_line' id='line_1_92' title="bbox 2196 3211 3800 3304; baseline 0.017 -40"><span class='ocrx_word' id='word_1_691' title='bbox 2196 3211 2471 3280; x_wconf 83' lang='lat' dir='ltr'><strong>rigendos,</strong></span> <span class='ocrx_word' id='word_1_692' title='bbox 2495 3215 2581 3270; x_wconf 78' lang='lat' dir='ltr'><strong>vel</strong></span> <span class='ocrx_word' id='word_1_693' title='bbox 2612 3216 2804 3274; x_wconf 86' lang='lat' dir='ltr'><strong>saltem</strong></span> <span class='ocrx_word' id='word_1_694' title='bbox 2836 3218 3160 3280; x_wconf 80' lang='lat' dir='ltr'><strong>refellendos</strong></span> <span class='ocrx_word' id='word_1_695' title='bbox 3194 3246 3205 3280; x_wconf 91' lang='lat'>:</span> <span class='ocrx_word' id='word_1_696' title='bbox 3238 3230 3456 3299; x_wconf 60' lang='lat' dir='ltr'><strong>scripsit</strong></span> <span class='ocrx_word' id='word_1_697' title='bbox 3490 3242 3543 3287; x_wconf 89' lang='lat' dir='ltr'><strong>et</strong></span> <span class='ocrx_word' id='word_1_698' title='bbox 3572 3249 3800 3304; x_wconf 75' lang='lat' dir='ltr'><strong>pmptnr</strong></span> 
     </span>
    </p>
   </div>
   <div class='ocr_carea' id='block_1_93' title="bbox 2197 3306 3793 3385">
    <p class='ocr_par' dir='ltr' id='par_1_93' title="bbox 2197 3306 3793 3385">
     <span class='ocr_line' id='line_1_93' title="bbox 2197 3306 3793 3385; baseline 0.019 -30"><span class='ocrx_word' id='word_1_699' title='bbox 2197 3314 2292 3356; x_wconf 89' lang='lat' dir='ltr'><strong>eos</strong></span> <span class='ocrx_word' id='word_1_700' title='bbox 2316 3343 2329 3366; x_wconf 89' lang='lat'><strong>,</strong></span> <span class='ocrx_word' id='word_1_701' title='bbox 2362 3317 2498 3375; x_wconf 88' lang='lat' dir='ltr'><strong>quos</strong></span> <span class='ocrx_word' id='word_1_702' title='bbox 2528 3306 2605 3361; x_wconf 90' lang='lat' dir='ltr'><strong>illi</strong></span> <span class='ocrx_word' id='word_1_703' title='bbox 2638 3308 2967 3379; x_wconf 82' lang='lat' dir='ltr'><strong>deceperant</strong></span> <span class='ocrx_word' id='word_1_704' title='bbox 2990 3356 3005 3380; x_wconf 94' lang='lat'><strong>,</strong></span> <span class='ocrx_word' id='word_1_705' title='bbox 3039 3314 3386 3377; x_wconf 78' lang='lat' dir='ltr'><strong>erudiendos.</strong></span> <span class='ocrx_word' id='word_1_706' title='bbox 3424 3322 3635 3379; x_wconf 90' lang='lat' dir='ltr'><strong>Illorum</strong></span> <span class='ocrx_word' id='word_1_707' title='bbox 3667 3343 3793 3385; x_wconf 77' lang='lat' dir='ltr'><strong>eum</strong></span> 
     </span>
    </p>
   </div>
   <div class='ocr_carea' id='block_1_94' title="bbox 2196 3395 3792 3489">
    <p class='ocr_par' dir='ltr' id='par_1_94' title="bbox 2196 3395 3792 3489">
     <span class='ocr_line' id='line_1_94' title="bbox 2196 3395 3792 3489; baseline 0.018 -41"><span class='ocrx_word' id='word_1_708' title='bbox 2196 3395 2627 3454; x_wconf 85' lang='lat' dir='ltr'><strong>emendationem</strong></span> <span class='ocrx_word' id='word_1_709' title='bbox 2666 3403 3039 3471; x_wconf 84' lang='lat' dir='ltr'><strong>perdifficilem</strong></span> <span class='ocrx_word' id='word_1_710' title='bbox 3097 3412 3423 3480; x_wconf 77' lang='lat' dir='ltr'><strong>praevideret</strong></span> <span class='ocrx_word' id='word_1_711' title='bbox 3450 3459 3465 3483; x_wconf 90' lang='lat'><strong>,</strong></span> <span class='ocrx_word' id='word_1_712' title='bbox 3513 3419 3674 3489; x_wconf 77' lang='lat' dir='ltr'><strong>quia,</strong></span> <span class='ocrx_word' id='word_1_713' title='bbox 3708 3422 3792 3476; x_wconf 81' lang='lat' dir='ltr'><strong>in—</strong></span> 
     </span>
    </p>
   </div>
   <div class='ocr_carea' id='block_1_95' title="bbox 2192 3487 3795 3586">
    <p class='ocr_par' dir='ltr' id='par_1_95' title="bbox 2192 3487 3795 3586">
     <span class='ocr_line' id='line_1_95' title="bbox 2192 3487 3795 3586; baseline 0.019 -47"><span class='ocrx_word' id='word_1_714' title='bbox 2192 3488 2312 3556; x_wconf 87' lang='lat' dir='ltr'><strong>quit</strong></span> <span class='ocrx_word' id='word_1_715' title='bbox 2342 3487 2435 3544; x_wconf 90' lang='lat' dir='ltr'><strong>lib.</strong></span> <span class='ocrx_word' id='word_1_716' title='bbox 2472 3500 2524 3545; x_wconf 78' lang='lat' dir='ltr'><strong>vi</strong></span> <span class='ocrx_word' id='word_1_717' title='bbox 2553 3534 2567 3558; x_wconf 92' lang='lat'><strong>,</strong></span> <span class='ocrx_word' id='word_1_718' title='bbox 2613 3504 2761 3550; x_wconf 87' lang='lat' dir='ltr'><strong>num.</strong></span> <span class='ocrx_word' id='word_1_719' title='bbox 2795 3496 2856 3552; x_wconf 76' lang='lat' dir='ltr'><strong>Il</strong></span> <span class='ocrx_word' id='word_1_720' title='bbox 2886 3541 2902 3565; x_wconf 98' lang='lat'><strong>,</strong></span> <span class='ocrx_word' id='word_1_721' title='bbox 2937 3499 3006 3557; x_wconf 85' lang='lat' dir='ltr'><strong>ab</strong></span> <span class='ocrx_word' id='word_1_722' title='bbox 3035 3502 3167 3572; x_wconf 80' lang='lat' dir='ltr'><strong>ipsis</strong></span> <span class='ocrx_word' id='word_1_723' title='bbox 3197 3515 3246 3560; x_wconf 91' lang='lat' dir='ltr'><strong>et</strong></span> <span class='ocrx_word' id='word_1_724' title='bbox 3283 3511 3417 3563; x_wconf 86' lang='lat' dir='ltr'><strong>ratio</strong></span> <span class='ocrx_word' id='word_1_725' title='bbox 3444 3487 3795 3586; x_wconf 72' lang='lat' dir='ltr'><strong>intelligemiw</strong></span> 
     </span>
    </p>
   </div>
   <div class='ocr_carea' id='block_1_96' title="bbox 2195 3584 3792 3673">
    <p class='ocr_par' dir='ltr' id='par_1_96' title="bbox 2195 3584 3792 3673">
     <span class='ocr_line' id='line_1_96' title="bbox 2195 3584 3792 3673; baseline 0.02 -40"><span class='ocrx_word' id='word_1_726' title='bbox 2195 3594 2296 3636; x_wconf 85' lang='lat' dir='ltr'><strong>non</strong></span> <span class='ocrx_word' id='word_1_727' title='bbox 2334 3584 2581 3653; x_wconf 73' lang='lat' dir='ltr'><strong>quieritur</strong></span> <span class='ocrx_word' id='word_1_728' title='bbox 2603 3629 2617 3650; x_wconf 93' lang='lat'><strong>,</strong></span> <span class='ocrx_word' id='word_1_729' title='bbox 2647 3594 2692 3643; x_wconf 81' lang='lat' dir='ltr'><strong>et</strong></span> <span class='ocrx_word' id='word_1_730' title='bbox 2735 3591 2973 3660; x_wconf 77' lang='lat' dir='ltr'><strong>deinceps</strong></span> <span class='ocrx_word' id='word_1_731' title='bbox 3001 3598 3064 3650; x_wconf 89' lang='lat' dir='ltr'><strong>ab</strong></span> <span class='ocrx_word' id='word_1_732' title='bbox 3090 3598 3399 3673; x_wconf 84' lang='lat' dir='ltr'><strong>intelligente</strong></span> <span class='ocrx_word' id='word_1_733' title='bbox 3424 3584 3661 3662; x_wconf 80' lang='lat' dir='ltr'><strong>intimata</strong></span> <span class='ocrx_word' id='word_1_734' title='bbox 3690 3627 3792 3665; x_wconf 74' lang='lat' dir='ltr'><strong>non</strong></span> 
     </span>
    </p>
   </div>
   <div class='ocr_carea' id='block_1_97' title="bbox 2194 3675 3795 3764">
    <p class='ocr_par' dir='ltr' id='par_1_97' title="bbox 2194 3675 3795 3764">
     <span class='ocr_line' id='line_1_97' title="bbox 2194 3675 3795 3764; baseline 0.018 -39"><span class='ocrx_word' id='word_1_735' title='bbox 2194 3675 2396 3744; x_wconf 82' lang='lat' dir='ltr'><strong>capitur</strong></span> <span class='ocrx_word' id='word_1_736' title='bbox 2414 3718 2429 3743; x_wconf 98' lang='lat'><strong>,</strong></span> <span class='ocrx_word' id='word_1_737' title='bbox 2459 3678 2835 3738; x_wconf 83' lang='lat' dir='ltr'><strong>refutationem</strong></span> <span class='ocrx_word' id='word_1_738' title='bbox 2866 3692 2919 3739; x_wconf 89' lang='lat' dir='ltr'><strong>et</strong></span> <span class='ocrx_word' id='word_1_739' title='bbox 2945 3683 3156 3743; x_wconf 80' lang='lat' dir='ltr'><strong>facilem</strong></span> <span class='ocrx_word' id='word_1_740' title='bbox 3183 3705 3403 3762; x_wconf 83' lang='lat' dir='ltr'><strong>propter</strong></span> <span class='ocrx_word' id='word_1_741' title='bbox 3429 3696 3668 3764; x_wconf 89' lang='lat' dir='ltr'><strong>ipsorum</strong></span> <span class='ocrx_word' id='word_1_742' title='bbox 3694 3701 3795 3753; x_wconf 81' lang='lat' dir='ltr'><strong>im-</strong></span> 
     </span>
    </p>
   </div>
   <div class='ocr_carea' id='block_1_98' title="bbox 2193 3760 3795 3850">
    <p class='ocr_par' dir='ltr' id='par_1_98' title="bbox 2193 3760 3795 3850">
     <span class='ocr_line' id='line_1_98' title="bbox 2193 3760 3795 3850; baseline 0.017 -33"><span class='ocrx_word' id='word_1_743' title='bbox 2193 3765 2571 3837; x_wconf 84' lang='lat' dir='ltr'><strong>prudentiam,</strong></span> <span class='ocrx_word' id='word_1_744' title='bbox 2600 3760 2661 3826; x_wconf 81' lang='lat' dir='ltr'><strong>et</strong></span> <span class='ocrx_word' id='word_1_745' title='bbox 2695 3786 2919 3845; x_wconf 89' lang='lat' dir='ltr'><strong>propter</strong></span> <span class='ocrx_word' id='word_1_746' title='bbox 2947 3778 3221 3850; x_wconf 85' lang='lat' dir='ltr'><strong>simplices</strong></span> <span class='ocrx_word' id='word_1_747' title='bbox 3252 3790 3614 3845; x_wconf 71' lang='lat' dir='ltr'><strong>necessariam</strong></span> <span class='ocrx_word' id='word_1_748' title='bbox 3645 3797 3795 3847; x_wconf 51' lang='lat' dir='ltr'><strong>exi.-</strong></span> 
     </span>
    </p>
   </div>
   <div class='ocr_carea' id='block_1_99' title="bbox 2195 3856 3793 3951">
    <p class='ocr_par' dir='ltr' id='par_1_99' title="bbox 2195 3856 3793 3951">
     <span class='ocr_line' id='line_1_99' title="bbox 2195 3856 3793 3951; baseline 0.019 -41"><span class='ocrx_word' id='word_1_749' title='bbox 2195 3856 2438 3917; x_wconf 85' lang='lat' dir='ltr'><strong>timabat.</strong></span> <span class='ocrx_word' id='word_1_750' title='bbox 2476 3861 2552 3918; x_wconf 83' lang='lat' dir='ltr'><strong>De</strong></span> <span class='ocrx_word' id='word_1_751' title='bbox 2586 3867 2798 3922; x_wconf 66' lang='lat' dir='ltr'><strong>caeteris</strong></span> <span class='ocrx_word' id='word_1_752' title='bbox 2830 3882 3113 3941; x_wconf 65' lang='lat' dir='ltr'><strong>verospes</strong></span> <span class='ocrx_word' id='word_1_753' title='bbox 3142 3876 3190 3931; x_wconf 90' lang='lat' dir='ltr'><strong>ei</strong></span> <span class='ocrx_word' id='word_1_754' title='bbox 3219 3874 3377 3948; x_wconf 86' lang='lat' dir='ltr'><strong>longe</strong></span> <span class='ocrx_word' id='word_1_755' title='bbox 3405 3880 3507 3936; x_wconf 87' lang='lat' dir='ltr'><strong>alia</strong></span> <span class='ocrx_word' id='word_1_756' title='bbox 3537 3890 3653 3939; x_wconf 85' lang='lat' dir='ltr'><strong>erat</strong></span> <span class='ocrx_word' id='word_1_757' title='bbox 3676 3928 3690 3951; x_wconf 91' lang='lat'><strong>,</strong></span> <span class='ocrx_word' id='word_1_758' title='bbox 3722 3884 3793 3942; x_wconf 85' lang='lat' dir='ltr'><strong>de</strong></span> 
     </span>
    </p>
   </div>
   <div class='ocr_carea' id='block_1_100' title="bbox 2192 3953 3785 4048">
    <p class='ocr_par' dir='ltr' id='par_1_100' title="bbox 2192 3953 3785 4048">
     <span class='ocr_line' id='line_1_100' title="bbox 2192 3953 3785 4048; baseline 0.019 -43"><span class='ocrx_word' id='word_1_759' title='bbox 2192 3953 2391 4022; x_wconf 84' lang='lat' dir='ltr'><strong>quibus</strong></span> <span class='ocrx_word' id='word_1_760' title='bbox 2440 3957 2632 4014; x_wconf 89' lang='lat' dir='ltr'><strong>eodem</strong></span> <span class='ocrx_word' id='word_1_761' title='bbox 2677 3960 2729 4016; x_wconf 93' lang='lat' dir='ltr'><strong>in</strong></span> <span class='ocrx_word' id='word_1_762' title='bbox 2777 3962 2897 4020; x_wconf 92' lang='lat' dir='ltr'><strong>loco</strong></span> <span class='ocrx_word' id='word_1_763' title='bbox 2928 3964 3146 4040; x_wconf 84' lang='lat' dir='ltr'><strong>subjicit</strong></span> <span class='ocrx_word' id='word_1_764' title='bbox 3186 3989 3198 4025; x_wconf 92' lang='lat'>:</span> <span class='ocrx_word' id='word_1_765' title='bbox 3242 3972 3351 4029; x_wconf 84' lang='lat' dir='ltr'><strong>Sed</strong></span> <span class='ocrx_word' id='word_1_766' title='bbox 3393 3974 3438 4032; x_wconf 87' lang='lat' dir='ltr'><strong>si</strong></span> <span class='ocrx_word' id='word_1_767' title='bbox 3466 3994 3595 4048; x_wconf 79' lang='lat' dir='ltr'><strong>quos</strong></span> <span class='ocrx_word' id='word_1_768' title='bbox 3639 3996 3785 4036; x_wconf 86' lang='lat' dir='ltr'><strong>amor</strong></span> 
     </span>
    </p>
   </div>
   <div class='ocr_carea' id='block_1_101' title="bbox 2194 4044 3791 4129">
    <p class='ocr_par' dir='ltr' id='par_1_101' title="bbox 2194 4044 3791 4129">
     <span class='ocr_line' id='line_1_101' title="bbox 2194 4044 3791 4129; baseline 0.021 -32"><span class='ocrx_word' id='word_1_769' title='bbox 2194 4044 2292 4099; x_wconf 84' lang='lat' dir='ltr'><strong>Dei</strong></span> <span class='ocrx_word' id='word_1_770' title='bbox 2320 4055 2365 4101; x_wconf 89' lang='lat' dir='ltr'><strong>et</strong></span> <span class='ocrx_word' id='word_1_771' title='bbox 2392 4048 2747 4121; x_wconf 63' lang='lat' dir='ltr'><strong>intelligentia</strong></span> <span class='ocrx_word' id='word_1_772' title='bbox 2773 4055 3029 4129; x_wconf 85' lang='lat' dir='ltr'><strong>ignoratio</strong></span> <span class='ocrx_word' id='word_1_773' title='bbox 3054 4104 3068 4127; x_wconf 92' lang='lat'><strong>,</strong></span> <span class='ocrx_word' id='word_1_774' title='bbox 3101 4076 3205 4119; x_wconf 75' lang='lat' dir='ltr'><strong>nou</strong></span> <span class='ocrx_word' id='word_1_775' title='bbox 3243 4044 3554 4127; x_wconf 72' lang='lat' dir='ltr'><strong>iuptsn&#39;rts</strong></span> <span class='ocrx_word' id='word_1_776' title='bbox 3581 4087 3791 4129; x_wconf 76' lang='lat' dir='ltr'><strong>VOLUN-</strong></span> 
     </span>
    </p>
   </div>
   <div class='ocr_carea' id='block_1_102' title="bbox 2193 4143 3793 4236">
    <p class='ocr_par' dir='ltr' id='par_1_102' title="bbox 2193 4143 3793 4236">
     <span class='ocr_line' id='line_1_102' title="bbox 2193 4143 3793 4236; baseline 0.018 -44"><span class='ocrx_word' id='word_1_777' title='bbox 2193 4151 2295 4193; x_wconf 74' lang='lat' dir='ltr'><strong>ns</strong></span> <span class='ocrx_word' id='word_1_778' title='bbox 2323 4155 2413 4210; x_wconf 84' lang='lat' dir='ltr'><strong>per</strong></span> <span class='ocrx_word' id='word_1_779' title='bbox 2436 4143 2668 4199; x_wconf 75' lang='lat' dir='ltr'><strong>stultitia:</strong></span> <span class='ocrx_word' id='word_1_780' title='bbox 2696 4162 2900 4203; x_wconf 84' lang='lat' dir='ltr'><strong>sensum</strong></span> <span class='ocrx_word' id='word_1_781' title='bbox 2938 4151 3212 4210; x_wconf 85' lang='lat' dir='ltr'><strong>detinuerit</strong></span> <span class='ocrx_word' id='word_1_782' title='bbox 3237 4157 3289 4212; x_wconf 88' lang='lat' dir='ltr'><strong>in</strong></span> <span class='ocrx_word' id='word_1_783' title='bbox 3320 4176 3529 4229; x_wconf 84' lang='lat' dir='ltr'><strong>errore;</strong></span> <span class='ocrx_word' id='word_1_784' title='bbox 3559 4179 3708 4236; x_wconf 86' lang='lat' dir='ltr'><strong>spero</strong></span> <span class='ocrx_word' id='word_1_785' title='bbox 3735 4177 3793 4221; x_wconf 87' lang='lat' dir='ltr'><strong>ut</strong></span> 
     </span>
    </p>
   </div>
   <div class='ocr_carea' id='block_1_103' title="bbox 2192 4233 3794 4325">
    <p class='ocr_par' dir='ltr' id='par_1_103' title="bbox 2192 4233 3794 4325">
     <span class='ocr_line' id='line_1_103' title="bbox 2192 4233 3794 4325; baseline 0.017 -41"><span class='ocrx_word' id='word_1_786' title='bbox 2192 4233 2259 4285; x_wconf 78' lang='lat' dir='ltr'><strong>ad</strong></span> <span class='ocrx_word' id='word_1_787' title='bbox 2289 4234 2695 4292; x_wconf 84' lang='lat' dir='ltr'><strong>emendationem</strong></span> <span class='ocrx_word' id='word_1_788' title='bbox 2735 4243 2981 4309; x_wconf 81' lang='lat' dir='ltr'><strong>proclives</strong></span> <span class='ocrx_word' id='word_1_789' title='bbox 3022 4247 3123 4302; x_wconf 87' lang='lat' dir='ltr'><strong>sint</strong></span> <span class='ocrx_word' id='word_1_790' title='bbox 3147 4291 3162 4315; x_wconf 94' lang='lat'><strong>,</strong></span> <span class='ocrx_word' id='word_1_791' title='bbox 3209 4266 3324 4305; x_wconf 85' lang='lat' dir='ltr'><strong>cum</strong></span> <span class='ocrx_word' id='word_1_792' title='bbox 3370 4233 3645 4325; x_wconf 81' lang='lat' dir='ltr'><strong>impietatis</strong></span> <span class='ocrx_word' id='word_1_793' title='bbox 3681 4268 3794 4311; x_wconf 78' lang='lat' dir='ltr'><strong>stu-</strong></span> 
     </span>
    </p>
   </div>
   <div class='ocr_carea' id='block_1_104' title="bbox 2192 4324 3792 4413">
    <p class='ocr_par' dir='ltr' id='par_1_104' title="bbox 2192 4324 3792 4413">
     <span class='ocr_line' id='line_1_104' title="bbox 2192 4324 3792 4413; baseline 0.019 -36"><span class='ocrx_word' id='word_1_794' title='bbox 2192 4324 2335 4380; x_wconf 81' lang='lat' dir='ltr'><strong>dium</strong></span> <span class='ocrx_word' id='word_1_795' title='bbox 2363 4327 2609 4385; x_wconf 69' lang='lat' dir='ltr'><strong>absoluta:</strong></span> <span class='ocrx_word' id='word_1_796' title='bbox 2630 4333 2853 4389; x_wconf 83' lang='lat' dir='ltr'><strong>veritatis</strong></span> <span class='ocrx_word' id='word_1_797' title='bbox 2879 4338 2948 4391; x_wconf 86' lang='lat' dir='ltr'><strong>sit</strong></span> <span class='ocrx_word' id='word_1_798' title='bbox 2971 4339 3336 4399; x_wconf 81' lang='lat' dir='ltr'><strong>demonstratio</strong></span> <span class='ocrx_word' id='word_1_799' title='bbox 3365 4348 3648 4413; x_wconf 83' lang='lat' dir='ltr'><strong>prodituro.</strong></span> <span class='ocrx_word' id='word_1_800' title='bbox 3677 4350 3792 4407; x_wconf 69' lang='lat' dir='ltr'><strong>line</strong></span> 
     </span>
    </p>
   </div>
   <div class='ocr_carea' id='block_1_105' title="bbox 2190 4419 3790 4514">
    <p class='ocr_par' dir='ltr' id='par_1_105' title="bbox 2190 4419 3790 4514">
     <span class='ocr_line' id='line_1_105' title="bbox 2190 4419 3790 4514; baseline 0.017 -43"><span class='ocrx_word' id='word_1_801' title='bbox 2190 4424 2287 4485; x_wconf 75' lang='lat' dir='ltr'><strong>ape</strong></span> <span class='ocrx_word' id='word_1_802' title='bbox 2316 4419 2557 4475; x_wconf 89' lang='lat' dir='ltr'><strong>nonnihil</strong></span> <span class='ocrx_word' id='word_1_803' title='bbox 2581 4430 2861 4482; x_wconf 83' lang='lat' dir='ltr'><strong>recreatus</strong></span> <span class='ocrx_word' id='word_1_804' title='bbox 2887 4431 3134 4500; x_wconf 89' lang='lat' dir='ltr'><strong>superius</strong></span> <span class='ocrx_word' id='word_1_805' title='bbox 3159 4435 3334 4492; x_wconf 85' lang='lat' dir='ltr'><strong>aiebat</strong></span> <span class='ocrx_word' id='word_1_806' title='bbox 3363 4479 3376 4503; x_wconf 90' lang='lat'><strong>,</strong></span> <span class='ocrx_word' id='word_1_807' title='bbox 3413 4437 3630 4496; x_wconf 84' lang='lat' dir='ltr'><strong>Uberius</strong></span> <span class='ocrx_word' id='word_1_808' title='bbox 3656 4461 3790 4514; x_wconf 64' lang='grc' dir='ltr'><strong>ρατι-</strong></span> 
     </span>
    </p>
   </div>
   <div class='ocr_carea' id='block_1_106' title="bbox 2191 4508 3787 4603">
    <p class='ocr_par' dir='ltr' id='par_1_106' title="bbox 2191 4508 3787 4603">
     <span class='ocr_line' id='line_1_106' title="bbox 2191 4508 3787 4603; baseline 0.018 -42"><span class='ocrx_word' id='word_1_809' title='bbox 2191 4508 2336 4563; x_wconf 78' lang='lat' dir='ltr'><strong>diam</strong></span> <span class='ocrx_word' id='word_1_810' title='bbox 2364 4522 2658 4569; x_wconf 84' lang='lat' dir='ltr'><strong>consectans</strong></span> <span class='ocrx_word' id='word_1_811' title='bbox 2690 4534 2755 4572; x_wconf 81' lang='lat' dir='ltr'><strong>ea:</strong></span> <span class='ocrx_word' id='word_1_812' title='bbox 2782 4521 2950 4576; x_wconf 85' lang='lat' dir='ltr'><strong>salute</strong></span> <span class='ocrx_word' id='word_1_813' title='bbox 2976 4524 3347 4595; x_wconf 84' lang='lat' dir='ltr'><strong>plurimorum,</strong></span> <span class='ocrx_word' id='word_1_814' title='bbox 3381 4531 3425 4584; x_wconf 90' lang='lat' dir='ltr'><strong>si</strong></span> <span class='ocrx_word' id='word_1_815' title='bbox 3451 4508 3676 4603; x_wconf 69' lang='lat' dir='ltr'><strong>cognitis</strong></span> <span class='ocrx_word' id='word_1_816' title='bbox 3696 4552 3787 4589; x_wconf 84' lang='lat' dir='ltr'><strong>sa-</strong></span> 
     </span>
    </p>
   </div>
   <div class='ocr_carea' id='block_1_107' title="bbox 2194 4607 3792 4692">
    <p class='ocr_par' dir='ltr' id='par_1_107' title="bbox 2194 4607 3792 4692">
     <span class='ocr_line' id='line_1_107' title="bbox 2194 4607 3792 4692; baseline 0.018 -37"><span class='ocrx_word' id='word_1_817' title='bbox 2194 4607 2471 4660; x_wconf 80' lang='lat' dir='ltr'><strong>cramentis</strong></span> <span class='ocrx_word' id='word_1_818' title='bbox 2514 4611 2752 4679; x_wconf 71' lang='lat' dir='ltr'><strong>perfectis</strong></span> <span class='ocrx_word' id='word_1_819' title='bbox 2795 4614 2933 4683; x_wconf 82' lang='lat' dir='ltr'><strong>ﬁdei,</strong></span> <span class='ocrx_word' id='word_1_820' title='bbox 2968 4618 3129 4692; x_wconf 75' lang='lat' dir='ltr'><strong>intpia</strong></span> <span class='ocrx_word' id='word_1_821' title='bbox 3168 4622 3407 4679; x_wconf 69' lang='lat' dir='ltr'><strong>humana:</strong></span> <span class='ocrx_word' id='word_1_822' title='bbox 3434 4628 3662 4682; x_wconf 71' lang='lat' dir='ltr'><strong>stultitim</strong></span> <span class='ocrx_word' id='word_1_823' title='bbox 3704 4630 3792 4684; x_wconf 88' lang='lat' dir='ltr'><strong>iu-</strong></span> 
     </span>
    </p>
   </div>
   <div class='ocr_carea' id='block_1_108' title="bbox 2184 4697 3277 4771">
    <p class='ocr_par' dir='ltr' id='par_1_108' title="bbox 2184 4697 3277 4771">
     <span class='ocr_line' id='line_1_108' title="bbox 2184 4697 3277 4771; baseline 0.02 -22"><span class='ocrx_word' id='word_1_824' title='bbox 2184 4697 2361 4751; x_wconf 77' lang='lat' dir='ltr'><strong>stitata</strong></span> <span class='ocrx_word' id='word_1_825' title='bbox 2382 4699 2686 4766; x_wconf 71' lang='lat' dir='ltr'><strong>desererent,</strong></span> <span class='ocrx_word' id='word_1_826' title='bbox 2712 4716 2759 4758; x_wconf 92' lang='lat' dir='ltr'><strong>et</strong></span> <span class='ocrx_word' id='word_1_827' title='bbox 2779 4723 2833 4761; x_wconf 86' lang='lat' dir='ltr'><strong>se</strong></span> <span class='ocrx_word' id='word_1_828' title='bbox 2859 4706 2971 4764; x_wconf 80' lang='lat' dir='ltr'><strong>Deo</strong></span> <span class='ocrx_word' id='word_1_829' title='bbox 2990 4714 3277 4771; x_wconf 85' lang='lat' dir='ltr'><strong>redderent.</strong></span> 
     </span>
    </p>
   </div>
   <div class='ocr_carea' id='block_1_109' title="bbox 2258 4788 3789 4873">
    <p class='ocr_par' dir='ltr' id='par_1_109' title="bbox 2258 4788 3789 4873">
     <span class='ocr_line' id='line_1_109' title="bbox 2258 4788 3789 4873; baseline 0.02 -29"><span class='ocrx_word' id='word_1_830' title='bbox 2258 4788 2452 4848; x_wconf 85' lang='lat' dir='ltr'><strong>XXIX.</strong></span> <span class='ocrx_word' id='word_1_831' title='bbox 2490 4793 2678 4863; x_wconf 56' lang='lat' dir='ltr'><strong>Eiecit</strong></span> <span class='ocrx_word' id='word_1_832' title='bbox 2703 4799 2783 4853; x_wconf 81' lang='lat' dir='ltr'><strong>his</strong></span> <span class='ocrx_word' id='word_1_833' title='bbox 2812 4800 2956 4858; x_wconf 83' lang='lat' dir='ltr'><strong>libris</strong></span> <span class='ocrx_word' id='word_1_834' title='bbox 2985 4821 3049 4859; x_wconf 87' lang='lat' dir='ltr'><strong>ne</strong></span> <span class='ocrx_word' id='word_1_835' title='bbox 3076 4822 3201 4863; x_wconf 87' lang='lat' dir='ltr'><strong>sana</strong></span> <span class='ocrx_word' id='word_1_836' title='bbox 3231 4812 3466 4869; x_wconf 84' lang='lat' dir='ltr'><strong>doctrina</strong></span> <span class='ocrx_word' id='word_1_837' title='bbox 3492 4828 3606 4870; x_wconf 83' lang='lat' dir='ltr'><strong>cum</strong></span> <span class='ocrx_word' id='word_1_838' title='bbox 3631 4834 3789 4873; x_wconf 82' lang='lat' dir='ltr'><strong>sanc-</strong></span> 
     </span>
    </p>
   </div>
   <div class='ocr_carea' id='block_1_110' title="bbox 2186 4885 3785 4971">
    <p class='ocr_par' dir='ltr' id='par_1_110' title="bbox 2186 4885 3785 4971">
     <span class='ocr_line' id='line_1_110' title="bbox 2186 4885 3785 4971; baseline 0.021 -33"><span class='ocrx_word' id='word_1_839' title='bbox 2186 4885 2251 4939; x_wconf 86' lang='lat' dir='ltr'><strong>tis</strong></span> <span class='ocrx_word' id='word_1_840' title='bbox 2268 4887 2544 4944; x_wconf 69' lang='lat' dir='ltr'><strong>exsularet.</strong></span> <span class='ocrx_word' id='word_1_841' title='bbox 2561 4918 2635 4931; x_wconf 93' lang='lat'>-</span> <span class='ocrx_word' id='word_1_842' title='bbox 2653 4891 2834 4964; x_wconf 81' lang='lat' dir='ltr'><strong>Neque</strong></span> <span class='ocrx_word' id='word_1_843' title='bbox 2854 4913 2983 4952; x_wconf 90' lang='lat' dir='ltr'><strong>vero</strong></span> <span class='ocrx_word' id='word_1_844' title='bbox 3008 4913 3229 4971; x_wconf 88' lang='lat' dir='ltr'><strong>prepter</strong></span> <span class='ocrx_word' id='word_1_845' title='bbox 3254 4907 3485 4964; x_wconf 83' lang='lat' dir='ltr'><strong>Arianos</strong></span> <span class='ocrx_word' id='word_1_846' title='bbox 3498 4912 3671 4968; x_wconf 89' lang='lat' dir='ltr'><strong>solum</strong></span> <span class='ocrx_word' id='word_1_847' title='bbox 3691 4924 3785 4971; x_wconf 86' lang='lat' dir='ltr'><strong>aut</strong></span> 
     </span>
    </p>
   </div>
   <div class='ocr_carea' id='block_1_111' title="bbox 2185 4976 3779 5073">
    <p class='ocr_par' dir='ltr' id='par_1_111' title="bbox 2185 4976 3779 5073">
     <span class='ocr_line' id='line_1_111' title="bbox 2185 4976 3779 5073; baseline 0.021 -42"><span class='ocrx_word' id='word_1_848' title='bbox 2185 4976 2510 5037; x_wconf 87' lang='lat' dir='ltr'><strong>refellendos</strong></span> <span class='ocrx_word' id='word_1_849' title='bbox 2545 4990 2638 5039; x_wconf 87' lang='lat' dir='ltr'><strong>aut</strong></span> <span class='ocrx_word' id='word_1_850' title='bbox 2667 4988 3039 5046; x_wconf 85' lang='lat' dir='ltr'><strong>emendandos</strong></span> <span class='ocrx_word' id='word_1_851' title='bbox 3061 5035 3077 5058; x_wconf 94' lang='lat'><strong>,</strong></span> <span class='ocrx_word' id='word_1_852' title='bbox 3109 4994 3203 5052; x_wconf 87' lang='lat' dir='ltr'><strong>sed</strong></span> <span class='ocrx_word' id='word_1_853' title='bbox 3246 5007 3300 5054; x_wconf 90' lang='lat' dir='ltr'><strong>et</strong></span> <span class='ocrx_word' id='word_1_854' title='bbox 3333 5012 3549 5073; x_wconf 90' lang='lat' dir='ltr'><strong>propter</strong></span> <span class='ocrx_word' id='word_1_855' title='bbox 3591 5004 3779 5064; x_wconf 77' lang='lat' dir='ltr'><strong>fideles</strong></span> 
     </span>
    </p>
   </div>
   <div class='ocr_carea' id='block_1_112' title="bbox 2186 5071 3785 5163">
    <p class='ocr_par' dir='ltr' id='par_1_112' title="bbox 2186 5071 3785 5163">
     <span class='ocr_line' id='line_1_112' title="bbox 2186 5071 3785 5163; baseline 0.019 -36"><span class='ocrx_word' id='word_1_856' title='bbox 2186 5071 2555 5145; x_wconf 79' lang='lat' dir='ltr'><strong>instruendus,</strong></span> <span class='ocrx_word' id='word_1_857' title='bbox 2589 5074 2685 5135; x_wconf 89' lang='lat' dir='ltr'><strong>has</strong></span> <span class='ocrx_word' id='word_1_858' title='bbox 2714 5081 3116 5144; x_wconf 82' lang='lat' dir='ltr'><strong>lucubrationes</strong></span> <span class='ocrx_word' id='word_1_859' title='bbox 3138 5071 3570 5163; x_wconf 28' lang='lat' dir='ltr'><strong>aggressus—est;</strong></span> <span class='ocrx_word' id='word_1_860' title='bbox 3601 5107 3660 5154; x_wconf 90' lang='lat' dir='ltr'><strong>ut</strong></span> <span class='ocrx_word' id='word_1_861' title='bbox 3697 5101 3785 5157; x_wconf 89' lang='lat' dir='ltr'><strong>ni-</strong></span> 
     </span>
    </p>
   </div>
   <div class='ocr_carea' id='block_1_113' title="bbox 2179 5164 3781 5251">
    <p class='ocr_par' dir='ltr' id='par_1_113' title="bbox 2179 5164 3781 5251">
     <span class='ocr_line' id='line_1_113' title="bbox 2179 5164 3781 5251; baseline 0.019 -32"><span class='ocrx_word' id='word_1_862' title='bbox 2179 5164 2376 5221; x_wconf 75' lang='lat' dir='ltr'><strong>mirum</strong></span> <span class='ocrx_word' id='word_1_863' title='bbox 2400 5168 2761 5228; x_wconf 80' lang='lat' dir='ltr'><strong>exsulantium</strong></span> <span class='ocrx_word' id='word_1_864' title='bbox 2792 5175 3082 5235; x_wconf 85' lang='lat' dir='ltr'><strong>Doctorum</strong></span> <span class='ocrx_word' id='word_1_865' title='bbox 3110 5183 3343 5251; x_wconf 80' lang='lat' dir='ltr'><strong>quodam</strong></span> <span class='ocrx_word' id='word_1_866' title='bbox 3372 5188 3532 5245; x_wconf 88' lang='lat' dir='ltr'><strong>modo</strong></span> <span class='ocrx_word' id='word_1_867' title='bbox 3563 5189 3781 5250; x_wconf 69' lang='lat' dir='ltr'><strong>vicaria:</strong></span> 
     </span>
    </p>
   </div>
   <div class='ocr_carea' id='block_1_114' title="bbox 2176 5260 3782 5347">
    <p class='ocr_par' dir='ltr' id='par_1_114' title="bbox 2176 5260 3782 5347">
     <span class='ocr_line' id='line_1_114' title="bbox 2176 5260 3782 5347; baseline 0.019 -36"><span class='ocrx_word' id='word_1_868' title='bbox 2176 5267 2395 5328; x_wconf 82' lang='lat' dir='ltr'><strong>essent,</strong></span> <span class='ocrx_word' id='word_1_869' title='bbox 2429 5260 2485 5316; x_wconf 76' lang='lat' dir='ltr'><strong>et</strong></span> <span class='ocrx_word' id='word_1_870' title='bbox 2512 5276 2649 5334; x_wconf 86' lang='lat' dir='ltr'><strong>quos</strong></span> <span class='ocrx_word' id='word_1_871' title='bbox 2692 5266 2807 5336; x_wconf 86' lang='lat' dir='ltr'><strong>ipse</strong></span> <span class='ocrx_word' id='word_1_872' title='bbox 2836 5284 3078 5339; x_wconf 59' lang='lat' dir='ltr'><strong>praesens</strong></span> <span class='ocrx_word' id='word_1_873' title='bbox 3126 5278 3380 5347; x_wconf 84' lang='lat' dir='ltr'><strong>nequibat</strong></span> <span class='ocrx_word' id='word_1_874' title='bbox 3405 5322 3419 5342; x_wconf 88' lang='lat'><strong>,</strong></span> <span class='ocrx_word' id='word_1_875' title='bbox 3453 5283 3652 5338; x_wconf 84' lang='lat' dir='ltr'><strong>absens</strong></span> <span class='ocrx_word' id='word_1_876' title='bbox 3679 5284 3782 5342; x_wconf 87' lang='lat' dir='ltr'><strong>do-</strong></span> 
     </span>
    </p>
   </div>
   <div class='ocr_carea' id='block_1_115' title="bbox 2179 5350 3774 5447">
    <p class='ocr_par' dir='ltr' id='par_1_115' title="bbox 2179 5350 3774 5447">
     <span class='ocr_line' id='line_1_115' title="bbox 2179 5350 3774 5447; baseline 0.02 -44"><span class='ocrx_word' id='word_1_877' title='bbox 2179 5350 2327 5405; x_wconf 72' lang='lat' dir='ltr'><strong>ceret</strong></span> <span class='ocrx_word' id='word_1_878' title='bbox 2371 5360 2473 5422; x_wconf 90' lang='lat' dir='ltr'><strong>per</strong></span> <span class='ocrx_word' id='word_1_879' title='bbox 2512 5350 2636 5410; x_wconf 82' lang='lat' dir='ltr'><strong>illas</strong></span> <span class='ocrx_word' id='word_1_880' title='bbox 2680 5356 3049 5434; x_wconf 80' lang='lat' dir='ltr'><strong>ﬁrmaretque.</strong></span> <span class='ocrx_word' id='word_1_881' title='bbox 3102 5364 3281 5434; x_wconf 87' lang='lat' dir='ltr'><strong>Licet,</strong></span> <span class='ocrx_word' id='word_1_882' title='bbox 3328 5371 3506 5444; x_wconf 86' lang='lat' dir='ltr'><strong>inquit</strong></span> <span class='ocrx_word' id='word_1_883' title='bbox 3556 5375 3650 5431; x_wconf 88' lang='lat' dir='ltr'><strong>lib.</strong></span> <span class='ocrx_word' id='word_1_884' title='bbox 3699 5395 3730 5434; x_wconf 86' lang='lat' dir='ltr'><strong>x</strong></span> <span class='ocrx_word' id='word_1_885' title='bbox 3759 5423 3774 5447; x_wconf 96' lang='lat'><strong>,</strong></span> 
     </span>
    </p>
   </div>
   <div class='ocr_carea' id='block_1_116' title="bbox 2178 5442 3777 5526">
    <p class='ocr_par' dir='ltr' id='par_1_116' title="bbox 2178 5442 3777 5526">
     <span class='ocr_line' id='line_1_116' title="bbox 2178 5442 3777 5526; baseline 0.02 -31"><span class='ocrx_word' id='word_1_886' title='bbox 2178 5442 2328 5496; x_wconf 79' lang='lat' dir='ltr'><strong>hum.</strong></span> <span class='ocrx_word' id='word_1_887' title='bbox 2373 5445 2437 5507; x_wconf 73' lang='grc'>4,</span> <span class='ocrx_word' id='word_1_888' title='bbox 2468 5444 2605 5502; x_wconf 67' lang='lat' dir='ltr'><strong>nunc</strong></span> <span class='ocrx_word' id='word_1_889' title='bbox 2636 5465 2668 5502; x_wconf 88' lang='lat' dir='ltr'><strong>a</strong></span> <span class='ocrx_word' id='word_1_890' title='bbox 2706 5452 2879 5508; x_wconf 86' lang='lat' dir='ltr'><strong>multis</strong></span> <span class='ocrx_word' id='word_1_891' title='bbox 2911 5462 3326 5518; x_wconf 80' lang='lat' dir='ltr'><strong>coacervantibus</strong></span> <span class='ocrx_word' id='word_1_892' title='bbox 3355 5442 3455 5520; x_wconf 85' lang='lat' dir='ltr'><strong>sibi</strong></span> <span class='ocrx_word' id='word_1_893' title='bbox 3493 5470 3777 5526; x_wconf 85' lang='lat' dir='ltr'><strong>secundum</strong></span> 
     </span>
    </p>
   </div>
   <div class='ocr_carea' id='block_1_117' title="bbox 2175 5536 3778 5624">
    <p class='ocr_par' dir='ltr' id='par_1_117' title="bbox 2175 5536 3778 5624">
     <span class='ocr_line' id='line_1_117' title="bbox 2175 5536 3778 5624; baseline 0.018 -35"><span class='ocrx_word' id='word_1_894' title='bbox 2175 5536 2431 5591; x_wconf 80' lang='lat' dir='ltr'><strong>desideria</strong></span> <span class='ocrx_word' id='word_1_895' title='bbox 2459 5555 2552 5593; x_wconf 86' lang='lat' dir='ltr'><strong>sua</strong></span> <span class='ocrx_word' id='word_1_896' title='bbox 2581 5543 2851 5612; x_wconf 86' lang='lat' dir='ltr'><strong>magistros</strong></span> <span class='ocrx_word' id='word_1_897' title='bbox 2872 5564 3000 5604; x_wconf 84' lang='lat' dir='ltr'><strong>sana</strong></span> <span class='ocrx_word' id='word_1_898' title='bbox 3037 5551 3273 5609; x_wconf 79' lang='lat' dir='ltr'><strong>doctrina</strong></span> <span class='ocrx_word' id='word_1_899' title='bbox 3301 5558 3535 5624; x_wconf 75' lang='lat' dir='ltr'><strong>exsulet;</strong></span> <span class='ocrx_word' id='word_1_900' title='bbox 3564 5578 3666 5616; x_wconf 88' lang='lat' dir='ltr'><strong>non</strong></span> <span class='ocrx_word' id='word_1_901' title='bbox 3699 5573 3778 5618; x_wconf 86' lang='lat' dir='ltr'><strong>ta-</strong></span> 
     </span>
    </p>
   </div>
   <div class='ocr_carea' id='block_1_118' title="bbox 2174 5624 3776 5709">
    <p class='ocr_par' dir='ltr' id='par_1_118' title="bbox 2174 5624 3776 5709">
     <span class='ocr_line' id='line_1_118' title="bbox 2174 5624 3776 5709; baseline 0.017 -26"><span class='ocrx_word' id='word_1_902' title='bbox 2174 5624 2287 5683; x_wconf 64' lang='lat' dir='ltr'><strong>ne»</strong></span> <span class='ocrx_word' id='word_1_903' title='bbox 2318 5628 2351 5684; x_wconf 76' lang='grc' dir='ltr'><em>ἁ</em></span> <span class='ocrx_word' id='word_1_904' title='bbox 2388 5632 2578 5687; x_wconf 79' lang='lat' dir='ltr'><strong>sanctis</strong></span> <span class='ocrx_word' id='word_1_905' title='bbox 2617 5634 2901 5709; x_wconf 77' lang='lat' dir='ltr'><strong>quibusque</strong></span> <span class='ocrx_word' id='word_1_906' title='bbox 2939 5643 3322 5709; x_wconf 68' lang='lat' dir='ltr'><strong>praads&#39;cationis</strong></span> <span class='ocrx_word' id='word_1_907' title='bbox 3349 5644 3533 5707; x_wconf 71' lang='lat' dir='ltr'><strong>veritai</strong></span> <span class='ocrx_word' id='word_1_908' title='bbox 3566 5655 3776 5709; x_wconf 71' lang='lat' dir='ltr'><strong>exsula-</strong></span> 
     </span>
    </p>
   </div>
   <div class='ocr_carea' id='block_1_119' title="bbox 2172 5718 3773 5812">
    <p class='ocr_par' dir='ltr' id='par_1_119' title="bbox 2172 5718 3773 5812">
     <span class='ocr_line' id='line_1_119' title="bbox 2172 5718 3773 5812; baseline 0.02 -38"><span class='ocrx_word' id='word_1_909' title='bbox 2172 5718 2242 5776; x_wconf 84' lang='lat' dir='ltr'><strong>bil</strong></span> <span class='ocrx_word' id='word_1_910' title='bbox 2281 5737 2299 5778; x_wconf 90' lang='lat'><strong><em>:</em></strong></span> <span class='ocrx_word' id='word_1_911' title='bbox 2327 5722 2593 5794; x_wconf 75' lang='lat' dir='ltr'><strong>taquemur</strong></span> <span class='ocrx_word' id='word_1_912' title='bbox 2628 5728 2761 5783; x_wconf 84' lang='lat' dir='ltr'><strong>‘enim</strong></span> <span class='ocrx_word' id='word_1_913' title='bbox 2791 5733 2989 5791; x_wconf 80' lang='lat' dir='ltr'><strong>exsules</strong></span> <span class='ocrx_word' id='word_1_914' title='bbox 3031 5754 3119 5810; x_wconf 83' lang='lat' dir='ltr'><strong>per</strong></span> <span class='ocrx_word' id='word_1_915' title='bbox 3146 5739 3236 5796; x_wconf 79' lang='lat' dir='ltr'><strong>has</strong></span> <span class='ocrx_word' id='word_1_916' title='bbox 3278 5740 3436 5799; x_wconf 84' lang='lat' dir='ltr'><strong>libros</strong></span> <span class='ocrx_word' id='word_1_917' title='bbox 3459 5788 3474 5812; x_wconf 97' lang='lat'><strong>,</strong></span> <span class='ocrx_word' id='word_1_918' title='bbox 3506 5757 3612 5802; x_wconf 86' lang='lat' dir='ltr'><strong>etc.</strong></span> <span class='ocrx_word' id='word_1_919' title='bbox 3648 5732 3773 5806; x_wconf 73' lang='lat' dir='ltr'><strong>Tri-</strong></span> 
     </span>
    </p>
   </div>
   <div class='ocr_carea' id='block_1_120' title="bbox 2172 5810 3771 5916">
    <p class='ocr_par' dir='ltr' id='par_1_120' title="bbox 2172 5810 3771 5916">
     <span class='ocr_line' id='line_1_120' title="bbox 2172 5810 3771 5916; baseline 0.02 -45"><span class='ocrx_word' id='word_1_920' title='bbox 2172 5810 2364 5888; x_wconf 83' lang='lat' dir='ltr'><strong>plicem</strong></span> <span class='ocrx_word' id='word_1_921' title='bbox 2386 5814 2537 5882; x_wconf 80' lang='lat' dir='ltr'><strong>illam</strong></span> <span class='ocrx_word' id='word_1_922' title='bbox 2566 5819 2838 5888; x_wconf 73' lang='lat' dir='ltr'><strong>scribendi</strong></span> <span class='ocrx_word' id='word_1_923' title='bbox 2861 5838 3079 5892; x_wconf 77' lang='lat' dir='ltr'><strong>causam</strong></span> <span class='ocrx_word' id='word_1_924' title='bbox 3108 5830 3204 5897; x_wconf 86' lang='lat' dir='ltr'><strong>lib.</strong></span> <span class='ocrx_word' id='word_1_925' title='bbox 3233 5850 3293 5911; x_wconf 77' lang='grc' dir='ltr'><strong>η,</strong></span> <span class='ocrx_word' id='word_1_926' title='bbox 3322 5810 3531 5912; x_wconf 22' lang='grc' dir='ltr'><strong>ηοω-5,</strong></span> <span class='ocrx_word' id='word_1_927' title='bbox 3583 5844 3771 5916; x_wconf 81' lang='lat' dir='ltr'><strong>paucis</strong></span> 
     </span>
    </p>
   </div>
  </div>
