4040 6328
212 281 278 338 Si
1681 271 2078 331 ΡΚΜΔἸῚΟ.
3447 281 3521 338 22

214 401 285 455 ita
323 383 640 469 perstringit
681 412 694 449 :
728 394 1082 468 Extorquetur
1107 391 1254 450 nobis
1300 393 1398 447 hoc
1426 391 1557 447 velte
1573 432 1586 459 ,
1615 390 1737 446 dum
1760 400 1811 446 et
1836 391 1889 452 Δ
1913 398 2042 456 tror,
2066 388 2300 444 doctores
2326 398 2455 446 tetas
2477 389 2636 462 hujus
2657 404 2794 446 nunc
2813 389 2991 448 siccati
3009 391 3265 466 protulit:
3291 410 3406 451 um
3426 398 3521 452 ιιο,

213 491 446 547 audacia:
478 490 732 547 resistitur
751 530 766 557 ,
796 500 847 545 et
875 489 1042 545 errori
1072 485 1360 543 consulitur
1376 524 1393 554 ,
1432 494 1483 542 et
1505 485 1814 558 ignorantia!

214 583 530 657 prouidetur.

287 678 459 735 XXX.
494 677 573 734 De
602 677 862 734 Trinitate
888 676 1039 733 verba
1066 676 1235 746 facere
1267 674 1510 730 illicitum
1546 680 1711 747 putat.
1740 700 1816 715 --

216 772 333 829 Non
362 772 522 842 igitur
550 780 743 841 sponte
769 814 784 840 ,
814 783 906 826 aut
929 771 1109 840 aliquo
1135 768 1399 825 suadente
1420 808 1437 835 ,
1464 767 1534 823 ad
1562 768 1723 823 verba
1744 766 1815 823 de

212 875 402 921 sancto
418 864 697 919 Trinitatis
718 866 978 936 mysterio
1000 862 1240 919 iacienda
1269 860 1563 933 prosilivit:
1587 860 1681 916 sed
1703 868 1812 916 tam

214 955 539 1011 necessariis
568 955 634 1010 ad
662 956 947 1010 utilitatem
989 953 1247 1011 Ecclesiae
1278 954 1461 1009 causis
1490 952 1605 1008 hare
1634 952 1685 1008 ei
1716 968 1814 1007 vo-

211 1048 392 1103 luntas
419 1057 631 1103 extorta
655 1049 773 1103 luit.
809 1048 867 1103 Ei
897 1048 1151 1103 nimirum
1178 1060 1492 1118 persuasum
1523 1055 1641 1101 erat
1680 1044 1814 1100 illud

210 1142 327 1196 sola
370 1138 481 1196 ﬁde
508 1182 523 1207 ,
554 1141 666 1195 sola
698 1141 962 1195 mentium
1008 1141 1271 1211 religione
1300 1137 1609 1209 oportuisse
1637 1136 1814 1192 conti-

210 1238 327 1292 neri
359 1237 470 1309 (lib.
504 1246 563 1301 tt,
598 1251 652 1292 n.
682 1236 749 1301 2;
778 1235 905 1290 ibid.
954 1253 1009 1291 n.
1056 1233 1134 1307 5),
1167 1233 1311 1305 quod
1339 1242 1484 1288 extra
1511 1233 1813 1305 signiﬁcan-

208 1332 333 1386 tiant
355 1331 604 1387 sermonis
629 1342 723 1395 est,
752 1340 895 1386 extra
911 1346 1090 1385 sensus
1114 1330 1466 1392 intentionem,
1490 1337 1634 1383 extra
1654 1328 1811 1384 intel-

209 1423 436 1496 ligentia
464 1424 862 1494 conceptionem.
887 1422 1152 1491 Quocirca
1178 1437 1302 1476 cum
1331 1421 1400 1477 de
1432 1429 1580 1475 tanto
1610 1428 1815 1491 myste-

208 1518 293 1573 rio
315 1528 621 1573 sermonem
652 1516 794 1571 inire
820 1516 1066 1571 illicitum
1098 1529 1161 1570 ac
1193 1514 1445 1570 vitiosum
1474 1521 1709 1583 putaret,
1743 1510 1810 1567 ad

210 1610 349 1666 hanc
378 1626 440 1667 se
469 1612 846 1667 necessitatem
878 1610 1125 1666 adactum
1160 1608 1255 1667 lib.
1306 1622 1345 1664 ιι
1375 1608 1621 1679 pluribus
1660 1608 1812 1678 inge-

212 1705 413 1761 miscit.
438 1704 826 1776 Compellimur,
844 1703 1019 1775 inquit
1040 1718 1095 1758 ιι.
1115 1703 1173 1770 2,
1193 1703 1548 1757 hatreticorum
1570 1701 1811 1774 blasphe-

1918 485 2094 541 habuit
2128 485 2261 555 ﬁdes
2286 501 2403 540 mea
2421 525 2439 551 ,
2466 502 2624 557 quam
2652 495 2709 542 tu
2736 486 2956 542 erudisti
2979 527 2995 555 ,
3026 488 3319 558 magistros.
3353 488 3521 545 Inou-

1918 580 2041 636 ditis
2060 595 2159 651 ego
2188 578 2480 634 nominibus
2506 579 2587 634 his
2607 579 2663 634 in
2689 588 2739 634 te
2758 580 2833 635 ita
2852 580 3067 649 credidi,
3090 597 3182 654 per
3209 590 3262 638 te
3280 583 3354 638 ita
3371 598 3526 641 rena-

1917 686 2000 733 tus
2026 692 2177 741 sum;
2204 684 2254 730 et
2277 676 2467 731 exinde
2495 684 2612 731 tuus
2638 675 2710 729 ita
2730 692 2862 733 sum.

1990 769 2242 827 XXXIV.
2277 768 2466 825 Fidem
2498 768 2785 841 Scripturis
2802 780 3051 833 assertum
3067 772 3253 829 iisdem
3281 771 3407 828 locis
3431 772 3523 829 de—

1918 865 2103 937 (endit,
2131 864 2313 936 quibus
2333 868 2690 936 impugnatur.
2712 893 2785 907 --
2808 864 2981 930 Quam
3004 874 3183 921 autem
3209 881 3242 923 e
3270 865 3519 937 Scriptu-

1916 961 1994 1015 ris
2025 959 2277 1014 hauserat
2306 957 2491 1023 ﬁdem,
2517 955 2813 1027 Scripturis
2843 957 3107 1028 explicat,
3135 959 3367 1029 primum
3398 958 3521 1031 qui-

1917 1052 2038 1109 dem
2078 1050 2428 1123 propheticis,
2478 1060 2590 1107 tum
2619 1050 2968 1120 evangelicis,
3009 1064 3074 1106 ac
3117 1050 3334 1107 demum
3384 1067 3518 1123 apo-

1918 1146 2145 1202 stolicis.
2190 1146 2271 1202 Ad
2299 1159 2433 1216 quas
2470 1144 2845 1215 intelligendas
2874 1144 3120 1215 aptisque
3146 1146 3330 1201 verbis
3358 1159 3517 1201 enar-

1916 1241 2112 1295 randas
2134 1254 2200 1295 eo
2226 1253 2284 1295 se
2306 1237 2500 1310 spiritu
2520 1236 2711 1293 donari
2736 1237 2897 1293 enixe
2920 1244 3073 1309 rogat
3097 1234 3210 1309 (lib.
3235 1253 3277 1303 ι,
3308 1254 3363 1292 n.
3393 1237 3512 1310 58),

1917 1349 2025 1404 quo
2051 1340 2280 1406 primum
2311 1332 2479 1388 albati
2507 1340 2635 1388 sunt
2664 1334 2942 1403 prOphetae
2970 1340 3025 1387 et
3070 1332 3299 1401 apostoli
3333 1332 3399 1387 ad
3420 1346 3515 1388 eas

1916 1427 2176 1483 edendas.
2212 1426 2349 1481 Hinc
2389 1425 2569 1480 varios
2596 1424 2739 1480 inter
2767 1425 2993 1480 timores
3035 1439 3106 1480 ne
3132 1423 3298 1481 verbo
3337 1424 3513 1481 oﬁ‘en—

1916 1519 2109 1587 deret,
2149 1519 2245 1574 lib.
2287 1533 2382 1581 vn,
2426 1533 2483 1573 ιι.
2511 1518 2569 1587 5,
2603 1525 2840 1574 mentem
2890 1516 3174 1575 conﬁrmat
3204 1533 3268 1574 ac
3302 1526 3521 1575 serenat

1917 1611 2000 1667 his
2023 1611 2238 1667 verbis:
2269 1608 2394 1665 Non
2422 1611 2569 1679 meis,
2601 1610 2692 1666 sed
2711 1610 3008 1681 apostolicis
3029 1610 3225 1665 scando
3253 1609 3516 1683 gradibus.

1917 1705 2023 1762 Sed
2055 1715 2109 1761 et
2137 1718 2297 1774 quam
2340 1718 2534 1760 secure
2576 1704 2870 1774 Scriptnris
2901 1704 3128 1761 ducibus
3155 1709 3379 1761 scandst
3404 1747 3420 1773 ,
3451 1705 3517 1760 li-

207 1805 461 1858 mantium
509 1803 643 1858 uitiis
672 1801 856 1857 illicita
899 1818 1082 1873 agere,
1116 1801 1285 1855 ardua
1313 1800 1589 1865 scandere,
1620 1797 1807 1866 ine/fa-
1840 1796 1887 1857 B
1916 1798 2017 1854 bro
2050 1797 2331 1870 superiore
2361 1814 2511 1854 uum.
2542 1798 2616 1855 20
2663 1798 2989 1856 luculentius
3023 1800 3279 1867 ostendit,
3306 1799 3399 1856 ubi
3428 1812 3519 1855 re-

207 1896 333 1953 bilia
360 1896 568 1967 eloqui,
598 1897 897 1952 inconcessa
924 1910 1230 1965 praesumere
1256 1909 1276 1947 :
1304 1901 1359 1948 et
1387 1907 1533 1959 mox,
1566 1889 1812 1963 Cogimur

203 1992 458 2047 sermonis
499 1991 663 2044 nostri
702 1988 1043 2043 humilitatem
1085 1986 1153 2041 ad
1199 2002 1260 2038 ea
1301 1999 1419 2056 quw
1445 1982 1812 2038 inenarrabilia

203 2091 328 2138 sunt
359 2082 631 2137 extendere
659 2097 680 2136 :
701 2087 750 2135 et
768 2081 820 2134 in
844 2078 1025 2134 vitium
1045 2077 1167 2132 uitio
1193 2085 1484 2131 coartentur
1510 2076 1702 2131 alieno.

283 2173 482 2231 XXXI.
509 2173 622 2240 Quo
648 2173 823 2228 animo
851 2171 949 2227 hoc
976 2168 1120 2243 Opus
1138 2170 1456 2243 aggreditur.
1476 2198 1548 2210 -—
1569 2168 1724 2225 Unde
1743 2169 1812 2225 ad

204 2266 345 2323 illud
375 2265 783 2338 petractandum
810 2278 876 2321 eo
901 2266 1084 2319 animo
1104 2262 1337 2330 accedit,
1371 2270 1430 2317 ut
1456 2271 1511 2317 et
1536 2262 1684 2333 prius
1712 2277 1809 2319 ve-

202 2359 350 2415 niam
376 2372 474 2430 pro
493 2356 691 2413 delicto
711 2356 1050 2426 deprecetur,
1077 2369 1179 2410 nec
1200 2353 1266 2409 de
1283 2367 1343 2409 se
1364 2351 1630 2421 spondeat
1650 2352 1808 2423 quid-

203 2466 367 2524 quam
387 2494 403 2519 ,
438 2451 540 2506 nisi
570 2446 932 2521 supplendum
960 2462 1080 2504 esse
1111 2460 1207 2517 per
1235 2444 1396 2502 ﬁdem
1434 2458 1588 2500 suam
1614 2488 1630 2514 ,
1664 2444 1808 2515 quod

204 2544 443 2600 sermoni
493 2541 805 2598 defuturum
856 2553 964 2594 non
1022 2539 1278 2610 ambigat.
1324 2537 1414 2594 Sic
1465 2537 1612 2593 enim
1672 2536 1802 2594 ibid.

205 2650 356 2692 num.
390 2635 453 2703 5,
491 2634 654 2690 habet
684 2649 703 2688 :
736 2632 845 2688 Sed
871 2648 966 2687 nos
996 2631 1310 2687 necessitatis
1336 2630 1492 2700 hujus
1527 2629 1591 2685 ab
1629 2646 1687 2685 eo
1717 2630 1809 2701 qui

204 2727 313 2783 lttec
342 2730 516 2783 omnia
562 2736 636 2781 est
684 2727 885 2781 ueniant
911 2731 1261 2793 deprecantes,
1314 2723 1637 2792 audebimus,
1666 2737 1807 2792 quat-

204 2838 391 2886 retnus,
424 2821 690 2887 loquemur
714 2835 733 2874 :
760 2826 808 2874 et
829 2819 967 2889 quod
991 2817 1158 2872 solum
1183 2818 1235 2871 in
1265 2825 1408 2872 tanta
1433 2832 1610 2871 rerum
1638 2831 1808 2885 quatt-

206 2917 339 2968 tione
366 2913 731 2983 promittimus,
755 2927 816 2967 ea
838 2919 1113 2982 quaerunt
1134 2909 1425 2982 signiﬁcata
1446 2909 1730 2964 credemus.

271 3004 495 3061 XXXII.
527 3005 731 3071 Quanta
751 3005 893 3058 illius
921 3007 985 3058 de
998 3002 1095 3058 hoc
1120 3004 1362 3073 mysterio
1386 3002 1803 3073 ﬁdes.—Neque

207 3098 345 3154 enim
384 3101 586 3153 incerta
612 3139 628 3163 ,
659 3107 751 3151 aut
775 3095 981 3167 trepida
1006 3136 1022 3163 ,
1053 3105 1148 3151 aut
1174 3096 1411 3166 vulgaris
1439 3094 1537 3149 luit
1564 3095 1707 3149 illius
1734 3094 1802 3149 de

1915 1909 2147 1951 censens
2173 1894 2368 1965 quibus
2398 1893 2711 1950 auctoribus
2734 1892 3094 1962 credidisset,
3127 1903 3182 1950 et
3208 1908 3335 1951 num
3374 1894 3517 1952 bene

1917 1990 2002 2045 his
2023 1989 2253 2045 Arianos
2275 1989 2528 2045 doctores
2555 1988 2852 2045 anteferret
2872 2002 3202 2061 proponens,
3226 1987 3514 2060 quamdam

1917 2094 1986 2135 ex
2030 2079 2231 2135 divinis
2280 2078 2650 2151 Scriptoribus
2674 2121 2689 2145 ,
2721 2093 2861 2151 quos
2908 2080 3195 2150 sequitur,
3241 2085 3518 2152 perpetuae

1919 2171 2225 2227 traditionis
2260 2179 2503 2227 catenam
2552 2173 2811 2227 contexit.
2858 2171 3062 2228 Verum
3106 2172 3232 2243 quia
3274 2171 3517 2227 haeretici

1916 2265 2078 2320 etiam
2102 2279 2161 2321 se
2190 2263 2482 2335 Scripturis
2509 2264 2604 2320 niti
2628 2264 2948 2336 gloriantur,
2974 2278 3093 2320 eam
3121 2264 3231 2321 illis
3260 2263 3511 2320 ﬁduciam

1917 2355 2128 2427 eripere
2155 2362 2351 2422 curat,
2382 2368 2504 2410 cum
2535 2369 2631 2412 cos
2672 2356 2819 2425 ipsos
2850 2354 3145 2426 Scriptum
3174 2355 3325 2410 locos
3348 2394 3363 2419 ,
3395 2352 3516 2426 qui-

1914 2446 2015 2503 bus
2060 2448 2208 2503 abuti
2260 2447 2437 2503 solent
2465 2447 2532 2503 ad
2569 2447 2951 2504 destruendam
2992 2448 3185 2513 ﬁdem,
3216 2447 3515 2521 prudenter

1912 2539 2134 2595 adhibet
2166 2539 2234 2595 ad
2264 2554 2382 2595 eam
2410 2539 2829 2607 adstruendam;
2859 2548 2915 2594 ut
2943 2539 3053 2595 illic
3077 2541 3263 2596 veritas
3286 2541 3518 2610 reperia-

1914 2642 2016 2699 tur,
2050 2632 2135 2687 ubi
2164 2642 2403 2705 negatur,
2435 2630 2607 2703 inquit
2627 2632 2721 2687 lib.
2748 2647 2812 2699 ιι,
2846 2646 2995 2686 ιιιιιιι.
3051 2632 3120 2700 7,
3145 2631 3233 2687 ubi
3257 2631 3514 2701 deinceps

1913 2726 2015 2782 sibi
2038 2726 2405 2798 praestandum
2428 2735 2634 2791 monet,
2663 2723 2807 2796 quod
2832 2724 3094 2783 hactenus
3118 2738 3177 2780 se
3195 2725 3514 2796 praestitisse

1911 2819 2160 2875 conlidit.
2191 2818 2394 2875 Eodem
2434 2818 2489 2875 in
2520 2819 2643 2874 loco
2684 2833 2835 2873 num.
2870 2817 2925 2884 6,
2954 2818 3108 2874 libris
3136 2818 3514 2888 superioribus

1911 2927 1972 2969 se
2008 2912 2258 2969 docuisse
2303 2914 2579 2981 declarat,
2629 2926 2820 2967 omnes
2842 2910 3167 2968 Arianorum
3199 2911 3416 2967 fraudes
3457 2917 3514 2967 et

1909 3020 2124 3063 errores
2172 3007 2297 3061 hinc
2353 3009 2523 3075 oriri,
2572 3005 2715 3077 quod
2777 3007 3213 3078 dispensationem
3253 3005 3509 3077 assumpti

1913 3101 2145 3171 corporis
2175 3101 2386 3173 rapiunt
2415 3100 2483 3154 ad
2519 3100 2879 3154 contumeliam
2919 3100 3228 3167 divinitatis,
3260 3108 3315 3153 et
3336 3098 3512 3169 dupli-

210 3192 577 3248 occuitissimo
594 3190 875 3247 Trinitatis
896 3192 1155 3263 mysterio
1174 3189 1332 3246 ﬁdes.
1354 3189 1503 3245 lianc
1525 3192 1809 3261 perspicue
1834 3189 1883 3252 C
1914 3209 2037 3250 cem
2080 3191 2281 3249 Christi
2328 3204 2574 3248 naturam
2606 3193 2936 3263 distinguere
2976 3202 3070 3249 aut
3096 3193 3347 3250 nesciunt
3372 3235 3388 3261 ,
3417 3201 3512 3248 aut

206 3285 335 3342 adeo
369 3285 425 3341 in
450 3285 745 3355 Scripturis
769 3294 1031 3340 assertum
1066 3285 1302 3346 videbat.
1334 3297 1392 3340 ut
1422 3285 1805 3341 hmreticorum

207 3378 370 3435 duces
398 3421 412 3445 ,
443 3378 639 3449 quibus
678 3379 785 3433 illae
835 3378 1032 3449 ignota:
1077 3395 1182 3433 non
1214 3387 1407 3445 erant,
1432 3379 1511 3434 sic
1538 3376 1761 3434 haberet
1787 3420 1802 3445 ,

207 3474 353 3542 quasi
388 3471 478 3542 qui
526 3486 592 3526 ex
643 3469 939 3541 pertinacia
986 3479 1041 3527 et
1085 3482 1249 3541 pravo
1293 3469 1583 3541 impietatis
1622 3471 1803 3528 studio

205 3572 408 3632 aperite
454 3542 773 3619 resisterent
801 3564 1009 3620 veritati
1044 3578 1058 3618 :
1092 3564 1229 3620 Hinc
1257 3572 1341 3621 est
1382 3564 1510 3620 illud
1557 3564 1652 3621 lib.
1681 3581 1800 3634 xu,

206 3671 348 3711 num.
381 3655 488 3711 48:
526 3653 651 3710 Non
672 3654 821 3711 habet
847 3656 1026 3711 saltem
1052 3658 1290 3727 impietas
1317 3659 1516 3713 veniam
1539 3700 1553 3723 ,
1582 3664 1640 3713 ut
1670 3674 1806 3729 pra:-

206 3748 374 3803 tendat
414 3744 691 3815 impietatis
712 3762 936 3805 errorem
966 3767 987 3806 :
1014 3751 1157 3821 quod
1189 3751 1366 3805 verbis
1393 3750 1511 3805 aliis
1548 3750 1804 3823 frequens

205 3843 477 3898 inculcare
493 3845 794 3900 consuevit.
819 3843 941 3913 Ipse
965 3859 1092 3900 vero
1118 3853 1221 3899 tam
1244 3844 1352 3900 alte
1374 3845 1620 3901 eamdem
1642 3846 1803 3901 ﬁdem

205 3935 385 3989 animo
414 3933 721 4001 imbiberat,
753 3941 865 3989 uta
898 3936 1005 3989 vita
1037 3935 1246 3991 facilius
1277 3951 1437 4007 quam
1467 3935 1537 3992 ab
1564 3938 1651 3992 illa
1678 3952 1802 3995 sese

205 4027 567 4085 divellendnm
599 4028 895 4085 conﬁderet
925 4044 939 4082 :
976 4027 1101 4084 Htec
1128 4031 1265 4084 enim
1293 4045 1387 4104 ego
1426 4030 1498 4085 ita
1521 4032 1701 4098 didici,
1732 4024 1833 4087 ita—

204 4123 433 4191 credidi,
471 4128 521 4179 et
560 4124 631 4179 ita
668 4124 988 4193 conﬁrmatae
1024 4126 1207 4179 mentis
1247 4125 1351 4191 ﬁde
1387 4137 1534 4181 teneo
1564 4167 1580 4193 ,
1624 4143 1686 4181 ne
1714 4134 1806 4180 aut

207 4219 397 4286 possim
418 4214 625 4272 credere
647 4215 817 4279 aliter,
848 4224 937 4270 aut
960 4215 1128 4271 velim.
1157 4215 1364 4284 Quibus
1391 4216 1484 4271 lib.
1513 4231 1588 4284 vr,
1623 4230 1677 4271 ιι.
1706 4216 1799 4284 ρο,

207 4309 381 4365 verbis
420 4307 616 4365 similia
637 4324 762 4365 sunt
790 4309 906 4365 hate
936 4322 1082 4363 num.
1112 4308 1178 4363 Ἦ
1215 4307 1325 4362 :Ab
1354 4304 1435 4363 his
1454 4325 1548 4379 ego
1578 4324 1693 4379 qua:
1723 4318 1799 4366 te-

1914 3290 2121 3344 nolunt.
2158 3288 2427 3355 Quocirca,
2452 3297 2508 3342 ut
2529 3296 2585 3342 et
2611 3303 2827 3343 errores
2852 3286 3111 3343 radicitus
3137 3294 3506 3358 amputentur;

1911 3393 1965 3438 et
1997 3383 2185 3438 inanes
2218 3381 2413 3437 cadant
2452 3380 2832 3436 haereticorum
2880 3380 3089 3436 technaa
3137 3390 3193 3435 et
3239 3379 3503 3448 fallacias;

1910 3473 2183 3545 magnoin
2207 3472 2260 3529 id
2288 3473 2469 3529 studio
2494 3471 2774 3540 incumbit,
2799 3480 2860 3528 ut
2873 3473 3211 3530 demonstret
3231 3473 3505 3529 Christum

1910 3574 1966 3621 et
1994 3568 2161 3622 Deum
2189 3581 2373 3622 verum
2404 3581 2544 3635 esse,
2577 3566 2705 3622 dum
2738 3573 2895 3621 natus
2921 3581 2988 3621 ex
3017 3566 3130 3622 Deo
3159 3574 3267 3631 est,
3299 3575 3356 3623 et
3382 3580 3509 3637 pcr-

1910 3658 2108 3714 lectum
2152 3656 2426 3712 hominem
2454 3700 2470 3725 ,
2500 3658 2627 3714 dum
2655 3659 2705 3713 ei
2750 3666 2833 3714 est
2858 3669 3045 3729 partus
3065 3673 3134 3714 ex
3159 3659 3417 3730 Virgine;
3449 3666 3508 3713 ut

1909 3766 2030 3807 cum
2058 3752 2284 3807 veritate
2309 3751 2553 3822 corporis
2582 3751 2841 3807 subsistat
2864 3752 2914 3806 in
2938 3760 3129 3806 natura
3157 3751 3275 3817 Dei,
3301 3757 3359 3806 et
3383 3761 3507 3806 cum

1909 3845 2004 3899 Dei
2032 3851 2222 3898 natura
2244 3852 2458 3898 maneat
2484 3844 2536 3898 in
2558 3842 2805 3913 corporis
2829 3843 3057 3898 veritate
3096 3840 3211 3915 (tib.
3236 3857 3312 3909 ιιι,
3341 3857 3398 3896 n.
3423 3840 3503 3913 6).

1980 3936 2198 3992 XXXV.
2234 3936 2382 3993 Unde
2404 3936 2738 3993 Cassiodorus
2760 3936 3002 3991 tredecim
3025 3936 3181 3990 libros
3202 3934 3410 3989 dixerit.
3432 3961 3510 3979 -

1910 4029 2179 4085 Veremur
2209 4042 2297 4094 ue,
2328 4028 2456 4083 dum
2485 4027 2729 4098 pneclari
2756 4029 2940 4097 operis
2968 4027 3343 4090 occasionem,
3373 4037 3506 4081 tau-

1906 4134 2019 4189 sas,
2049 4132 2281 4191 tempus,
2313 4120 2600 4185 rationem,
2640 4132 2973 4190 scopumque
3016 4117 3353 4189 indagamus,
3381 4132 3505 4174 mu-

1906 4218 2043 4273 ieste
2072 4215 2210 4271 ferat
2249 4216 2422 4271 lector
2459 4215 2511 4269 in
2543 4215 2662 4285 ipso
2707 4213 2893 4269 limine
2931 4227 2993 4268 se
3022 4212 3223 4268 diutius
3249 4212 3504 4269 detineri.

1905 4309 2145 4380 Tempus
2172 4316 2257 4366 est
2300 4319 2361 4365 ut
2393 4325 2500 4365 non
2528 4308 2640 4381 jam
2685 4308 2859 4363 stillas
2905 4308 3165 4379 quasdam
3207 4305 3510 4362 Hilarianas

207 4417 295 4456 ueo
321 4403 534 4458 edoctus
560 4418 673 4458 sum
698 4445 713 4467 ,
746 4402 825 4458 his
852 4400 1293 4458 immedicabiliter
1315 4398 1535 4456 imbutus
1565 4419 1677 4457 sum
1709 4418 1727 4458 :
1753 4411 1801 4458 et
1903 4407 2167 4472 delibare,
2200 4405 2294 4461 sed
2343 4405 2504 4476 pleno
2539 4419 2634 4459 ore
2672 4402 2743 4459 de
2784 4402 3051 4458 immenso
3083 4399 3348 4457 doctrinae
3376 4414 3507 4472 pro-

203 4493 409 4565 ignosce
449 4496 771 4565 onmipotens
814 4488 995 4563 Deus,
1041 4493 1161 4564 quia
1204 4494 1257 4548 in
1289 4492 1368 4548 his
1407 4510 1502 4548 nec
1540 4495 1801 4550 emendari

1908 4498 2075 4554 tundo
2120 4506 2309 4569 potare
2358 4498 2725 4568 permittatur.
2774 4494 3049 4552 Nonnulla
3104 4501 3286 4551 tamen
3330 4490 3508 4549 adhuc

207 4600 454 4659 possunt,
517 4600 563 4644 et
608 4588 854 4645 commori
891 4603 1121 4662 possum.
1151 4586 1413 4655 Quocirca
1444 4586 1625 4645 libello
1668 4588 1704 4644 2
1732 4589 1798 4644 ad
1824 4572 1878 4632 D
1906 4599 2112 4648 restant
2167 4590 2355 4662 paucis
2410 4588 2749 4660 explicanda.
2813 4590 2892 4643 Ac
2948 4589 3126 4660 primo
3184 4586 3507 4643 eximendus

207 4680 575 4737 Constantium
606 4678 767 4738 enixe
813 4694 1009 4752 rogans
1040 4691 1097 4736 ut
1141 4681 1210 4737 de
1256 4679 1361 4737 ﬁde
1405 4696 1586 4737 coram
1616 4681 1802 4753 dispu-
1903 4681 2226 4752 scrupulus,
2266 4694 2426 4753 quem
2472 4681 2830 4736 Cassiodorus
2857 4680 2925 4735 de
2960 4679 3080 4735 Div.
3110 4679 3284 4734 instit.
3318 4690 3368 4733 c.
3399 4677 3504 4743 16,

207 4782 320 4830 tans
365 4774 669 4843 audiretur,
721 4772 845 4829 Non
875 4783 982 4829 tam
1016 4773 1162 4840 mihi,
1197 4774 1369 4844 inquit
1411 4790 1559 4829 num.
1591 4775 1645 4841 8,
1677 4790 1801 4845 rogo

207 4870 552 4937 audientiam,
590 4879 743 4940 quam
778 4868 869 4923 tibi
896 4876 1047 4939 atque
1076 4866 1325 4925 Ecclesia:
1360 4867 1478 4924 Dei.
1512 4867 1627 4944 Ego
1665 4872 1800 4926 enim

207 4977 353 5031 penes
374 4976 459 5016 nte
480 4964 640 5017 habeo
664 4961 841 5031 ﬁdem,
873 4963 1122 5017 exteriore
1138 4959 1252 5017 non
1276 4976 1398 5034 egeo
1429 4978 1446 5019 :
1471 4962 1607 5032 quod
1627 4962 1802 5036 accepi

207 5064 368 5124 teneo,
403 5071 497 5113 nec
522 5059 726 5114 demmo
751 5056 887 5129 quod
914 5052 1011 5111 Dei
1034 5066 1128 5112 est.

272 5145 514 5205 XXXIII.
589 5142 738 5206 Unde
778 5146 920 5204 illius
963 5159 1067 5203 tam
1114 5158 1351 5203 constans
1381 5190 1397 5216 ,
1449 5142 1805 5204 haereticorum

207 5255 317 5297 vero
366 5256 471 5299 tam
516 5243 673 5299 dubia
701 5242 848 5314 ﬁdes.
878 5274 951 5285 —-
990 5243 1045 5299 In
1094 5236 1175 5299 his
1222 5243 1481 5299 habemus
1509 5253 1617 5298 tam
1672 5261 1805 5301 con-

208 5336 392 5391 stantis
439 5335 564 5393 iidei
614 5338 908 5401 rationem,
965 5339 1089 5407 quia
1138 5331 1390 5391 nimirum
1438 5336 1666 5393 adhassit
1712 5354 1806 5393 an-

209 5428 365 5498 tiqua:
393 5429 711 5498 traditioni,
753 5445 929 5500 neque
960 5445 1027 5487 ex
1058 5430 1120 5485 iis
1148 5446 1268 5501 quae
1322 5441 1608 5500 acceperat
1650 5431 1807 5503 quid-

210 5532 363 5589 quam
407 5520 729 5579 demutavit.
774 5516 974 5578 Conttra
1013 5532 1142 5580 vero
1186 5522 1561 5580 haereticorum
1603 5526 1808 5581 doctri-

212 5626 351 5682 nam,
380 5617 462 5671 vel
491 5626 709 5687 propter
738 5617 1031 5673 novitatem
1087 5616 1447 5689 reslluendam
1479 5631 1539 5673 ac
1564 5618 1807 5674 veritatis

213 5718 485 5779 expertem
528 5706 621 5767 lib.
659 5724 735 5778 Vt,
771 5728 824 5767 ιι.
858 5714 920 5767 21
955 5754 970 5780 ,
1004 5706 1181 5781 lepide
1212 5712 1407 5783 probat
1436 5711 1488 5766 in
1523 5711 1664 5767 hunc
1695 5726 1813 5768 m0-

224 5801 349 5862 tiutn
379 5820 392 5865 :
424 5800 594 5866 Tarde
622 5802 749 5868 mihi
774 5804 868 5869 hos
904 5803 1256 5883 iutpiissimos,
1285 5814 1532 5880 quantum
1557 5821 1651 5881 ego
1678 5805 1817 5864 arbi-

1906 4777 2097 4848 injicit,
2132 4777 2221 4832 ubi
2273 4773 2534 4831 tredecim
2567 4775 2771 4829 Hilarii;
2799 4772 2869 4829 de
2914 4770 3179 4828 Trinitate
3219 4772 3388 4827 libros
3418 4784 3506 4826 re-

1907 4878 2118 4926 censet.
2162 4868 2274 4924 Nec
2326 4884 2427 4923 nos
2466 4868 2667 4923 diutius
2703 4868 2965 4922 distinere
3002 4865 3166 4923 debet
3207 4865 3327 4921 libri
3359 4864 3505 4920 illius

1907 4942 2099 5016 decimi
2140 4961 2283 5016 tertii
2328 4960 2624 5031 inquisitio.
2671 4957 2825 5013 Haud
2865 4956 3029 5012 dubie
3068 4957 3212 5012 enim
3258 4956 3410 5011 libris
3439 4956 3510 5012 de

1916 5053 2177 5109 Triuitate
2204 5051 2447 5124 adjuugit
2469 5051 2665 5106 hbrum
2693 5050 2761 5105 de
2783 5050 3038 5121 Synodis,
3064 5050 3157 5121 qui
3176 5050 3228 5105 in
3250 5061 3355 5104 ms.
3384 5046 3514 5104 Cola-

1914 5147 2127 5204 bertiuo
2157 5147 2226 5202 ab
2246 5146 2402 5201 annis
2433 5153 2490 5200 ut
2513 5144 2796 5200 minimum
2828 5142 2978 5199 mille
3006 5152 3229 5199 exarato
3252 5183 3268 5210 ,
3299 5153 3513 5197 necnon

1915 5241 1969 5297 in
2001 5238 2356 5297 Germanensi
2400 5249 2453 5294 et
2486 5239 2664 5293 altero
2704 5233 3023 5294 Colbertiuo
3061 5232 3334 5307 praedictis
3358 5232 3516 5289 libris

1918 5336 2197 5395 cohzcrcns
2223 5333 2376 5389 Liber
2405 5348 2502 5389 xm
2530 5331 2865 5389 inscribitur.

1985 5427 2233 5485 XXXVI.
2279 5426 2502 5483 Illorum
2528 5426 2696 5499 stylus
2719 5467 2733 5493 ,
2761 5426 2847 5497 qui
2877 5438 2997 5481 cum
3025 5420 3172 5477 libris
3204 5417 3521 5487 Quintiliani

1915 5523 2218 5579 consentiat.
2258 5552 2331 5562 —
2374 5521 2642 5577 (Sa-terum
2678 5520 2911 5575 Hilarius
2959 5519 3077 5585 ipse
3124 5515 3179 5570 in
3231 5513 3520 5571 duodecim

1917 5626 2118 5674 tantum
2146 5615 2312 5672 libros
2335 5627 2504 5671 totum
2549 5630 2685 5687 opus
2714 5628 2868 5668 suum
2895 5610 3191 5677 distribuit,
3214 5620 3268 5665 et
3297 5608 3365 5663 ab
3394 5606 3523 5663 Ilie-

1917 5724 2145 5781 ronymo
2166 5712 2324 5782 epist.
2357 5726 2562 5766 Lxxxn'
2590 5708 2657 5763 ad
2682 5708 2927 5778 Magnum
2949 5714 3173 5779 propter
3208 5704 3350 5759 hunc
3382 5716 3522 5773 prm-

1924 5806 2116 5865 sertim
2148 5803 2539 5864 duodenarium
2570 5814 2859 5862 numerum
2895 5808 3227 5863 memoratur
3256 5794 3531 5858 duodecim
