4040 6328
493 270 563 330 ἓὸ
1710 269 1954 328 SANCTI
1981 269 2236 326 HILARII
2261 269 2567 328 EPISCOPI
3729 273 3798 330 24

497 384 806 450 Quintiliani
846 384 1005 440 libros
1043 384 1177 456 ston
1226 385 1453 438 imitatus
1478 399 1586 439 esse
1624 393 1672 439 et
1709 401 1943 439 numero.
1988 383 2099 439 Ex-
2129 387 2182 446 Α
2207 399 2365 455 posse
2390 427 2405 451 ,
2436 384 2580 455 quod
2605 385 2674 440 ab
2714 384 2914 440 Hilario
2946 385 3167 440 minime
3193 386 3492 455 prtcstitum
3521 396 3626 441 est.
3677 386 3797 442 Alia

498 489 657 548 cepta
699 476 843 532 enim
887 475 1118 547 quadam
1168 474 1482 530 subtilitatis
1538 475 1916 543 affectatione,
1973 492 2096 546 quae

494 569 826 638 Quintiliano
859 569 1089 639 quodam
1136 568 1299 623 modo
1331 568 1621 638 peculiaris
1646 579 1729 624 est
1752 611 1766 636 ,
1799 566 1992 624 borum
2027 570 2094 622 li~

502 662 721 718 brorum
754 662 949 732 stylum
981 659 1182 716 eruditi
1212 661 1453 732 judicant
1490 649 1594 716 non
1638 661 1942 716 absimilem
1973 676 2096 717 esse

501 756 835 825 Quintiliani.
864 755 1200 826 Quamquam
1233 764 1289 809 ttt
1315 755 1648 823 Quintiliano
1669 755 1972 810 affectatam
1999 755 2096 810 de-

496 867 616 906 mus
637 851 779 906 illam
808 850 1183 915 subtilitatem,
1214 849 1419 904 Hilario
1450 858 1627 904 tamen
1651 865 1716 903 ex
1750 849 1980 904 naturali
2013 849 2092 903 in-

494 943 634 1015 genii
655 944 924 1008 acumine,
949 959 1054 997 non
1080 958 1149 998 ex
1179 941 1518 998 affectatione
1538 942 1827 1012 profectam
1859 942 2089 996 arbitra-

497 1052 636 1091 mur.
677 1035 865 1106 Neque
895 1035 1056 1090 debet
1082 1035 1282 1090 oll‘endi
1314 1038 1622 1105 quisquam,
1653 1035 1697 1090 si
1727 1035 1793 1090 de
1820 1035 2091 1105 mysteriis

493 1129 692 1183 nostris
741 1127 1019 1182 nobiscum
1071 1129 1328 1194 sentiens,
1372 1127 1548 1183 verbis
1593 1128 1735 1193 aliis,
1775 1143 1933 1197 quam
1975 1129 2092 1198 qui-

493 1217 591 1273 bus
605 1219 766 1274 modo
782 1220 1000 1280 utimur.
1016 1219 1371 1292 cogitationes
1384 1219 1810 1290 suasaliquaudo
1825 1221 2087 1276 enuntiet.

495 1310 615 1381 Ipse
647 1314 791 1368 enim
825 1313 1028 1382 primus
1052 1328 1083 1368 e
1109 1312 1317 1368 Latinis
1343 1320 1531 1368 contra
1567 1313 1795 1367 Arianos
1828 1314 2092 1378 scribens,

494 1420 657 1460 vaces
707 1405 864 1460 nobis
906 1405 1257 1470 praescribere
1289 1405 1477 1475 potuit,
1513 1421 1616 1460 non
1657 1406 1831 1476 potuit
1872 1423 1899 1459 a
1939 1406 2095 1461 nobis

496 1500 760 1568 recipere.
811 1498 880 1554 Ut
905 1507 1082 1555 tamen
1135 1499 1187 1553 in
1233 1497 1571 1564 assequenda
1622 1499 1793 1566 ipsius
1825 1498 2092 1553 sententia

493 1589 673 1646 minus
717 1591 1126 1658 laboraremus,
1177 1591 1471 1660 prudenter
1509 1591 1651 1646 cavit
1696 1606 1763 1645 ne
1795 1591 1942 1646 illam
1991 1606 2094 1645 una

2205 491 2382 533 tamen
2406 479 2489 532 via
2523 479 2793 548 provisum
2821 488 2905 534 est
2925 479 3066 549 quod
3095 479 3372 536 volebant.
3394 479 3604 550 Quippe
3628 480 3796 537 libros

2202 571 2254 626 in
2305 570 2485 640 plures
2518 586 2771 625 numeros
2815 571 3015 638 partiti,
3061 571 3245 640 paucis
3278 571 3489 638 verbis,
3536 583 3797 640 quantum

2201 679 2298 734 per
2333 665 2630 734 marginem
2665 664 2852 730 licuit,
2886 663 3064 719 conati
3109 680 3296 720 sumus
3333 666 3799 736 comprehendere

2199 756 2340 826 quod
2369 757 2420 811 in
2449 755 2514 809 iis
2543 755 2844 812 disseritur.

2274 846 2536 903 XXXVI].
2572 852 2650 902 An
2692 849 2869 903 simile
2898 849 3189 920 quidquam
3229 849 3282 904 in
3326 848 3506 905 fronte
3536 851 3801 923 cujusque

2201 943 2322 997 libri
2374 956 2834 1012 prteponeremus,
2863 941 2956 996 diu
2990 941 3266 997 haesimus.
3300 943 3432 997 Cum
3471 943 3614 998 enim
3648 945 3797 998 Hila-

2202 1035 2313 1088 rius
2342 1035 2456 1103 ipse
2488 1035 2539 1088 in
2585 1033 2759 1104 primo
2799 1034 2938 1088 libro
2975 1037 3139 1088 totius
3175 1037 3358 1106 operis
3401 1037 3482 1090 sui
3514 1037 3790 1108 synopsim

2199 1125 2433 1180 ediderit
2459 1166 2472 1191 ,
2499 1140 2700 1195 auceps
2747 1136 2866 1180 erat
2894 1141 2958 1181 ac
2984 1125 3180 1181 dubius
3205 1128 3438 1194 animus,
3470 1144 3536 1182 an
3560 1128 3628 1183 de
3665 1144 3794 1184 nos-

2199 1227 2280 1273 tro
2309 1233 2500 1272 novam
2529 1217 2760 1288 aliquam
2779 1218 2975 1288 cuique
3003 1218 3418 1288 prd‘ponendattt
3445 1217 3791 1286 cuderemns,

2199 1327 2265 1366 an
2291 1313 2470 1382 potius
2492 1327 2557 1367 ex
2589 1313 2762 1381 primo
2787 1321 3176 1381 repeteremus,
3197 1313 3340 1382 quod
3360 1312 3424 1365 ad
3449 1328 3801 1383 unumquem-

2199 1421 2302 1476 que
2333 1405 2586 1475 pertinet,
2615 1407 2892 1460 autetiam
2920 1421 2986 1459 eo
3013 1406 3352 1461 mitteremus
3378 1406 3656 1469 lectorem,
3692 1422 3800 1478 quo

2199 1501 2508 1553 summatim
2531 1498 2892 1568 conspiceret,
2919 1497 3061 1566 quod
3093 1500 3144 1553 in
3174 1514 3499 1570 unoquoque
3525 1502 3803 1572 copiosius

2200 1589 2528 1659 disputatur,
2561 1605 2629 1643 an
2672 1589 2907 1659 denique
2948 1591 3078 1645 satis
3122 1591 3444 1648 haberemus
3489 1592 3801 1648 describere

493 1685 706 1737 ratione
753 1681 1075 1752 explicaret.
1128 1681 1263 1737 Hinc
1313 1697 1444 1737 sane
1490 1697 1598 1738 nou
1653 1683 1719 1737 ad
1752 1698 1941 1737 vanam
1982 1683 2091 1738 elo-
2123 1705 2172 1764 ι)
2203 1685 2382 1740 brevia
2423 1686 2670 1756 quiedam
2715 1696 3055 1754 argumenta,
3105 1702 3226 1756 qurc
3279 1687 3344 1742 ad
3389 1687 3610 1743 limbum
3654 1705 3790 1742 mss.

490 1776 726 1845 quentia:
756 1777 1176 1850 ostentationem
1211 1784 1332 1829 nata
1361 1783 1444 1830 est
1473 1789 1535 1830 ea
1564 1791 1666 1846 qua
1700 1777 1865 1830 utitur
1897 1775 2089 1832 verbo-

492 1882 613 1922 rum
653 1867 808 1938 copia
837 1884 848 1920 :
882 1867 1137 1922 nimirum
1166 1881 1289 1921 cum
1329 1866 1398 1921 de
1426 1866 1536 1920 Deo
1565 1866 2096 1937 magnificentissime

494 1958 766 2025 sentiret,
820 1959 980 2014 nullis
1043 1974 1296 2029 umquam
1356 1958 1534 2014 verbis
1587 1957 1718 2013 satis
1761 1958 2097 2028 expressisse

497 2052 844 2108 existimabat
866 2052 1007 2124 quod
1038 2053 1285 2108 sentiret.
1317 2051 1394 2107 Ita
1419 2062 1595 2107 tamen
1630 2067 1810 2106 sermo
1839 2050 1988 2106 fusus
2013 2060 2098 2106 est

494 2148 550 2202 in
581 2147 784 2213 verbis,
817 2155 875 2202 ut
903 2146 1107 2202 densus
1135 2146 1206 2200 sit
1235 2146 1288 2201 in
1319 2144 1622 2201 sententiis.
1663 2143 1734 2200 Ut
1760 2143 1902 2199 enim
1935 2151 2094 2197 nota-

497 2242 576 2297 vit
622 2241 990 2312 Augustinus,
1036 2240 1284 2296 brevitati
1339 2237 1542 2294 studuit
1590 2235 1747 2310 (Aug.
1795 2236 1882 2291 lib.
1921 2252 1974 2292 vr
2034 2237 2098 2291 de

496 2332 670 2400 Trin.,
699 2349 817 2403 cap.
872 2331 980 2404 10).
1007 2330 1190 2402 Longe
1219 2340 1402 2386 autem
1446 2328 1616 2400 magis
1659 2328 1860 2384 studuit
1892 2327 2094 2384 ordini.

492 2425 612 2493 Quo
639 2427 884 2495 inspecto
919 2425 1161 2480 nonnulli
1189 2423 1384 2478 eruditi
1405 2421 1564 2477 facile
1596 2420 1738 2475 factu
1763 2420 2094 2491 judicarunt,

493 2529 553 2575 ut
579 2519 772 2590 singuli
801 2518 921 2574 libri
963 2519 1015 2572 in
1047 2517 1261 2573 diversa
1290 2517 1464 2586 capita
1490 2513 1982 2580 distribuerentur,
2015 2513 2096 2568 id-

492 2626 596 2682 que
625 2610 813 2666 lectori
842 2607 1190 2664 commodum
1240 2607 1359 2662 fore
1379 2648 1394 2674 ,
1435 2607 1478 2662 si
1524 2605 1720 2677 cuique
1751 2605 1912 2675 capiti
1942 2621 2097 2660 sum-

496 2705 682 2760 matim
733 2713 1093 2773 praenotatum
1143 2701 1369 2758 haberet
1413 2699 1554 2771 quod
1603 2700 1655 2754 in
1699 2715 1766 2755 eo
1810 2707 2090 2754 tractatur.

501 2795 648 2852 Nihil
696 2793 1073 2867 negligendum
1105 2793 1208 2848 rati
1248 2793 1394 2848 unde
1422 2791 1642 2847 lectoris
1670 2790 1824 2846 labor
1850 2791 2101 2845 subleva-

492 2897 666 2956 retur,
713 2889 817 2943 hoc
844 2902 952 2943 non
994 2885 1312 2956 reliquimus
1339 2887 1704 2941 intentatum:
1747 2883 1842 2939 sed
1886 2885 2096 2954 experti

492 2997 680 3040 sumus
710 2998 818 3039 non
863 2982 981 3038 sine
1009 2980 1188 3053 aliqua
1227 2979 1548 3036 confusione
1574 2978 1821 3050 praestari
1865 2993 1897 3034 a
1941 2978 2098 3036 nobis
2123 2948 2169 3014 (δ

506 3107 2208 3132 ————-——————~—-——————-———-—

831 3208 1221 3283 SUMMA
1262 3205 1835 3279 LIBBORUM
1883 3205 2587 3308 SEQUENTIUM
2631 3207 2696 3275 E
2736 3205 3163 3280 DUOBUS
3212 3207 3464 3282 MSS.

566 3453 608 3508 ι.
637 3451 814 3516 Liber,
837 3451 926 3514 qui
949 3449 1104 3504 totius
1135 3449 1305 3520 operis
1327 3457 1398 3503 est
1428 3447 1586 3503 veluti
1605 3449 1910 3520 prooemium
1953 3449 2097 3504 solus

497 3547 554 3601 in
577 3546 838 3619 pra’dictis
866 3561 992 3598 mss.
1024 3544 1246 3614 epitome
1270 3553 1426 3597 caret.

567 3637 631 3693 Il.
669 3636 834 3692 Omne
883 3645 1264 3691 sacramentum
1299 3634 1488 3689 divina:
1515 3637 1861 3706 generationis
1903 3637 2097 3703 edocet,

492 3729 874 3784 absolutissima
900 3729 1258 3782 demonstrans
1283 3737 1332 3781 et
1361 3726 1629 3782 Trinitatis
1657 3738 1702 3782 et
1725 3729 1990 3783 nominum
2016 3747 2096 3784 ve-

493 3822 739 3887 ritatem;
785 3822 857 3874 ita
904 3829 959 3874 ut
1003 3837 1163 3892 neque
1216 3836 1321 3873 non
1361 3821 1476 3892 ipsa
1512 3820 1577 3875 sit
1617 3823 1802 3875 veritas
1853 3823 2095 3890 nominis,

494 3932 656 3987 neque
677 3931 780 3969 non
807 3930 990 3970 nomen
1021 3914 1087 3968 sit
1111 3913 1359 3967 veritatis.

565 4009 651 4064 III.
698 4007 912 4064 Omnem
955 4008 1315 4080 difﬁcultatem
1367 4008 1515 4073 dicti,
1561 4025 1661 4080 quo
1711 4008 1962 4065 Dominus
2002 4012 2096 4078 ait,

495 4104 610 4176 Ego
650 4105 701 4158 in
736 4105 915 4166 Patre,
943 4112 998 4159 et
1035 4103 1194 4158 Pater
1223 4105 1274 4159 in
1308 4119 1417 4167 me,
1442 4103 1618 4157 multis
1643 4105 1892 4173 exemplis
1923 4105 1991 4157 ad
2019 4106 2100 4160 in-

496 4197 792 4267 telligentia:
827 4198 982 4266 ﬁdem
1019 4206 1258 4262 coaptat:
1288 4197 1360 4250 ita
1387 4207 1439 4250 ut
1474 4213 1636 4268 neque
1664 4215 1764 4251 non
1787 4198 2098 4254 credendum

494 4290 558 4344 de
597 4305 652 4343 se
684 4287 790 4343 Deo
817 4289 920 4354 sit;
948 4305 1107 4358 neque
1146 4287 1483 4356 opinandum,
1509 4299 1653 4344 extra
1696 4291 1947 4346 rationem
1975 4291 2098 4361 ﬁdei

492 4399 603 4439 esse
627 4381 1020 4451 intelligentiam
1057 4382 1340 4450 potestatis.

2199 1774 2543 1832 Corbeiensis
2567 1785 2622 1833 et
2647 1777 2997 1832 Pratellensis
3027 1782 3094 1833 ab
3113 1780 3328 1850 antiqua
3355 1795 3514 1835 manu
3544 1782 3595 1835 in
3621 1779 3799 1837 fronte

2199 1869 2463 1938 cujusque
2488 1868 2610 1923 libri
2638 1870 2908 1938 proposita
2936 1877 3081 1924 sunt.
3114 1870 3219 1926 Sed
3253 1870 3368 1926 lucc
3397 1872 3644 1927 breviora
3674 1881 3801 1926 sunt

2199 1960 2335 2026 visa,
2385 1976 2548 2030 quam
2609 1970 2666 2015 ut
2712 1959 3076 2016 sufficientem
3143 1963 3493 2018 dicendorum
3555 1964 3796 2019 notitiam

2201 2069 2390 2125 parere
2419 2054 2680 2109 Valercnt.
2730 2055 3003 2110 Hilariana
3034 2065 3213 2112 autem
3262 2059 3514 2130 syrmpsis
3547 2059 3788 2129 plerum-

2199 2162 2304 2217 que
2324 2155 2409 2201 est
2441 2147 2737 2216 prolixior:
2776 2157 2831 2203 et
2857 2149 2951 2218 qui
2978 2148 3121 2203 illius
3159 2150 3409 2221 loquendi
3449 2152 3622 2207 modis
3654 2169 3790 2208 non-

2201 2239 2329 2295 dum
2379 2240 2512 2294 satis
2548 2241 2834 2296 assuefacti
2878 2252 3026 2308 sunt,
3056 2242 3432 2299 desiderarent
3462 2243 3689 2300 fortasse
3731 2255 3793 2300 ut

2201 2332 2621 2401 simplicioribus
2669 2332 3032 2388 locutionibus
3069 2336 3312 2404 exposita
3365 2337 3622 2406 cujusque
3672 2337 3798 2392 libri

2199 2440 2410 2482 summa
2437 2427 2501 2480 ad
2530 2426 2787 2482 Hilariani
2817 2429 3084 2483 sermonis
3112 2427 3524 2502 intelligentiam
3552 2431 3637 2486 via
3665 2433 3798 2503 ipsis

2199 2527 2557 2575 sterneretur.
2589 2519 2771 2591 Neque
2812 2520 2953 2576 hunc
2978 2521 3030 2576 in
3060 2521 3216 2578 nobis
3256 2522 3496 2579 laborem
3527 2526 3800 2594 suscipere

2199 2612 2414 2683 gravati
2451 2626 2658 2667 sumus.
2693 2612 2766 2668 At
2815 2628 2882 2669 ne
2906 2613 3196 2684 quidquam
3237 2630 3302 2670 ex
3332 2626 3576 2672 veterum
3610 2617 3801 2674 studiis

2203 2717 2408 2777 pereat,
2437 2715 2753 2776 argumenta
2775 2721 2896 2776 qua:
2918 2705 2970 2761 in
2995 2722 3126 2762 mss.
3151 2707 3504 2764 Corbeiensis
3523 2719 3578 2765 et
3597 2709 3802 2766 Pratel-

2204 2799 2373 2855 leusis
2403 2798 2628 2869 singulis
2660 2799 2830 2864 libris,
2868 2799 3044 2868 primo
3073 2808 3278 2854 tantum
3305 2811 3554 2873 excepto,
3582 2802 3799 2874 praefixa

2200 2903 2344 2964 sunt,
2371 2893 2456 2949 hic
2480 2893 2534 2948 in
2562 2907 2727 2949 unum
2754 2892 2947 2949 collata
2975 2893 3316 2951 exhibemus.

2567 3110 2612 3125 Α

3211 3108 3789 3132 -'—-————-

2209 3463 2324 3500 cum
2347 3444 2602 3500 damnatis
2633 3445 2888 3500 Itwreticis
2915 3447 3192 3518 quidquam
3222 3450 3578 3518 patiutur,nec
3609 3449 3807 3508 Filium

2209 3537 2309 3593 Dei
2335 3539 2615 3593 secundum
2649 3547 2695 3592 et
2720 3537 2894 3592 Patris
2938 3541 3300 3607 testimonium,
3334 3550 3380 3596 et
3424 3558 3569 3596 suam
3599 3547 3805 3616 profes-

2207 3633 2399 3686 sionem
2425 3632 2764 3703 ignorandnm
2794 3648 2901 3686 esse
2928 3633 3167 3702 cuiquam
3193 3635 3466 3705 permittat.

2277 3723 2389 3779 Vll.
2426 3721 2616 3778 Contra
2647 3723 2930 3780 Sabellium
2971 3734 3016 3778 et
3049 3724 3327 3779 flebionem
3357 3737 3404 3781 et
3431 3727 3523 3781 hos
3563 3745 3665 3783 non
3699 3731 3807 3784 veri

2209 3816 2304 3869 Dei
2326 3815 2689 3885 pra'dicatores
2717 3817 3068 3887 congreditur,
3095 3835 3312 3887 quorum
3352 3819 3485 3874 inter
3507 3837 3558 3875 se
3577 3821 3806 3877 diversas

2202 3908 2433 3979 perﬁdia:
2461 3909 2765 3976 quaestiones
2797 3911 3126 3979 conferendo,
3161 3922 3405 3982 quantum
3437 3914 3634 3968 intersit
3671 3915 3806 3969 inter

2202 4017 2380 4054 sanam
2416 4010 2461 4054 et
2491 4001 2835 4055 inviolabilem
2865 4002 2987 4072 ﬁdei
3015 4012 3200 4058 nostra:
3220 4005 3506 4060 doctrinam
3535 4008 3808 4063 absolutis-

2201 4093 2327 4148 sime
2361 4095 2694 4148 demonstrat.
2732 4094 2821 4149 Sic
2847 4112 3062 4164 namque
3091 4113 3273 4151 causas
3303 4099 3621 4170 singulorum
3643 4117 3802 4173 gene-

2203 4205 2318 4242 rum
2361 4203 2427 4244 ea:
2457 4188 2750 4262 Evangeliis
2791 4200 3055 4263 excerptas
3098 4194 3442 4262 prosequitur,
3469 4203 3524 4247 ut
3555 4210 3643 4248 nec
3674 4209 3803 4263 pro-

2208 4283 2362 4352 fessio
2382 4294 2556 4337 nostra
2599 4285 2815 4338 tacuerit
2835 4283 2929 4339 Dei
2961 4283 3088 4340 Filii
3111 4296 3431 4358 potestatem,
3463 4304 3553 4342 nec
3583 4299 3804 4360 potestas

2208 4389 2307 4426 non
2337 4375 2616 4428 exseruerit
2643 4386 2903 4440 naturam,
2933 4393 3023 4430 nec
3048 4389 3235 4431 natura
3258 4395 3361 4433 non
3387 4395 3493 4434 sum
3521 4381 3807 4436 nativitatis

567 4474 655 4529 IV.
686 4472 1058 4529 Htereticorum
1080 4474 1366 4527 doctrinam
1380 4475 1608 4544 exponit.
1626 4473 1846 4542 Deinde,
1867 4478 2094 4534 omnibus

2207 4465 2291 4529 sit,
2317 4481 2404 4518 nec
2437 4466 2675 4519 nativitas
2705 4484 2806 4521 non
2836 4469 2915 4522 sui
2940 4473 3002 4522 sit
3033 4471 3274 4524 nominis.

496 4566 622 4638 legis
661 4581 724 4619 ac
767 4567 1139 4638 prophetarum
1181 4565 1480 4620 testimoniis
1525 4567 1908 4634 demonstratis,
1939 4572 2093 4638 per/i-

494 4660 633 4714 diam
661 4673 838 4713 eorum
877 4659 949 4712 ita
989 4657 1222 4723 revincit,
1252 4667 1306 4710 ut
1351 4673 1510 4711 unum
1536 4657 1702 4712 Deum
1743 4661 1852 4714 sine
1890 4660 2094 4717 Christo

493 4752 606 4808 Deo
647 4761 697 4809 et
739 4752 1000 4821 conﬁteri,
1051 4761 1098 4806 et
1136 4767 1239 4805 non
1277 4767 1393 4804 cum
1439 4767 1498 4806 eo
1531 4750 1818 4823 praedicare
1863 4755 2098 4825 perﬁdia:

489 4845 579 4902 sit.

568 4937 636 4994 V.
680 4935 874 4992 Contra
901 4951 1076 4990 omnes
1114 4935 1472 4990 Ittereticorum
1501 4937 1844 5006 professiones
1882 4953 2094 5011 congre-

492 5032 655 5097 ditur,
677 5030 860 5101 quibus
887 5045 1047 5084 unum
1078 5029 1240 5084 Deum
1260 5030 1543 5084 secundum
1563 5031 1744 5104 legem,
1768 5031 1836 5086 ad
1861 5034 2092 5087 adimen-

493 5125 615 5180 dam
665 5122 886 5177 Domino
927 5120 1134 5177 Christo
1165 5123 1502 5186 nativitatem,
1536 5133 1583 5176 et
1626 5126 2002 5196 proferentibus
2045 5135 2091 5179 et

490 5215 890 5290 praedicantibus
945 5215 1017 5268 ita
1061 5214 1352 5285 respondet,
1409 5225 1464 5270 ut
1513 5232 1615 5272 uno
1655 5231 1772 5271 vero
1807 5216 1904 5270 Dei
1947 5227 2092 5287 patre

494 5326 558 5364 ea:
587 5311 696 5383 lege
735 5319 782 5363 et
808 5307 1070 5381 prophetis
1105 5307 1390 5377 prtedicato
1428 5317 1474 5361 et
1504 5309 1632 5378 ﬁdes
1667 5311 1821 5365 unius
1842 5307 1940 5366 Dei
1980 5329 2092 5366 ma-

491 5411 611 5455 neat
641 5402 960 5471 incorrupta,
995 5409 1041 5454 et
1070 5415 1172 5453 non
1199 5408 1408 5470 negetur
1435 5401 1695 5454 nativitas.

568 5492 654 5546 VI.
687 5491 874 5548 Omnes
911 5493 1100 5562 impias
1121 5502 1167 5547 et
1190 5493 1549 5560 fraudulentas
1562 5493 2094 5548 heereticorumasser-

491 5585 677 5648 tiones,
719 5583 972 5640 Valentini
1014 5585 1228 5650 scilicet,
1256 5595 1301 5639 et
1332 5583 1570 5652 Sabellii,
1614 5595 1664 5640 et
1713 5583 1992 5641 Manicluei
2047 5595 2094 5641 et

491 5674 800 5731 Hieran/tae
831 5679 1147 5747 apertissime
1200 5677 1400 5748 pandit.
1450 5677 1542 5734 Sic
1589 5679 1725 5732 enim
1777 5678 2094 5750 singulorum

491 5769 736 5842 correptis
763 5769 817 5824 in
833 5770 1014 5826 melius
1036 5771 1197 5826 verbis
1225 5772 1470 5838 occurrit,
1496 5781 1554 5827 ut
1579 5787 1668 5826 nec
1695 5785 1962 5828 commune
1985 5788 2092 5828 esse

2274 4557 2412 4615 VIII.
2451 4557 2614 4614 Totus
2638 4561 2688 4613 in
2717 4562 2870 4615 unius
2897 4561 2991 4617 Dei
3032 4563 3511 4621 demonstrationem
3565 4569 3806 4623 detentus

2203 4661 2297 4714 est,
2328 4667 2430 4703 non
2471 4656 2706 4720 auferens
2731 4651 2873 4708 Filio
2901 4654 2993 4709 Dei
3019 4657 3350 4724 nativitatem,
3377 4660 3467 4714 sed
3509 4678 3666 4731 neque
3710 4679 3806 4732 per

2203 4759 2312 4798 eam
2341 4744 2501 4798 duum
2523 4746 2731 4800 deorum
2755 4748 3071 4802 divinitatem
3090 4751 3437 4807 introducens.
3466 4752 3662 4808 Deinde
3683 4757 3798 4822 qui-

2205 4839 2296 4892 bus
2325 4839 2488 4893 ntodis
2539 4841 2765 4894 hteretici
2815 4843 3074 4896 veritatem
3098 4842 3196 4897 Dei
3222 4842 3399 4900 Patris
3447 4856 3493 4902 et
3527 4846 3626 4903 Dei
3645 4845 3801 4916 Filii,

2204 4933 2325 5002 quia
2347 4949 2535 5004 negare
2558 4949 2659 4987 non
2691 4944 2927 5005 possunt,
2960 4935 3162 4990 eludere
3191 4936 3445 5000 nituntur,
3477 4940 3670 4996 edocet.
3707 4941 3804 4998 Sic

2200 5025 2353 5077 etiam
2379 5036 2563 5079 cwtera
2585 5028 2927 5095 prosequitur,
2959 5037 3012 5081 ut
3040 5037 3087 5082 et
3123 5029 3176 5082 in
3197 5027 3355 5084 Patre
3373 5030 3541 5087 Filius
3566 5034 3804 5090 intellec-

2199 5127 2302 5183 tus,
2335 5128 2380 5174 et
2423 5118 2580 5174 Pater
2627 5121 2680 5173 in
2724 5119 2861 5174 Filio
2893 5123 3148 5194 cOgnitus,
3192 5123 3440 5195 unigeniti
3471 5125 3562 5181 Dei
3611 5131 3802 5184 nativi-

2200 5220 2278 5264 tas
2317 5220 2366 5264 et
2397 5214 2622 5283 perfecta
2651 5212 2776 5285 (Ms.
2808 5211 2972 5268 Corh.
3031 5217 3263 5280 perfecti.
3296 5214 3516 5274 Confer.
3562 5221 3789 5278 Brevia-

2199 5306 2338 5357 rium
2373 5303 2560 5359 Hilarii
2592 5304 2684 5360 lib.
2719 5304 2760 5376 t)
2811 5306 2864 5360 in
2887 5322 2945 5360 eo
2975 5307 3137 5362 deitas
3178 5308 3230 5362 in
3273 5311 3412 5365 onmi
3439 5313 3800 5383 manifestatur

2195 5399 2422 5452 veritate.

2267 5490 2362 5546 IX.
2417 5491 2479 5546 In
2527 5493 2836 5562 repellendis
2900 5495 3256 5552 hiereticorum
3317 5501 3588 5570 fraudibus
3659 5511 3797 5558 totus

2195 5586 2423 5656 digestus
2453 5597 2527 5640 est
2545 5603 2564 5640 .·
2603 5587 2785 5656 quibus
2828 5599 3070 5658 corrupto
3114 5590 3487 5664 depravatoque
3529 5611 3679 5650 sensu
3729 5614 3798 5653 ea:

2197 5681 2452 5732 dictorum
2493 5679 2862 5734 dominicorum
2894 5682 3294 5752 professionibus
3329 5683 3398 5738 ad
3427 5685 3791 5756 inﬁrmandam

2197 5773 2446 5843 unigeniti
2475 5770 2576 5828 Dei
2601 5773 2912 5828 divinitatem
2933 5775 3282 5832 resistentibus
3309 5777 3383 5832 ita
3411 5781 3702 5851 respondet,
3733 5795 3792 5838 ut
