4040 6328
196 293 270 348 et;
929 273 933 277 ’
1340 293 1428 350 ne
1467 291 1864 359 TBINITA'I‘E,
1907 291 2108 350 LIBER
2143 292 2413 350 PRIMUS.
3426 289 3498 348 ae

197 408 431 463 omnibus
475 407 728 462 dictorum
753 407 923 464 causis
960 424 1023 464 ex
1051 407 1132 463 his
1182 408 1308 481 ipsis
1330 410 1407 464 vel
1433 409 1791 480 interrogatio-
1821 414 1872 474 Α
1899 409 2198 478 apostolicis
2228 410 2529 464 testimoniis
2553 411 2726 466 edocet
2755 425 2955 480 semper
2985 407 3194 464 Patrem
3225 421 3271 465 et
3301 425 3500 479 semper

197 520 320 557 num
369 503 444 556 vel
474 511 761 572 temporum
799 503 874 558 vel
915 502 1356 574 dispensationum
1400 503 1670 573 generibus
1701 504 1790 556 de-

200 595 520 662 monstratis,
564 611 661 648 non
694 597 938 666 pertineat
967 596 1036 650 ad
1073 595 1432 650 contumeliam
1453 612 1582 650 certe
1611 596 1794 650 divini-

197 692 344 758 tatis,
374 689 510 759 quod
539 699 912 744 sacramentum
939 691 1060 761 ﬁdei
1090 690 1391 762 evangelica:
1417 690 1508 743 sub
1530 690 1798 757 dispensa-

199 785 340 838 tione
365 791 411 836 et
438 783 680 853 temporis
711 794 756 837 et
788 783 1069 837 nativitatis
1089 793 1133 836 et
1165 783 1382 836 nominis
1409 782 1737 852 praedicatur.

276 874 344 930 Χ.
384 873 425 928 1]
434 876 631 929 niversa
654 891 766 945 qua:
790 891 880 948 per
906 877 1078 931 stultw
1116 876 1471 948 intelligentiae
1494 894 1697 931 sensum
1731 877 1798 931 ad

201 970 567 1026 contumeliam
603 969 790 1024 divina:
828 970 883 1024 in
924 969 1148 1025 Domino
1186 969 1315 1024 Jesu
1360 968 1564 1025 Christo
1603 980 1801 1026 natura:

201 1065 502 1133 virtutisque
548 1063 775 1118 lueretici
818 1074 1123 1135 rapuerunt,
1152 1064 1454 1134 impiissime
1481 1064 1627 1119 abiis
1649 1066 1802 1121 intel—

201 1155 335 1208 lecta
355 1171 462 1209 esse
491 1154 827 1219 demonstrat,
852 1156 1114 1228 magisque
1142 1173 1175 1211 a
1198 1155 1429 1210 Domino
1457 1157 1524 1210 ad
1553 1168 1804 1226 protesta-

200 1246 392 1300 tionem
419 1263 548 1302 vera:
571 1258 618 1301 et
639 1251 876 1320 perfecta:
901 1249 955 1302 in
985 1265 1038 1302 se
1065 1249 1345 1322 majestatis
1372 1266 1477 1304 esse
1496 1261 1798 1318 memorata,

201 1339 332 1394 nihil
378 1341 527 1395 etiam
578 1343 954 1414 inexploratum
983 1351 1072 1396 aut
1103 1346 1335 1408 tacitum,
1367 1344 1504 1412 quod
1533 1346 1599 1398 ad
1629 1363 1804 1400 sacra-

201 1442 430 1488 mentum
467 1435 654 1489 anima:
675 1437 1004 1508 corporisque
1030 1435 1242 1491 Domini
1273 1437 1309 1491 Ι
1314 1456 1400 1493 esu
1430 1437 1623 1494 Christi
1649 1442 1805 1509 perti-

201 1538 288 1582 net
341 1527 718 1599 derelinquens,
763 1529 852 1585 sed
909 1531 1059 1599 ﬁdem
1122 1532 1381 1586 dictorum
1451 1535 1803 1588 universorum

201 1623 442 1678 absoluta
471 1625 748 1696 evangelici
785 1626 1014 1696 mysterii
1043 1627 1407 1699 praedicatione
1433 1628 1724 1698 conﬁrmat.

276 1713 366 1768 XI.
399 1713 636 1769 Primum
679 1733 746 1771 et
783 1715 934 1772 dictis
977 1719 1277 1791 apostolicis
1320 1721 1652 1785 demonstrat,
1701 1737 1802 1775 non

1901 501 2113 567 Filium,
2149 513 2196 557 et
2242 519 2341 557 non
2387 513 2498 573 post
2543 504 2717 573 aliqua
2766 503 2931 558 Deum
2974 503 3220 570 omnium,
3266 503 3356 558 sed
3395 517 3502 558 esse

1897 606 2014 650 ante
2041 597 2211 650 omnia
2237 614 2249 649 :
2296 597 2368 650 sic
2396 612 2510 666 vero
2559 608 2735 651 natum
2765 614 2875 652 esse
2902 594 3118 660 Filium,
3154 605 3208 650 ut
3231 607 3276 649 et
3303 612 3503 668 semper

1899 693 2062 763 fuisse
2124 691 2436 761 manifestet,
2486 701 2533 744 et
2597 692 2661 746 sit
2716 692 2767 745 in
2816 707 2875 746 eo
2935 709 3036 747 non
3086 691 3501 746 innascibilitatis

1900 786 2150 854 exceptio,
2203 784 2292 838 sed
2345 784 2621 838 nativitatis
2671 785 2978 852 (eternitas;
3031 785 3102 840 ita
3151 794 3206 838 ut
3263 783 3502 838 nativitas

1902 876 2083 931 habeat
2105 885 2385 940 auctorem,
2409 885 2456 929 et
2482 891 2584 929 non
2611 885 2778 929 careat
2798 877 3082 931 teternitate
3111 877 3372 930 divinitas.

1974 970 2090 1025 XII.
2139 969 2296 1024 Totus
2338 971 2406 1024 ad
2455 969 2778 1041 repellendas
2810 970 3162 1024 hwreticorum
3212 971 3504 1026 occasiones

1903 1064 2122 1118 intentus
2150 1073 2242 1124 est,
2270 1062 2474 1135 quibus,
2502 1079 2590 1132 per
2613 1063 2666 1117 id
2691 1063 2827 1134 quod
2849 1063 3097 1134 scriptum
3123 1073 3219 1127 est,
3244 1061 3506 1118 Dominus

1905 1156 2103 1212 ereavit
2125 1173 2210 1211 me
2235 1156 2444 1211 initium
2475 1156 2678 1210 viarum
2709 1171 2948 1232 suarum,
2981 1165 3159 1209 contra
3189 1154 3492 1221 dicentibus,

1908 1251 2036 1305 Erat
2064 1249 2278 1320 quando
2307 1265 2412 1304 non
2445 1258 2582 1314 erat,
2606 1258 2674 1315 et,
2705 1248 2818 1304 Non
2853 1248 2951 1303 fuit
2976 1256 3102 1302 ante
3122 1263 3282 1318 quam
3317 1261 3509 1301 nasce-

1906 1356 2079 1408 retur,
2104 1355 2174 1406 ct,
2209 1344 2280 1396 De
2329 1360 2435 1397 non
2469 1341 2805 1396 exstantibus
2839 1342 3014 1396 iactus
3042 1351 3145 1408 εει,
3179 1340 3251 1393 ita
3295 1355 3509 1410 respon-

1905 1436 2010 1501 det,
2052 1445 2106 1489 ut
2136 1451 2335 1501 semper
2385 1433 2618 1502 Patrem,
2659 1450 2858 1503 semper
2912 1432 3129 1500 Filiam,
3156 1441 3204 1488 et
3249 1450 3350 1486 non
3389 1442 3506 1503 post

1904 1530 2078 1600 aliqua
2132 1528 2290 1582 Deum
2320 1528 2568 1590 omnium,
2598 1530 2687 1582 sed
2728 1539 2847 1582 ante
2872 1528 3044 1582 omnia
3067 1543 3175 1582 esse
3203 1527 3381 1582 doceat
3413 1543 3430 1582 :
3462 1537 3508 1582 et

1906 1624 1979 1677 ita
2027 1638 2226 1693 semper
2255 1622 2411 1692 [uisse
2441 1619 2662 1687 Filium,
2708 1631 2764 1675 ut
2808 1632 2853 1676 et
2885 1631 3061 1675 natum
3105 1637 3212 1675 esse
3239 1621 3506 1691 praedicet,

1905 1727 1951 1773 et
1975 1733 2174 1788 semper
2197 1719 2353 1788 fuisse
2382 1715 2692 1786 manifestat,
2727 1725 2778 1768 ut
2805 1715 2856 1768 in
2887 1729 2946 1768 eo
2968 1729 3070 1767 non
3098 1712 3510 1768 innascibilitatis

200 1808 356 1864 modo
410 1827 512 1864 non
555 1811 622 1864 ad
685 1811 972 1867 divinitatis
1020 1814 1371 1884 infirmitatem
1437 1815 1800 1887 sabjectionem
1832 1819 1878 1879 B
1906 1813 2057 1883 (mss.
2085 1811 2463 1875 nascibilitatis,
2495 1809 2656 1872 male,
2697 1809 2770 1863 uti
2807 1808 3021 1876 planum
3051 1815 3134 1861 est
3160 1822 3228 1861 ex
3263 1806 3354 1861 lib.
3387 1821 3426 1874 ι,
3453 1823 3506 1860 n.

200 1902 468 1972 proﬁcere,
497 1905 586 1956 sed
615 1921 703 1973 per
728 1921 840 1958 eam
865 1906 1053 1973 ipsam,
1081 1907 1344 1960 veritatem
1376 1906 1470 1960 Dei
1497 1908 1582 1975 qui
1605 1923 1669 1961 ea:
1689 1905 1803 1961 Deo

199 1994 269 2048 sit
317 2005 470 2048 natus
509 1996 750 2048 ostendit.
789 1994 990 2051 Deinde
1035 1997 1268 2052 omnibus
1325 1999 1630 2071 euangelicis
1659 2008 1807 2068 atque

630 2247 1727 2410 .SANCTI

1910 1903 2004 1976 54)
2033 1907 2094 1959 sit
2115 1905 2364 1974 exceptio,
2396 1904 2485 1959 sed
2513 1904 2788 1958 nativitatis
2813 1902 3069 1957 aeternitas
3089 1918 3107 1956 :
3127 1902 3196 1956 ita
3225 1911 3279 1955 ut
3305 1911 3352 1955 et
3375 1903 3510 1956 nati-

1907 2000 2034 2052 vitas
2053 1998 2522 2065 habeatauctorem,
2545 2006 2711 2051 etnon
2740 1993 3220 2050 careat‘aeternitate
3247 1994 3508 2050 divinitas.

1899 2247 3012 2409 HILARII

1221 2500 1977 2595 PICTAVENSIS
2028 2510 2564 2595 EPISCOPI

1002 2691 1301 2833 DE
1457 2686 2740 2834 TRINITATE

1392 2913 1688 2984 LIBRI
1733 2911 2344 2985 DUODECIM.

1489 3025 1727 3089 (emersas
1750 3041 1830 3076 AN.
1859 3025 1952 3077 356
1971 3022 2241 3086 mcuom.)

1208 3166 1804 3201 Μ--ς-εν

715 3294 760 3364 ι
784 3287 984 3346 LIBER
1029 3286 1307 3344 PRIMUS.

209 3428 275 3484 In
307 3445 408 3502 quo
447 3426 702 3495 Hilarius,
734 3427 910 3496 positis
939 3424 1365 3496 philosOphorunt
1396 3421 1458 3475 de
1496 3418 1811 3474 beatitudine

281 3541 342 3577 ac
383 3523 446 3576 de
471 3521 577 3576 [)eo
599 3521 882 3584 sententiis,
913 3537 938 3573 e
967 3519 1255 3585 Scripturis
1283 3527 1388 3572 tum
1410 3515 1679 3578 veteribus,
1703 3525 1810 3568 tum

281 3618 509 3672 maxime
537 3633 600 3670 ea:
627 3614 850 3669 Joannis
885 3613 1162 3683 Evangelia
1190 3614 1433 3666 veriorem
1453 3627 1515 3664 ac
1543 3608 1810 3664 sublimio-

205 3755 216 3764 .
281 3729 389 3766 rem
423 3710 516 3764 Dei
549 3710 800 3770 notitiam,
836 3709 1204 3775 certioremque
1244 3703 1643 3758 immortalitatis
1671 3717 1812 3772 spem

285 3804 432 3858 nobis
464 3803 676 3871 praeberi
723 3801 974 3856 declarat.
1011 3799 1206 3853 Deinde
1229 3814 1294 3851 ea:
1323 3807 1473 3868 parta
1524 3793 1811 3862 Scripturis

282 3898 386 3953 Dei
439 3897 732 3967 cognitione
763 3896 992 3948 observat
1044 3909 1292 3947 summam
1324 3891 1464 3945 illius
1496 3890 1812 3956 majestatem

281 3993 496 4047 humani
527 3990 717 4061 ingenii
745 3990 876 4043 vires
906 4004 1168 4060 superare,
1202 4002 1291 4040 nec
1321 3985 1504 4056 attingi
1534 3998 1681 4055 posse
1713 3981 1813 4035 nisi

282 4085 420 4156 fide;
453 4085 668 4150 hincque
697 4091 845 4135 natas
876 4081 1112 4138 Inereses.
1150 4078 1286 4148 quod
1339 4078 1640 4143 inﬁnitatem
1670 4073 1812 4126 illius

282 4182 421 4233 intra
450 4193 628 4230 sensus
680 4177 760 4228 sui
806 4174 959 4244 finem
1009 4171 1312 4226 concludere
1358 4168 1626 4222 voluerint.
1672 4164 1814 4218 Duas

284 4273 594 4343 prtcsertim,
626 4269 873 4321 Arianam
903 4265 1132 4319 videlicet
1161 4275 1206 4316 et
1235 4261 1604 4320 Sabellianam,
1639 4259 1813 4326 impn-

284 4365 522 4439 gnandas
570 4364 835 4432 proponit.
895 4359 1126 4427 Denique
1165 4373 1266 4424 quo
1311 4357 1483 4409 aninto
1529 4368 1676 4407 sacra
1723 4351 1815 4405 Dei

285 4459 437 4515 verba
485 4458 584 4528 legi
612 4457 846 4521 debeant,
880 4469 1040 4524 quave
1068 4452 1264 4506 ratione
1291 4451 1427 4520 quod
1476 4449 1586 4516 ipse
1612 4447 1676 4501 de
1707 4445 1814 4501 Deo

285 4557 554 4610 locuturus
589 4559 665 4604 est
695 4549 862 4618 excipi
893 4546 1008 4601 velit
1028 4589 1040 4608 ,
1073 4546 1258 4600 lectore
1288 4543 1587 4614 prwmonito
1611 4583 1625 4609 ,
1655 4539 1808 4594 libro-

283 4663 402 4700 rum
430 4660 638 4699 suorum
661 4643 890 4695 ordinem
921 4650 968 4694 et
995 4645 1294 4707 argumenta
1319 4633 1606 4706 praemittit,
1654 4633 1814 4685 hunc-

284 4756 385 4810 qae
416 4736 704 4790 lnunillima
735 4751 794 4787 ac
822 4732 926 4802 [ide
950 4731 1102 4802 plena
1129 4729 1196 4782 ad
1229 4725 1394 4782 Deum
1423 4741 1570 4796 prece
1609 4723 1816 4778 conclu-

283 4833 384 4885 dit.

287 4965 339 5020 l.
371 4962 433 5016 In
461 4964 564 5016 o'io
590 4971 635 5015 et
668 4959 926 5030 opulentia
951 4973 1050 5011 non
1082 4964 1155 5010 est
1185 4954 1284 5008 nisi
1315 4954 1516 5008 beluina
1550 4951 1624 5026 (a)
1652 4953 1814 5023 felici-

215 5070 313 5115 las.
351 5089 421 5098 —-
451 5053 914 5124 Circumspicienti
946 5051 1075 5108 mibi
1106 5052 1379 5120 protirium
1410 5051 1657 5103 humana:
1689 5048 1814 5102 vita:

213 5172 276 5209 ac
295 5153 611 5222 religiosum
633 5149 896 5215 ol'licium,
918 5146 1057 5215 quod
1093 5145 1219 5199 vela
1242 5154 1428 5198 natura
1459 5158 1710 5207 manans,
1728 5143 1810 5196 vel

214 5261 242 5299 a
273 5244 604 5316 prudentum
643 5239 837 5294 studiis
884 5235 1204 5305 profectum,
1233 5234 1452 5304 dignum
1486 5233 1688 5308 aliquid
1717 5235 1820 5288 hoc

214 5353 485 5396 couce~so
515 5337 614 5390 sibi
645 5335 712 5388 ad
746 5332 1155 5401 intelligentiam
1185 5329 1378 5384 divino
1425 5344 1648 5382 munere
1678 5327 1820 5383 obti-

218 5441 398 5499 neret,
433 5432 595 5486 multa
618 5426 835 5499 quidem
857 5425 1107 5491 aderant,
1131 5438 1251 5494 qum
1280 5421 1539 5493 opinione
1567 5421 1642 5494 (b)
1664 5435 1816 5477 com-

289 5595 372 5667 (n)
403 5593 730 5667 Constanter
760 5591 865 5667 hoc
889 5591 1212 5667 adjectivum
1246 5604 1442 5667 nomen
1484 5602 1606 5642 cum
1641 5602 1748 5642 uno
1805 5587 1825 5641 l

221 5661 410 5722 scribit
441 5665 603 5721 editio
632 5663 1032 5719 accuratissima
1065 5677 1222 5731 quam
1254 5661 1580 5715 recudimus.

297 5740 374 5802 (b)
398 5739 742 5792 Parvetustus
756 5737 925 5790 codex
941 5734 1283 5789 Cnlbertinus
1301 5747 1420 5787 cum
1437 5731 1631 5787 Genua
1644 5732 1792 5787 neusi
1805 5775 1819 5800 ,

225 5807 612 5876 communiOne;
639 5810 795 5874 forte,
826 5805 1190 5861 comnmniore.

1812 3159 1866 3216 El

1836 3287 1881 3348 C
1916 3283 2064 3339 muni
2091 3285 2311 3341 etticere
2341 3286 2528 3342 utilem
2561 3295 2723 3358 atque
2753 3285 3043 3357 optandam
3064 3286 3228 3341 vitam
3260 3285 3514 3343 videban-

1895 3171 1971 3181 ...ορ

1881 3173 2545 3210 :;:==—————-—~

1916 3386 2023 3443 tur,
2081 3377 2423 3448 maximeque
2465 3394 2527 3433 ea
2602 3395 2723 3449 quum
2761 3389 2813 3434 et
2837 3395 2976 3434 nunc
3023 3387 3078 3434 et
3108 3395 3324 3450 anuper
3360 3389 3514 3435 antea

1913 3471 2196 3541 potissima
2229 3473 2369 3528 inter
2401 3475 2657 3529 mortales
2692 3473 2958 3528 habentur
2983 3515 2998 3538 ,
3033 3476 3200 3529 Otium
3251 3474 3406 3529 simul
3433 3483 3516 3528 at-

1913 3580 2018 3636 que
2048 3566 2320 3634 opulentia
2349 3608 2363 3632 ,
2415 3566 2554 3636 quod
2588 3567 2731 3621 aliud
2780 3567 2898 3623 sine
2939 3569 3110 3624 altero
3166 3568 3289 3623 mali
3340 3569 3515 3637 potius

1917 3660 2213 3725 materies,
2277 3677 2434 3731 quam
2482 3662 2606 3717 boui
2652 3671 2798 3717 esset
2825 3665 3073 3720 occasio:
3100 3665 3222 3733 quia
3278 3671 3334 3718 et
3363 3662 3515 3732 quies

1915 3751 2070 3822 inops
2115 3770 2282 3824 prope
2311 3755 2581 3824 quoddam
2631 3757 2757 3810 vitae
2806 3757 2975 3826 ipsius
3025 3757 3356 3825 intelligatur
3394 3772 3516 3811 esse

1916 3846 2188 3913 exsilium,
2223 3855 2275 3901 et
2300 3849 2527 3917 opulens
2556 3849 2869 3917 inquietudu
2897 3852 2949 3921 2
2974 3859 3119 3903 tanto
3150 3850 3268 3920 plus
3293 3847 3516 3905 calami-

1919 3941 2042 3992 tatis
2064 3939 2280 4006 alferat,
2312 3951 2514 4011 quanto
2558 3941 2762 4011 majore
2795 3940 3112 4012 indignitate
3143 3941 3222 3993 lti~~
3263 3949 3512 4004 caretur,

1917 4048 2038 4102 qua:
2066 4033 2297 4087 maxime
2334 4043 2386 4086 et
2413 4041 2594 4101 optata
2628 4045 2678 4085 et
2721 4033 2944 4101 qumsita
2977 4041 3102 4085 sunt
3130 4031 3194 4085 ad
3233 4031 3512 4085 utendum.

1918 4129 2092 4192 Atque
2119 4126 2231 4178 lia-e
2253 4125 2467 4192 quidem
2493 4141 2811 4195 quamquam
2833 4127 2882 4177 iu
2907 4140 2966 4180 se
2997 4139 3208 4178 summa
3232 4131 3394 4192 atque
3421 4139 3515 4192 op-

1921 4218 2044 4271 tima
2081 4217 2202 4271 vita:
2230 4217 2596 4272 blandimenta
2628 4219 2970 4284 contineant,
3009 4229 3186 4272 taineu
3227 4232 3331 4272 uou
3376 4217 3488 4272 mul

1920 4319 2030 4363 tum
2075 4310 2326 4363 videntur
2362 4327 2388 4362 a
2423 4311 2818 4366 consuetudine
2851 4326 2972 4366 esse
3017 4311 3245 4366 heluium
3279 4309 3518 4364 oblecta-

1921 4401 2079 4456 tionis
2105 4401 2280 4456 aliena
2309 4418 2321 4455 :
2355 4402 2546 4470 quibus
2577 4404 2628 4456 in
2656 4403 2893 4458 saltuosa
2921 4403 3037 4457 loca
3069 4418 3130 4456 ac
3156 4403 3388 4457 nmxime
3427 4419 3516 4470 pa-

1921 4493 2058 4548 bulis
2084 4494 2202 4548 heia
2233 4494 2304 4566 (c)
2325 4495 2696 4565 evagantibns,
2723 4494 2863 4550 adsit
2889 4504 2944 4551 et
2966 4498 3227 4550 securitas
3255 4510 3284 4548 a
3308 4495 3514 4559 labore,

1918 4594 1973 4641 et
2009 4588 2232 4642 satietas
2263 4603 2334 4642 ex
2369 4589 2600 4656 pascuis.
2637 4587 2766 4642 Nam
2796 4589 2838 4642 si
2869 4589 2954 4643 hic
2989 4587 3224 4657 optimus
3257 4596 3311 4642 et
3359 4587 3517 4641 abso-

1843 4690 1895 4750 D
1923 4680 2218 4736 latissimus
2236 4682 2358 4735 vitae
2376 4682 2624 4736 hutiianae
2651 4699 2778 4738 usus
2797 4683 3208 4747 existimabitur,
3237 4680 3519 4752 quiesci-re

1919 4781 1975 4827 et
2000 4772 2307 4837 abundare;
2337 4789 2562 4829 necesse
2601 4782 2686 4828 est
2730 4775 2870 4829 hunc
2908 4774 3177 4834 eumdem.
3221 4773 3515 4827 secundum

1919 4868 2001 4923 sui
2035 4867 2298 4938 cujusque
2324 4867 2539 4939 generis
2583 4885 2824 4935 sensum,
2856 4868 3010 4924 nobis
3055 4878 3216 4937 atque
3254 4867 3519 4922 universis

1920 4963 2148 5017 rationis
2178 4965 2498 5031 expertibus
2551 4963 2725 5019 beluis
2754 4978 2876 5017 esse
2924 4977 3264 5017 communem
3292 4979 3302 5011 :
3330 4961 3519 5030 quibus

1919 5054 2192 5118 omnibus,
2223 5064 2409 5109 natura
2445 5056 2557 5127 ipsa
2603 5057 2653 5108 in
2695 5071 2902 5109 summa
2955 5069 3134 5108 rerum
3169 5051 3322 5122 copia
3353 5061 3409 5106 et
3436 5066 3520 5105 se-

1918 5147 2150 5201 curitate
2191 5147 2484 5202 famulante
2510 5190 2524 5214 ,
2554 5149 2672 5203 sine
2697 5163 2825 5203 cura
2859 5146 3089 5203 habendi
3129 5145 3281 5218 copia
3325 5145 3522 5200 redun-

1919 5237 2011 5293 dat
2037 5240 2243 5294 utendi.

1990 5331 2047 5388 ἓ.
2093 5333 2172 5386 Ad
2201 5334 2309 5388 alia
2347 5346 2497 5389 natos
2526 5351 2580 5389 se
2625 5343 2891 5389 senserunt
2918 5334 3147 5405 plerique
3174 5330 3420 5385 homines.
3453 5359 3524 5371 --

1921 5424 2002 5481 Ac
2033 5426 2165 5481 milii
2196 5428 2440 5498 plerique
2469 5428 2777 5484 mortalium
2818 5443 2924 5484 non
2953 5427 3023 5482 ob
3047 5425 3100 5498 3
3124 5424 3284 5480 aliam
3307 5423 3523 5495 quidem

2006 5590 2082 5664 (c)
2125 5590 2203 5664 In,
2231 5593 2420 5649 iisdem
2469 5609 2601 5649 mss.
2649 5593 2988 5664 vacantibus;
3031 5607 3152 5662 qua:
3196 5605 3300 5664 vox
3342 5585 3528 5664 Hilarii

1935 5661 2100 5718 Iminti
2130 5705 2151 5743 ,_
2197 5663 2732 5743 bestiarunrscilicet
2777 5666 2888 5743 otio
2924 5661 3256 5736 designanda
3277 5705 3291 5731 ,
3323 5661 3528 5730 optime

1931 5737 2201 5806 congruit,
2235 5737 2330 5793 sed
2359 5754 2463 5796 non
2496 5738 2568 5793 ita
2600 5737 2848 5792 orationi.
