4040 6328
533 266 603 327 27
1748 267 1998 330 SANCTI
2036 266 2296 329 HILARII
2336 266 2642 331 LPISCOPI
3775 281 3843 337 28

532 400 750 451 causam
782 391 922 447 hanc
948 391 1144 462 ineptae
1182 398 1245 446 ac
1272 390 1505 448 beluinre
1531 389 1657 446 vita:
1686 390 2137 448 consuetudinem
2162 390 2217 453 Α
2241 391 2657 447 venerabantur.
2685 390 2939 465 Plerique
2967 404 3100 451 vero
3137 394 3304 451 Deum
3331 395 3547 468 quidem
3577 408 3700 455 esse
3723 403 3841 472 opi-

533 498 589 547 et
617 490 892 562 respuisse
912 500 942 545 a
973 502 1052 557 se,
1071 494 1125 543 et
1146 488 1459 559 coarguisse
1476 487 1532 544 in
1549 488 1671 545 aliis
1691 486 1958 556 vitientur,
1979 492 2137 558 quam

532 583 696 657 quod,
741 593 931 641 natura
953 584 1065 652 ipsa
1092 588 1314 639 auctore
1340 582 1579 652 impulsi,
1611 582 1889 654 indignum
1919 582 2137 638 homine

531 690 655 733 esse
692 678 1154 738 existimaverunt,
1190 674 1246 731 in
1275 675 1511 731 officium
1535 690 1596 731 se
1622 675 1828 731 ventris
1854 680 2060 730 tantum
2082 682 2137 731 et

531 770 740 828 inertize
786 780 941 827 natos
990 759 1277 834 arbitrari;
1306 778 1373 825 et
1405 768 1459 825 in
1520 770 1657 825 hanc
1700 769 1861 825 vitam
1914 782 2020 825 non
2064 769 2137 826 ob

530 865 705 936 aliqua
740 862 985 934 prmclari
1022 856 1279 918 facinoris
1308 870 1401 918 aut
1449 862 1602 918 bona:
1629 862 1762 918 artis
1787 862 1964 918 studia
2013 874 2136 918 esse

528 956 825 1025 deductos,
858 965 951 1013 aut
970 956 1111 1013 hanc
1141 956 1311 1027 ipsam
1345 955 1508 1011 vitam
1532 955 1726 1011 nonad
1754 956 1985 1025 aliquem
2012 969 2134 1026 pro—

529 1051 726 1106 iectum
798 1066 920 1108 esse
994 1050 1308 1107 aeternitatis
1357 1048 1614 1105 indultam
1665 1048 1742 1121 (α)
1799 1060 1958 1119 quam
2009 1058 2135 1119 pro-

531 1146 670 1198 iecto
710 1158 817 1198 non
850 1142 1214 1214 ambigeretur
1240 1157 1435 1198 munus
1468 1141 1558 1195 Dei
1588 1157 1692 1195 non
1723 1154 1845 1195 esse
1876 1150 2135 1209 reputan-

529 1235 682 1302 dum,
723 1251 844 1291 cum
876 1245 1043 1292 tantis
1073 1233 1328 1291 aiﬂictata
1360 1234 1673 1306 angoiibus,
1701 1240 1756 1289 et
1774 1240 1851 1288 tot
1873 1232 2134 1289 molestiis

530 1326 812 1397 impedita,
840 1342 961 1383 sese
990 1329 1103 1399 ipsa
1131 1336 1294 1397 atque
1322 1328 1458 1382 intra
1481 1342 1540 1381 se
1570 1342 1598 1379 a
1645 1324 1888 1397 pueritia:
1915 1328 2130 1397 ignora-

531 1422 677 1478 tione
712 1436 884 1494 usque
912 1422 977 1477 ad
1006 1423 1301 1478 senectutis
1321 1420 1676 1477 deliramenta
1704 1429 2082 1495 consumeret)
2114 1440 2127 1476 :

529 1521 586 1569 et
614 1514 817 1569 idcirco
855 1513 921 1568 ad
968 1515 1176 1585 aliquas
1206 1530 1264 1569 se
1292 1515 1561 1584 patientiae
1591 1524 1646 1571 et
1689 1515 2035 1571 COlllillelllitB
2077 1526 2131 1571 et

531 1606 906 1678 placabilitatis
953 1609 1184 1664 virtutes
1228 1617 1284 1663 et
1310 1607 1553 1662 doctrina
1596 1617 1649 1664 et
1696 1622 1863 1679 opere
1894 1616 2126 1664 transtu-

531 1707 681 1771 lisse,
722 1704 865 1777 qttod
895 1706 1030 1762 bene
1073 1720 1237 1775 agere
1264 1713 1426 1777 atque
1465 1704 1790 1777 intelligere.
1825 1705 1877 1760 id
1907 1705 2125 1761 demum

2243 483 2405 540 nione
2432 485 2643 554 publica
2674 484 3053 557 loquebantur,
3084 488 3179 543 sed
3222 487 3363 544 hunc
3405 490 3657 547 eumdem
3686 492 3840 548 incu-

2242 576 2443 632 riosum
2482 588 2662 634 rerum
2698 570 3056 637 humanarum
3085 594 3148 636 ac
3195 583 3552 655 negligentem
3601 596 3839 657 pronun-

2242 669 2465 738 tiabant.
2508 672 2682 742 Aliqui
2710 682 2889 728 autem
2924 674 3070 745 ipsas
3100 674 3219 731 illas
3249 685 3615 733 creaturarum
3644 695 3842 751 corpo-

2238 780 2359 821 reas
2407 767 2910 839 conspicabilesque
2946 770 3148 826 formas
3193 770 3247 826 in
3293 772 3575 829 elementis
3608 777 3839 833 terrenis

2237 867 2292 913 et
2316 858 2632 916 ctelestilius
2653 860 2971 919 adorabunt.
3014 860 3299 920 Postremo
3323 865 3542 937 quidam
3573 870 3626 923 in
3665 871 3834 925 simn-

2238 950 2396 1006 lacris
2448 953 2726 1009 hominum
2753 994 2767 1018 ,
2814 956 3077 1023 pecudum
3108 998 3125 1024 ,
3180 955 3416 1013 ferarum
3442 1002 3457 1026 ,
3513 961 3792 1018 volucrum
3816 1005 3832 1030 ,

2236 1052 2546 1114 serpentum
2576 1086 2592 1113 ,
2638 1046 2770 1103 deos
2808 1062 2939 1104 suos
2967 1049 3330 1117 collocabant,
3366 1059 3421 1107 et
3468 1054 3837 1113 universitatis

2239 1136 2520 1192 Dominum
2553 1148 2714 1209 atque
2756 1140 3043 1197 inﬁnitatis
3069 1152 3348 1212 parentem
3395 1146 3533 1200 intra
3562 1152 3836 1219 angustias

2235 1231 2571 1285 metallorum
2605 1243 2656 1285 ct
2689 1232 2925 1303 lapidum
2966 1244 3021 1288 et
3059 1236 3302 1305 stipitum
3332 1240 3667 1296 coartahant.
3704 1242 3832 1313 Dig—

2238 1339 2474 1393 numque
2498 1325 2609 1395 jam
2652 1341 2758 1381 non
2790 1337 2928 1392 erat,
2956 1339 3206 1386 auctores
3232 1346 3328 1388 eos
3367 1333 3608 1389 veritatis
3644 1337 3831 1408 (b)ex-

2232 1416 2443 1482 sistere,
2477 1416 2568 1487 qui
2600 1418 2823 1476 ridicula
2858 1429 2911 1477 et
2939 1419 3077 1479 fteda
3118 1431 3172 1478 et
3208 1426 3503 1496 irreligiosa
3534 1436 3826 1496 sectantes,

2232 1509 2366 1580 ipsis
2397 1509 2506 1565 illis
2547 1512 2982 1569 inanissimarutn
3015 1520 3405 1573 sententiarum
3458 1534 3678 1578 suarum
3717 1526 3835 1595 opi-

2231 1601 2485 1657 nionibus
2513 1602 2858 1661 dissiderent.
2909 1606 3017 1663 Sed
3052 1610 3192 1665 inter
3239 1610 3355 1667 haec
3394 1614 3605 1670 animus
3633 1618 3836 1674 sollici-

2234 1705 2342 1759 tus,
2391 1696 2508 1751 utili
2548 1713 2611 1752 ac
2638 1701 2945 1756 necessaria
2975 1702 3043 1757 ad
3089 1706 3453 1774 cognitionem
3504 1708 3714 1765 Domini
3744 1714 3830 1767 sui

530 1799 668 1854 bene
698 1800 878 1854 vivere
900 1812 1023 1855 esse
1061 1798 1423 1869 opinabantur
1448 1814 1461 1852 :
1489 1799 1653 1853 vitam
1698 1805 1876 1853 autem
1923 1810 2030 1853 non
2062 1797 2127 1854 ad
2160 1792 2208 1857 Β
2233 1788 2317 1843 Via
2349 1789 2548 1858 ηίιθηθς
2582 1805 2703 1848 cum
2732 1800 2905 1864 neque
2928 1793 3188 1851 incuriam
3218 1798 3329 1854 Deo
3358 1813 3537 1856 refum
3565 1817 3592 1855 a
3617 1818 3675 1858 se
3695 1818 3830 1858 eon-

530 1900 764 1946 mortem
809 1892 1011 1945 tantum
1044 1892 1111 1946 ab
1138 1890 1433 1946 immortali
1475 1890 1587 1945 Deo
1617 1891 1777 1945 tribui
1808 1891 2128 1946 existiman-

529 1982 693 2049 dam;
733 1998 853 2039 cmn
898 1983 1022 2038 boui
1066 1983 1341 2055 largitoris
1388 1998 1495 2038 non
1541 1997 1662 2039 esse
1694 1983 2126 2054 intelligeretur,

530 2078 749 2134 vivendi
772 2078 1222 2148 iucundissimum
1275 2093 1493 2135 sensum
1529 2078 1596 2134 ad
1629 2078 1990 2135 tristissimum
2016 2094 2130 2136 me-

527 2179 639 2226 tum
671 2170 924 2227 tribuisse
963 2169 1247 2228 moriendi.

596 2265 652 2322 3.
685 2263 753 2321 In
781 2263 882 2320 Dei
911 2266 1252 2337 cognitionem
1282 2265 1429 2321 ardet
1460 2264 1716 2323 Hilarius.
1741 2296 1813 2307 ——
1840 2256 1908 2322 Et
1938 2280 2129 2338 quam-

525 2374 682 2429 quam
708 2374 814 2415 non
842 2360 1076 2429 ineptam
1101 2359 1239 2415 hanc
1255 2370 1443 2415 eorum
1471 2370 1594 2415 esse
1621 2360 1942 2416 sententiam
1966 2362 2126 2432 atque

526 2450 772 2507 inutilem
812 2452 1181 2508 existimarem
1210 2495 1224 2520 ,
1258 2452 1644 2507 conscientiam
1687 2453 1756 2509 ab
1780 2453 1927 2508 omni
1968 2454 2125 2524 culpa

529 2543 754 2599 liberam
781 2558 1131 2612 conservare,
1176 2552 1232 2601 et
1257 2559 1445 2602 omnes
1490 2545 1739 2601 humanm
1772 2546 1896 2600 vitm
1925 2547 2123 2602 moles-

528 2638 629 2694 tias
680 2639 763 2694 vel
798 2639 1082 2708 providere
1124 2638 1456 2710 prudenter,
1505 2639 1592 2695 vel
1636 2640 1810 2696 vitare
1845 2641 2120 2705 consulte.

525 2732 610 2787 vel
651 2731 790 2787 ferre
822 2732 1095 2801 patienter
1147 2749 1161 2787 :
1212 2741 1389 2788 tamen
1421 2730 1474 2787 hi
1516 2732 1622 2802 ipsi
1660 2746 1767 2787 non
1806 2733 1944 2788 satis
1990 2731 2122 2788 mihi

524 2824 704 2880 idonei
750 2824 816 2880 ad
863 2824 1001 2881 bene
1031 2825 1296 2894 beateque
1340 2824 1631 2879 vivendum
1677 2832 1928 2879 auctores
1974 2824 2123 2881 vide-

521 2915 715 2972 bantur
739 2959 755 2984 ,
809 2916 1116 2972 communia
1149 2924 1355 2971 tantum
1385 2927 1439 2971 et
1462 2916 1838 2972 convenientia
1886 2904 2120 2971 humano

519 3010 703 3066 sensui
734 3010 1102 3067 doctrinarum
1137 3020 1404 3083 praecepta
1451 3018 1753 3067 statuentes
1781 3025 1796 3064 ε
1830 3016 1952 3080 quae
1995 3020 2117 3067 cum

517 3117 623 3157 non
690 3104 991 3175 intelligere
1045 3104 1318 3160 beluinum
1373 3114 1563 3171 esset,
1606 3104 1878 3161 intellecta
1930 3112 2115 3160 tamen

2233 1879 2465 1936 diturum
2513 1880 2727 1953 dignam
2784 1899 2908 1940 esse
2951 1889 3343 1959 arbitraretur,
3395 1908 3570 1964 neque
3625 1900 3831 1953 natura:

2232 1974 2436 2045 potenti
2478 1983 2640 2047 atque
2686 1978 3011 2050 incorruptae
3040 1993 3347 2052 competere
3389 2001 3550 2042 sexus
3580 1988 3825 2055 deorum,

2229 2075 2286 2120 et
2310 2067 2679 2123 successiones
2707 2079 2949 2126 satorum
2979 2083 3143 2144 atque
3186 2082 3431 2131 ortorum
3462 2078 3784 2149 intelligeret
3811 2098 3826 2135 :

2229 2174 2392 2230 porro
2438 2170 2616 2216 autem
2648 2161 2888 2219 divinum
2936 2174 2991 2220 et
3030 2176 3290 2221 mternum
3345 2169 3479 2226 nihil
3521 2172 3622 2227 nisi
3659 2190 3826 2230 unum

2228 2260 2353 2309 esse
2381 2256 2435 2308 et
2463 2252 2777 2310 indifferens
2822 2268 2918 2327 pro
2942 2266 3094 2313 certo
3141 2258 3378 2316 habebat
3402 2304 3417 2328 ,
3449 2264 3567 2333 quia
3598 2266 3650 2320 id
3677 2269 3828 2337 quod

2228 2344 2332 2401 sibi
2357 2345 2424 2401 ad
2450 2346 2501 2402 id
2528 2347 2671 2418 quod
2698 2357 2843 2404 esset
2870 2361 3059 2407 auctor
3091 2363 3235 2408 esset
3264 2396 3280 2420 ,
3330 2354 3460 2411 nihil
3492 2372 3713 2414 necesse
3740 2372 3830 2416 est

2231 2450 2382 2496 extra
2407 2456 2466 2497 se
2497 2442 2637 2512 quod
2661 2444 2743 2498 sui
2777 2455 2918 2500 esset
2937 2446 3279 2515 praestantius
3299 2448 3638 2520 reliquisset:
3664 2461 3828 2523 atque

2227 2534 2300 2590 ita
2353 2534 2803 2606 omnipotentiam
2855 2539 3321 2610 aeternitatemque
3360 2557 3465 2595 non
3509 2543 3612 2599 nisi
3662 2561 3824 2615 penes

2228 2643 2395 2683 unum
2425 2642 2585 2694 esse;
2616 2628 2740 2699 quia
2773 2644 2949 2700 neque
2978 2631 3029 2685 in
3071 2634 3459 2702 omnipotentis
3490 2637 3722 2693 validius
3748 2640 3825 2695 iu-

2224 2719 2561 2790 ﬁrmiusque,
2600 2735 2775 2791 neque
2801 2720 2854 2777 in
2896 2725 3200 2781 aeternitate
3223 2728 3491 2795 posterius
3513 2730 3822 2788 anterittsve

2224 2825 2584 2885 Congrueret:
2638 2816 2689 2870 in
2720 2816 2829 2870 Deo
2875 2824 3056 2872 autem
3105 2819 3237 2874 nihil
3269 2820 3373 2875 nisi
3417 2830 3682 2880 :rteruum
3729 2842 3820 2897 po-

2226 2916 2451 2979 tensque
2481 2923 2603 2964 esse
2628 2910 3018 2966 venerandum.

2294 3002 2349 3058 5.
2380 3000 2429 3055 E
2451 3001 2737 3071 Scripturis
2762 3004 2911 3058 discit
2939 3004 3062 3073 quid
3089 3004 3153 3059 sit
3198 3005 3337 3061 Deus
3361 3023 3382 3073 ,'
3406 3009 3544 3078 quod
3580 3020 3817 3067 teternus.

2219 3124 2291 3136 —
2321 3095 2445 3151 iimc
2472 3097 2649 3167 igitur,
2682 3096 2956 3166 multaque
2994 3096 3101 3151 alia
3145 3098 3410 3167 ejusmodi
3463 3116 3584 3156 cum
3638 3104 3821 3161 animo

519 3211 624 3251 non
657 3210 840 3267 agere,
872 3198 1009 3252 ultra
1052 3197 1288 3253 beluinte
1338 3196 1695 3253 immanitatis
1739 3212 1861 3254 esse
1907 3199 2112 3253 rabiem

2226 3199 2496 3261 reputans,
2530 3189 2687 3245 incidi
2716 3189 2769 3244 in
2798 3204 2892 3244 eos
2923 3189 3111 3253 libros,
3167 3207 3301 3260 quos
3325 3208 3355 3247 a
3385 3192 3567 3266 Moyse
3597 3202 3761 3266 atque
3790 3214 3820 3251 a

517 3288 813 3345 videretur.
864 3288 1180 3346 Festinabat
1210 3301 1388 3345 autem
1421 3289 1665 3359 animus,
1713 3292 1818 3346 non
1848 3289 1963 3347 haec
1993 3290 2109 3347 lan-

521 3380 804 3437 tumtnodo
833 3397 1016 3453 agere.
1042 3398 1162 3454 (ιιιεῖθ
1202 3397 1309 3437 non
1342 3382 1541 3453 egisse,
1571 3391 1625 3437 et
1654 3382 1940 3438 criminum
1969 3390 2116 3439 esset

514 3473 761 3546 plenum,
797 3483 853 3531 et
889 3474 1136 3530 dolorum
1164 3493 1179 3531 :
1204 3474 1299 3531 sed
1332 3475 1475 3530 hunc
1503 3476 1634 3531 tanti
1677 3476 1914 3532 muneris
1944 3474 2111 3531 Deum

525 3576 909 3638 parentemque
937 3582 1287 3638 cognoscere,
1321 3569 1407 3624 cui
1438 3584 1497 3624 se
1519 3576 1687 3624 totum
1719 3570 1832 3638 ipse
1862 3568 2108 3639 deberet,

512 3662 596 3716 cui
621 3658 886 3718 famulans
908 3662 1300 3717 nobilitandum
1342 3677 1400 3718 se
1430 3662 1805 3727 exiStimabat,
1854 3660 1919 3717 ad
1951 3672 2107 3733 quem

512 3771 727 3812 omnem
774 3757 889 3827 spei
932 3768 1043 3812 sum
1083 3758 1388 3826 opinionem
1423 3756 1670 3823 referret,
1701 3756 1753 3812 in
1777 3758 1927 3827 cujus
1957 3756 2111 3815 honi-

513 3854 620 3904 tatc
642 3849 784 3905 inter
814 3859 988 3905 tantas
1015 3851 1357 3922 praesentium
1386 3850 1722 3922 negetiorum
1746 3852 2106 3919 calamitates,

513 3952 779 4015 tamquam
816 3945 1081 4000 tutissimo
1108 3944 1210 4000 sibi
1260 3946 1416 4017 porlu
1459 3945 1815 4017 familiarique
1862 3946 2107 4018 requies-

513 4049 679 4096 ceret.
711 4036 792 4096 Ad
839 4041 980 4097 hunc
1010 4041 1168 4112 igitur
1196 4040 1277 4097 vel
1308 4041 1741 4113 intelligendum,
1772 4040 1854 4096 vel
1877 4055 2109 4112 cognos-

507 4134 761 4202 cendum,
813 4133 995 4189 studio
1054 4132 1471 4205 ﬂagrantissimo
1515 4133 1729 4190 animus
1770 4132 2106 4190 accendeba-

506 4235 616 4282 tur.

573 4320 630 4375 4.
668 4312 843 4374 Varia:
863 4320 1195 4392 antiquorum
1216 4321 1280 4375 de
1300 4318 1412 4375 Deo
1434 4321 1724 4390 opiniones.
1764 4318 1970 4377 Hilario
1999 4337 2104 4376 non

500 4413 805 4484 probantur,
831 4430 926 4485 pro
948 4424 1084 4469 certo
1115 4413 1322 4469 habenti
1346 4413 1516 4469 Deum
1538 4424 1640 4468 non
1669 4430 1776 4469 esse
1802 4414 1904 4468 nisi
1925 4431 2102 4471 unum.

505 4535 576 4546 --
602 4500 840 4576 Namque
910 4498 1095 4576 plures
1149 4520 1335 4562 eorunt
1404 4514 1722 4562 numerosas
1772 4504 2102 4563 incertorum

2219 3284 2505 3355 prophetis
2542 3283 2773 3354 scriptos
2822 3297 2942 3340 esse
2983 3282 3333 3341 llebrtcorutn
3379 3288 3567 3360 religio
3616 3291 3688 3362 (c)
3721 3302 3823 3345 tra-

2215 3383 2380 3440 debat
2408 3401 2421 3438 :
2456 3384 2507 3438 in
2535 3384 2730 3454 quibus
2758 3384 2877 3453 ipso
2918 3392 3167 3440 creatore
3197 3383 3305 3439 Deo
3339 3391 3569 3439 testante
3609 3383 3678 3439 de
3716 3398 3778 3439 se
3803 3426 3818 3453 ,

2215 3477 2333 3534 hac
2362 3478 2431 3534 ita
2464 3478 2919 3534 continebantur:
2950 3477 3063 3551 Ego
3091 3495 3227 3545 sunt,
3256 3478 3341 3546 qui
3371 3495 3485 3532 sum
3513 3477 3710 3549 (Exod.
3737 3496 3817 3545 tit,

2216 3573 2333 3641 ll);
2386 3580 2440 3626 et
2461 3586 2674 3627 rursum
2702 3591 2715 3625 :
2749 3571 2878 3627 ΙΙαό
2896 3573 3034 3627 dices
3054 3570 3181 3641 ﬁliis
3211 3568 3397 3627 Israel.
3428 3569 3573 3625 Misit
3617 3588 3698 3626 me
3746 3573 3818 3626 ad

2214 3682 2302 3721 eos
2330 3666 2375 3721 is
2402 3667 2490 3737 qui
2537 3675 2614 3721 est
2656 3663 2928 3738 (Ibidem).
2982 3664 3299 3721 Admiratus
3337 3679 3457 3720 sum
3509 3664 3668 3735 plane
3704 3674 3817 3747 tam

2210 3757 2511 3813 absolutam
2551 3757 2620 3813 de
2658 3758 2767 3812 Deo
2797 3757 3243 3826 significationem
3270 3798 3287 3825 ,
3325 3774 3444 3829 quae
3494 3768 3701 3813 natura:
3728 3758 3819 3813 αἱ.

2210 3851 2348 3907 vitae
2386 3850 2986 3922 incomprehensibilem
3032 3853 3395 3923 cognitionem
3442 3854 3721 3922 aptissimo
3748 3854 3818 3909 ad

2211 3945 2626 4015 intelligentiam
2671 3946 2960 4000 humanam
3006 3959 3261 4001 sermone
3306 3945 3640 4016 loqueretur.
3696 3944 3819 4001 Non

2209 4040 2354 4096 enim
2380 4040 2523 4096 aliud
2555 4042 2833 4111 proprium
2870 4041 3041 4109 magis
3081 4039 3210 4105 Deo,
3241 4055 3402 4110 quam
3432 4054 3584 4106 esse,
3616 4039 3819 4096 intelli-

2208 4136 2387 4205 gitur;
2415 4134 2539 4205 quia
2571 4133 2623 4189 id
2654 4135 2828 4205 ipsum
2858 4133 3002 4204 quod
3042 4141 3128 4190 est
3153 4175 3168 4201 ,
3199 4148 3372 4204 neque
3402 4133 3701 4188 desinentis
3725 4143 3820 4189 est

2207 4228 2516 4300 aliquando,
2551 4242 2723 4299 neque
2744 4230 2907 4298 ccepti
2929 4227 3054 4283 :scd
3087 4228 3163 4296 id,
3183 4227 3323 4298 quod
3345 4243 3466 4284 cum
3490 4230 3821 4298 incorruptae

2210 4320 2560 4376 beatitudinis
2594 4330 2859 4391 potestate
2888 4330 3205 4391 perpetuum
3233 4330 3337 4387 est,
3369 4336 3473 4378 non
3505 4326 3677 4391 potuit
3718 4332 3820 4378 aut

2210 4415 2412 4485 poterit
2440 4412 2731 4484 aliquando
2762 4429 2871 4469 non
2899 4429 3063 4480 esse;
3099 4415 3221 4485 quia
3252 4414 3497 4470 divinum
3526 4429 3685 4470 clune
3715 4430 3818 4467 nc-

2209 4523 2314 4579 que
2338 4507 2643 4575 abolitioni,
2675 4522 2851 4578 neque
2877 4507 3104 4563 exordio
3135 4508 3428 4564 obnoxium
3450 4515 3550 4564 est.
3591 4509 3660 4563 Et
3685 4522 3819 4564 cum

498 4590 721 4653 deorum
748 4590 981 4654 familias
1002 4598 1418 4655 introducebant
1449 4618 1461 4654 :
1494 4607 1550 4655 et
1575 4599 1784 4655 virilem
1808 4615 1873 4655 ac
1901 4598 2091 4658 mulie-
2124 4581 2180 4643 Ῑ)
2207 4602 2258 4657 in
2290 4602 2438 4658 nullo
2463 4619 2490 4655 a
2515 4617 2576 4658 se
2606 4602 2701 4658 Dei
2730 4602 2870 4659 desit
2897 4602 3209 4669 aeternitas;
3242 4603 3404 4673 digne
3431 4603 3535 4659 hoc
3581 4604 3757 4658 solum
3800 4646 3816 4671 ,

500 4689 651 4747 brem
681 4702 869 4748 sertum
901 4690 955 4749 in
1002 4692 1198 4749 divinis
1237 4695 1445 4750 naturis
1474 4710 1634 4766 agerc
1669 4695 2043 4753 existimantes
2073 4740 2089 4765 ,

497 4792 649 4838 ortus
675 4798 738 4839 ac
784 4784 1159 4843 successiones
1203 4802 1269 4842 ex
1324 4780 1427 4843 diis
1478 4786 1702 4843 deorum
1751 4784 2087 4846 asserebant.

497 4875 604 4932 Alii
632 4876 863 4948 majores
894 4892 957 4933 ac
993 4874 1232 4935 minores
1258 4878 1313 4934 et
1357 4876 1668 4937 differentes
1698 4897 1796 4953 pro
1829 4884 2093 4952 potestate

495 4967 628 5025 deos
678 4966 1062 5042 praedicabant.
1099 4972 1351 5030 Nonnulli
1398 4974 1602 5030 nullum
1651 4962 1873 5030 omnino
1922 4975 2089 5032 Deum

494 5079 617 5121 esse
646 5064 1001 5133 affirmantes,
1034 5085 1153 5124 eam
1189 5062 1490 5143 tantum,ﬁ.
1516 5078 1635 5141 quae
1664 5069 1899 5127 fortuitis
1932 5070 2089 5127 moti-

493 5156 594 5214 bus
622 5166 783 5229 atque
812 5161 1163 5219 concursibus
1188 5160 1242 5219 in
1277 5160 1476 5235 aliquid
1506 5163 1815 5235 exsisteret,
1841 5174 2087 5222 naturam

563 5387 644 5464 (ad
673 5388 932 5464 Martinus
950 5390 1167 5461 Lipsius
1183 5400 1303 5461 post
1330 5390 1615 5453 Erasmum
1637 5392 1697 5448 ob
1717 5406 1892 5464 quam,
1915 5392 2096 5452 addita

491 5462 749 5535 particula
773 5463 836 5535 ob
855 5476 1051 5535 praeter
1077 5464 1237 5518 fidem
1260 5478 1388 5535 mss.
1412 5464 1531 5519 Mox
1557 5464 1694 5535 apud
1719 5462 1938 5520 eosdem
1955 5466 2098 5535 refu-

491 5531 709 5606 tandum
727 5549 746 5588 :
770 5534 821 5590 in
835 5531 1071 5592 editione
1090 5535 1238 5591 Badii
1262 5533 1532 5602 Aseensii,
1555 5531 1899 5606 reputantium
1919 5538 2000 5590 vel
2014 5531 2099 5591 re-

490 5603 785 5677 futuisdum,
801 5608 1266 5677 quotnodoexstat
1291 5606 1343 5661 in
1368 5624 1474 5663 uno
1494 5624 1523 5664 e
1544 5603 1871 5664 Celliertinis
1891 5624 2019 5662 mss.
2038 5608 2098 5664 In

488 5672 619 5749 edit.
646 5672 934 5734 Parisiensi
960 5696 1047 5734 an.
1072 5672 1233 5741 i605,
1251 5683 1307 5735 el.
1328 5681 1564 5749 pluribus
1589 5694 1718 5735 mss.
1735 5679 2098 5743 reputantium.

493 5746 564 5802 At
589 5746 644 5801 in
677 5763 809 5804 ntss.
835 5751 1237 5814 vetustioribus,
1267 5746 1631 5821 reputantium.
1669 5748 1822 5815 Quod
1847 5749 1898 5804 in
1929 5750 2012 5805 his
2040 5751 2110 5807 ad

500 5833 714 5891 manus,
738 5821 793 5881 in
822 5822 940 5884 aliis
958 5823 1151 5886 eodem
1176 5836 1342 5884 sensu
1366 5824 1435 5882 ad
1456 5826 1611 5885 vitam
1637 5822 1889 5890 refertur.
1906 5823 2113 5887 Deinde

2202 4695 2346 4764 quod
2377 4703 2546 4761 esset,
2575 4694 2640 4751 ad
2681 4695 3130 4766 protestationem
3158 4695 3488 4766 incorruptae
3514 4710 3626 4751 suae
3655 4705 3823 4751 teter-

2200 4788 2384 4844 nitatis
2412 4788 2670 4846 ostendit.
3768 4854 3773 4857 κ

2273 4885 2324 4960 5
2345 4882 2567 4939 6.-Deus
2594 4883 2859 4950 inﬁnitus;
2881 4892 3044 4939 mente
3072 4884 3190 4954 capi
3216 4866 3555 4953 irequit.4Et
3577 4883 3640 4939 ad
3670 4883 3826 4943 hanc

2200 4979 2419 5050 quidem
2460 4975 2739 5033 infinitatis
2778 4974 3225 5048 significationem
3267 4970 3592 5033 satisfecisse
3629 4990 3826 5035 sermo

2200 5068 2431 5127 dicentis
2458 5087 2471 5125 :
2502 5067 2618 5140 Ego
2649 5086 2762 5123 sum
2792 5070 2881 5139 qui
2911 5086 3055 5137 sum,
3092 5066 3410 5125 videbatur:
3440 5070 3534 5124 sed
3567 5067 3827 5139 magnifi-

2198 5163 2392 5222 centia:
2421 5169 2476 5218 et
2506 5160 2720 5217 virtutis
2751 5176 2863 5217 suae
2902 5170 3020 5218 erat
3058 5175 3087 5216 a
3123 5160 3280 5218 nobis
3319 5170 3455 5233 opus
3495 5160 3820 5233 intelligen~

2205 5394 2258 5448 in
2291 5406 2424 5463 mss.
2455 5389 2612 5463 Coll);
2638 5400 2694 5446 et
2714 5391 2924 5463 Germ,
2954 5392 3313 5463 languoribus,
3336 5408 3442 5448 non
3471 5393 3775 5463 angoribus.

2282 5462 2357 5536 (b)
2386 5461 2542 5536 Bad.,
2570 5460 2685 5524 Er.,
2712 5462 2885 5536 Lips”
2910 5460 2964 5519 et
2993 5460 3123 5519 mss.
3154 5481 3260 5520 non
3291 5466 3468 5536 pauci,
3493 5460 3821 5525 existimare.

2211 5537 2281 5592 At
2294 5533 2538 5603 potiores
2567 5548 2686 5588 cuiu
2716 5533 2833 5588 Par.
2859 5536 3116 5589 exsistere.
3292 5533 3305 5597 ἶ

2286 5592 2355 5676 (ἒ)
2383 5603 2499 5659 Non
2529 5606 2599 5659 ita
2632 5605 2891 5661 abhorret
2914 5605 3170 5671 Hilarius,
3198 5616 3254 5662 ut
3283 5592 3551 5664 Scullelus
3574 5606 3677 5663 sibi
3706 5606 3823 5666 litt-

2214 5678 2314 5750 git,
2347 5694 2377 5731 a
2409 5677 2651 5750 doctrina
2685 5678 3029 5750 traditionis,
3076 5694 3138 5733 ex
3152 5694 3265 5749 qua
3304 5697 3433 5750 cum
3457 5683 3621 5734 sacris
3654 5680 3823 5740 libris

2217 5748 2589 5804 auctoritatem
2633 5748 2721 5803 hic
2748 5749 2965 5816 tribuat,
2992 5748 3045 5804 in
3075 5752 3209 5819 psal.
3243 5767 3302 5818 tt,
3337 5768 3389 5806 ιι.
3414 5749 3469 5816 2,
3493 5753 3821 5812 eoruutdcm

2219 5836 2440 5885 sensum
2466 5835 2534 5883 ex
2550 5820 2669 5898 ipsa
2695 5812 3048 5900 quaerendum
3069 5812 3191 5885 esse
3215 5812 3478 5887 defendit.
