4040 6328
199 322 272 377 29
1417 323 1507 379 DE
1550 322 1781 379 TRINIT

1900 324 1945 392 Ξ,
1988 322 2194 380 LIBER
2230 323 2270 382 Ι.
3432 320 3505 381 30

201 441 353 495 tlurn.
388 439 627 513 Namque
654 456 776 497 cum
807 455 931 497 esse
959 442 1009 497 ei
1040 442 1314 513 proprium
1344 451 1522 509 esset,
1556 440 1648 513 qui
1684 457 1800 497 mn-
1828 441 1879 504 Α
1908 458 2001 496 nas
2024 448 2165 496 meas
2188 451 2306 497 ante
2332 443 2516 510 lucem,
2549 453 2595 499 et
2614 442 2909 500 habitavere
2935 442 2989 499 in
3017 444 3287 515 postremis
3312 444 3509 508 inuris:

202 553 341 596 nens
371 542 585 609 semper
615 554 719 594 non
752 539 911 596 etiam
952 538 1242 610 aliquando
1279 538 1571 608 coepisset;
1613 537 1801 594 aeterni

202 643 258 687 et
304 634 597 703 incorrupti
642 634 733 688 Dei
774 634 968 704 dignus
1008 632 1075 689 de
1113 647 1172 690 se
1212 634 1299 689 hic
1335 647 1549 689 rursum
1588 634 1802 690 auditus

200 736 287 781 est
315 738 529 782 sermo:
565 727 668 796 Qui
698 738 830 782 tenet
859 727 1040 782 coelum
1073 729 1244 797 palma
1266 768 1282 794 ,
1315 736 1363 782 et
1388 736 1573 782 terram
1607 727 1801 799 pugillo

203 817 358 893 (Esa.
398 835 499 881 xu.
534 820 661 893 l2);
693 830 747 877 et
773 836 985 877 rursum
1010 834 1026 878 t
1055 819 1250 876 Caelum
1281 822 1404 875 mihi
1446 822 1658 877 thronus
1689 822 1762 876 est
1783 862 1796 888 ,

203 922 341 965 terra
380 923 547 967 autem
586 911 863 967 scabellum
901 912 1088 985 pedum
1116 928 1362 969 meorum.
1397 913 1563 980 Quam
1590 913 1800 968 domum

197 1000 330 1058 mihi
355 1005 672 1073 trdiﬁcabitt's
693 1048 707 1073 ,
736 1015 825 1060 aut
851 1007 964 1076 quis
996 1006 1137 1060 locus
1163 1007 1255 1061 erit
1285 1006 1609 1077 requietionis
1635 1006 1801 1060 meae?

198 1095 393 1152 Nonne
422 1114 603 1153 manus
634 1115 745 1154 mea
774 1099 895 1172 fecit
924 1096 1033 1154 lucc
1064 1097 1153 1171 (a)
1186 1096 1337 1170 (Esa.
1371 1112 1495 1155 vat
1515 1140 1528 1161 ,
1556 1098 1584 1153 1
1614 1107 1659 1151 et
1684 1097 1798 1171 2)?

200 1190 539 1247 liniversitas
578 1194 701 1249 coeli
744 1193 918 1263 palma
960 1192 1060 1248 Dei
1105 1199 1339 1260 leuetur,
1381 1200 1437 1247 et
1475 1191 1796 1247 eniwreitas

192 1295 359 1341 terra:
386 1286 590 1359 pugillo
617 1286 976 1343 concluditur.
1005 1287 1197 1343 Sermo
1223 1296 1401 1341 autem
1432 1287 1555 1352 Dei,
1584 1286 1795 1340 etiamsi

191 1379 262 1433 ad
304 1377 616 1449 opinionem
658 1380 925 1451 religiosa:
965 1378 1339 1449 intelligentia:
1380 1376 1628 1449 prolicit,
1675 1378 1794 1449 plus

190 1480 376 1528 tamen
424 1474 834 1544 signiﬁcationis
882 1474 1245 1544 introspectus
1296 1487 1460 1528 sensu
1509 1473 1790 1538 continet,

186 1578 352 1636 quam
384 1577 644 1637 exceptus
672 1566 857 1622 auditu
898 1565 1059 1636 {Vide
1080 1566 1353 1637 Augustin.
1380 1565 1528 1636 epist.
1564 1578 1791 1620 cxxxvn

185 1660 258 1715 ad
293 1658 587 1729 Volusium,
622 1676 677 1716 η.
718 1659 807 1734 5).
852 1660 981 1716 Nam
1023 1661 1336 1715 conclusum
1380 1660 1552 1730 palma
1593 1659 1787 1715 cmluut

184 1756 402 1810 rursum
437 1755 546 1811 Deo
576 1755 805 1811 thronus
835 1765 949 1819 est;
984 1764 1038 1809 et
1068 1761 1209 1810 terra
1231 1797 1245 1822 ,
1276 1765 1397 1826 qum
1430 1752 1628 1824 pugillo
1659 1769 1791 1809 con-

1906 535 2089 589 etenitn
2117 534 2245 589 illuc
2275 551 2456 590 manus
2484 544 2572 590 tua
2600 538 2814 593 deducet
2843 553 2950 607 me,
2983 546 3032 592 et
3061 536 3244 592 tenebit
3275 548 3354 592 nte
3383 536 3507 592 deus

1901 638 2013 683 tem
2040 637 2127 682 tua
2155 628 2329 700 (Paul.
2359 644 2600 686 cxxxvut
2619 672 2633 696 ,
2662 632 2693 685 7
2722 640 2769 685 et
2791 631 2977 702 πρᾴῳ).
3005 629 3199 685 Nullus
3226 629 3344 685 sine
3374 629 3501 697 Deo,

1904 736 2079 795 neque
2117 724 2262 779 ullus
2302 738 2408 779 non
2450 723 2503 778 iu
2549 723 2660 778 Deo
2699 720 2853 779 locus
2891 728 2994 778 cst.
3032 724 3085 779 lu
3118 720 3272 778 caelis
3300 732 3376 777 est
3402 762 3418 787 ,
3451 718 3503 777 itt

1902 816 2114 873 inferno
2152 822 2270 881 est,
2314 816 2453 870 ultra
2492 814 2659 870 maria
2701 825 2803 869 est.
2835 813 2985 870 Inest
3014 815 3261 880 interior,
3292 813 3505 869 excedit

1902 908 2160 964 exterior.
2192 906 2268 960 Ita
2309 916 2432 962 cum
2478 905 2672 972 habet,
2714 914 2874 977 atque
2918 904 3178 971 habetur;
3212 905 3286 977 (e)
3328 919 3503 977 neque

1904 1001 1959 1059 in
1989 1001 2172 1068 aliquo
2204 1000 2356 1070 ipse,
2391 1014 2569 1068 neque
2600 1013 2706 1053 non
2736 999 2787 1051 in
2816 997 3070 1053 omnibus
3101 1005 3202 1053 est.

1972 1095 2027 1152 7.
2060 1092 2200 1149 Deus
2240 1093 2636 1163 pulcherrimus.
2683 1091 2819 1161 Quia
2858 1100 3156 1147 cwterarum
3186 1106 3358 1146 rerum
3384 1106 3503 1163 spe-

1897 1189 2025 1244 ciem
2046 1230 2062 1255 ,
2095 1187 2142 1242 si
2169 1201 2274 1242 non
2298 1185 2465 1249 uerbo,
2496 1197 2631 1241 certe
2656 1200 2808 1239 sensu
2834 1186 3185 1256 assequimur;
3209 1182 3305 1237 Dei
3330 1193 3498 1239 autem

1898 1285 2118 1354 speciem
2164 1290 2344 1337 neutro
2386 1282 2560 1336 modo.
2606 1310 2679 1322 -—
2713 1281 3046 1349 Quamquam
3082 1279 3245 1349 igitur
3285 1278 3503 1347 optiutte

1898 1378 2057 1448 hujus
2087 1388 2250 1449 atque
2275 1376 2671 1447 inexplicabilis
2696 1373 3065 1446 intelligentia!
3093 1388 3255 1429 sensu
3285 1372 3497 1428 animus

1896 1472 2188 1544 gauderet,
2218 1471 2361 1542 quod
2393 1470 2532 1526 hanc
2561 1471 2613 1524 in
2647 1477 2869 1539 parente
2897 1483 2998 1525 suo
3026 1476 3083 1524 et
3109 1475 3357 1523 creatore
3382 1466 3454 1521 im
3473 1478 3491 1507 ι

1894 1579 2095 1621 mensre
2144 1564 2463 1619 aeternitatis
2513 1564 2831 1617 infinitatem
2874 1570 3254 1626 veneraretur;
3308 1569 3488 1614 tamen

1893 1659 2076 1715 studio
2104 1659 2281 1714 adhuc
2309 1656 2602 1714 intentiore
2634 1659 2804 1726 ipsum
2833 1656 2980 1711 illam
3009 1655 3200 1710 inﬁniti
3231 1664 3283 1709 et
3309 1652 3498 1709 aeterni

1898 1752 2109 1807 Domini
2141 1752 2222 1807 sui
2253 1751 2490 1820 speciem
2519 1750 2830 1821 quaerebat,
2864 1748 2942 1821 (ί)
2974 1755 3035 1804 ιιι
3065 1748 3501 1818 ἰηοὶιειιιιιεειίρδ

187 1849 413 1915 tinetur,
453 1849 644 1904 eadem
686 1848 739 1905 et
776 1849 1072 1906 scabellqu
1114 1848 1307 1917 perium
1342 1846 1458 1917 ejus
1486 1852 1601 1903 est:
1634 1861 1703 1901 ne
1732 1846 1786 1901 in
1818 1847 1867 1909 B
1894 1856 2000 1901 tam
2046 1842 2464 1901 lmrnensitatem
2519 1845 2570 1899 in
2615 1843 2796 1912 aliquo
2841 1841 3077 1913 pulchrae
3124 1840 3496 1912 intelligentiai

183 1941 383 1998 throno
421 1950 474 1997 et
513 1942 784 2008 scabello,
822 1940 1116 1996 secundum
1149 1939 1386 1994 habitum
1418 1938 1751 1994 considentis
1772 1981 1787 2003 ,

181 2036 460 2105 protensio
491 2036 691 2104 speciei
723 2049 1004 2102 corporeae
1035 2042 1220 2103 posset
1253 2033 1515 2103 intelligi,
1547 2042 1670 2087 cum
1699 2034 1749 2087 lii
1772 2075 1786 2099 ,

179 2125 332 2197 quod
362 2126 467 2181 sibi
500 2125 728 2180 thronus
755 2133 810 2181 et
835 2125 1130 2182 seabellum
1162 2133 1282 2193 est,
1312 2138 1525 2179 rursum
1556 2125 1669 2195 ipsa
1701 2124 1789 2179 illa

182 2217 430 2273 infinitas
457 2228 651 2288 potens
676 2218 852 2290 palma
881 2234 944 2274 ac
971 2218 1173 2289 pugillo
1198 2218 1637 2290 apprehendente
1662 2233 1792 2274 cou-

177 2309 461 2375 cluderet;
504 2311 601 2367 sed
642 2323 699 2365 ut
739 2313 790 2366 in
836 2311 919 2366 his
976 2311 1185 2366 cunctis
1234 2310 1533 2381 originibus
1578 2319 1791 2365 creatu-

176 2412 366 2456 rarum
402 2404 542 2458 licus
573 2403 710 2457 intra
739 2412 1032 2473 extraque,
1074 2410 1129 2458 et
1167 2403 1581 2473 supereminens
1619 2411 1669 2457 et
1705 2402 1786 2456 in-'

178 2504 368 2552 ternos
390 2538 405 2562 ,
438 2495 511 2569 (ὁ)
545 2496 596 2551 id
635 2503 752 2562 est,
795 2496 1152 2552 circumfusus
1190 2504 1247 2552 et
1282 2495 1492 2551 infusus
1524 2496 1576 2550 in
1607 2496 1785 2550 omnia

178 2594 526 2655 nosceretur,
554 2598 676 2644 cum
709 2599 762 2646 et
792 2588 973 2661 palma
1003 2590 1345 2661 pugillnsque
1370 2590 1657 2644 continens
1689 2598 1784 2659 p‘o-

184 2688 444 2737 testatem
486 2688 697 2736 naturas
735 2683 1022 2738 exterioris
1062 2681 1415 2747 ostenderet;
1459 2695 1521 2736 ac
1559 2682 1787 2739 thronus

178 2781 235 2829 et
274 2773 570 2829 st-abellutn
611 2774 879 2829 sub~trata
920 2788 1042 2829 esse
1086 2775 1159 2847 (c)
1186 2784 1244 2828 ut
1273 2774 1489 2830 interno
1516 2772 1786 2831 exteriora

182 2875 555 2936 monstraret,
597 2882 718 2924 cum
761 2870 1033 2925 exteriora
1072 2882 1170 2924 sua
1227 2868 1453 2925 interior
1505 2869 1743 2926 insidens
1769 2911 1784 2938 ,

184 2962 305 3034 ipse
344 2977 559 3019 rursum
600 2964 839 3021 exterior
867 2965 1075 3020 interna
1112 2964 1493 3020 concluderet:
1524 2973 1684 3037 atque
1715 2966 1786 3019 ita

183 3055 470 3126 totus-ipse
497 3055 636 3111 intra
668 3067 927 3127 extraque
957 3068 1018 3112 se
1045 3058 1331 3112 continens
1360 3056 1592 3129 (supple
1611 3099 1626 3123 ,
1656 3066 1789 3111 cun-

182 3147 317 3219 cta),
348 3166 523 3220 neque
551 3144 794 3207 inihiitus
819 3150 1036 3207 abesset
1063 3166 1091 3204 a
1123 3150 1330 3206 cunctis
1350 3188 1366 3219 ,
1396 3165 1570 3221 neque
1595 3143 1788 3207 cuncta

1893 1953 2015 1995 esse
2068 1940 2382 2011 opinaretur
2435 1948 2649 1994 ornatu.
2708 1936 2764 1991 In
2819 1936 3017 2008 quibus
3071 1948 3194 1991 cum
3245 1935 3496 2006 religiosa

1895 2044 2050 2085 utens
2074 2034 2212 2087 intra
2239 2028 2623 2086 imbecillitatis
2645 2044 2759 2084 suae
2786 2028 3202 2084 concluderetur
3226 2036 3491 2094 errorem,-

1898 2126 2040 2180 ltunc
2086 2125 2154 2180 de
2203 2126 2315 2179 Deo
2359 2124 2736 2193 pulcherrimae
2779 2123 3062 2179 sententiae
3107 2120 3325 2178 modum
3371 2130 3496 2192 ιιι-(ιιι

1897 2216 2128 2289 pheticis
2171 2216 2392 2274 vocibus
2429 2212 2822 2287 apprehendit:
2855 2215 2935 2272 De
2970 2215 3324 2287 magnitudine
3361 2215 3496 2269 enim

1894 2324 2104 2381 operum
2129 2353 2143 2376 ,
2195 2319 2244 2365 et
2284 2308 2663 2383 pulchritudine
2702 2319 3092 2377 creaturarum,
3135 2318 3500 2381 consequenter

1892 2407 2278 2478 generationum
2322 2409 2560 2461 conditor
2589 2408 2901 2479 conspicitur
2934 2407 3099 2477 (δαν.
3133 2414 3258 2474 xm,
3291 2404 3361 2471 5,
3393 2419 3497 2459 sec;

1893 2514 1994 2556 ιιι
2015 2502 2054 2570 ).
2088 2503 2401 2570 Magnorum
2429 2506 2647 2556 creator
2669 2501 2721 2555 iu
2753 2499 3000 2554 maximis
3025 2505 3139 2565 est,
3168 2508 3225 2555 et
3245 2495 3497 2568 pulcher‘

1891 2596 2150 2651 rimorum
2183 2596 2438 2651 conditor
2468 2596 2519 2651 tu
2553 2594 2926 2664 pulcherrimis
2958 2600 3061 2650 est.
3106 2592 3172 2648 Et
3200 2605 3323 2648 cum
3366 2604 3495 2646 seut

1891 2700 2010 2744 sum
2053 2688 2225 2758 ipsum
2270 2688 2348 2760 (g)
2392 2688 2701 2758 egrediatur
2744 2685 3018 2757 operatio,
3058 2694 3275 2741 omnem
3319 2692 3498 2739 tamen

1890 2796 2107 2837 sensum
2131 2780 2290 2851 longe
2310 2790 2531 2836 necesse
2551 2788 2634 2837 est
2654 2779 2880 2836 excedat
2900 2786 3175 2848 operator.
3201 2775 3489 2833 Pulchrum

1892 2875 2074 2944 itaque
2100 2875 2300 2931 ctelum
2327 2916 2342 2939 ,
2372 2874 2562 2939 aether,
2612 2883 2750 2928 terra
2774 2914 2789 2935 ,
2832 2871 2997 2927 maria
3022 2913 3039 2938 ,
3080 2880 3136 2926 et
3174 2869 3499 2925 universitas

1892 2969 2069 3023 omnis
2097 2977 2212 3034 est,
2241 2982 2363 3038 qua:
2390 2982 2456 3022 ex
2487 2972 2680 3021 ornatu
2709 2980 2808 3021 suo
2827 3007 2840 3031 ,
2874 2973 2930 3020 ut
2959 2964 3121 3019 etiam
3147 2963 3355 3019 Grmcis
3382 2962 3497 3031 pla-

1893 3070 2016 3129 cet,
2049 3061 2210 3131 digne
2238 3046 2458 3133 κόσμος,
2495 3060 2545 3113 id
2587 3067 2699 3123 est.
2741 3058 2972 3114 mundus
3011 3056 3311 3127 nuncupari
3348 3055 3501 3110 videé

1894 3164 1999 3209 tur.
2049 3152 2155 3211 Sed
2199 3154 2243 3208 si
2296 3155 2433 3207 hanc
2474 3153 2644 3221 ipsum
2690 3164 2872 3206 rerum
2915 3149 3370 3220 pulchritudinem
3414 3149 3485 3202 ita

181 3241 229 3294 εἱ
270 3243 361 3311 qui
404 3242 643 3298 inﬁnitus
686 3251 773 3300 est
810 3258 916 3299 n0"
952 3245 1209 3299 ἱηθεεοηι-
1247 3244 1340 3299 "is
1380 3242 1542 3315 igitur
1570 3245 1790 3315 l‘ttlittio-
1814 3242 1859 3307 C
1893 3254 2086 3304 senius
2126 3247 2355 3304 naturali
2395 3249 2615 3303 metitur
2655 3247 2944 3313 instinctu,
2988 3254 3048 3301 ut
3076 3245 3237 3300 etiam
3268 3243 3324 3299 in
3354 3259 3487 3315 qua-

183 3333 418 3390 sissimis
445 3316 514 3390 de
543 3336 651 3391 Deo
676 3336 1023 3405 opinionibus
1047 3337 1158 3393 veri
1188 3337 1365 3392 studio
1392 3337 1645 3393 detentus
1672 3337 1791 3391 aui-

184 3442 307 3482 mus
344 3428 735 3485 delectabatur.
777 3429 962 3502 Neque
1011 3431 1155 3487 enitn
1204 3430 1350 3487 aliud
1401 3430 1526 3503 quid
1572 3431 1791 3502 dignum

188 3535 314 3575 esse
359 3522 468 3578 Deo
507 3523 897 3591 arbitrabatur,
936 3538 1096 3597 quam
1136 3524 1211 3580 ita
1251 3536 1373 3580 eum
1412 3526 1554 3581 ultra
1594 3516 1795 3580 intelli-

190 3612 404 3681 gentias
447 3628 626 3669 rerum
657 3630 814 3682 esse,
858 3625 915 3671 ut
957 3616 1009 3672 iri
1052 3626 1311 3688 quantum
1349 3634 1409 3673 se
1448 3618 1515 3673 ad
1555 3617 1790 3687 aliquem

183 3716 531 3778 praesumpta;
587 3708 714 3765 licet
765 3704 1035 3782 opinionis
1095 3709 1312 3767 modum
1373 3720 1527 3767 tuens
1584 3712 1790 3769 inlinita

186 3800 572 3868 protenderet,
606 3802 661 3858 in
693 3811 899 3859 tantum
929 3814 1146 3861 omnem
1186 3802 1557 3877 persequentis
1597 3818 1657 3863 se
1696 3824 1790 3863 na-

184 3899 322 3947 tura?
377 3892 696 3950 inﬁnitatem
751 3895 997 3952 inﬁnitas
1050 3896 1419 3975 immoderata:
1473 3901 1791 3957 :eternitatis

182 3987 493 4044 excederet.
536 3990 691 4057 Quod
732 4006 854 4047 cum
887 4002 916 4046 a
949 3993 1107 4049 nobis
1138 3992 1224 4063 pie
1265 3994 1677 4066 intelligeretur,
1708 4005 1789 4051 ta-

183 4094 307 4138 men
340 4094 368 4135 ιι
401 4082 663 4155 propheta
698 4083 813 4140 haec
852 4086 924 4140 ita
952 4086 1010 4158 θ
1036 4087 1250 4143 dicente
1280 4087 1562 4145 manifeste
1591 4088 1787 4145 couilr—

185 4175 463 4230 mabatur:
498 4176 611 4242 Quo
641 4176 722 4249 (cl)
756 4177 903 4232 abibo
931 4195 963 4232 a
991 4179 1176 4250 spiritu
1207 4189 1329 4245 tuo,
1362 4189 1450 4233 aut
1477 4197 1507 4231 ιι
1537 4180 1670 4250 facie
1699 4190 1789 4236 tua

182 4279 278 4335 quo
311 4268 549 4339 fugiam?
587 4267 650 4325 Si
692 4269 1006 4324 adscendero
1048 4271 1100 4324 in
1143 4271 1357 4338 caelum,
1391 4280 1445 4325 tu
1481 4271 1589 4326 illic
1619 4288 1707 4339 es;
1741 4273 1789 4328 si

182 4358 492 4415 descendere
519 4361 576 4416 in
604 4363 901 4435 infernum,
934 4371 982 4417 et
1011 4363 1081 4417 ibi
1109 4364 1251 4418 ades.
1277 4362 1340 4421 Si
1361 4379 1633 4435 sumpsero
1661 4383 1788 4437 pen-

1895 3340 2141 3396 rumriam
2167 3340 2447 3395 volucrum
2472 3353 2534 3394 ac
2555 3338 2815 3409 peculium
2839 3338 3034 3393 accidit
3053 3337 3255 3408 specie,
3274 3343 3336 3393 ut
3355 3336 3482 3393 dum

1894 3431 2028 3487 infra
2061 3432 2383 3487 sententiam
2415 3442 2595 3486 set-mo
2623 3438 2741 3498 est,
2772 3444 2964 3488 sensus
3003 3440 3180 3486 tamen
3222 3429 3271 3486 id
3315 3430 3487 3500 ipsum

1895 3522 2202 3595 intelligens
2230 3538 2334 3580 non
2364 3525 2683 3594 eloquatur;
2713 3524 2853 3595 quod
2883 3532 3059 3579 tamen
3088 3534 3330 3589 rursum,
3362 3522 3489 3576 dum

1893 3628 2073 3675 sermo
2104 3618 2281 3673 omnis
2307 3632 2372 3673 ex
2407 3632 2569 3673 sensu
2600 3622 2715 3685 est,
2748 3626 2939 3673 sensus
2967 3615 3068 3671 sibi
3099 3618 3213 3685 ipse
3239 3616 3491 3686 inquatur

1893 3712 2236 3784 intelligens:
2277 3722 2458 3768 nonne
2502 3712 2664 3780 hujus
2707 3713 2876 3782 ipsius
2918 3710 3332 3783 pulchritudinis
3374 3708 3483 3764 Do.

1892 3809 2097 3864 ntinum
2142 3821 2365 3863 necesse
2409 3816 2490 3862 est
2534 3806 2700 3862 totius
2750 3802 3167 3876 pulchritudinis
3211 3816 3333 3857 esse
3378 3800 3492 3869 rul-

1891 3900 2218 3959 cherrimum
2249 3900 2510 3971 intelligi;
2543 3910 2600 3954 ut
2628 3912 2751 3955 Cum
2782 3900 2971 3954 aeterni
3001 3905 3222 3952 ornatus
3252 3896 3333 3950 sui
3361 3898 3490 3963 sp’e-

1891 3998 2002 4052 cibs
2031 4004 2250 4052 sensum
2279 3992 2654 4063 intelligentiae
2684 3994 2860 4046 euntis
2891 3990 3145 4060 cll‘ugiat,
3180 3988 3489 4057 Opinionem

1891 4098 2072 4145 tamen
2118 4078 2489 4157 intelligentia:
2530 4092 2723 4139 sensus
2764 4096 2873 4137 non
2918 4081 3187 4150 relinquat
3230 4079 3492 4134 ornatus?

1889 4178 2068 4250 Atque
2101 4180 2170 4235 ita
2202 4177 2601 4255 pulcherrimus
2645 4175 2788 4231 Deus
2826 4183 2913 4232 est
2947 4172 3322 4230 conﬁtendus:
3351 4173 3403 4245 7
3435 4180 3493 4226 ιιι

1890 4287 2066 4344 neque
2110 4273 2252 4326 intra
2294 4272 2620 4327 sententiam
2669 4258 2750 4342 (Ii)
2797 4268 2872 4325 sit
2916 4267 3282 4341 intelligendi,
3315 4280 3492 4337 neque

1889 4376 2040 4422 extra
2072 4365 2484 4436 intelligentiam
2526 4360 2817 4419 sentiendi.

252 4555 333 4630 (a)
366 4557 420 4612 ln
447 4558 1050 4639 aliqttot_mss.__addi_tur
1081 4560 1399 4639 h_i_e_on_tnia_,
1430 4563 1572 4639 quod
1604 4574 1659 4621 et
1688 4566 1786 4622 ha-
1810 4636 1843 4639 _
1888 4570 2088 4625 interno
2108 4610 2125 4634 ,
2154 4579 2365 4639 sumpta
2397 4567 2655 4638 particula
2685 4578 2740 4623 ut
2770 4580 2867 4636 pro
2897 4568 3053 4623 velut.

183 4628 319 4707 bent
336 4646 436 4685 cxx
452 4672 468 4699 ,
488 4628 564 4707 _de
587 4633 776 4707 quilms
798 4634 922 4689 licet
941 4633 1082 4689 dicat
1105 4634 1337 4689 Hilarius
1358 4635 1410 4689 in
1437 4628 1568 4699 psal.
1589 4653 1779 4707 cxrnt,
1808 4636 1863 4698 D

184 4699 262 4774 l_it.
291 4701 359 4767 4,
392 4720 445 4756 ιι.
477 4703 511 4758 6
540 4721 552 4755 :
589 4699 753 4758 Nobis
780 4721 941 4774 neque
969 4715 1133 4760 tutum
1156 4716 1231 4761 est
1261 4706 1644 4764 translationem
1677 4699 1777 4766 Lxx

185 4769 534 4849 Interpretum
560 4769 1011 4849 transgredi'ghos
1046 4788 1222 4831 tamen
1255 4778 1306 4832 in
1354 4778 1531 4834 dubiis
1572 4790 1778 4837 tantum

182 4859 246 4900 ac
272 4843 585 4902 dii‘ticilibns
606 4843 745 4903 locis
776 4847 995 4917 pra-fert
1020 4890 1034 4912 ,
1066 4863 1185 4904 cum
1215 4849 1432 4904 latinam
1476 4854 1776 4909 νιιιδίοηριιι

182 4919 335 4986 sequi
384 4918 583 4979 soleat,
626 4934 689 4974 ac
732 4920 964 4975 maxime
993 4919 1128 4992 hic,
1174 4921 1263 4975 ubi
1308 4922 1603 4978 secundum
1636 4940 1774 4992 cxx,

183 5002 425 5053 namque,
458 5004 554 5056 pro
585 5004 752 5045 nonne
782 4991 1097 5047 vertendum
1127 4993 1174 5047 ei
1214 4993 1420 5046 inisset.

251 5058 327 5130 (ὁ)
372 5060 585 5130 Aliquot
626 5078 754 5118 mss.
790 5078 910 5138 cum
940 5066 1167 5138 vulgatis
1188 5105 1201 5124 ,
1235 5063 1369 5120 idem
1397 5066 1740 5138 circumfusus
1760 5109 1776 5135 ,

183 5138 237 5184 et
278 5144 441 5196 mox,
483 5148 597 5187 cum
634 5144 685 5207 et
728 5134 899 5207 palmo
940 5135 1236 5207 pugilloque
1275 5138 1538 5190 continens
1560 5134 1779 5193 :‘castié

183 5212 377 5322 gautur
403 5219 466 5257 ex
498 5206 878 5287 vetustioribus
906 5206 1077 5263 libris.
1104 5206 1275 5261 Verba
1302 5207 1483 5262 Hilarii
1509 5208 1780 5266 illustrant

205 5287 300 5322 HEC
328 5273 576 5322 Grecam
611 5276 701 5322 lth-
740 5293 772 5322 II
808 5278 992 5322 Mur-al-
1019 5319 1029 5322 _
1066 5294 1116 5322 ρ-
1146 5279 1211 5322 Rt
1246 5275 1436 5322 Caelum
1468 5280 1638 5322 nnlmn
1668 5299 1773 5322 ηιο.

205 5287 300 5327 nec
328 5273 577 5345 Gregorii
609 5276 702 5331 lib.
739 5293 773 5332 ιι
805 5278 993 5333 Moral.
1017 5319 1031 5341 ,
1066 5294 1117 5332 c.
1146 5279 1212 5334 8:
1246 5275 1438 5332 Caelum
1467 5280 1638 5347 palmo
1668 5299 1773 5338 me-

188 5349 313 5423 tiens
335 5385 348 5405 .
370 5356 442 5423 ‘et
481 5358 676 5423 terram
715 5349 913 5419 pugillo
956 5351 1265 5405 concludens
1307 5352 1611 5420 ostenditur,
1642 5353 1779 5423 quod

186 5415 294 5483 ipse
337 5417 401 5472 sit
446 5415 841 5495 circumquaque
880 5424 1035 5495 rebus
1058 5436 1186 5495 quas
1214 5425 1403 5477 creavit
1429 5415 1692 5495 exterior}
1722 5425 1778 5480 id

188 5503 421 5558 namque,
465 5490 605 5560 quod
643 5494 863 5548 exterius
893 5490 1233 5557 concluditur,
1267 5510 1299 5547 a
1329 5494 1660 5552 concludente
1687 5506 1778 5551 etc—

187 5560 339 5637 terius
368 5564 673 5637 continetur.
712 5563 812 5619 Per
839 5565 1010 5620 sedem
1037 5582 1181 5637 ergo,
1213 5566 1297 5619 cui
1328 5567 1565 5632 praesidet
1585 5612 1598 5627 .
1628 5569 1777 5625 intel-

188 5627 361 5711 ligitur
388 5649 496 5687 esse
522 5635 735 5711 interius
761 5650 1019 5706 supraque
1034 5653 1054 5703 ;
1084 5627 1179 5695 tier
1204 5627 1491 5710 pugillum,
1522 5646 1622 5711 quo
1649 5657 1777 5696 con-

188 5706 344 5778 tinet,
366 5706 593 5778 exterius
621 5706 889 5778 subterque
917 5711 1168 5777 signntltrt

256 5772 331 5844 (c)
365 5775 552 5851 Editio
566 5779 685 5833 Par.
714 5772 835 5851 cum
862 5772 1179 5851 quibusdam
1207 5796 1310 5838 nou
1338 5782 1610 5838 infcrioris
1638 5792 1778 5841 notzc

191 5856 318 5903 mss.
352 5856 407 5906 ut
433 5849 486 5906 in
512 5847 713 5909 throno.
741 5847 907 5925 Magis
933 5853 1222 5927 probamus
1250 5868 1373 5915 cum
1400 5855 1518 5917 aliis
1542 5856 1697 5916 libris
1724 5867 1781 5922 ut

1958 4642 2040 4710 (ά)
2076 4640 2236 4696 Vetus
2277 4640 2446 4696 codex
2491 4640 2645 4695 Coth.
2686 4640 2916 4712 aliique:
2963 4640 3078 4708 Quo
3112 4640 3219 4698 ibo.
3250 4639 3486 4712 Utraque

1886 4712 2048 4769 lectio
2076 4719 2232 4767 tract.
2265 4713 2318 4767 in
2352 4712 2485 4778 psal.
2518 4727 2753 4767 cxxxvnt
2774 4753 2788 4776 ,
2821 4711 3124 4766 exhibetur.

1959 4782 2031 4857 (e)
2064 4782 2212 4840 Unus
2249 4798 2280 4837 e
2315 4784 2472 4838 Colb.
2515 4785 3012 4857 mss..rneqne_sine
3041 4784 3232 4857 aliquo.
3268 4784 3368 4838 Alii
3402 4800 3488 4839 re-

1887 4854 2184 4919 centiores,
2217 4872 2377 4922 neque
2403 4871 2503 4908 non
2531 4856 2585 4908 in
2624 4856 2819 4924 aliqua.
2858 4854 3045 4909 Melius
3083 4856 3235 4909 abest
3274 4872 3375 4909 non
3417 4857 3487 4910 ab

1887 4928 2099 4982 excusis
2126 4935 2179 4981 et
2214 4926 2604 4996 antiquioribus
2645 4941 2776 4981 mss.
2817 4925 2949 4980 Nam
2990 4934 3253 4996 quatenus
3293 4926 3485 4996 habet,

1888 5012 1996 5053 [Itin
2029 5000 2143 5068 ipse
2189 5000 2240 5051 in
2280 4998 2462 5068 aliquo
2497 4997 2765 5063 inclusus;
2805 4998 2899 5052 sed
2940 4998 3167 5063 quodvis
3209 5004 3386 5067 potius
3427 4999 3481 5054 in

1889 5072 2143 5141 ipsoest:
2176 5078 2439 5136 quatenus
2469 5082 2597 5124 vero
2628 5068 2877 5141 habetur,
2909 5069 2962 5124 in
2993 5071 3246 5125 omnibus
3274 5079 3375 5125 est.

1959 5139 2027 5213 (f)
2060 5141 2189 5195 Bad.
2223 5148 2278 5194 et
2313 5142 2403 5195 Er.
2436 5150 2492 5196 ut
2520 5156 2693 5213 unam.
2734 5140 2883 5210 Lips.
2934 5147 2990 5196 et
3036 5142 3158 5197 Par.
3207 5148 3264 5197 ut
3311 5141 3477 5199 illum.

1886 5212 2072 5279 Neque
2097 5229 2253 5265 unam
2284 5227 2457 5281 tthue
2486 5212 2632 5267 illam
2663 5213 2856 5267 habent
2890 5229 3022 5270 mss.

1957 5284 2034 5357 (g)
2068 5284 2203 5339 Editi
2222 5322 2237 5351 ,
2270 5284 2716 5358 supergrediatur:
2742 5284 2944 5341 nullius
2970 5285 3169 5342 veteris
3200 5284 3320 5341 libri
3348 5299 3478 5341 auc—

1885 5359 2124 5412 toritate.

1957 5426 2037 5500 (Ιι)
2082 5426 2138 5483 Id
2181 5435 2296 5493 cst,
2338 5427 2467 5484 licet
2508 5427 2961 5497 pulchritudinem
3005 5428 3147 5500 illius
3182 5440 3251 5483 ne
3287 5428 3486 5484 iutelli~

1884 5501 2079 5571 gentite
2107 5500 2322 5569 quidem
2353 5515 2515 5554 sensu
2543 5502 2983 5569 complectamur,
3013 5499 3256 5569 adeoque
3282 5517 3389 5555 non
3417 5504 3489 5558 sit

1885 5573 2022 5646 intra
2042 5572 2342 5627 sententiam
2365 5572 2714 5646 intelligendi;
2732 5578 3123 5646 sensustamen
3146 5573 3313 5628 dictat
3333 5588 3480 5642 eum,

1884 5644 1973 5713 qui
2000 5644 2068 5698 ita
2100 5657 2309 5714 captum
2336 5658 2490 5699 suum
2515 5642 2763 5711 superat,
2791 5642 3195 5713 intelligendum
3225 5650 3345 5701 esse
3366 5648 3487 5714 pul-

1885 5714 2243 5790 cherrimum:
2272 5731 2375 5790 qua
2404 5719 2612 5790 ratione
2640 5714 2733 5790 Dei
2760 5715 2969 5787 species
2996 5730 3101 5772 non
3129 5727 3213 5773 est
3234 5728 3377 5774 extra
3403 5720 3485 5790 ιιι-τ

1887 5787 2216 5871 telligentiam
2250 5788 2532 5853 sentiendi,
2573 5787 2730 5861 puta,
2769 5801 2889 5845 eam
2925 5798 3048 5847 esse.
3076 5794 3318 5855 omnium
3361 5788 3483 5871 pqlé

1885 5859 2233 5921 cherrimam.
2581 5859 2586 5861 ⁷
3363 5859 3377 5869 ’
