4040 6328
497 310 564 370 51
1715 315 1964 375 SANCTI
2005 317 2266 375 lllLARll
2303 318 2613 378 EPISCOPI
3739 322 3807 379 52

576 435 632 493 8.
661 433 807 491 Deus
834 433 1227 508 intelligentiam
1255 434 1502 492 excedens
1528 434 1635 508 ﬁde
1662 435 2009 509 attingendus.
2032 465 2103 478 —
2127 438 2182 500 Α
2206 439 2291 491 cui
2331 453 2513 493 nomen
2553 447 2661 493 erat
2689 435 2937 493 Joannes.
2976 436 3074 493 Hic
3101 439 3235 494 venit
3263 439 3317 494 in
3347 439 3722 505 testimonium,
3756 452 3811 497 ut

506 527 604 585 His
634 529 816 599 itaque
849 532 949 599 pia:
978 526 1249 599 opinionis
1276 536 1440 599 atque
1468 528 1729 585 doctrina;
1770 529 1962 586 studiis
1987 529 2107 585 ani-

505 634 629 677 mus
674 620 948 686 imbutus,
998 621 1050 675 in
1096 634 1316 677 secessu
1361 620 1595 692 quodam
1635 636 1700 677 ac.
1740 623 1954 691 specula
1986 621 2110 692 pul-

508 711 795 768 cherrima:
848 712 1007 779 hujus
1054 711 1342 767 sententiae
1387 711 1799 781 requiescebat,
1851 729 1960 769 non
2005 713 2105 768 sibi

504 805 751 862 relictum
783 805 1077 877 quidquam
1108 806 1255 861 aliud
1287 820 1317 861 a
1347 817 1536 861 natura
1570 822 1664 860 sua
1696 807 2022 878 intelligens,
2052 807 2106 862 in

507 913 614 970 quo
658 899 832 968 majus
876 900 1113 955 ofﬁcium
1156 907 1416 971 priestare
1452 898 1734 956 Conditori
1764 916 1865 955 suo
1894 900 1973 973 (a)
2005 900 2108 955 mi-

400 1016 409 1031 ο
506 1006 677 1048 nusve
702 1001 884 1064 posset
904 1035 919 1057 .
950 1008 1111 1063 quam
1140 1001 1198 1048 ut
1226 1001 1428 1049 tantum
1458 1009 1582 1048 eum
1606 1008 1728 1050 esse
1752 995 2110 1066 intelligeret,

501 1098 739 1156 quantus
765 1095 819 1139 et
844 1082 1069 1155 intelligi
1099 1101 1206 1139 non
1237 1093 1451 1155 potest,
1480 1093 1538 1141 et
1566 1095 1741 1157 potest
1764 1085 1945 1142 credi:
1977 1086 2105 1144 dum

506 1177 919 1250 intelligentiam
952 1190 1002 1234 et
1034 1178 1167 1234 ﬁdes
1196 1180 1298 1236 sibi
1341 1182 1661 1237 necessaria:
1703 1182 1984 1254 religionis
2024 1198 2112 1240 as-

510 1274 713 1339 sumit,
746 1283 800 1328 et
832 1273 1071 1329 inﬁnitas
1100 1285 1319 1331 aeterna:
1350 1276 1632 1346 potestatis
1660 1277 1893 1333 excedit.

578 1365 633 1422 9.
680 1364 746 1420 In
785 1367 1181 1422 inmortalitatis
1218 1383 1358 1438 spem
1396 1370 1619 1441 assurgit
1659 1367 1914 1425 Hilarius.
1964 1368 2112 1425 Hanc

508 1458 640 1513 ratio
656 1459 771 1530 ipsa
800 1460 845 1513 ei
868 1459 1070 1514 suadet.
1094 1488 1167 1502 —
1188 1459 1421 1517 Suberat
1436 1473 1612 1516 autem
1639 1461 1892 1517 omnibus
1914 1462 1997 1518 his
2018 1478 2113 1518 na-

509 1550 702 1604 turalis
729 1549 907 1606 adhuc
934 1566 1128 1607 sensus
1149 1594 1164 1619 ,
1197 1560 1255 1606 ut
1295 1554 1510 1622 pietatis
1549 1553 1943 1625 professionem
1988 1571 2113 1626 spes

507 1642 688 1713 aliqua
717 1643 1047 1717 incorrupta:
1087 1645 1439 1703 beatitudinis
1474 1648 1683 1715 aleret,
1725 1665 1885 1721 quant
1927 1659 2111 1706 sancta

506 1732 577 1790 de
606 1735 719 1791 Deo
745 1737 932 1806 opinio
962 1748 1016 1795 et
1046 1739 1173 1795 boni
1213 1755 1395 1797 mores
1422 1741 1655 1813 quodam
1695 1744 1933 1799 victricis
1962 1745 2114 1800 .mili-

2210 530 2552 585 testimonium
2580 530 2864 602 perhiberet
2894 530 2956 585 de
2984 531 3197 587 lumine.
3242 530 3365 586 Non
3402 542 3511 587 erat
3551 531 3641 588 ille
3681 535 3805 601 lux,

2209 622 2299 677 sed
2326 632 2379 676 ut
2407 623 2749 677 testimonium
2777 623 3059 687 perhiberet
3085 626 3148 679 de
3171 624 3380 681 lumine.
3406 623 3539 680 Erat
3559 627 3651 681 lux
3671 644 3809 693 vera,

2210 729 2327 783 aute
2348 713 2609 770 illuminat
2632 731 2829 771 omnem
2853 716 3104 772 hominem
3130 719 3406 773 venientem
3432 721 3484 773 in
3508 718 3644 774 hunc
3664 738 3815 775 mun—

2210 808 2352 862 dum.
2382 805 2460 879 (ά)
2486 806 2510 861 l
2520 825 2552 862 ιι
2574 809 2765 863 ntundo
2791 820 2919 874 erat,
2951 820 2996 864 et
3023 814 3241 865 mundus
3276 828 3367 881 per
3387 828 3497 867 eum
3526 815 3694 884 {actus
3713 824 3811 880 est,

2212 908 2258 953 et
2286 900 2508 953 mundus
2536 915 2650 953 eum
2683 916 2783 954 non
2813 902 3067 973 cognovit.
3101 900 3170 956 In
3197 919 3289 956 sua
3315 904 3444 957 venit
3465 945 3479 969 ,
3513 914 3558 958 et
3587 904 3671 958 sui
3699 920 3813 959 eum

2211 1008 2313 1046 non
2353 1004 2666 1061 receperunt.
2705 992 2962 1065 Quotquot
2992 1002 3162 1048 autem
3189 1003 3487 1065 receperunt
3519 1012 3634 1050 eum
3659 1038 3675 1062 ,
3721 1000 3812 1050 de-

2212 1084 2287 1137 dit
2315 1085 2385 1138 eis
2413 1094 2714 1153 potestatem
2738 1084 2875 1155 ﬁlios
2904 1086 2998 1139 Det
3027 1086 3141 1156 ﬁeri
3160 1127 3176 1152 ,
3203 1087 3267 1141 iis
3290 1087 3376 1156 qui
3401 1087 3609 1142 credunt
3637 1088 3691 1141 in
3716 1104 3816 1142 no-

2212 1176 2347 1230 mine
2375 1178 2521 1245 ejus:
2551 1177 2637 1247 qui
2665 1193 2769 1230 non
2801 1175 2874 1248 (e)
2918 1193 2980 1232 ea:
3017 1179 3298 1249 sanguine,
3339 1195 3496 1247 neque
3534 1196 3597 1234 ea:
3632 1181 3815 1234 volun-

2214 1276 2318 1323 tate
2344 1270 2439 1323 viri
2458 1311 2471 1335 ,
2505 1285 2665 1337 neque
2693 1286 2754 1325 ex
2779 1271 3040 1325 voluntate
3077 1272 3280 1339 carnis,
3324 1274 3414 1326 sed
3450 1289 3516 1328 ea:
3558 1272 3663 1328 Deo
3702 1274 3813 1329 nati

2213 1372 2349 1417 sunt.
2385 1361 2454 1416 Et
2491 1361 2709 1416 Verbum
2738 1380 2859 1418 caro
2889 1364 3081 1433 factum
3120 1376 3229 1431 est,
3261 1375 3307 1420 et
3345 1365 3593 1421 habitavit
3633 1370 3685 1423 in
3725 1385 3819 1423 no-

2215 1455 2329 1511 bis:
2357 1466 2403 1510 et
2435 1456 2652 1511 vidimus
2678 1456 2898 1528 gloriam
2927 1460 3040 1530 ejus
3061 1500 3073 1520 ,
3105 1458 3321 1531 gloriam
3350 1468 3609 1530 tamquam
3640 1460 3822 1533 unige-

2213 1549 2312 1603 niti
2336 1565 2368 1603 a
2395 1547 2589 1617 Patre,
2621 1548 2824 1617 plenum
2852 1553 3018 1621 gratia
3042 1562 3089 1606 et
3118 1554 3325 1607 veritate
3349 1551 3529 1623 (Joan.
3558 1570 3605 1619 ι,
3635 1555 3662 1610 1
3704 1554 3820 1629 ﬂ).

2216 1641 2437 1696 Proficit
2466 1658 2620 1698 tuens
2652 1642 2788 1698 ultra
2832 1645 3093 1699 naturalis
3130 1659 3324 1700 sensus
3366 1647 3775 1719 intelligentiam
3800 1692 3818 1718 ,

2216 1744 2274 1791 et
2299 1737 2418 1806 plus
2439 1735 2506 1792 de
2532 1735 2642 1791 Deo
2668 1753 2826 1807 quam
2855 1740 3176 1807 opinabatur
3201 1739 3474 1795 educetur.
3503 1739 3821 1798 Creatorem

510 1827 600 1882 tiae
621 1830 892 1899 stipendio
918 1844 1279 1889 mererentur.
1309 1832 1494 1905 Neque
1518 1836 1663 1891 enim
1689 1836 1895 1892 fructus
1917 1838 2112 1908 aliquis
2144 1845 2191 1905 Β
2218 1829 2361 1882 cui"!
2394 1842 2554 1882 suum
2589 1829 2755 1884 Delli"
2787 1846 2854 1885 εἰ
2898 1830 3006 1885 Πθο
3044 1832 3234 1886 disc“:
3264 1830 3502 1887 Verbum
3540 1835 3739 1902 υυυηιν
3767 1843 3827 1892 ει

510 1929 685 1988 esset,
719 1922 860 1979 bene
903 1923 969 1980 de
1018 1924 1127 1980 Deo
1173 1926 1418 1996 opinari:
1466 1944 1591 1983 cum
1634 1943 1850 1985 omnem
1894 1946 2113 1986 sensum

511 2026 662 2068 mors
707 2016 1038 2085 perimeret,
1090 2027 1147 2075 et
1195 2033 1422 2075 occasus
1463 2020 1681 2090 quidam
1731 2034 1939 2079 naturae
1983 2023 2118 2080 deﬁ-

512 2105 710 2162 cientis
738 2109 1003 2167 aboleret.
1035 2111 1206 2170 Porro
1235 2124 1413 2171 autem
1445 2131 1550 2173 non
1591 2131 1713 2173 esse
1755 2118 1859 2174 hoc
1894 2119 2115 2191 dignum

514 2198 626 2255 Deo
674 2201 812 2257 ratio
859 2202 975 2274 ipsa
1025 2206 1321 2275 suadebat,
1370 2206 1660 2265 deduxisse
1707 2225 1829 2266 eum
1878 2212 1932 2267 in
1977 2211 2119 2269 hanc

514 2292 826 2365 participem
857 2298 1067 2353 consilii
1092 2298 1497 2373 prudentiteque
1521 2303 1682 2358 vitam
1712 2302 1985 2360 hominem
2016 2305 2118 2361 sub

511 2382 812 2441 defectione
857 2388 1070 2445 vivendi
1110 2400 1166 2448 et
1202 2394 1507 2450 aeternitate
1548 2394 1848 2451 moriendi:
1883 2397 2022 2452 utin
2066 2398 2116 2452 id

511 2483 720 2532 tantum
760 2479 838 2551 (ὁ)
879 2496 987 2538 non
1028 2484 1301 2541 essistens
1340 2487 1781 2552 substitueretur.
1814 2504 1881 2544 ne
1919 2490 2121 2546 substi-

515 2575 666 2624 tutus
708 2574 1031 2640 exsisteret;
1063 2590 1184 2631 cum
1228 2580 1629 2636 constitutionis
1665 2590 1866 2639 nostrae
1901 2599 1965 2639 ea
2004 2584 2118 2640 sola

514 2677 637 2719 esse
666 2666 803 2720 ratio
834 2667 1241 2740 intelligeretur,
1273 2682 1329 2726 ut
1356 2672 1499 2741 quod
1530 2689 1638 2731 non
1670 2683 1816 2731 esset
1852 2692 1973 2732 esse
2009 2692 2122 2734 cm-

519 2754 689 2828 pisset
714 2800 729 2825 ,
763 2774 869 2814 non
899 2770 957 2816 ut
985 2762 1128 2832 quod
1158 2765 1415 2835 cmpisset
1442 2780 1564 2823 esse
1596 2783 1700 2823 non
1730 2776 1897 2825 esset.

593 2851 680 2906 10.
724 2851 885 2926 Spem
922 2872 983 2911 ac
1014 2855 1109 2911 Dei
1148 2860 1386 2915 notitiam
1422 2871 1575 2933 auget
1614 2861 1838 2918 Joannis
1878 2863 2118 2936 Evange-

515 2941 664 2999 lium.
686 2973 762 2986 —
782 2945 1128 3019 Fatigabatur
1154 2960 1333 3009 autem
1360 2954 1593 3021 animus,
1625 2958 1817 3025 partim
1847 2971 1967 3021 suo,
2000 2972 2123 3025 par-

513 3039 609 3093 tim
640 3041 886 3110 corporis
916 3051 1084 3101 metu.
1129 3045 1230 3115 Qui
1260 3063 1382 3103 cum
1426 3059 1482 3105 et
1520 3060 1857 3107 constantem
1899 3058 2123 3108 senten-

515 3130 643 3188 tiam
673 3149 825 3190 suam
859 3136 942 3206 pia
971 3137 1040 3194 de
1071 3139 1180 3196 Deo
1207 3140 1541 3210 professione
1570 3144 1826 3202 retineret
1847 3185 1863 3207 .
1893 3152 1949 3201 et
1973 3144 2122 3200 solli-

2218 1922 2359 1993 apud
2394 1923 2559 1978 Deum
2592 1923 2643 1979 in
2679 1923 2939 1995 principio
2967 1939 3087 1980 esse
3112 1925 3281 1982 audit.
3326 1925 3509 1981 Mundi
3552 1928 3730 1983 lumen
3763 1929 3823 1983 in

2220 2016 2421 2071 mundo
2454 2031 2709 2082 manens,
2742 2023 2798 2071 et
2823 2033 2854 2072 a
2886 2016 3086 2072 mundo
3116 2032 3222 2072 non
3255 2018 3592 2090 recognitum
3627 2020 3829 2076 intelli-

2218 2109 2314 2179 git.
2347 2106 2666 2164 Venicntem
2693 2123 2908 2179 quoque
2935 2111 2986 2165 in
3015 2124 3110 2166 sua
3131 2152 3145 2176 ,
3178 2125 3209 2164 a
3236 2110 3349 2166 suis
3374 2126 3482 2167 non
3511 2122 3784 2183 receptum
3809 2131 3825 2167 :

2219 2200 2546 2272 recipientcs
2575 2211 2753 2259 autem
2787 2203 2888 2259 sub
2917 2203 3039 2260 ﬁdei
3069 2218 3180 2259 sua:
3221 2205 3414 2259 merito
3454 2207 3506 2260 in
3551 2205 3644 2261 Dei
3686 2205 3830 2261 ﬁlios

2220 2296 2515 2368 profecisse
2556 2298 2865 2367 cognoscit;
2913 2312 3019 2352 non
3061 2314 3124 2353 ex
3163 2300 3452 2369 complexu
3483 2302 3659 2354 carnis
3682 2341 3697 2365 ,
3730 2315 3833 2353 nc—

2220 2407 2326 2462 que
2355 2407 2419 2446 ex
2450 2400 2715 2462 conceptu
2758 2391 3068 2463 sanguinis,
3108 2406 3284 2462 neque
3313 2407 3377 2447 ex
3417 2406 3706 2462 corporum
3741 2391 3827 2464 (Ῑ)

2223 2485 2532 2551 voluntate,
2584 2482 2680 2539 scd
2720 2499 2787 2538 es
2832 2483 2944 2540 Deo
2989 2490 3162 2539 natos.
3200 2483 3402 2540 Deinde
3443 2481 3697 2556 (supple,
3732 2498 3830 2537 co-

2220 2576 2469 2648 gnoscit)
2504 2575 2735 2631 Verbum
2780 2589 3001 2631 carnem
3042 2574 3280 2642 factum,
3331 2584 3387 2632 et
3452 2576 3724 2633 habitasse
3769 2577 3829 2632 in

2223 2670 2382 2725 nobis
2405 2710 2421 2737 ,
2465 2676 2523 2725 et
2562 2668 2791 2740 gloriam
2834 2677 3178 2739 conspectam
3215 2669 3369 2739 ejus,
3403 2685 3523 2739 qua:
3556 2683 3830 2742 tamquam

2223 2764 2369 2820 unici
2398 2780 2428 2819 a
2463 2773 2644 2833 patre,
2672 2765 2745 2819 sit
2775 2763 3007 2833 perfecta
3037 2779 3158 2819 cum
3191 2764 3358 2833 gratia
3390 2770 3449 2819 et
3475 2763 3725 2819 veritate.

2298 2858 2385 2913 Η.
2423 2855 2590 2912 Filius
2632 2855 2732 2912 Dei
2776 2855 2934 2911 Deus.
2993 2855 3159 2911 Filios
3187 2855 3283 2910 Dei
3310 2856 3423 2927 ﬁeri
3466 2865 3691 2927 potestas
3720 2866 3830 2923 est,

2228 2967 2332 3007 non
2362 2950 2660 3005 necessitas.
2693 2948 2864 3003 Filius
2891 2947 2988 3003 Dei
3015 2952 3183 3021 factus
3211 2950 3394 3016 homo,
3425 2958 3483 3002 ut
3509 2950 3663 3003 nomo
3693 2950 3836 3016 ﬁeret

2225 3047 2367 3118 ﬁlius
2414 3045 2530 3101 Dei.
2575 3042 2816 3102 Christus
2846 3061 2993 3100 verus
3021 3045 3162 3101 Deus
3190 3056 3236 3100 et
3263 3061 3410 3101 verus
3440 3044 3612 3101 homo.
3644 3075 3719 3087 —
3740 3045 3836 3102 Hic

2221 3140 2334 3213 jam
2370 3156 2524 3198 meus
2553 3141 2763 3215 trepida
2794 3148 2852 3197 et
2880 3140 3035 3196 anxia
3065 3141 3186 3213 plus
3226 3140 3343 3212 Spei
3385 3139 3629 3207 invenit,
3672 3156 3835 3211 quam

516 3226 679 3283 citam
708 3228 778 3285 de
805 3244 867 3286 se
895 3239 1058 3304 atque
1090 3233 1195 3291 hoc
1223 3250 1484 3292 occasuro
1512 3254 1728 3304 secum,
1772 3248 1830 3294 ut
1868 3239 2118 3310 putabat,
2149 3239 2195 3304 C
2227 3236 2593 3304 “Spectabat.
2629 3237 2705 3291 Ac
2734 3236 2965 3307 primum
3011 3235 3078 3290 ad
3115 3234 3477 3307 cognitionem
3526 3235 3618 3292 Dei
3666 3236 3835 3307 patris

520 3316 827 3376 habitacqu
858 3338 958 3379 suo
995 3342 1180 3383 curam
1223 3330 1552 3400 recepisset,
1596 3340 1717 3399 post
1755 3333 2118 3403 cognitionem

521 3409 658 3481 legis
695 3427 758 3468 ac
802 3416 1184 3486 pr0phetarum
1228 3421 1382 3477 istius
1422 3421 1567 3477 modi
1604 3437 1819 3493 quoque
1862 3423 2123 3479 doctrinae

530 3506 859 3577 evangelica:
889 3521 1049 3582 atque
1076 3514 1388 3583 apostolicae
1418 3516 1659 3571 instituta
1706 3518 2016 3588 cognoscit:
2060 3515 2126 3571 In

523 3599 780 3672 principio
817 3612 924 3656 erat
966 3602 1185 3659 Verbum
1208 3647 1222 3671 ,
1265 3617 1312 3661 et
1348 3605 1569 3662 Verbum
1608 3619 1717 3663 erat
1756 3608 1896 3680 apud
1927 3608 2125 3675 Deum,

525 3700 574 3745 et
595 3690 734 3747 Deus
755 3706 862 3748 erat
897 3694 1129 3752 Verbum.
1158 3697 1273 3754 Hoc
1292 3709 1402 3755 erat
1422 3702 1479 3755 in
1504 3703 1753 3772 principio
1777 3704 1917 3772 apud
1942 3701 2125 3757 Deum.

529 3784 719 3840 Omnia
756 3804 847 3857 per
884 3790 1055 3856 ipsum
1094 3796 1236 3863 facta
1275 3804 1425 3861 sunt,
1459 3805 1506 3849 et
1536 3796 1647 3850 sine
1674 3797 1788 3865 ipso
1826 3796 2017 3865 factum
2060 3804 2133 3849 est

521 3879 676 3934 niltil.
723 3879 874 3947 Quod
904 3882 977 3957 (c)
1010 3886 1200 3955 factum
1231 3898 1303 3942 est
1333 3889 1386 3942 in
1425 3904 1517 3956 eo,
1559 3890 1661 3943 vita
1701 3897 1812 3954 est,
1849 3898 1895 3942 et
1941 3890 2044 3941 vita
2070 3889 2129 3961 8

525 3983 639 4029 erat
667 3975 759 4032 lus:
787 3977 1087 4046 hominum,
1119 3990 1169 4036 et
1200 3980 1294 4036 luat
1320 3982 1451 4038 lucet
1481 3983 1532 4038 in
1562 3983 1781 4039 tenebris
1801 4024 1815 4049 ,
1846 3992 1892 4036 et
1919 3981 2138 4037 tenebrat

530 4086 642 4125 eam
672 4088 773 4127 non
804 4076 1318 4145 comprehenderunt.
1357 4076 1481 4133 Fuit
1513 4078 1664 4134 homo
1705 4078 1892 4132 missus
1929 4094 1961 4131 a
1993 4079 2100 4131 Deo
2120 4116 2136 4141 ,

604 4211 680 4283 (α)
705 4213 861 4281 Apud
900 4214 1028 4270 Bad.
1069 4227 1123 4272 et
1163 4219 1214 4273 in
1243 4234 1352 4273 uno
1380 4236 1480 4274 ms.
1508 4217 1662 4275 Colb.
1694 4219 1915 4273 muneris
1937 4217 2039 4272 sui.
2070 4215 2124 4271 In

533 4282 693 4360 editis
722 4285 875 4351 aliis,
910 4304 1173 4360 munusve.
1207 4291 1374 4358 Magis
1406 4292 1579 4360 placet
1604 4306 1725 4346 cum
1754 4290 1969 4345 duobus
1996 4303 2127 4343 mss.

533 4355 689 4409 Colit.
718 4371 926 4411 necnon
953 4358 1210 4416 German.
1240 4355 1486 4416 minusve.

609 4424 683 4498 (ὸ)
713 4426 871 4481 Abest
899 4446 1000 4482 non
1027 4431 1096 4483 ab
1125 4447 1231 4485 uno
1253 4449 1352 4486 ms.
1379 4433 1529 4488 Colb.
1555 4429 1965 4500 male:pcrinde
1989 4430 2132 4483 enim

537 4508 622 4552 est
658 4513 755 4551 non
786 4501 1030 4555 exsistens
1074 4502 1487 4569 substitueretur,
1528 4517 1591 4557 ac
1625 4518 1689 4556 ea:
1729 4519 1828 4556 non
1868 4502 2136 4555 exsistente

2226 3329 2505 3385 itnbuitur.
2543 3329 2605 3385 El
2638 3330 2781 3401 quod
2814 3339 2968 3385 antea
3000 3329 3069 3386 de
3095 3328 3367 3385 Creatoris
3396 3332 3477 3385 sui
3507 3333 3837 3398 aeternitate,

2227 3430 2285 3477 et
2325 3421 2624 3485 infinitate,
2670 3432 2727 3477 et
2762 3422 2977 3491 Specie,
3023 3422 3248 3477 naturali
3288 3437 3450 3478 sensu
3494 3423 3837 3492 Opinahatur,

2229 3514 2317 3570 hic
2346 3530 2487 3571 nunc
2520 3516 2795 3586 proprium
2823 3530 2945 3571 esse
2975 3516 3136 3572 etiam
3166 3516 3440 3586 unigenito
3470 3517 3581 3572 Deo
3608 3518 3838 3586 accipit:

2232 3605 2312 3679 (ᾳ)
2364 3623 2471 3662 ιιοιι
2519 3610 2570 3663 in
2616 3607 2748 3662 deos
2792 3607 2951 3663 ﬁdem
2998 3608 3219 3674 laxans,
3266 3609 3387 3676 quia
3432 3623 3496 3664 ex
3527 3609 3637 3663 Deo
3671 3608 3842 3664 Deunt

2232 3700 2416 3765 audit;
2458 3717 2563 3755 non
2609 3700 2674 3754 ad
2720 3708 2925 3756 natura!
2967 3699 3336 3755 diversitatem
3371 3701 3449 3772 (h)
3482 3700 3533 3754 in
3569 3701 3736 3757 Deum
3769 3715 3842 3756 ex

2237 3794 2349 3850 Deo
2398 3794 2704 3857 decedens,
2757 3795 2816 3867 9
2860 3797 2986 3865 quia
3030 3795 3244 3865 plenum
3293 3798 3462 3867 gratia
3512 3804 3569 3850 et
3613 3798 3846 3852 veritate

2242 3888 2411 3943 Deum
2452 3903 2517 3942 ex
2567 3887 2676 3941 Deo
2720 3887 2915 3953 discit;
2962 3902 3137 3958 neque
3181 3896 3569 3960 prmposterum
3617 3903 3684 3945 ex
3737 3890 3849 3944 Deo

2241 3980 2407 4035 Deum
2443 3982 2716 4044 sentiens,
2763 3972 2883 4050 quia
2931 3982 2982 4036 in
3029 3982 3295 4052 principio
3335 3984 3475 4051 apud
3526 3983 3693 4054 Deum
3723 3997 3852 4038 esse

2243 4075 2412 4131 Deum
2439 4074 2722 4145 comperit.
2756 4074 3105 4130 Rarissimam
3147 4075 3343 4130 deinde
3387 4075 3550 4145 hujus
3592 4075 3852 4130 salutaris

2235 4234 2337 4272 non
2377 4218 2429 4271 in
2469 4215 2690 4268 duorum
2732 4228 2998 4267 numerum
3038 4212 3262 4266 veritatis
3293 4212 3589 4266 diuersitate
3616 4212 3854 4281 referen-

2238 4289 2382 4342 dum.
2412 4286 2650 4354 Utraque
2680 4285 2768 4340 illa
2807 4284 2963 4338 lectio
2998 4283 3307 4338 conﬁrmari
3345 4293 3517 4354 potest
3546 4298 3611 4339 ex
3645 4282 3739 4338 lib.
3774 4301 3851 4352 tv,

2240 4376 2295 4414 ιι.
2334 4360 2399 4424 4,
2444 4357 2530 4410 ubi
2569 4353 2751 4411 Ariani
2804 4354 2935 4409 hanc
2972 4355 3297 4424 improbandi
3341 4353 3601 4409 homousii
3635 4371 3856 4410 causam

2238 4430 2712 4489 comminiscuntur,
2740 4427 2874 4489 quod
2908 4428 3182 4499 secundum
3225 4425 3362 4480 verbi
3400 4427 3568 4499 Itujus_
3583 4427 3860 4499 signiﬁca-

2242 4502 2426 4555 tionem
2456 4515 2517 4554 ex.
2544 4500 2789 4553 divisione
2816 4507 3040 4566 paterna:
3065 4498 3361 4552 substantia:
3387 4496 3494 4551 esse
3522 4496 3691 4551 Filius
3714 4500 3860 4553 exis-

538 4569 875 4643 couderetur.
911 4572 1110 4637 Porro,
1158 4574 1461 4630 substituere
1481 4617 1494 4640 ,
1553 4588 1650 4643 pro
1700 4588 1873 4627 creare
1900 4587 2134 4643 irursutn
2243 4573 2479 4637 timetur;
2507 4579 2767 4643 tamquam
2790 4569 3026 4643 desectus
3062 4585 3124 4621 ea:
3150 4586 3208 4643 eo
3247 4572 3430 4643 fuerit,
3459 4569 3531 4622 ita
3556 4578 3611 4621 ut
3637 4569 3689 4621 in
3718 4570 3863 4643 duos

543 4649 832 4712 usurpatur
863 4641 1002 4698 infra
1039 4644 1134 4699 lib.
1176 4663 1264 4711 vt,
1307 4665 1361 4702 ιι.
1402 4638 1501 4712 18,
1540 4638 1680 4699 sicut
1716 4654 1769 4699 et
1804 4660 1832 4697 a
1879 4642 2136 4698 Faustino
2166 4702 2207 4712 κ
2241 4643 2306 4697 sit
2331 4659 2413 4697 res
2438 4659 2543 4697 una
2569 4638 2751 4695 diuisa.
2784 4640 2839 4696 Si
2871 4638 3124 4712 praeferas
3151 4638 3363 4694 hicnon
3400 4641 3451 4692 in
3489 4642 3653 4705 duos,
3687 4640 3863 4695 tacita

543 4702 743 4793 llilar'io
793 4726 977 4793 nostro
1025 4718 1213 4788 πιιιιισιΙί
1254 4702 1514 4793 adversus
1561 4715 1747 4793 Arian.
1790 4714 2132 4793 attendentla
2166 4702 2215 4760 D
2243 4714 2586 4793 intelligenda
2618 4723 2701 4793 est
2728 4726 2830 4793 vos
2860 4702 3010 4793 deos,
3040 4726 3160 4775 qua}
3188 4712 3323 4793 intra
3353 4728 3407 4793 ιι.
3442 4712 3529 4771 i7,
3562 4702 3857 4793 im'expri-
3910 4758 3915 4763 .

544 4784 703 4836 etiam
745 4786 1002 4858 particula
1041 4782 1104 4843 ne
1117 4831 1131 4855 ,
1170 4806 1289 4858 qum
1329 4799 1386 4843 ut
1422 4787 1538 4853 ltic,
1580 4788 1650 4841 ita
1676 4798 1723 4842 et
1754 4787 1924 4852 alias,
1956 4800 2051 4852 pro
2079 4796 2134 4839 ut
2239 4782 2433 4841 mituri
2486 4785 2669 4858 Edocti
2716 4783 2956 4858 diuinitus
2996 4798 3155 4858 neque
3187 4782 3316 4858 duos
3350 4783 3474 4835 deos
3522 4783 3855 4858 praedicare,

544 4871 646 4907 non
672 4856 870 4927 saepius
896 4850 1138 4927 eﬁ‘t-rtur,
1169 4850 1288 4916 scil.
1327 4870 1386 4915 ut
1430 4850 1535 4914 non
1581 4859 1868 4913 exsisteret
1885 4850 1917 4921 ,“
1947 4850 2133 4926 postea
2237 4872 2403 4927 neque
2418 4857 2580 4911 solum
2599 4866 2755 4927 :etn.
2774 4853 2874 4927 2s:
2896 4850 3159 4927 Needuos
3183 4854 3432 4927 deos,nec_
3458 4853 3746 4927 solitarium
3768 4870 3870 4927 re-

543 4941 702 4999 quant
730 4924 1044 4985 exsistentia
1070 4924 1298 4987 donatus
1331 4942 1435 4987 est.
1476 4930 1619 4985 Idem
1657 4924 2029 4999 argumentum
2068 4927 2136 4982 de
2236 4924 2541 4999 rurnrDeum
2563 4925 2972 4995 prazdicaoimus.
3004 4924 3150 4999 Idem;
3173 4926 3399 4999 habetur
3422 4925 3514 4978 lib.
3540 4939 3651 4999 vt_tt,
3674 4924 3867 4999 n._29.

546 4998 947 5054 immortalitate
974 5003 1203 5056 hominis
1228 5019 1332 5057 non
1366 4998 2026 5057 tninus.clare’tractatum
2055 4999 2136 5052 vi-

549 5068 687 5122 desis
717 5072 768 5121 in
798 5072 931 5136 psal.
962 5088 1155 5135 cxvnt,
1185 5074 1260 5129 lit.
1296 5076 1393 5133 14,
1424 5090 1477 5128 n.
1519 5077 1563 5128 Ι.

620 5138 694 5215 (ο)
726 5139 847 5194 Ηωο
875 5143 1066 5215 verba,
1095 5146 1230 5215 quod
1256 5146 1451 5214 factum
1486 5154 1589 5207 est,
1626 5159 1747 5215 cum
1786 5139 2142 5213 przecedenti—

552 5211 651 5287 illls
674 5212 913 5287 iungunt
934 5211 1129 5282 vulgati
1153 5257 1166 5279 ,
1195 5211 1314 5286 qum
1339 5214 1699 5287 disjungenda
1727 5211 1848 5287 esse
1875 5214 2041 5287 liquet
2074 5227 2141 5266 ex

546 5282 639 5337 lib.
672 5299 705 5336 tt
726 5325 741 5340 .
772 5299 825 5337 ιι.
856 5284 954 5348 19,
988 5287 1072 5340 ubi
1101 5282 1326 5353 deinde,
1356 5282 1627 5356 quinnbdo
1654 5296 1707 5341 et
1744 5285 1831 5339 hic
1868 5298 1964 5351 pro
1997 5284 2050 5335 iu
2087 5298 2147 5335 eo

551 5359 650 5408 vita
676 5365 801 5419 erat,
823 5358 1158 5425 reposuimus
1183 5361 1233 5412 iu
1258 5375 1318 5412 eo
1341 5360 1440 5412 vita
1465 5368 1537 5412 est
1561 5358 1798 5413 omnium
1823 5369 1990 5426 prope
2012 5369 2141 5426 mss.

549 5424 897 5498 auctoritate.
928 5427 1001 5483 De
1027 5430 1369 5485 distinctione
1410 5433 1695 5487 verborum
1733 5424 1893 5498 hujus
1927 5424 2031 5480 loci
2069 5424 2147 5478 vi—

553 5497 761 5552 dendus
791 5501 1105 5556 Ambrosius
1133 5502 1221 5557 lib.
1257 5518 1312 5556 ιιι
1340 5504 1408 5555 de
1438 5502 1652 5567 Fide,c.
1680 5501 1733 5555 6.

629 5569 713 5636 (d)
743 5569 990 5627 Vetusius
1016 5573 1187 5629 eode:
1214 5572 1366 5629 Culb.
1401 5572 1462 5627 In
1490 5574 1585 5627 hoc
1606 5572 1817 5627 mundo.

630 5641 704 5716 (ei
732 5643 869 5716 Editi
888 5686 903 5708 ,
933 5661 996 5702 ea:
1020 5648 1384 5716 sanguinibus:
1414 5644 1768 5701 renitentibus
1790 5656 1927 5716 mss.

630 5713 705 5787 (Γ)
735 5715 774 5768 Β
795 5715 974 5787 tsilica:
992 5711 1262 5775 Vaticana:
1282 5717 1677 5775 vetusﬁssimus
1701 5715 1870 5772 codex
1889 5727 2013 5768 cum
2038 5711 2151 5781 ple-

559 5785 1041 5861 rismtealiisgtuss.
1071 5792 1345 5861 voluptate.

631 5825 708 5929 litt)
736 5856 859 5914 Mss.
889 5836 1039 5915 C0lb.
1067 5825 1452 5919 οἷῖὶέιιιιῖἰιοιι
1476 5864 1526 5917 in
1552 5862 1712 5916 duos:
1741 5867 1794 5914 et
1817 5854 1954 5912 infra
1979 5872 2032 5911 ιι.
2059 5854 2149 5918 33,

1424 5846 1427 5853 ι

2316 4998 2400 5069 (lt)
2432 4993 2685 5052 Erasmus
2711 5004 2922 5069 acpost
2945 5011 3066 5050 eum
3097 4997 3277 5069 l.ips.,g
3296 4995 3458 5050 Deum
3483 5011 3547 5069 ea:
3573 4993 3684 5069 Deo
3712 4996 3873 5050 deci-

2243 5066 2401 5125 dens.-
2431 5069 2573 5138 qnod
2604 5083 2710 5123 non
2757 5067 3091 5135 displiceret,
3124 5069 3169 5121 si
3216 5067 3431 5120 adesset
3467 5066 3694 5136 alicujus
3745 5082 3869 5122 ms.

2251 5137 2564 5195 auctoritas.
2597 5140 2861 5194 Arriserat
2890 5139 3050 5192 etiam
3088 5153 3210 5190 cum
3249 5146 3537 5192 veterrima
3562 5137 3754 5193 codice
3802 5138 3872 5196 S.

2251 5211 2395 5266 Petri
2424 5215 2473 5265 in
2508 5212 2784 5274 Vaticano,
2811 5210 2867 5262 in
2896 5208 3055 5261 Deum
3084 5208 3247 5261 Deum
3273 5208 3544 5263 decidens:
3576 5208 3680 5264 Sed
3708 5211 3874 5265 anti-

2251 5283 2341 5351 qui
2372 5283 2561 5337 notarii
2591 5283 2753 5335 multa
2786 5280 2983 5346 passim
3013 5280 3269 5334 mutantis
3311 5280 3504 5351 nitnins
3543 5294 3704 5334 ausus
3730 5280 3876 5351 for-

2254 5350 2538 5416 ntidamus,
2567 5354 2656 5406 uhi
2679 5352 2861 5405 nullus
2881 5351 3018 5405 alius
3040 5351 3207 5404 codex
3233 5350 3574 5418 sullragatur.
3599 5350 3878 5418 Plerique

2254 5439 2385 5479 mss.
2414 5440 2533 5479 cum
2564 5422 2693 5478 Bad.
2723 5423 2774 5475 in
2810 5420 2939 5485 Deo,
2964 5422 3043 5474 vel
3066 5423 3118 5475 in
3151 5420 3338 5484 Deum,
3364 5437 3427 5474 ea:
3456 5420 3562 5475 Deo
3588 5422 3877 5484 decidens.

2255 5494 2361 5550 Alii
2390 5496 2572 5565 proba:
2603 5505 2743 5565 nota:
2773 5506 2899 5565 cum
2930 5492 3062 5565 Par.
3081 5494 3133 5546 in
3164 5490 3326 5544 Deum
3352 5509 3416 5546 ea:
3444 5490 3555 5565 Deo
3585 5494 3878 5551 decedens.

2259 5562 2413 5635 Quod
2448 5570 2527 5623 sic
2563 5562 2785 5635 intelligi
2820 5564 3101 5618 conunode
3126 5572 3317 5632 queat:
3350 5579 3455 5617 non
3483 5564 3758 5619 decedens
3795 5569 3878 5623 ad

2261 5634 2616 5694 inveltendam
2643 5638 2695 5688 in
2728 5634 2919 5689 Filium
2939 5675 2954 5699 ,
2978 5635 3067 5704 qui
3104 5635 3240 5704 Dens
3269 5649 3332 5687 ex
3370 5635 3479 5687 Deo
3503 5644 3616 5698 est,
3650 5646 3884 5696 natur-ge

2260 5706 2649 5767 diversitatem.
2681 5702 3009 5780 Legentibus
3033 5707 3088 5760 in
3114 5702 3223 5780 Deo
3252 5721 3318 5780 ex
3338 5705 3475 5780 Deo,
3509 5707 3765 5780 supplere
3801 5709 3883 5766 ti-

2259 5791 2347 5837 cet
2373 5781 2674 5836 credendam
2702 5788 2825 5833 ante
2851 5776 3096 5832 decedens
3123 5777 3206 5832 vel
3237 5776 3493 5832 decidens.
