4040 6328
542 319 613 387 35
1740 322 1983 389 SANCTI
2019 318 2273 387 iilLARil
2317 318 2623 389 EPISCOPI
3368 268 3371 271 1
3783 318 3854 386 sc

544 445 919 501 neressilaiem
950 441 1299 502 circumcisus
1335 456 1364 498 a
1404 442 1549 500 vitiis
1588 443 1812 514 spiritus
1855 442 2139 500 criminum
2170 440 2224 504 Α
2247 440 2410 496 dium.
2439 471 2510 483 -—
2536 440 2596 497 lu
2629 440 2732 497 hoc
2762 453 2894 512 ergo
2916 434 2996 512 (ά)
3021 436 3241 495 conscio
3264 436 3575 495 securitatis
3601 453 3715 496 snte
3740 443 3853 498 otio

542 539 922 594 entundatione
967 545 1217 608 purgaret
1247 555 1259 590 :
1300 537 1455 608 cuius
1491 538 1653 593 morti
1681 538 2143 608 consepeliretnur

542 630 593 683 in
629 628 923 701 baptismo,
952 638 1013 684 ut
1042 632 1142 703 ιι
1181 629 1235 683 in
1264 628 1583 685 :eteruitatis
1612 631 1774 684 vitam
1806 629 2139 695 rediremus;

541 721 668 775 dum
697 720 1032 793 regeneratio
1061 723 1126 776 ad
1158 723 1321 776 vitam
1353 737 1499 777 mors
1526 730 1670 778 esset
1690 737 1754 777 ex
1780 723 1886 776 vita
1907 764 1921 788 ,
1948 731 2000 778 et
2035 737 2142 777 mo-

540 814 741 870 rientes
782 814 929 868 vitiis
965 807 1366 869 immortalitati
1401 828 1845 878 renasceremur;
1892 813 2011 883 ipso
2044 826 2141 882 pro

536 907 692 961 nobis
729 921 795 961 ex
830 906 1237 962 immortalitate
1284 907 1581 972 moriente,
1621 916 1678 961 ut
1717 904 1783 960 ad
1818 904 2137 960 immortali-

537 1008 700 1054 tatem
744 1013 846 1054 una
887 1014 1010 1055 eum
1052 1015 1120 1057 eo
1155 1000 1516 1055 excitaremur
1552 1015 1619 1055 ex
1671 1009 1866 1054 morte.
1910 999 2138 1054 Carnem

535 1094 679 1148 enim
708 1090 787 1163 (ιι)
812 1093 1015 1162 peccati
1048 1093 1275 1164 recepit.
1307 1101 1362 1146 ut
1392 1093 1763 1162 assumptione
1794 1099 1993 1146 nostra:
2021 1105 2140 1144 car-

538 1184 624 1239 nis
656 1184 853 1241 delicta
888 1184 1148 1251 donaret,
1181 1184 1308 1240 dum
1342 1185 1462 1254 ejus
1491 1185 1552 1240 ﬁt
1587 1186 1856 1256 particeps
1889 1197 2139 1255 assump-

538 1280 716 1344 tione,
753 1295 857 1332 non
895 1280 1158 1344 crimine;
1201 1279 1387 1336 delens
1426 1294 1524 1350 per
1561 1286 1787 1333 mortem
1817 1279 2137 1333 sententiam

538 1374 749 1436 mortis,
781 1381 840 1428 ttt
866 1388 1001 1428 nova
1036 1373 1088 1428 in
1110 1388 1169 1429 se
1199 1374 1413 1441 generis
1436 1373 1605 1427 nostri
1632 1370 1910 1428 creatione
1931 1369 2141 1427 consti-

540 1466 802 1521 tutionem
845 1464 1049 1519 decreti
1096 1464 1387 1521 anterioris
1433 1464 1712 1529 aboleret;
1757 1463 1902 1518 cruci
1947 1477 2007 1518 se
2050 1460 2142 1533 ﬁgi

536 1561 876 1630 permittens,
910 1568 963 1613 ut
993 1557 1471 1613 maledictocrucis
1487 1556 1796 1613 oblitterata
1811 1554 1886 1627 (ὁ)
1906 1563 2141 1609 terrente

537 1653 897 1707 damnationis
924 1650 1210 1707 maledicta
1244 1652 1430 1721 ﬁgeret
1457 1650 1637 1704 omnia
1663 1667 1676 1703 :
1708 1648 1776 1703 ad
1807 1650 2054 1703 ultimum
2085 1649 2138 1702 in

539 1743 755 1799 homine
770 1743 980 1814 passus,
1005 1753 1065 1799 ut
1086 1752 1384 1815 potestates
1400 1741 1817 1808 dehonestaret;
1841 1740 1967 1794 dum
1995 1739 2140 1796 Deus

2250 549 2404 589 mens
2440 535 2637 606 spebus
2675 535 2787 589 suis
2822 536 2940 588 laeta
2981 533 3365 603 requieverat:
3402 534 3850 591 intercessionem

2247 629 2436 682 mortis
2485 627 2644 699 hujus
2691 641 2862 699 usque
2899 642 2965 682 eo
3004 642 3108 680 non
3144 636 3422 685 metuens.
3463 626 3566 699 12
3603 636 3660 681 ut
3691 628 3851 683 etiam

2244 728 2519 788 reputaret
2546 718 2621 792 (ι)
2644 718 2695 774 in
2720 719 2883 773 vitam
2922 718 3258 772 aeternitatis.
3290 715 3462 772 Vitam
3486 730 3668 773 autem
3694 717 3853 788 hujus

2245 810 2491 882 corporis
2522 810 2607 865 sui
2635 826 2741 865 non
2771 810 2930 866 modo
2963 828 3066 863 non
3097 810 3380 865 molestam
3405 809 3508 866 sibi
3536 821 3629 865 aut
3654 825 3855 882 (egrum

2246 901 2631 970 arbitrabatur,
2678 911 2737 957 ιιι
2782 918 2902 957 eam
2945 900 3086 972 quod
3123 902 3367 969 pueritia}
3415 904 3660 969 litteras,
3711 902 3858 974 quod

2246 995 2404 1063 aegris
2427 994 2770 1057 medicinam,
2796 994 2938 1065 quod
2967 992 3240 1063 naufragis
3265 1002 3529 1059 natatum,
3554 994 3697 1066 quod
3720 995 3856 1050 ado-

2245 1087 2578 1144 lescentibus
2618 1088 2993 1159 disciplinam,
3021 1084 3092 1159 (Ῑ)
3135 1087 3277 1158 quod
3313 1088 3557 1142 militiam
3589 1104 3712 1145 esse
3736 1104 3859 1145 cre-

2244 1180 2398 1238 deret
2439 1182 2782 1252 imperaturis
2813 1199 2825 1235 :
2858 1195 3040 1237 rermn
3079 1179 3288 1236 scilicet
3319 1181 3665 1249 praesentium
3712 1182 3855 1237 tole-

2244 1278 2500 1342 rantiam,
2530 1274 2597 1331 ad
2621 1273 2899 1346 praemium
2928 1273 3098 1329 beatae
3120 1273 3549 1328 immortalitatis
3572 1271 3859 1343 prolicien-

2246 1378 2376 1422 tem.
2416 1368 2554 1436 Quin
2583 1367 2743 1422 etiam
2773 1365 2857 1434 id,
2888 1365 3028 1437 quod
3064 1364 3167 1421 sibi
3212 1365 3501 1431 credebat,
3541 1375 3721 1422 tamen
3758 1383 3859 1437 per

2249 1461 2610 1515 ministerium
2643 1459 2880 1531 impositi
2913 1458 3202 1513 sacerdotii
3228 1459 3390 1514 etiam
3418 1462 3630 1527 caeteris
3661 1460 3859 1530 pratdi-

2245 1554 2429 1618 cabat,
2463 1570 2660 1610 munus
2702 1568 2859 1609 suum
2888 1554 2955 1609 ad
2986 1553 3225 1608 ofﬁcium
3269 1553 3500 1625 publica:
3540 1555 3732 1610 salutis
3756 1572 3855 1611 ex-

2243 1648 2495 1706 tendens.

2320 1743 2408 1798 15.
2445 1740 2821 1797 Htercticorum
2842 1742 3121 1814 ingenium.
3140 1770 3213 1784 -—
3231 1739 3339 1797 Sed
3366 1741 3507 1797 inter
3537 1741 3653 1799 haec
3680 1758 3853 1799 emer-

535 1838 833 1892 secundum
879 1836 1192 1907 Scripturas
1237 1836 1566 1903 moriturus,
1599 1845 1655 1891 et
1697 1834 1768 1906 (c)
1814 1835 1865 1889 in
1911 1833 1995 1889 his
2021 1835 2141 1888 vin-
2169 1840 2219 1904 Β
2245 1844 2432 1891 serunt
2474 1828 2757 1905 deSperata
2790 1835 2843 1889 in
2874 1850 3027 1900 sese,
3070 1842 3125 1888 et
3166 1848 3307 1888 steva
3355 1835 3408 1888 in
3450 1849 3643 1890 omnes
3673 1836 3853 1904 impie

535 1931 709 1985 centis
750 1931 802 1985 in
852 1945 912 1985 se
956 1928 1149 1984 ﬁducia
1199 1927 1592 1999 triumpharet;
1643 1927 1768 1983 dum
1824 1925 2143 1982 immortalis

535 2022 672 2091 ipse,
700 2037 877 2092 neque
907 2032 1083 2079 morte
1109 2021 1407 2078 vineendus
1430 2064 1445 2089 ,
1477 2037 1575 2092 pro
1605 2022 1950 2076 morientium
1983 2030 2140 2081 teter-

535 2117 702 2171 uitate
732 2125 1053 2172 moreretur.
1092 2117 1218 2173 llaec
1259 2129 1440 2188 itaque
1470 2117 1608 2171 ultra
1648 2126 1853 2171 natura!
1889 2116 2141 2171 humana:

532 2207 946 2279 intelligentiam
975 2224 1002 2261 a
1042 2210 1154 2266 Deo
1191 2220 1338 2279 geSta
1380 2224 1491 2263 non
1533 2212 1896 2264 succumbunt
1925 2223 2141 2263 rursum

534 2300 872 2356 naturalibus
903 2302 1162 2357 mentium
1196 2302 1482 2367 sensibus;
1512 2302 1635 2371 quia
1669 2300 1896 2356 infinita:
1924 2300 2143 2357 aeterni-

534 2392 658 2448 tatis
687 2395 934 2464 operatio
965 2394 1230 2450 inﬁnitam
1274 2394 1532 2449 metiendi
1569 2394 1749 2465 exigat
1774 2393 2085 2465 opinionem
2119 2411 2135 2448 :

534 2495 592 2540 ιιι
626 2502 747 2541 eum
794 2486 935 2541 Deus
975 2485 1171 2549 homo,
1198 2501 1323 2541 eum
1357 2486 1680 2541 immortalis
1709 2496 1987 2553 mortuus,
2016 2502 2140 2542 cum

534 2591 773 2635 {etei-nus
797 2581 1042 2648 sepultus
1058 2589 1176 2646 est,
1212 2595 1317 2634 non
1349 2580 1419 2634 sit
1440 2580 1814 2651 intelligentia:
1843 2581 2012 2647 ratio,
2045 2580 2142 2636 sed

534 2671 820 2743 potestatis
845 2672 1129 2741 exceptio;
1161 2672 1236 2727 ita
1267 2687 1480 2728 rursum
1509 2687 1540 2727 e
1566 2672 1843 2728 contrario
1872 2689 1978 2728 non
2013 2687 2140 2729 sen-

535 2779 661 2830 sus,
698 2765 795 2820 sed
835 2764 1051 2819 virtutis
1079 2764 1272 2819 modus
1302 2767 1375 2820 sit
1394 2806 1409 2831 ,
1450 2774 1506 2819 ut
1533 2765 1677 2820 Dens
1703 2780 1771 2821 ex
1802 2764 2020 2821 homine
2041 2809 2056 2831 ,
2082 2777 2144 2821 ut

531 2853 854 2910 immortalis
892 2870 960 2909 ex
1000 2865 1250 2920 mortuo,
1296 2864 1359 2911 ιιι
1396 2867 1636 2913 alemus
1680 2858 1753 2912 sit
1794 2871 1863 2912 ex
1904 2860 2138 2929 sepulto.

528 2948 910 3004 Coexeitamur
934 2962 1067 3019 ergo
1087 2963 1117 3001 a
1152 2949 1262 3004 Deo
1290 2947 1344 3003 in
1367 2945 1585 3004 Christo
1618 2963 1713 3018 per
1739 2959 1968 3005 mortem
1997 2950 2139 3020 ejus.

526 3039 636 3097 Sed
660 3040 789 3096 dum
820 3041 875 3096 in
908 3038 1129 3096 Christo
1161 3041 1443 3112 plenitudo
1469 3049 1556 3095 est
1594 3041 1924 3109 divinitatis,
1975 3042 2142 3100 habe-

532 3150 651 3189 mus
678 3144 735 3191 et
762 3135 1212 3207 signiﬁcationem
1242 3136 1334 3191 Dei
1378 3136 1548 3206 patris
1575 3151 1672 3193 nos
1699 3137 2059 3193 coexcitantis
2087 3139 2140 3193 in

2244 1930 2568 1985 temeritatis
2598 1930 2811 1999 ingenia
2842 1928 3067 2000 (supple,
3096 1926 3421 2000 hominum),
3453 1936 3729 1998 potentem
3756 1930 3849 1986 Dei

2242 2031 2491 2079 naturam
2520 2032 2728 2078 natura:
2755 2037 2866 2076 sine
2896 2020 3209 2077 inﬁrmitate
3227 2022 3623 2077 moderantinm
3644 2042 3655 2077 :
3679 2037 3854 2091 neque

2242 2124 2304 2170 ιιι
2330 2114 2431 2185 ipsi
2462 2130 2631 2186 usque
2662 2114 2730 2169 ad
2766 2115 3082 2168 inllnitatem
3112 2113 3368 2182 opinandi
3400 2114 3469 2171 de
3499 2114 3725 2171 inﬁnitis
3752 2132 3845 2171 re-

2245 2210 2351 2267 bus
2373 2221 2735 2280 emergerent,
2763 2209 2858 2264 sed
2887 2210 3027 2265 intra
3058 2207 3216 2264 linem
3249 2222 3441 2264 sensus
3462 2210 3542 2265 sui
3572 2209 3855 2265 indeﬁnite

2246 2304 2662 2370 concluderent;
2693 2312 2984 2375 essentque
3021 2303 3125 2358 sibi
3153 2303 3342 2358 arbitri
3379 2302 3686 2374 religionis,
3725 2318 3861 2359 cum

2246 2395 2528 2467 religionis
2554 2410 2691 2465 opus
2716 2394 2793 2468 (g)
2821 2395 3147 2451 obedientize
3173 2403 3321 2450 esset
3344 2394 3611 2461 omcium;
3642 2395 3733 2451 sui
3756 2396 3861 2449 im-

2247 2504 2539 2555 memores,
2567 2488 2874 2544 divinorum
2894 2487 3250 2559 negligentes,
3268 2500 3663 2558 praeceptorum
3682 2503 3863 2544 emen-

2248 2583 2492 2637 datores.

2323 2673 2414 2731 16.
2446 2673 2685 2730 Htereses
2730 2673 2849 2729 dure
2887 2673 3165 2745 principatu
3201 2672 3263 2729 de
3306 2671 3535 2743 Christo.
3571 2672 3791 2729 Sabellii
3815 2685 3861 2727 rt

2256 2769 2390 2824 Arii.
2417 2799 2490 2809 —
2518 2767 2651 2825 Nam
2681 2776 2740 2823 ut
2765 2768 2834 2824 de
2865 2768 3081 2823 cmtcris
3114 2766 3491 2822 haereticorum
3525 2767 3862 2822 stultissimis

2248 2864 2445 2919 Studiis
2471 2863 2695 2929 sileam,
2726 2862 2793 2917 de
2820 2862 3014 2932 quibus
3045 2869 3255 2928 tamen,
3286 2863 3366 2916 sic
3393 2859 3479 2916 ubi
3507 2861 3855 2916 occasionem

2249 2958 2518 3011 sermonis
2544 2955 2682 3012 ratio
2710 2956 3008 3027 prtebebit,
3040 2971 3148 3011 non
3173 2956 3508 3022 tacebimns;
3540 2954 3759 3025 quidam
3783 2955 3860 3027 (Ii)

2248 3048 2320 3103 ita
2343 3048 2670 3119 evangelicae
2701 3048 2822 3103 lidei
2849 3058 3205 3119 corrumpunt
3234 3059 3657 3115 sacramentum,
3682 3059 3739 3104 ut
3762 3049 3862 3105 sub

2246 3140 2411 3196 unius
2458 3142 2550 3195 Dei
2592 3140 2676 3206 pia
2714 3147 2924 3195 tantum
2971 3139 3311 3210 professione
3363 3140 3701 3196 nativitatem
3747 3141 3862 3195 uni-

531 3237 768 3294 mortuo,
796 3238 849 3283 et
870 3228 1151 3284 Christum
1180 3227 1366 3283 Jesum
1387 3245 1492 3283 non
1525 3229 1672 3284 aliud
1698 3244 1860 3300 quam
1892 3230 2059 3286 Deum
2082 3231 2138 3285 in
2167 3229 2214 3295 C
2243 3235 2413 3306 geniti
2442 3234 2537 3289 Dei
2564 3233 2867 3305 abnegent;
2900 3242 2957 3287 ut
2984 3242 3261 3304 protensm
3290 3233 3359 3287 sit
3387 3234 3568 3304 potius
3597 3234 3651 3287 in
3684 3232 3862 3287 homi-

531 3318 827 3375 divinitatis
852 3320 1188 3390 plenitudine
1216 3320 1606 3376 conﬁtendum.

602 3413 693 3469 14.
725 3410 918 3468 Christi
958 3413 1086 3482 ﬁdes
1116 3423 1163 3467 et
1202 3412 1386 3467 mortis
1415 3422 1608 3467 metum
1654 3423 1703 3468 et
1729 3413 1848 3469 vitae
1885 3414 2018 3470 tollit
2047 3427 2137 3473 ue-

606 3570 681 3643 (u)
714 3569 890 3645 Solus
914 3571 1037 3627 cod.
1082 3571 1424 3645 Victorinus,
1466 3573 1657 3645 peccati
1684 3581 1943 3645 etopertem
1973 3575 2091 3645 fecit
2119 3592 2142 3643 ,-

532 3659 691 3715 qnam
709 3643 1003 3699 lectiOuem
1027 3644 1363 3712 amplexatus
1387 3643 1474 3700 est
1491 3643 1629 3701 Lud.
1654 3643 1891 3709 Miratus,
1918 3643 2099 3715 inepte
2123 3664 2139 3701 :

534 3716 649 3788 \fnl-t
677 3718 877 3785 quippe
904 3724 1112 3769 tantum
1136 3715 1369 3769 Hilarius
1388 3716 1690 3788 Christum,
1726 3720 1776 3770 in
1809 3732 1972 3772 carne
1992 3719 2141 3788 ejus-

532 3786 655 3843 dem
702 3788 981 3842 nobiscum
1031 3797 1269 3851 naturae,
1302 3788 1482 3841 carnis
1521 3787 1717 3842 delicta
1765 3786 2033 3843 donasse.
2069 3789 2138 3846 Ut

528 3863 672 3933 enim
694 3858 852 3913 docet
871 3856 1237 3933 Tertullianus
1254 3858 1324 3913 de
1342 3873 1508 3914 carne
1527 3858 1728 3914 Christi
1753 3879 1805 3913 ιι.
1842 3860 1930 3924 16,
1955 3876 2135 3933 neque

532 3929 597 3985 ad
626 3933 961 4000 propositum
990 3928 1233 3996 Christi,
1266 3938 1546 3999 peccatum
1577 3933 1760 3987 carnis
1783 3928 2097 3988 evacuaturi
2119 3973 2136 3999 ,

531 4017 708 4072 neque
740 4002 807 4056 ad
835 4004 1062 4073 gloriam
1106 4005 1337 4067 iaceret,
1367 4017 1474 4056 non
1502 4003 1553 4055 in
1586 4018 1648 4056 ea
1680 4017 1843 4057 carne
1867 4018 2139 4061 evacnare

528 4073 656 4130 illud
678 4116 694 4138 .
727 4074 781 4128 in
812 4090 915 4145 qua
936 4083 1056 4130 erat
1084 4085 1275 4145 natura
1306 4073 1532 4143 peccati.
1566 4074 1700 4128 Tum
1728 4074 1940 4129 cuidam
1970 4076 2134 4131 Alex-

529 4144 700 4200 andro
727 4144 803 4201 sic
827 4143 1139 4217 argutanti:
1161 4143 1304 4217 Ergo
1329 4148 1376 4200 si
1400 4155 1628 4200 nostram
1656 4146 1845 4209 induit,
1875 4150 2139 4208 peccatrix

528 4218 627 4284 fuit
656 4232 775 4271 caro
819 4215 1061 4271 Christi:
1096 4215 1363 4282 Nostram,
1412 4218 1647 4283 reponit,
1695 4218 1939 4282 indttens,
1987 4236 2137 4273 suam

531 4289 689 4368 feeit;
717 4288 1126 4368 suantiaciens,
1174 4304 1276 4341 non
1319 4289 1651 4368 peccatricem
1689 4305 1799 4343 eam
1846 4291 1984 4359 fecit.
2037 4290 2133 4344 Hic

530 4358 691 4429 igitur
719 4359 854 4414 dixit
884 4358 1115 4413 Hilarius
1150 4361 1353 4427 peccati
1382 4374 1601 4413 carnem
1620 4400 1634 4420 .
1663 4376 1784 4429 qua:
1820 4358 1913 4429 per
1939 4377 2131 4429 pecca-

533 4440 676 4502 tores
706 4430 773 4484 ad
795 4430 1065 4502 Christum
1100 4444 1267 4500 usque
1295 4441 1583 4502 prepagata
1606 4442 1717 4492 est.
1750 4447 1893 4501 quin,
1925 4445 1985 4486 ιιι
2016 4434 2131 4486 latt-

532 4500 660 4554 dnto
696 4501 817 4557 loco
845 4500 1239 4573 Tertullianus,
1271 4500 1485 4573 genere,
1525 4519 1624 4555 non
1667 4500 1817 4566 vitio,
1850 4503 1977 4559 Adte
2005 4513 2127 4560 est:

532 4573 657 4646 dum
688 4574 805 4627 scil.
831 4572 1100 4641 Christus,
1126 4582 1183 4628 ιιι
1212 4572 1296 4646 hic
1318 4574 1488 4646 habet
1508 4572 1766 4646 Hilarius,
1791 4575 1901 4645 ejus
1921 4576 1980 4646 ﬁt
2003 4592 2128 4645 par—

532 4645 689 4713 ticeps
707 4645 1073 4716 assumptione,
1090 4660 1191 4699 non
1212 4645 1444 4698 crimine.
1466 4644 1641 4713 Quare
1666 4644 1869 4716 frustra
1891 4644 1943 4701 in
1964 4648 2131 4702 limbo

534 4706 691 4770 unius
716 4731 814 4770 ius.
842 4706 994 4770 Coll).
1027 4706 1133 4770 non
1156 4731 1315 4770 nemo
1337 4706 1635 4781 annotavit,
1664 4713 1883 4771 Carnem
1912 4719 2128 4786 peccati,
2158 4706 2211 4768 ί)

531 4796 678 4842 caute
703 4789 831 4859 lege.
858 4786 1039 4854 Alias,
1076 4798 1197 4857 puta
1220 4788 1257 4842 ι.
1295 4787 1442 4859 xdde
1491 4786 1719 4855 Trinit.,
1756 4806 1903 4843 num.
1936 4790 2031 4855 25,
2064 4791 2133 4847 de

529 4859 717 4933 eadem
735 4857 934 4933 Christi
951 4875 1117 4933 carne
1137 4859 1288 4923 dicit,
1314 4857 1495 4933 eque
1509 4875 1629 4933 caro
1648 4861 1744 4914 illa
1763 4877 1882 4915 caro
1912 4864 2129 4933 peccati,

528 4930 934 5057 sedassimilitudo
960 4930 1131 4985 carnis
1172 4931 1387 5001 peccati.
1432 4930 1569 4986 Vide
1612 4939 1770 4988 tract.
1806 4930 2128 5004 ps.”t.xm,

532 5019 587 5056 ιι.
701 5043 715 5056 .

532 5019 587 5056 ΙΙ.
622 5019 715 5056 ἷιέ).

601 5092 677 5164 (b)
707 5091 763 5166 In
790 5094 964 5151 tribus
993 5109 1128 5149 mss.
1158 5105 1372 5149 terrenae
1398 5095 1791 5150 maledictionis.
1823 5095 1878 5150 In
1912 5094 2131 5166 Remig.

527 5164 718 5228 Corb.,
738 5164 961 5231 Pratei.,
979 5177 1111 5232 etc.,
1133 5176 1347 5222 terrenae
1362 5167 1747 5223 dominationis.
1769 5164 2131 5223 Retinendum

529 5251 779 5307 putamus
805 5254 926 5291 cum
959 5239 1202 5309 pluribus
1233 5240 1354 5292 aliis
1373 5282 1387 5303 ,
1423 5249 1639 5294 tenente
1663 5238 2046 5301 damnationis;
2076 5249 2135 5295 ut

526 5310 598 5363 sit
616 5310 810 5364 aiiusio
840 5310 905 5363 ad
934 5311 1259 5365 sententiam
1288 5325 1445 5380 quam
1475 5311 1638 5367 homo
1668 5311 1952 5369 damnatus
1977 5326 2135 5367 acceo

526 5382 639 5446 pit,
678 5380 838 5436 Terra
867 5399 947 5449 es,
982 5391 1029 5436 et
1055 5382 1109 5436 in
1138 5390 1329 5436 terram
1357 5383 1471 5441 ibis.

602 5470 673 5543 (c)
704 5471 832 5528 Sex.
858 5488 990 5529 mss.
1020 5489 1126 5529 non
1158 5482 1338 5531 tamen
1369 5474 1643 5547 potiores,
1674 5475 1729 5530 in
1764 5475 1846 5529 liis
1870 5475 2134 5531 uincendi:

532 5543 585 5595 in
616 5560 670 5597 se
697 5560 815 5600 cum
845 5547 1057 5616 ﬁducia.
1372 5543 1390 5547 “
1616 5560 1619 5563 ‘

605 5634 683 5711 (d)
709 5638 941 5711 Exeusi,
972 5642 1175 5696 conscia
1209 5660 1221 5696 :
1256 5638 1649 5711 refragantibus
1669 5655 1808 5695 'mss.

532 5706 861 5835 "iii-3"“
887 5713 1061 5768 θοδεπ
1093 5714 1302 5786 W8-
1331 5706 1455 5769 οισῖη
1480 5711 1935 5779 Mannum»:
1960 5722 2123 5770 mm

602 5851 672 5925 (Γ)
698 5852 1020 5912 Particulam
1043 5856 1181 5927 quod
1212 5856 1299 5914 bic
1336 5857 1390 5914 in
1418 5855 1646 5928 vulgatis
1673 5857 1931 5915 omissam
1966 5858 2125 5915 resti-

2246 3341 2404 3392 netn,
2433 3340 2595 3392 quam
2632 3324 2920 3380 descensio
2945 3330 2969 3378 :’
3004 3339 3179 3395 neque
3223 3332 3279 3378 ut
3309 3323 3401 3395 qui
3443 3324 3583 3379 ﬁlius
3625 3323 3861 3381 hominis

2249 3417 2548 3475 secundum
2580 3425 2821 3489 tempora
2850 3425 3145 3488 assumpta:
3174 3418 3355 3474 carnis
3382 3416 3503 3484 fuit,
3529 3417 3670 3474 idem
3698 3429 3856 3476 antea

2250 3576 2455 3629 luimus
2475 3589 2538 3628 ex
2557 3587 2690 3628 mss.
2717 3572 2790 3627 Ita
2816 3572 2931 3628 hinc
2952 3573 3254 3645 intelligere
3268 3584 3372 3639 est,
3393 3574 3547 3645 quasi
3566 3575 3855 3645 legeretur,

2251 3657 2309 3702 ut
2336 3664 2447 3700 eam
2468 3688 2482 3711 ,
2520 3645 2749 3715 quamvis
2773 3646 2930 3700 tantis
2958 3646 3236 3716 angoribus
3268 3647 3590 3716 afﬂictatam,
3630 3650 3860 3704 crederet

2248 3734 2380 3783 esse,
2412 3721 2547 3789 quod
2577 3717 2812 3789 pueritite
2835 3717 3050 3781 litteras,
3073 3728 3180 3772 etc.

2321 3789 2401 3860 (g)
2426 3790 2498 3844 Ita
2520 3788 2646 3842 Par.
2671 3804 2792 3842 cum
2821 3789 3212 3858 antiquioribus
3234 3804 3364 3844 mss.
3395 3789 3465 3844 At
3500 3789 3628 3844 Bad.
3681 3790 3779 3845 Er.
3804 3799 3862 3847 et

2247 3859 2399 3931 Lips.
2432 3876 2553 3932 cum
2586 3860 2739 3924 aliis,
2765 3860 2970 3932 ingsolo
3006 3860 3308 3932 obedientite
3352 3872 3480 3915 esset
3524 3861 3724 3932 ofﬁcio.
3762 3863 3860 3918 Hic

2244 3930 2661 3987 commendatur
2691 3930 2995 3986 obedientia
3039 3931 3190 3997 ﬁdei,
3237 3935 3304 3987 de
3341 3948 3443 4002 qua
3473 3930 3607 3987 intra
3642 3951 3699 3987 ιι.
3749 3935 3819 3989 37
3844 3953 3859 3990 :

2242 4002 2402 4059 Ultra
2419 4003 2707 4057 naturalem
2730 4002 3023 4071 opinionem
3039 4002 3162 4072 fidei
3178 4003 3467 4059 obedientia
3480 4020 3580 4059 nos
3602 4005 3859 4073 provehit.

2318 4073 2401 4147 (lt)
2434 4074 2562 4129 Haec
2586 4073 2817 4129 Nectum
2836 4113 2854 4140 ,
2875 4074 3171 4147 APraxeam,
3201 4086 3256 4130 et
3280 4075 3672 4147 Hermogenem
3702 4092 3866 4146 spee-

2242 4144 2395 4211 tant,
2435 4148 2677 4220 mortisue
2703 4144 3156 4220 vero‘Sabellium
3179 4186 3196 4209 ,
3227 4149 3352 4220 qui.
3387 4159 3445 4201 ut
3473 4144 3620 4220 notat
3642 4144 3862 4220 Augus-

2246 4220 2391 4271 tinus
2417 4218 2482 4272 de
2505 4217 2710 4272 Haeres.
2744 4217 2808 4287 ad
2833 4215 3292 4283 Quodvultdenm,
3315 4219 3380 4271 iis
3401 4219 3596 4287 quibus
3616 4215 3859 4276 consen-

2245 4291 2454 4355 tiebat,
2486 4288 2717 4345 subinde
2757 4286 2932 4343 factus
2973 4298 3060 4343 est
3098 4291 3367 4356 famasior.
3417 4286 3590 4357 Hujus
3630 4290 3859 4348 iuet-esis

2243 4375 2459 4415 rursum
2481 4362 2770 4428 esponitur
2798 4360 2892 4414 lib.
2919 4359 2985 4413 de
3015 4358 3221 4430 Synod.
3252 4377 3307 4414 ιι.
3334 4358 3438 4416 4-5:
3468 4362 3694 4429 Quidam
3719 4366 3860 4418 enim

2241 4430 2357 4484 ausi
2382 4442 2502 4505 sunt
2526 4430 2876 4505 imtasctbilem
2908 4430 3078 4505 Deum
3117 4448 3276 4505 usque
3301 4433 3373 4486 ad
3397 4446 3627 4487 sanctam
3679 4433 3858 4505 Virgi-

2244 4518 2360 4556 nem
2388 4502 2685 4557 substantia!
2716 4503 3018 4557 dilatatione
3048 4504 3348 4570 pretendere
3367 4547 3380 4563 .
3413 4516 3465 4558 ιιι
3508 4505 3727 4559 latitudo
3768 4502 3861 4561 de-

2243 4573 2397 4626 ducta
2425 4576 2647 4643 quodam
2676 4584 2877 4628 natura:
2898 4589 3009 4629 sua:
3025 4584 3192 4630 tractu
3211 4592 3572 4644 assumensque
3597 4577 3860 4631 hominem

2242 4644 2384 4718 [ilius
2417 4656 2825 4718 nuncuparetur,
2853 4662 3010 4716 neque
3038 4644 3209 4718 Filius
3234 4659 3352 4701 ante
3379 4650 3569 4702 alecula
3594 4650 3861 4718 perfectus

2237 4714 2388 4772 Deus
2419 4714 2606 4782 natus,
2635 4716 2775 4789 idem
2802 4714 2976 4785 postea
3001 4728 3047 4771 et
3065 4715 3219 4771 homo
3240 4729 3395 4772 natus
3425 4720 3512 4773 sit.
3544 4714 3858 4789 Utrumque

2242 4789 2392 4843 illum
2425 4789 2599 4844 locum
2624 4788 2857 4844 illustrat
2882 4789 3243 4857 Epiphanius,
3266 4806 3374 4859 quo
3398 4801 3533 4845 teste
3556 4790 3691 4846 hair.
3718 4788 3856 4859 uti,

2244 4876 2302 4912 ιι.
2331 4862 2382 4929 l,
2406 4860 2683 4915 asserebat
2703 4860 2993 4921 Sabellius,
3020 4859 3217 4914 Filium
3245 4862 3379 4915 radii
3406 4865 3459 4915 in
3478 4878 3669 4917 morem
3691 4864 3856 4917 canis-

2240 4948 2379 4997 sum,
2411 4932 2603 4994 omnia,
2634 4948 2746 5002 qua:
2774 4934 2842 4985 ad
2872 4930 3137 5001 Evangelii
3162 4942 3210 4986 et
3237 4933 3475 4987 [mutante
3501 4934 3683 4988 statutis
3723 4950 3856 5002 pro-

2240 5004 2561 5076 curationem
2588 5005 2889 5069 attinerent,
2922 5004 2973 5056 in
3004 5007 3099 5057 hoc
3126 5004 3319 5057 mundo
3346 5006 3671 5073 praestitisse;
3697 5017 3864 5076 atque

2243 5072 2317 5126 ita
2346 5077 2398 5128 in
2420 5076 2603 5129 ctutum
2628 5076 2840 5130 rediisse
2858 5114 2874 5138 ,
2900 5076 3329 5145 quemadmodum
3348 5072 3407 5130 iis
3434 5077 3520 5146 qui
3548 5095 3578 5129 a
3603 5078 3710 5131 sole
3740 5072 3864 5131 nia-

2245 5146 2387 5200 navit
2426 5147 2605 5200 radius
2646 5149 2698 5201 in
2734 5148 2967 5200 eumdem
3008 5156 3183 5217 postea
3210 5148 3524 5214 refunditur.
3565 5149 3864 5216 Quomodo

2243 5229 2425 5288 autem
2471 5219 2552 5273 sol
2592 5218 2745 5273 radio
2776 5220 2828 5271 in
2870 5230 3039 5271 terras
3078 5219 3417 5287 protenditur
3465 5224 3640 5286 potius
3684 5235 3858 5288 quam

2242 5287 2547 5352 descendit,
2580 5290 2652 5345 ita
2679 5289 2769 5345 Dei
2795 5292 2846 5342 itt
2878 5288 3159 5360 Virginem
3183 5292 3581 5357 protensionem
3614 5287 3856 5359 tantum,

2249 5375 2353 5413 non
2397 5362 2804 5416 descensionem
2836 5359 3075 5416 admisit.
3123 5359 3276 5414 Haud
3316 5363 3474 5418 aliter
3501 5365 3669 5418 sensit
3703 5361 3865 5418 Mar-

2242 5432 2417 5485 cellus
2443 5430 2788 5488 Theodoreto
2817 5442 2975 5495 teste,
3010 5431 3100 5502 qui
3134 5431 3203 5502 de
3231 5448 3297 5487 eo
3330 5448 3378 5500 pi
3394 5432 3507 5488 odit
3534 5435 3628 5488 lib.
3658 5449 3695 5488 ιι
3727 5433 3867 5488 Βιθ-

2245 5510 2349 5557 ret.
2386 5504 2491 5557 fab.
2527 5521 2539 5555 :
2577 5502 2795 5557 Prorsus
2834 5501 3140 5558 existimavit
3172 5501 3471 5560 Trinitatem
3502 5506 3699 5559 extendi
3721 5521 3868 5560 con-

2247 5575 2442 5627 traltive
2467 5590 2560 5643 pro
2588 5576 2984 5629 wconomiarum
3015 5585 3060 5628 et
3083 5575 3410 5629 consiliorum
3442 5578 3726 5632 diversitate
3749 5594 3773 5643 ;
3795 5589 3868 5634 el.

2234 5650 2400 5713 paulo
2424 5656 2550 5701 ante
2579 5665 2591 5699 :
2630 5646 2987 5700 Extonsionem
3018 5648 3296 5712 quamdam
3335 5648 3621 5703 divinitatis
3669 5647 3861 5705 Patris

2236 5719 2292 5770 in
2311 5716 2570 5772 Christum
2591 5718 2785 5771 uenisse
2812 5718 2965 5782 dixit,
2994 5727 3043 5772 et
3072 5720 3203 5772 lianc
3227 5717 3388 5773 Deum
3424 5719 3643 5775 Verbum
3660 5723 3867 5787 appel-

2234 5786 2363 5841 lavit
2397 5805 2416 5843 :
2445 5799 2654 5857 peracta
2680 5798 2849 5844 autem
2879 5789 3116 5844 universa
3140 5792 3423 5846 teconomia
3448 5807 3631 5849 rursus
3658 5786 3867 5851 attrac-

2233 5871 2345 5915 tam
2368 5876 2477 5916 esse
2506 5877 2859 5933 reversumque
2886 5864 2953 5917 ad
2978 5859 3145 5916 Deum
3170 5878 3233 5917 ea:
3257 5878 3356 5935 quo
3375 5876 3586 5921 extensa
3611 5863 3729 5936 fuit.
