4040 6328
170 354 238 416 '57
1385 348 1474 407 ne
1504 344 1904 417 'l‘RlNlTA'l‘E,
1931 330 2134 413 Libra
2171 346 2213 403 ι.
3400 333 3471 401 ss

168 484 380 540 semper
411 467 572 525 {tuerit
600 475 761 541 atque
789 467 862 525 sit
883 465 1029 524 lilius
1058 467 1193 524 Dei:
1231 479 1301 523 ne
1336 466 1389 521 in
1417 480 1485 522 eo
1517 464 1770 521 nativitas
1797 469 1851 531 Α
1876 461 2099 517 minlsse
2137 466 2354 532 oportet
2383 466 2720 516 terrenarum
2750 458 3011 515 mentium
3042 456 3286 514 inﬁrmas
3320 458 3483 527 atque

168 565 260 620 Dei
289 566 381 629 sit,
407 563 501 619 sed
532 579 598 619 ex
624 564 815 619 eodem
850 563 991 619 idem
1019 564 1125 629 sit;
1156 571 1213 616 ut
1242 562 1401 615 unius
1432 560 1560 625 Dei,
1592 568 1648 613 ιιι
1675 574 1773 628 pu-
1875 552 2174 609 imbecillas
2202 552 2485 623 opiniones
2514 567 2637 608 esse
2666 550 2998 621 objiciendus
3021 592 3035 617 ,
3065 558 3119 605 et
3153 563 3344 604 omnes
3376 548 3481 602 itu-

165 668 302 724 tant,
324 656 688 713 inviolabilem
717 657 877 713 ﬁdem
902 654 980 730 (tt)
1006 656 1177 711 series
1198 670 1262 710 ex
1285 653 1460 708 solido
1479 653 1532 709 in
1552 667 1769 709 carnem
1875 644 2129 715 perfectae
2169 644 2460 699 sententiae
2507 644 2786 713 angustias
2834 644 3082 714 religiosa
3113 640 3354 697 discendi
3386 654 3483 706 ex-

165 749 396 806 deducra
438 758 759 815 conservet,
806 748 936 804 dum
982 762 1150 819 usque
1194 746 1261 800 ad
1306 746 1567 816 virginem
1614 744 1774 800 Pater
1876 738 2210 809 spectatione
2238 737 2518 793 laxandas.
2565 736 2728 792 Novis
2754 737 2899 791 enim
2940 737 3241 809 regenerati
3286 733 3488 805 ingenii

1876 830 2126 887 sensibus
2154 845 2292 901 opus
2313 839 2418 895 est,
2449 840 2506 885 ut
2548 844 2991 900 unumquemque
3019 830 3354 886 conscientia
3390 842 3489 884 sua

1878 924 2174 978 secundum
2211 922 2452 979 caelestis
2497 921 2721 993 originis
2771 936 2965 978 munus
3009 923 3298 978 illuminet.
3330 922 3492 980 Stan-

1877 1014 2002 1069 dum
2033 1016 2213 1086 itaque
2243 1031 2339 1086 per
2372 1013 2531 1070 ﬁdem
2563 1023 2692 1070 ante
2731 1025 2835 1080 est,
2866 1023 2926 1069 ut
2961 1022 3182 1070 sanctus
3223 1013 3491 1071 Jeremias

1878 1109 2130 1165 admonet
2155 1109 2335 1184 (χχιιι,
2366 1108 2484 1183 92),
2508 1108 2589 1183 (Ιι)
2618 1110 2668 1164 in
2698 1107 2997 1166 substantia
3032 1108 3127 1165 Dei
3147 1128 3159 1163 :
3182 1117 3240 1163 ut
3265 1108 3333 1164 de
3363 1109 3490 1165 sub-

1877 1201 2073 1256 stantia
2092 1202 2501 1270 Deiauditurus,
2518 1217 2739 1258 sensum
2763 1216 2919 1258 suum
2945 1200 3014 1257 ad
3038 1200 3143 1275 14
3160 1216 3222 1257 ea
3244 1217 3364 1271 quae
3397 1200 3490 1257 Dei

1878 1297 2200 1353 substantiae
2226 1298 2335 1353 sint
2363 1297 2524 1370 digna
2568 1276 2915 1360 moderetur;
2964 1298 3280 1352 moderetur
3306 1302 3491 1350 autem

1880 1404 1989 1445 non
2029 1390 2212 1462 aliquo
2252 1391 2419 1448 modo
2460 1390 2821 1463 intelligendi,
2868 1392 2963 1447 sed
3009 1389 3296 1447 inﬁnitate.
3349 1389 3491 1458 Quin

1879 1483 2041 1538 etiam
2072 1484 2327 1540 conscius
2352 1483 2458 1540 sibi
2497 1484 2694 1547 divinat
2719 1498 2779 1540 se
2806 1492 3012 1538 naturas
3044 1481 3395 1553 participem,
3436 1489 3495 1536 ut

1879 1576 2073 1633 beatus
2116 1578 2397 1648 apostolus
2444 1578 2636 1633 Petrus
2681 1579 2735 1634 in
2782 1576 3013 1650 epistola
3064 1591 3162 1632 sua
3207 1576 3379 1630 altera
3416 1575 3495 1630 ait

1880 1665 2021 1741 (cap.
2054 1684 2114 1733 tt.
2148 1668 2262 1742 14),
2296 1668 2549 1727 effectum
2592 1669 2759 1726 fuisse
2782 1706 2799 1734 .
2846 1670 2942 1726 Dei
2986 1678 3233 1725 naturam
3262 1682 3368 1724 non
3399 1683 3496 1723 na-

1875 1770 2011 1819 tune
2035 1780 2148 1820 suze
2178 1765 2387 1836 legibus
2416 1765 2693 1834 metiatur,
2738 1766 2832 1822 sed
2873 1765 3091 1822 divinas
3117 1764 3494 1837 professiones

1803 1870 1851 1940 Β
1877 1857 2174 1912 secundum
2222 1858 2681 1929 magnificentiam
2724 1860 2924 1915 divinae
2955 1859 3020 1914 de
3048 1874 3108 1915 se
3142 1859 3493 1930 protestatio—

1878 1948 1963 2001 nis
1994 1949 2282 2018 expendat.
2308 1949 2564 2021 Optimus
2590 1952 2735 2007 enim
2768 1951 2939 2007 lector
2968 1961 3073 2017 est,
3108 1952 3198 2021 qui
3221 1948 3489 2005 dictorum

1879 2030 2285 2111 intelligentiam
2320 2053 2601 2113 exspectet
2627 2059 2694 2100 ex
2724 2043 2882 2100 dictis
2912 2045 3090 2114 potius
3117 2058 3276 2113 quam
3316 2042 3493 2113 impo-

1882 2139 1993 2196 nat,
2026 2143 2079 2187 et
2102 2134 2347 2189 retulerit
2374 2138 2544 2206 magis
2572 2152 2732 2207 quam
2765 2136 3028 2201 attulerit,
3055 2138 3231 2206 neque
3255 2144 3416 2206 cogat
3440 2133 3496 2190 id

1885 2210 2056 2278 videri
2108 2220 2268 2280 dictis
2311 2228 2601 2295 contineri,
2649 2226 2791 2298 quod
2839 2235 2966 2283 ante
3019 2227 3309 2285 lectionem
3358 2241 3501 2299 pra:-

1880 2316 2177 2386 sumpserit
2198 2317 2629 2390 intelligendum.
2650 2320 2782 2375 Cum
2807 2320 2985 2391 itaque
3005 2320 3073 2377 de
3094 2319 3257 2377 rebus
3279 2320 3373 2377 Dei
3395 2320 3500 2377 erit

1881 2421 2090 2476 sermo,
2124 2410 2489 2468 concedamus
2529 2413 2895 2483 cognitionem
2927 2413 3010 2469 sui
3044 2413 3156 2470 Deo
3179 2451 3196 2481 ,
3229 2411 3500 2484 dictisque

1881 2498 1999 2572 ejus
2030 2502 2115 2573 pia
2146 2504 2497 2561 veneratione
2539 2504 2885 2562 famulemur.
2936 2506 3169 2563 Idoneus
3210 2506 3354 2562 enim
3393 2505 3499 2562 sibi

1883 2595 2037 2652 testis
2055 2607 2163 2663 est,
2186 2596 2281 2668 qui
2310 2598 2412 2654 nisi
2438 2614 2532 2668 per
2553 2612 2612 2655 se
2636 2599 2886 2670 cognitus
2914 2615 3020 2656 non
3050 2611 3153 2657 eSt.

1956 2688 2044 2744 i9.
2066 2687 2397 2760 Comparalio
2413 2692 2482 2746 ad
2497 2692 2671 2748 divina
2686 2693 2834 2747 nulla
2853 2701 2926 2748 est
2956 2690 3352 2764 perfecta.--Si
3380 2707 3490 2764 qua

1883 2796 2014 2836 vero
2042 2796 2140 2836 nos
2165 2780 2233 2837 de
2256 2790 2449 2838 natura
2480 2783 2573 2839 Dei
2601 2794 2653 2839 et
2679 2785 2962 2840 nativitate
2993 2794 3313 2851 tractantes,
3346 2798 3497 2838 conr-

1885 2873 2231 2943 parationum
2280 2875 2528 2946 exempla
2572 2874 2866 2934 afferemus
2891 2917 2907 2944 ,
2941 2890 3101 2932 nemo
3125 2893 3187 2933 ea
3221 2874 3499 2934 cxisumet

1885 2965 2148 3020 absoluta:
2171 2966 2223 3020 in
2253 2980 2313 3021 se
2335 2969 2562 3024 ratiunis
2583 2967 2969 3038 perfectionem
3000 2969 3307 3025 continere.
3336 2969 3501 3025 Com-

179 3079 339 3120 unum
360 3065 530 3120 Deum
559 3065 681 3120 ﬁdei
712 3074 1111 3121 sacramentum
1144 3064 1446 3134 relinquat;
1477 3064 1601 3135 quia
1641 3065 1786 3118 nati.
1886 3058 2095 3126 paratio
2121 3059 2267 3113 enim
2302 3068 2642 3115 terrenorum
2671 3060 2740 3117 ad
2771 3062 2935 3115 Deum
2965 3064 3110 3116 nulla
3141 3071 3262 3117 est:
3294 3060 3392 3115 sed
3421 3062 3506 3115 in—

181 3161 314 3215 ritas
367 3159 461 3215 Dei
501 3168 652 3215 extra
690 3158 854 3215 unius
886 3159 979 3215 Dei
1011 3158 1173 3215 lidem
1218 3158 1535 3229 religionem
1574 3164 1787 3228 protra-
1822 3190 1825 3191 ν
1887 3150 2115 3208 firmitas
2144 3160 2347 3209 nostra;
2376 3152 2759 3225 intelligentia:
2787 3156 2937 3224 cegit
2980 3142 3216 3225 species.
3239 3153 3504 3227 quasdam

183 3253 770 3325 liatte)coulitentum.
805 3252 912 3309 Sed
958 3266 1059 3307 nos
1101 3251 1280 3307 edocti
1317 3250 1575 3306 divinitus
1609 3266 1786 3321 neque
1811 3274 1857 3338 ρ
1891 3258 1958 3298 cx
2005 3243 2373 3314 inferioribus,
2424 3256 2697 3317 tamquam
2742 3245 3083 3318 superiorum
3113 3245 3323 3303 indices
3349 3262 3504 3317 quae-

165 849 484 912 protensus,
512 841 630 912 ipse
654 841 755 896 sibi
785 850 943 896 natus
978 841 1079 913 13
1101 842 1172 895 sit
1196 838 1250 894 in
1282 838 1474 894 ﬁlium.
1513 837 1618 894 Alii
1643 850 1774 893 vero

165 931 325 1003 (quia
365 932 513 988 salus
556 932 702 987 nulla
742 933 863 989 sine
890 931 1113 988 Christo
1139 930 1238 998 sit,
1283 931 1375 1001 qui
1414 930 1466 985 in
1508 929 1774 1000 principio

160 1025 307 1095 apud
337 1027 645 1083 Deumerat
667 1027 807 1081 Deus
826 1025 1109 1093 Verbum),
1133 1025 1465 1079 nativitatem
1491 1030 1787 1093 negantes,-

161 1121 493 1177 creationem
525 1119 695 1175 solam
727 1119 969 1191 professi.
988 1127 1117 1173 sunt
1146 1135 1160 1171 :
1194 1132 1263 1173 ne
1292 1116 1545 1171 nativitas
1576 1115 1775 1170 verita—

161 1220 272 1268 tem
307 1212 400 1267 Dei
430 1210 768 1276 admitteret,
798 1209 875 1285 (ὁ)
922 1210 1021 1265 sed
1051 1211 1257 1265 creatio
1286 1208 1575 1264 falsitatem
1606 1207 1773 1262 doce-

159 1312 277 1370 ret,
318 1318 441 1373 qua:
469 1304 597 1359 dum
629 1304 987 1360 ementiretur
1026 1303 1082 1359 in
1121 1317 1321 1374 genere
1359 1300 1433 1375 (c)
1484 1299 1575 1356 Dei
1615 1301 1776 1356 unius

160 1396 353 1462 fidem,
382 1412 489 1450 non
513 1395 899 1451 cxcluderetin
919 1406 1295 1450 sacramento:
1316 1394 1411 1448 sed
1436 1392 1772 1447 nativitatem

159 1505 347 1545 rerum
381 1488 584 1544 nomini
625 1503 689 1544 ac
716 1487 840 1545 ﬁdei
870 1488 1162 1544 creationis
1205 1488 1286 1559 (ά)
1326 1486 1713 1557 subjicientcs,
1742 1499 1781 1541 ιι

162 1585 397 1639 veritate
421 1584 578 1638 unius
602 1582 697 1638 Dei
725 1583 1083 1654 separabilem
1109 1598 1232 1638 eum
1252 1581 1516 1647 facerent,
1534 1589 1595 1636 ut
1620 1595 1776 1637 crea-

161 1675 241 1730 tio
269 1675 705 1743 substitutionis,
751 1676 1139 1746 perfectionem
1178 1675 1280 1731 sibi
1322 1673 1620 1730 divinitatis
1662 1688 1771 1729 non

159 1778 471 1837 usurparet,
502 1784 661 1839 quam
691 1768 936 1825 veritatis
964 1769 1215 1825 nativitas
1238 1780 1344 1824 non
1374 1766 1635 1825 dedisset.

238 1945 325 2000 i7.
356 1944 515 2002 Fides
537 1962 653 2002 uera
680 1956 861 2003 contra
888 1956 1157 2017 utrumque
1183 1956 1287 2001 toto
1309 1948 1404 2001 hoc
1426 1962 1582 2017 opere
1607 1946 1770 2001 stabi-

161 2041 358 2097 lienda.
413 2071 487 2083 -—
522 2042 725 2097 Horum
777 2042 941 2111 igitur
985 2041 1158 2096 furori
1188 2041 1520 2110 respondere
1561 2039 1774 2096 animus

161 2135 406 2190 exarsit:
431 2135 681 2190 recolens
708 2134 809 2189 hoc
830 2134 914 2190 vel
940 2135 1212 2205 praecipue
1238 2132 1342 2188 sibi
1362 2135 1602 2196 salutare
1627 2148 1774 2201 esse,

163 2243 281 2283 non
308 2228 483 2285 solum
512 2227 565 2283 in
597 2229 762 2284 Deum
817 2227 1138 2293 credidisse,
1168 2226 1262 2282 sed
1302 2227 1466 2282 etiam
1522 2227 1575 2282 in
1606 2227 1776 2283 Deum

160 2330 415 2392 patrem;
449 2336 625 2391 neque
666 2322 719 2376 in
757 2319 977 2376 Christo
1009 2328 1217 2375 tantum
1263 2334 1535 2390 sperasse,
1582 2320 1677 2376 sed
1724 2320 1777 2375 in

160 2413 387 2468 Christo
418 2412 512 2468 Dei
564 2413 708 2481 filio;
755 2427 932 2483 neque
982 2413 1034 2467 in
1085 2421 1355 2480 creatura,
1410 2412 1505 2467 sed
1554 2412 1608 2468 in
1667 2412 1779 2467 Deo

160 2517 418 2562 creatore
441 2520 509 2561 ex
538 2505 652 2561 Deo
689 2515 840 2561 nato.
872 2506 1102 2561 Maxime
1140 2520 1270 2576 ergo
1316 2519 1671 2576 properamus
1710 2519 1781 2561 ex

163 2598 502 2670 prepheticis
562 2608 725 2671 atque
778 2599 1106 2671 evangelicis
1160 2599 1445 2671 praeconiis
1500 2600 1778 2656 vesaniam

165 2707 362 2748 eorum
405 2690 877 2764 ignorantiamque
920 2691 1277 2761 confundere,
1329 2693 1422 2765 qui
1471 2693 1573 2750 sub
1621 2694 1782 2749 unius

168 2784 288 2853 Dei,
338 2786 454 2841 sola
504 2800 638 2842 sane
678 2786 794 2841 utili
833 2802 899 2842 ac
948 2785 1201 2858 religiosa
1230 2786 1638 2857 praedicatione,
1687 2798 1784 2843 aut

172 2879 344 2937 Deum
371 2890 554 2936 natum
585 2879 863 2936 Christum
891 2888 1109 2951 negant,
1139 2890 1231 2935 aut
1260 2894 1449 2936 verum
1478 2881 1643 2936 Deum
1674 2897 1781 2937 non

174 2987 295 3029 esse
318 2972 691 3038 contendunt;
740 2981 798 3028 ut
836 2973 1042 3028 creatio
1081 2970 1322 3043 potentis
1347 2981 1613 3028 creaturze
1640 2972 1783 3028 intra

177 3343 320 3400 duos
349 3345 480 3399 deos
506 3344 802 3413 praedicare
842 3358 1017 3414 neque
1062 3343 1260 3409 solum,
1312 3341 1451 3397 hanc
1487 3341 1786 3413 evangelici

179 3453 244 3493 ac
274 3435 578 3507 prophetici
607 3436 859 3504 praeconii
890 3436 1157 3509 rationem
1205 3436 1259 3489 in
1303 3432 1646 3490 confessione
1688 3432 1785 3488 Dei

177 3532 353 3602 patris
377 3541 431 3586 et
454 3529 549 3585 Dei
572 3530 663 3585 lilii
694 3530 762 3602 (f)
793 3529 1111 3595 alferemus,
1142 3539 1199 3584 ut
1231 3544 1396 3585 unum
1436 3529 1491 3584 itt
1522 3529 1628 3584 fide
1658 3544 1786 3585 nos-

180 3636 262 3680 tra
287 3625 397 3680 sint
422 3637 666 3696 uterque,
708 3640 817 3680 non
864 3639 1045 3679 unus:
1082 3639 1257 3695 neque
1275 3623 1528 3681 eumdem
1572 3635 1784 3680 utrum.

177 3733 312 3788 que,
346 3734 521 3789 neque
547 3719 688 3774 inter
709 3732 894 3772 verum
922 3733 987 3773 ac
1013 3717 1205 3772 falsum
1234 3716 1379 3773 aliud
1420 3716 1786 3784 confitentes;

180 3811 311 3880 quia
348 3810 455 3864 Deo
483 3824 553 3866 ex
581 3811 693 3865 Deo
720 3817 869 3876 nato,
900 3824 1075 3878 neque
1098 3808 1349 3865 eumdem
1374 3808 1627 3865 nativitas
1664 3825 1791 3880 pere

182 3903 351 3958 mittit
379 3917 517 3967 esse,
553 3918 729 3973 neque
754 3902 922 3958 aliud.

258 3997 347 4052 18.
388 3995 591 4052 Leotori
641 3997 770 4067 ﬁdes
818 3997 1125 4052 necessaria.
1167 4026 1241 4037 —
1269 3996 1337 4053 Et
1382 4011 1481 4054 vos
1536 3997 1789 4067 quidem,

178 4104 321 4159 quos
344 4087 469 4145 ﬁdei
494 4089 645 4145 calor
669 4098 725 4146 et
749 4088 829 4163 (g)
854 4089 1109 4159 ignoratae
1138 4088 1340 4144 mundo
1360 4102 1425 4145 ac
1449 4089 1787 4159 sapimrtibus

182 4179 381 4238 mundi
412 4179 653 4237 veritatis
688 4180 930 4237 studium
968 4180 1035 4237 ad
1076 4181 1362 4252 legendum
1390 4179 1629 4247 vocavit,
1670 4194 1790 4236 me-

258 4383 338 4457 (a)
367 4381 425 4440 In
451 4381 776 4457 Pratellensi
810 4397 909 4439 ms.
944 4382 1099 4437 series
1127 4397 1195 4457 ex
1211 4381 1378 4457 solido
1409 4380 1534 4457 Deo,
1571 4391 1627 4437 et
1648 4396 1798 4446 mox,

185 4451 353 4510 Pater
380 4455 563 4525 spiritu
585 4466 890 4527 protensus:
925 4470 1086 4510 voces
1115 4451 1227 4508 Deo
1248 4452 1534 4527 etgASpiritu
1554 4468 1620 4508 ex
1644 4464 1800 4527 Amar-

181 4530 313 4595 gine
337 4527 389 4581 in
410 4524 612 4581 textum
630 4527 769 4581 haud
792 4527 954 4583 dubie
974 4526 1267 4582 translate.
1286 4524 1384 4580 Hic
1407 4541 1619 4581 rursum
1643 4525 1797 4581 locus

180 4600 492 4655 illustratur
521 4598 870 4654 similitudine
900 4599 1034 4654 solis
1054 4640 1068 4663 ,
1119 4607 1177 4650 ut
1206 4597 1659 4666 quemadmodum
1708 4612 1798 4651 ra-

182 4670 313 4726 dius
334 4678 417 4724 est
432 4669 606 4740 series
627 4685 691 4725 ex
710 4668 885 4725 solido
901 4670 1032 4725 solis
1052 4684 1283 4740 corpore
1305 4668 1492 4723 educta
1518 4669 1570 4723 iu
1598 4676 1792 4737 terras,

181 4744 260 4797 ita
316 4749 373 4796 et
421 4739 591 4795 Filius
633 4743 705 4796 sit
748 4741 917 4796 series
960 4736 1207 4797 educta—a
1239 4736 1398 4795 Patre
1428 4757 1443 4794 :
1474 4750 1531 4795 ut
1561 4742 1706 4795 enim
1738 4736 1791 4795 in

1892 3351 2052 3404 rere;
2076 3344 2135 3392 ut
2162 3352 2345 3393 rerum
2369 3338 2716 3395 familiarium
2740 3341 3137 3397 consuetudine
3152 3340 3504 3409 admonente,

1891 3444 1956 3485 es
1989 3445 2185 3488 sensus
2225 3433 2399 3489 nostri
2443 3436 2777 3491 conscientia
2823 3436 2890 3491 ad
2934 3435 3138 3493 insoliti
3167 3444 3361 3494 senstts
3387 3438 3510 3509 upi-

1891 3525 2108 3579 nionem
2137 3523 2501 3581 educeremur
2536 3526 2693 3599 (Haec
2720 3537 3071 3584 memorantur
3109 3529 3201 3584 lib.
3232 3545 3305 3597 tv,
3333 3542 3388 3585 ιι.
3422 3530 3505 3601 ‘2).

1890 3616 2079 3673 Omnis
2109 3619 2269 3690 igitur
2295 3623 2635 3691 comparatio
2668 3623 2873 3677 homini
2904 3626 3088 3695 potius
3121 3625 3269 3681 utilis
3305 3623 3509 3681 hahea-

1895 3720 2005 3777 tur,
2034 3728 2195 3783 quam
2247 3714 2358 3770 Deo
2402 3724 2565 3784 apta,
2615 3717 2740 3787 quia
2784 3716 3203 3789 intelligentiam
3235 3718 3407 3790 magis
3436 3720 3513 3774 sl-

1896 3808 2135 3877 gnilicel,
2165 3822 2326 3880 quam
2354 3811 2572 3881 exiileat
2606 3829 2618 3865 :
2664 3826 2841 3883 neque
2868 3815 3080 3869 naturis
3108 3815 3289 3870 carnis
3318 3822 3371 3871 et
3400 3816 3514 3886 spi—

1894 3904 2051 3967 ritus,
2073 3913 2125 3960 et
2143 3900 2495 3960 iuvisibilium
2518 3919 2581 3960 ac
2600 3906 2965 3961 tractabilium
2999 3905 3346 3978 comquandis
3368 3922 3512 3978 pra:-

1899 4008 2115 4068 sumpta
2135 4006 2438 4068 repetetur,
2462 4007 2773 4069 protestans
2790 4009 2845 4053 et
2864 3999 3163 4055 infirmitati
3181 4008 3241 4056 se
3263 3999 3516 4057 humanm

1901 4091 2277 4162 intelligentia:
2308 4091 2700 4160 necessariam,
2730 4100 2788 4148 et
2809 4090 2879 4148 ah
2904 4091 3101 4149 invidis
3132 4106 3256 4150 esse
3280 4093 3514 4151 liberam

1902 4197 2010 4239 non
2037 4176 2425 4240 satisfacientis
2454 4183 2711 4256 exempli.
2741 4181 3028 4257 Pergimus
3064 4187 3247 4259 itaque
3286 4187 3358 4245 de
3401 4184 3517 4246 Deo

1910 4392 2068 4441 antea
2100 4385 2519 4461 praemitteretur
2562 4387 2651 4461 qui
2672 4388 2824 4461 dum,
2858 4403 2964 4461 non
2991 4405 3110 4461 quas
3133 4391 3439 4461 dum,etc_.,
3463 4393 3517 4450 id

1909 4465 2015 4531 est,
2046 4456 2168 4531 quze
2193 4458 2397 4514 creatio
2437 4474 2546 4514 non
2580 4458 2682 4515 nisi
2720 4456 3051 4517 mendaciter
3079 4456 3364 4531 subjicitur
3390 4456 3518 4523 fidei

1911 4528 2027 4605 Dei,
2068 4528 2166 4605 qui
2211 4539 2519 4605 genereet
2546 4541 2752 4605 natura
2804 4548 2939 4588 unus
2989 4544 3091 4599 est,
3120 4528 3368 4605 quamvis
3409 4554 3515 4592 non

1909 4600 2231 4677 escludatur
2273 4616 2303 4655 a
2368 4600 2476 4677 ﬁde
2546 4602 2638 4659 Dei
2698 4604 2751 4657 itt
2820 4600 3200 4677 sacramento,
3251 4617 3521 4677 quatenus

1909 4668 2092 4746 plures
2124 4688 2228 4746 per
2243 4673 2530 4746 quamdam
2560 4676 2975 4746 praerogativam
3026 4672 3130 4734 hoc
3169 4668 3368 4736 nomen
3401 4697 3522 4737 sor-

1906 4738 2142 4798 tiuntur:
2169 4738 2385 4800 Videsis
2406 4745 2498 4801 lib.
2528 4738 2716 4801 contra
2737 4738 2983 4802 'Auxent.
3015 4765 3070 4804 η.
3103 4751 3158 4806 5.

180 4814 308 4893 sole
339 4812 422 4893 vis
449 4813 664 4883 triplex,
698 4813 1031 4893 illu_t_u_ioand_i_
1048 4853 1064 4877 ,
1095 4811 1470 4893 calefaciendi,
1497 4820 1551 4866 et
1578 4812 1792 4893 orbicu-
1816 4804 1873 4866 D
1907 4886 1949 4893 __
1972 4812 2229 4893 (d)Solus
2250 4814 2559 4893 codex_\'at.
2581 4816 2696 4872 bas.
2719 4804 3125 4893 substituentesi
3154 4819 3335 4878 minus
3354 4821 3516 4893 bene.

181 4886 322 4941 laris
357 4886 556 4955 figura,
591 4901 687 4939 seu
717 4884 947 4940 solidum
981 4884 1108 4940 illud
1136 4885 1278 4939 unde
1308 4894 1389 4955 est
1422 4892 1648 4955 utraque
1678 4889 1794 4940 vis:

184 4959 257 5011 ita
296 4967 358 5013 et
402 4959 453 5010 in
484 4954 750 5011 Triuitate
794 4956 1168 5026 excdgitabant
1196 4954 1485 5010 Sabelliani
1532 4956 1797 5024 triplicem

183 5030 336 5094 vim,
382 5027 535 5097 cujus
584 5027 744 5084 Pater
789 5028 1267 5100 essetbypostasis
1311 5042 1376 5100 ac
1417 5026 1587 5100 _\'eluti
1634 5026 1801 5083 totius

185 5102 403 5163 forma,
439 5111 495 5153 ut
522 5099 758 5170 loquitur
788 5097 1124 5169 Epiphanius
1163 5097 1526 5170 locoilaudato
1553 5116 1565 5150 :
1597 5113 1662 5153 ex
1694 5114 1800 5166 quo

184 5173 425 5228 haeresis
458 5166 619 5240 hujus
668 5166 913 5226 notitiam
960 5170 1028 5227 ad
1075 5169 1366 5242 capiendos
1412 5166 1602 5226 Hilarii
1634 5170 1802 5226 libros

185 5244 575 5314 necessariam
598 5258 996 5314 comparamus.

262 5314 349 5442 ςῡ)
379 5314 529 5384 Apud
562 5310 873 5380 Bad.,'Er.,
927 5330 1137 5371 necnon
1184 5313 1239 5372 iu
1295 5328 1398 5369 ms.
1441 5311 1566 5367 Vat.
1601 5310 1717 5367 bas.
1746 5319 1803 5368 et

262 5412 268 5437 μ
296 5390 354 5442 b.
402 5403 529 5442 uno.
553 5387 643 5441 sed
673 5390 861 5442 creatio
887 5387 1043 5442 ueluti
1066 5386 1333 5442 compositi
1367 5394 1416 5440 et
1454 5382 1678 5439 simulati
1706 5382 1803 5439 Dei

184 5382 354 5443 Colli.
402 5382 529 5453 uno,
553 5387 643 5441 sed
673 5390 861 5442 creatio
887 5387 1043 5442 ueluti
1066 5386 1333 5452 compositi
1367 5394 1416 5440 et
1454 5382 1678 5439 simulati
1706 5382 1806 5439 Dei

189 5460 487 5531 falsitatem
520 5459 747 5531 doceret
805 5475 824 5514 :
890 5457 1032 5529 quod
1108 5459 1393 5531 glossema,
1439 5457 1803 5531 suspicamur,

189 5527 444 5656 maxime
500 5545 622 5586 cum
689 5530 809 5588 lucc
861 5527 1131 5602 loquendi
1163 5532 1300 5587 ratio
1348 5530 1419 5586 ab
1476 5527 1679 5585 Hilario
1735 5527 1807 5584 sit

189 5618 221 5656 a
252 5617 404 5656 lena.

189 5617 404 5657 aliena.

269 5673 356 5745 (ι)
403 5673 458 5728 lu
490 5673 719 5745 vulgatis
751 5676 806 5729 et
844 5673 1087 5745 pluribus
1127 5688 1257 5730 mss.
1300 5673 1392 5731 hic
1429 5670 1804 5745 additur-“vox

190 5742 500 5814 creaiianis,
530 5742 651 5816 quin
690 5742 892 5801 rectius
919 5745 1073 5801 abest
1101 5760 1130 5799 a
1161 5744 1594 5817 castigatioribus
1631 5742 1807 5817 libris.

192 5820 380 5872 Antea
400 5808 585 5889 excusi
610 5817 806 5889 habent
825 5818 1210 5883 ementirentur,
1235 5808 1432 5889 etpost
1452 5808 1809 5889 excluderent,

191 5889 361 5947 nullo
391 5888 505 5948 fere
533 5887 859 5963 suilragante
882 5904 987 5948 ms.
1017 5888 1134 5948 Non
1169 5887 1484 5962 displiceret
1508 5896 1719 5957 tamen,
1765 5888 1814 5945 si

1907 4886 2023 4942 lloc
2053 4888 2198 4962 enim
2218 4887 2319 4941 sibi
2350 4888 2466 4942 vult
2498 4903 2698 4962 :_quem
2722 4890 2971 4946 catholici
3005 4893 3174 4950 Deum
3198 4909 3408 4962 verum,
3436 4890 3523 4951 ut-

1906 4969 2031 5033 pote
2055 4974 2120 5014 ex
2147 4948 2255 5033 Deo
2276 4948 2709 5033 vera‘nativitate
2737 4971 2920 5017 natum
2944 4948 3194 5033 credunt,
3226 4948 3301 5022 illi
3335 4948 3513 5027 barre-

1910 5024 2000 5105 iici
2027 5029 2227 5105 nomini
2258 5046 2323 5105 ac
2356 5024 2476 5085 lidei
2508 5033 2800 5105 creationis
2827 5034 3144 5105 subjiciunt.

1982 5094 2053 5172 (ε)
2086 5100 2265 5178 Editio
2292 5101 2415 5178 Par.
2441 5102 2692 5173 antiquos
2714 5104 2901 5178 libros,
2924 5094 3124 5178 quibus
3168 5110 3413 5168 solemne
3431 5119 3517 5168 est

1911 5181 2132 5247 mutare
2155 5183 2176 5226 t
2204 5173 2256 5247 in
2289 5174 2345 5239 ά,
2372 5185 2580 5242 secuta,
2607 5173 2977 5247 conﬁtendum.

1985 5240 2057 5387 gf)
2085 5242 2210 5299 Vat.
2240 5244 2354 5301 bas.
2380 5261 2507 5311 ms.,
2543 5240 2841 5306 deserimus.

2011 5315 2064 5388 g)
2091 5315 2224 5370 Bad.
2244 5327 2299 5373 et
2322 5316 2436 5385 Er.,
2456 5318 2743 5388 ignorante,
2764 5320 2841 5388 Lit

2035 5315 2064 5398 ι)
2091 5315 2224 5370 Bad.
2244 5327 2299 5373 et
2322 5316 2436 5385 Er.,
2456 5318 2743 5390 ignorante,
2764 5320 2912 5393 Lips.
2938 5332 2996 5380 et
3019 5321 3168 5392 Par.,
3191 5324 3516 5398 ignoratum:

1911 5398 2245 5458 castigantur
2270 5404 2338 5444 ex
2362 5404 2492 5446 mss.

1984 5458 2066 5530 (Ιι)
2099 5459 2251 5530 Apud
2292 5476 2433 5537 cxx.
2476 5463 2534 5537 sit
2563 5462 2877 5522 ὑποστάσει.
2921 5463 3215 5537 Gregorius
3261 5468 3519 5529 Nazianz.

1911 5530 2061 5615 Orat.
2100 5547 2281 5616 xxxiv,
2316 5534 2496 5616 legens
2613 5537 2966 5616 ῥποστήμᾳτι,
2996 5530 3331 5616 εἱριίριιιιᾴφ
3361 5542 3526 5616 hujus

1912 5604 2063 5686 vocis
2084 5604 2446 5686 gratia_addit,
2472 5609 2558 5663 καὶ
2582 5609 2731 5686 stici;
2751 5604 2937 5686 Κυρἰον
2969 5627 2983 5663 :
3010 5604 3156 5680 quod
3182 5615 3401 5682 quidem
3426 5604 3528 5675 ulli

1916 5677 2210 5756 viventium
2258 5677 2875 5756 hactenus__c6ncéssuin
2926 5677 3110 5752 negat,
3162 5677 3285 5756 quia
3330 5703 3527 5756 citrum

1922 5747 2125 5821 nemini
2153 5744 2335 5821 datum
2363 5757 2447 5805 est
2472 5748 2656 5821 videre
2689 5763 2931 5821 naturam
2960 5744 3056 5821 seu
3078 5744 3376 5816 essentiam
3406 5744 3527 5818 Diei.

1922 5818 2259 5897 Ambrosius,
2290 5821 2358 5897 ι..
2384 5836 2444 5877 ιιι
2471 5818 2733 5897 defide,
2756 5840 2807 5881 c.
2846 5816 2950 5897 ‘15:
2990 5816 3126 5897 Qui;
3153 5832 3292 5890 uua
3320 5834 3375 5890 in
3401 5816 3527 5890 λιιι-

1925 5891 2117 5947 stantia
2146 5888 2379 5963 Domini,
2413 5900 2462 5949 et
2479 5892 2607 5950 uidit
2628 5888 2837 5953 veritum
2857 5888 3011 5970 ejus?
