4040 6328
486 317 560 376 39
1676 303 1918 365 SANCTI
1961 298 2216 361 [HLARII
2257 297 2564 357 EPISCOPI
3728 290 3806 347 40

488 429 721 486 locuturi
751 428 842 485 Dei
883 425 1085 492 verbis,
1127 438 1346 482 sensum
1397 431 1576 480 tamen
1615 434 1859 480 nostrum
1907 437 2086 478 rerum
2117 419 2167 479 Α
2196 419 2324 473 olim
2351 417 2555 472 editam
2582 413 2888 486 proferens,
2923 418 2977 468 et
2998 409 3226 468 subdole
3256 423 3374 479 eos,
3401 424 3467 466 ac
3493 422 3590 480 per
3618 407 3668 464 id
3700 408 3807 462 int-

490 538 800 580 nostrarum
831 522 1011 592 specie
1045 519 1371 575 unbuentes.

561 639 655 694 20.
700 637 840 693 Ordo
885 635 1039 690 totius
1078 634 1267 706 operis.
1296 632 1468 687 —Ac
1510 631 1745 702 primum
1800 630 1870 685 ita
1927 628 2093 684 tutius

491 731 676 804 operis
714 727 930 784 modum
965 723 1407 798 temperavimus,
1447 732 1506 778 ut
1545 721 1859 791 aptissimus
1909 721 2094 791 legen-

493 827 624 882 tium
666 822 996 895 profectibus
1046 833 1414 876 connexorum
1462 817 1562 872 sibi
1602 815 1908 872 libellorum
1957 812 2094 869 ordo

491 918 830 976 succederet.
862 914 1003 971 Nihil
1029 915 1173 970 enim
1214 911 1629 982 incompositum
1657 909 2095 980 indigestnmqne

493 1014 692 1085 placuit
733 1011 972 1068 afferre:
1003 1024 1072 1064 ne
1118 1007 1298 1079 operis
1328 1007 1630 1060 inordinata
1673 1004 1954 1074 congeries
1983 1017 2096 1058 rus-

492 1109 656 1162 ticum
684 1103 977 1176 quemdam
1021 1101 1304 1157 tumultum
1353 1098 1661 1170 perturbata
1707 1096 2095 1153 vociferatione

493 1200 780 1271 pra-heret.
808 1196 914 1255 Sed
943 1196 1065 1267 quia
1108 1195 1288 1250 nullus
1334 1207 1429 1264 per
1460 1199 1727 1263 praerupta
1761 1203 2096 1246 conscensus

494 1302 599 1359 est,
650 1292 753 1346 nisi
794 1289 1083 1345 substratis
1125 1287 1384 1359 paulatim
1425 1285 1681 1356 gradibus
1713 1284 1918 1340 feratur
1947 1299 2098 1354 gres-

493 1401 587 1441 sus
614 1385 680 1441 ad
710 1399 948 1450 summa;
984 1399 1082 1438 nos
1107 1397 1322 1453 quoque
1353 1379 1596 1451 qumtlam
1635 1379 1914 1451 gradiendi
1947 1378 2095 1432 initia

495 1479 825 1544 ordinantes,
871 1477 1096 1532 arduum
1139 1475 1242 1532 hoc
1295 1472 1663 1543 intelligentiae
1711 1474 1815 1528 iter
1844 1472 1920 1544 (a)
1957 1473 2097 1528 clivo

496 1574 647 1645 quasi
674 1572 922 1628 molliore
955 1571 1244 1626 lenivintus
1275 1585 1382 1624 non
1417 1567 1519 1640 l5
1542 1568 1651 1638 jam
1682 1567 1938 1638 gradibus
1964 1566 2098 1621 inci-

496 1681 639 1734 sum,
692 1665 788 1722 sed
832 1665 1056 1736 planitie
1108 1662 1436 1732 subrepente
1485 1664 1771 1725 devexum,
1823 1671 1879 1714 ut
1929 1674 2097 1730 prolie

496 1761 614 1815 sine
659 1759 1037 1815 scandentinm
1084 1772 1283 1824 sensu,
1335 1755 1578 1811 euntium
1635 1753 1921 1824 proliceret
1969 1767 2098 1808 con-

496 1867 744 1910 εεεηειιε.

567 1967 659 2024 21.
707 1965 846 2035 Quid
894 1966 1152 2020 contineat
1195 1964 1321 2018 liber
1355 1962 1628 2018 secundus.
1671 1989 1743 2000 —
1785 1959 1912 2015 Post
1957 1957 2101 2014 hunc

498 2063 642 2120 enim
670 2061 830 2134 primi
859 2061 1016 2131 hujus
1038 2059 1309 2116 sermonis
1337 2056 1599 2122 libellum,
1633 2070 1863 2125 sequens
1903 2052 1974 2107 ita
2014 2067 2102 2107 sa-

497 2164 836 2212 cramentum
862 2153 1055 2209 edocet
1080 2151 1276 2206 divina:
1301 2149 1687 2221 generationis,
1714 2155 1771 2202 ut
1795 2143 2101 2215 baptizandi

497 2246 552 2302 itt
583 2246 745 2301 Patre
771 2254 826 2300 et
852 2243 992 2300 Filio
1017 2251 1072 2298 et
1111 2240 1318 2313 Spiritu
1349 2250 1540 2295 sancto
1583 2255 1688 2292 non
1721 2239 1970 2305 ignorent
2002 2251 2102 2288 no-

498 2339 702 2395 minum
751 2337 1038 2394 veritatem
1073 2379 1088 2403 ,
1143 2350 1319 2406 neque
1361 2331 1641 2388 vocabulis
1691 2329 2102 2400 intelligentiam

499 2431 854 2496 confundant,
881 2431 977 2486 sed
1011 2432 1436 2498 unumquodque
1461 2426 1535 2478 ita
1583 2437 1745 2477 sensu
1774 2421 2103 2491 concipiant,

501 2533 563 2580 ut
606 2532 691 2581 est
733 2538 798 2578 ac
846 2531 1223 2591 nuncupatur;
1262 2517 1494 2589 agnituri
1527 2515 1928 2570 absolutissime
1953 2513 2006 2568 in
2039 2511 2106 2568 iis

500 2633 620 2689 quas
641 2617 782 2672 dicta
823 2623 968 2679 sunt,
993 2613 1138 2685 quod
1165 2626 1341 2681 neque
1386 2625 1491 2665 nou
1533 2609 1644 2680 ipsa
1682 2607 1882 2663 veritas
1914 2606 1982 2661 sit
2008 2621 2107 2660 no-

502 2710 686 2778 minis,
715 2724 891 2781 neque
922 2723 1030 2764 uon
1056 2722 1252 2763 nomen
1282 2704 1636 2761 sitveritatis.

571 2846 665 2903 22.
706 2845 863 2902 Liber
890 2844 1090 2900 tertius.
1114 2874 1185 2884 —
1214 2843 1346 2898 Post
1391 2841 1535 2896 hunc
1576 2840 1756 2910 itaque
1808 2838 1986 2893 lenem
2045 2851 2109 2892 ac

505 2939 724 2996 brevem
771 2939 1159 2994 demonstrata:
1203 2934 1486 2990 Trinitatis
1524 2946 1859 2995 sermonem,
1918 2930 2109 2985 tertius

503 3035 660 3100 liber,
689 3035 792 3091 etsi
847 3035 1074 3100 sensim,
1104 3041 1282 3087 tamen
1327 3030 1439 3102 jam
1481 3027 1833 3099 prolicienter
1881 3024 2103 3082 incedit.

501 3126 636 3184 Nam
677 3127 750 3194 id,
786 3126 930 3199 quod
985 3126 1123 3180 ultra
1177 3124 1394 3179 humani
1446 3136 1639 3178 sensus
1695 3117 2105 3190 intelligentiam

2197 513 2460 586 piissime,
2496 525 2659 565 unum
2687 511 2852 564 Deum
2877 522 2943 564 ex
2971 507 3090 578 lege
3109 505 3418 562 defendisse
3445 505 3808 569 convincens,

2195 606 2446 662 omnibus
2489 605 2620 676 legis
2669 619 2733 659 ac
2785 601 3169 673 prepbetarum
3221 600 3547 657 testimoniis
3588 600 3660 654 ita
3703 598 3812 654 de-

2197 696 2534 763 monstratis,
2589 706 2649 752 ut
2696 697 2814 752 sine
2861 697 2970 750 Deo
3009 694 3228 752 Christo
3271 710 3438 750 unum
3470 694 3639 750 Deum
3664 709 3810 748 con—

2199 791 2337 847 literi
2384 789 2756 861 irreligiositas
2798 788 2899 856 sit;
2950 799 3006 843 et
3057 786 3312 844 confesso
3361 786 3636 858 unigenito
3690 786 3812 842 Deo

2196 883 2416 940 Christo
2447 925 2462 948 ,
2535 898 2642 939 non
2723 897 2886 938 unum
2964 881 3131 936 Deum
3203 879 3502 951 praedicare
3574 877 3808 949 perﬁdia

2197 977 2288 1032 sit.
3558 988 3568 996 '

2268 1077 2362 1133 24.
2396 1075 2548 1129 Liber
2566 1072 2799 1144 quintus.
2828 1098 2901 1110 —
2925 1067 3156 1135 Quintus
3183 1081 3312 1122 vero
3341 1064 3421 1139 (Ι)
3483 1063 3654 1120 tenuit
3679 1080 3809 1120 eum

2197 1166 2570 1240 responsionis
2619 1165 2899 1228 ordinem,
2951 1176 3110 1232 quem
3159 1159 3400 1216 bteretici
3458 1159 3814 1214 instituerant;

2201 1263 2572 1336 professionis.
2630 1259 2873 1328 Namque
2916 1272 3037 1311 cum
3088 1271 3252 1310 unum
3300 1255 3464 1308 Deum
3507 1253 3812 1322 prtcdicare

2199 1374 2259 1415 se
2295 1356 2594 1414 secundum
2630 1354 2801 1424 legem
2833 1349 3074 1405 ementiti
3121 1357 3338 1413 essent;
3385 1362 3548 1401 umtnt
3589 1361 3812 1417 quoque

2203 1451 2373 1506 Deum
2403 1464 2587 1504 verum
2611 1462 2676 1502 ex
2701 1444 2888 1500 eadem
2917 1443 3158 1512 proferre
3182 1455 3242 1496 se
3275 1439 3588 1496 fefellerunt
3613 1459 3625 1494 :
3653 1451 3707 1493 ut
3727 1438 3806 1512 (ε)

2200 1561 2294 1617 per
2321 1542 2693 1612 exceptionem
2731 1539 2821 1593 llei
2877 1545 2933 1593 et
2978 1536 3137 1591 unius
3184 1543 3240 1590 et
3287 1534 3421 1599 veri,
3469 1534 3810 1588 nativitatem

2203 1637 2433 1693 Domino
2476 1631 2699 1689 Christo
2745 1630 3080 1692 adimerent;
3113 1625 3236 1698 quia
3281 1625 3371 1680 ubi
3417 1627 3668 1681 nativitas
3697 1636 3809 1692 est,

2200 1731 2272 1785 ibi
2299 1737 2355 1784 et
2382 1723 2736 1794 intelligentia
2768 1724 2839 1777 sit
2861 1719 2932 1794 (ί)
2958 1721 3217 1775 veritatis.
3247 1717 3357 1773 Nos
3388 1727 3567 1772 autem
3611 1719 3809 1774 iisdem

2124 1827 2174 1886 B
2201 1821 2474 1894 gradibus,
2526 1818 2722 1889 quibus
2767 1815 2998 1884 idipsum
3046 1813 3362 1882 negabatur,
3392 1811 3672 1873 docentes.
3706 1827 3809 1868 nec

2203 1919 2340 1975 duos
2366 1916 2519 1978 deos,
2546 1927 2647 1968 nec
2668 1909 2968 1966 solitarium
2993 1923 3180 1963 verum
3215 1906 3320 1978 ιθ
3345 1906 3541 1971 Deum,
3575 1907 3669 1962 sed
3703 1907 3808 1962 Pa-

2210 2021 2346 2067 trem
2388 2022 2576 2064 verum
2613 2007 2778 2059 Deum
2810 2004 2878 2056 ita
2911 2017 2979 2056 ex
3010 2001 3128 2071 lege
3155 2015 3216 2054 ac
3246 1999 3524 2071 prophetis
3555 2001 3814 2069 prmdica-

2204 2105 2402 2165 vimus,
2451 2115 2519 2154 ne
2559 2106 2653 2150 aut
2692 2096 2849 2150 unius
2891 2093 2985 2148 Dei
3016 2092 3173 2147 ﬁdem
3205 2107 3698 2161 corrumperemus,
3727 2091 3810 2163 (ς)

2205 2207 2298 2252 aut
2329 2195 2662 2250 nativitatem
2708 2190 3123 2258 denegaremus.
3174 2185 3281 2242 Sed
3335 2187 3481 2256 quia,
3514 2188 3814 2242 secundum

2209 2293 2355 2359 illos,
2397 2298 2584 2346 creato
2634 2287 2970 2357 potiusquam
3021 2288 3148 2336 nato
3197 2295 3392 2336 nomen
3437 2281 3526 2335 Dei
3577 2281 3815 2334 Domino

2208 2388 2335 2445 Jesu
2377 2385 2592 2441 Christo
2617 2383 2974 2448 deputaretur
2998 2378 3176 2447 potius
3217 2391 3375 2445 quam
3405 2375 3642 2436 inesset;
3671 2372 3817 2428 divi.

2211 2479 2393 2537 uitatis
2423 2477 2622 2532 veritas
2662 2475 2734 2528 ita
2775 2488 2842 2527 ex
2881 2469 3294 2524 auctoritatibus
3343 2467 3674 2539 propheticis
3720 2468 3816 2523 deo

2211 2581 2511 2632 monstrata
2569 2579 2671 2634 est,
2723 2576 2784 2622 ut
2835 2579 2955 2632 nos,
3001 2562 3229 2618 Domino
3271 2561 3398 2618 Jesn
3441 2561 3658 2617 Christo
3703 2561 3816 2617 Deo

2211 2686 2340 2726 vero
2411 2666 2744 2739 praedicata,
2803 2662 2939 2716 intra
3005 2657 3418 2727 intelligentiam
3486 2656 3648 2712 unius
3723 2657 3816 2712 Dei

2210 2765 2320 2819 veri
2373 2761 2565 2817 nativa:
2621 2759 2671 2812 in
2717 2771 2782 2811 eo
2829 2752 3128 2809 divinitatis
3167 2752 3368 2808 veritas
3417 2753 3741 2808 contineret.

2281 2857 2371 2912 25.
2414 2853 2567 2908 Liber
2596 2858 2789 2907 sextus.
2822 2877 2892 2888 --
2917 2846 3113 2902 Sextus
3143 2859 3274 2900 vero
3292 2844 3401 2913 jam
3433 2844 3570 2900 liber
3600 2860 3815 2900 omnem

2215 2948 2485 3007 hmreticae
2508 2943 2826 3000 assertiouis
2868 2938 3286 2994 fraudulentiam
3338 2937 3542 3007 pandit.
3576 2937 3821 3008 Namque

2213 3052 2272 3097 ut
2298 3041 2456 3096 dictis
2478 3037 2589 3092 suis
2619 3035 2778 3091 iidem
2811 3035 3072 3098 facerent,
3097 3031 3416 3085 damuantes
3440 3030 3582 3085 dicta
3610 3041 3664 3086 et
3695 3031 3818 3086 vitia

2213 3127 2900 3192 haereticorumNalentini
2923 3123 3126 3180 scilicet
3151 3130 3206 3178 et
3225 3123 3443 3178 Sabellii
3462 3132 3517 3178 et
3542 3123 3821 3179 Mauiclttei

507 3223 767 3277 Dominus
793 3222 860 3277 de
889 3236 949 3276 se
983 3218 1258 3290 professus
1285 3224 1392 3283 est,
1421 3214 1639 3287 quantis
1687 3222 1867 3284 potest
1919 3221 2109 3282 poten-

2224 3241 2267 3284 ει
2296 3228 2557 3284 llieracie.
2609 3225 2724 3293 pias
2771 3220 3033 3276 Ecclesia:
3066 3216 3483 3288 praedicationes
3513 3216 3822 3283 velamento

507 3312 595 3368 tia:
623 3314 885 3383 exemplis
912 3312 979 3368 ad
1023 3309 1390 3379 intelligentia:
1419 3307 1580 3362 fidem
1616 3313 1853 3374 coaptat,
1875 3303 2062 3358 dicens
2091 3319 2103 3354 :

509 3406 618 3480 Ego
644 3409 697 3460 in
722 3405 902 3471 Patre,
933 3414 980 3459 et
1009 3404 1168 3460 Pater
1210 3403 1264 3456 in
1304 3418 1382 3455 me
1412 3399 1591 3470 (Joan.
1625 3414 1682 3465 x,
1715 3395 1808 3469 38)
1841 3414 1854 3452 ε
1886 3405 1945 3450 ιιι
1967 3394 2108 3466 quod

505 3501 573 3555 ab
597 3500 815 3555 homine
847 3515 943 3570 per
976 3509 1222 3552 naturam
1257 3495 1505 3551 hebetem
1539 3509 1644 3546 non
1689 3493 1918 3561 capitur,
1954 3488 2006 3544 id
2035 3489 2108 3561 (b)

507 3594 644 3650 fides
685 3594 791 3664 iam
838 3592 1172 3648 rationabilis
1228 3590 1468 3646 scientiae
1509 3595 1872 3657 consequatur
1926 3603 1939 3638 :
1986 3584 2110 3655 quia

507 3702 684 3757 neque
708 3703 814 3741 non
847 3683 1177 3742 credendmn
1208 3684 1276 3739 de
1305 3698 1362 3739 se
1397 3684 1505 3737 Deo
1547 3689 1651 3747 est,
1682 3695 1854 3750 neque
1885 3678 2115 3747 epinan-

507 3781 634 3838 dum
663 3791 766 3848 est,
790 3789 943 3838 extra
973 3779 1241 3834 rationem
1271 3776 1396 3832 ﬁdei
1427 3790 1548 3831 esse
1577 3773 1990 3844 intelligentiam
2019 3784 2114 3841 p0-

509 3876 745 3934 testatis.

578 3993 670 4048 23.
713 3989 869 4047 Liber
891 3999 1126 4063 quartus.
1160 4017 1231 4029 -—
1250 3987 1484 4054 Quartus
1514 3981 1710 4039 deinde
1742 3980 1880 4036 liber
1906 3976 2115 4034 initium

508 4085 588 4141 sui
623 4101 688 4140 es
722 4085 1102 4139 haereticorum
1148 4077 1411 4136 doctrinis
1440 4076 1774 4146 auspicatur,
1825 4085 1888 4127 se
1939 4071 2116 4139 ipsum

510 4177 677 4244 vitiis,
691 4177 888 4249 quibus
917 4175 1050 4231 fides
1070 4172 1330 4229 Ecclesia:
1344 4169 1418 4242 lc)
1438 4167 1752 4234 infamatur,
1771 4177 2114 4236 espurgans:

512 4271 684 4341 ipsam
732 4268 877 4323 illam
909 4265 1149 4337 perfidiae
1193 4261 1590 4335 expositionem
1621 4276 1650 4314 a
1681 4258 1867 4314 multis
1890 4255 1973 4328 (ά)
2007 4270 2117 4311 non

586 4410 668 4484 (l)
708 4408 804 4465 Ms.
839 4406 1043 4464 Veron.
1069 4412 1226 4470 tenet;
1257 4411 1316 4458 ut
1347 4400 1506 4473 paulo
1531 4404 1678 4466 ante,
1714 4395 1940 4462 Quartus
1987 4392 2115 4446 liber

515 4484 838 4554 auspicatur,
866 4487 971 4536 etc.

593 4622 666 4697 (a)
691 4620 888 4697 Hoc_ad
917 4616 1271 4697 imitationem
1300 4611 1459 4697 Plinii
1497 4607 1711 4697 videtur
1731 4605 1982 4697 dictum,
2150 4597 2201 4658 D

517 4674 762 4756 ιιι)ῗὲἰῖ
786 4674 958 4762 Epist.
994 4706 1023 4742 v
1067 4707 1080 4742 :
1125 4688 1230 4749 lta,
1261 4686 1454 4762 inquit,
1485 4681 1666 4762 leviter
1694 4690 1742 4734 et
1774 4676 1965 4732 sensim
1992 4674 2122 4729 clivo

520 4755 730 4838 fallente
758 4755 1101 4838 consurgit'ut
1125 4777 1240 4814 cum
1269 4755 1578 4810 adscendere
1606 4763 1654 4807 te
1677 4768 1778 4805 non
1813 4758 1976 4822 putes,
2010 4763 2126 4801 sett-

519 4837 615 4894 tias
644 4837 988 4892 adscendisse.

595 4910 669 4981 (b)
703 4909 865 4981 Editi,
890 4912 1116 4981 excepto
1141 4901 1266 4958 Par.
1299 4914 1421 4956 cum
1453 4896 1622 4981 unico
1646 4909 1771 4981 nis?
1798 4892 2126 4981 [ides_tamett

522 4964 820 5037 rationabili
849 4964 1062 5033 scientia
1091 4982 1457 5042 consequatur.
1502 4965 1663 5042 Ratio
1691 4966 1803 5042 hic_
1814 4964 2126 5042 subjicitur,

523 5035 618 5109 cur
665 5053 797 5107 fides
855 5051 1065 5105 dicatur
1111 5035 1432 5100 rationabilis
1485 5041 1720 5095 scientia.
1769 5035 2129 5109 Rationahilis

523 5107 740 5196 quidem
769 5133 872 5187 est,
892 5121 1017 5196 quia
1048 5115 1400 5196 ratiosuadet
1427 5110 1758 5195 credendum
1786 5112 1896 5196 De?
1918 5124 1930 5160 :
1954 5107 2124 5188 scien-

525 5176 681 5253 ἴίιὲὲιῖ
701 5176 872 5251 έιίςιηί
913 5176 1093 5255 liabet,
1120 5189 1244 5254 quia
1307 5184 1548 5253 Opinioui
1634 5198 1772 5255 ttou_
1802 5176 2125 5246 relinquitur

524 5252 694 5331 locus,
724 5281 844 5322 cum
870 5279 964 5334 per
985 5252 1208 5317 ell'ectus
1230 5252 1579 5334 intelligimus
1606 5255 1723 5334 plus
1748 5252 1914 5334 Deum
1941 5263 2116 5334 posse,

525 5321 694 5413 quain
707 5321 884 5413 capiat
924 5335 1154 5413 humana
1183 5332 1338 5386 ratio.
1373 5321 1505 5382 Hinc
1538 5321 1679 5380 male
1708 5327 1761 5407 in
1789 5321 2121 5413 vulgatisle-

526 5393 1174 5483 glebaturzt'ntelligentitc
1223 5410 1539 5483 potestatem,
1589 5393 2122 5483 prodntelligentiam

528 5467 1070 5554 potestatiqunodfet
1100 5467 1272 5554 magis
1298 5471 1636 5554 perspicuum
1669 5473 1739 5524 sit
1759 5483 1824 5523 ex
1860 5468 1940 5521 bis
1967 5467 1999 5517 ι.
2039 5480 2118 5530 ιιι,

530 5543 680 5609 hum.
707 5543 939 5609 5:3unt
980 5543 1272 5605 istiusmodi
1321 5545 1374 5597 in
1402 5543 1511 5598 Deo
1559 5548 1855 5610 potestates,
1909 5552 2124 5603 quarum

529 5643 646 5680 cum
675 5626 807 5679 ratio
853 5622 1203 5694 intelligentia:
1229 5626 1431 5694 nostrae
1457 5610 1982 5694 incomprehensibilis
2029 5617 2123 5673 est,

531 5697 858 5769 ﬁdestamcn
877 5682 1264 5769 perticritateut
1293 5688 1586 5769 efﬁcient—ia:
1612 5685 1667 5738 in
1695 5682 1930 5736 absoluto
1956 5691 2051 5769 est.

607 5751 692 5844 (ελ
714 5769 768 5824 ιιι
801 5751 1047 5844 vulgatis,
1091 5751 1408 5844 inﬁrmatur,
1462 5756 1603 5814 male
1649 5773 1662 5809 :
1709 5769 1882 5824 neque
1931 5751 2126 5808 melius

534 5832 730 5901 deinde
758 5832 1084 5913 apud'Bad.,
1118 5832 1210 5892 Er.
1239 5843 1295 5890 et
1321 5832 1468 5906 Lips.
1503 5841 1824 5905 expugnans.

2217 3321 2568 3394 professionis
2623 3318 2801 3390 impia:
2857 3317 3015 3373 furati
3065 3329 3190 3372 sunt
3221 3326 3317 3374 :nt
3345 3315 3426 3386 (‘2)
3450 3315 3717 3382 correptis
3745 3312 3823 3387 (It)

2217 3415 2269 3470 iu
2303 3414 2496 3469 melius
2523 3413 2701 3468 verbis
2727 3413 3176 3482 irreligiosorum,
3197 3420 3250 3466 et
3279 3411 3530 3480 ambigua
3554 3408 3824 3479 significa-

2219 3509 2364 3563 tione
2387 3505 2697 3571 ntuderatis,
2723 3505 2823 3559 sub
2839 3504 3134 3575 impietatis
3146 3504 3494 3558 damnatione
3516 3499 3822 3555 doctrinam

2217 3599 2431 3672 pietatis
2442 3596 2867 3666 exstinguereut.
2883 3594 2990 3650 Sed
3009 3611 3106 3650 nos
3119 3594 3452 3665 singulorum
3468 3592 3624 3647 dictis
3639 3601 3693 3646 et
3708 3607 3828 3662 pro-

2217 3693 2542 3751 fessionibus
2567 3691 2952 3748 demonsuatis
2976 3731 2992 3756 ,
3023 3701 3237 3746 sanctas
3264 3689 3524 3744 Ecclesiae
3557 3686 3823 3759 praedica-

2220 3786 2393 3842 tiones
2437 3785 2789 3852 absolvimus,
2832 3799 3006 3854 neque
3045 3785 3335 3855 quidquam
3387 3796 3508 3836 cum
3555 3780 3826 3835 damnatis

2219 3879 2490 3933 limreticis
2528 3893 2816 3933 commune
2847 3877 2921 3932 tis
2949 3891 3070 3932 esse
3127 3875 3491 3946 permisimus,
3557 3885 3615 3927 ut
3668 3871 3826 3927 dam-

2227 3973 2403 4026 nanda
2467 3972 2810 4038 damnantes,
2845 3972 2958 4027 sola
3007 3970 3391 4025 venerabiliter
3437 3966 3690 4024 sectanda
3741 3983 3830 4020 se-

2225 4083 2536 4138 queremur,
2569 4065 2735 4122 lilium
2770 4067 2861 4123 Dei
2890 4065 3119 4139 (supple,
3164 4065 3306 4136 esse)
3335 4065 3617 4118 Dominum
3640 4061 3828 4117 Jesum

2226 4161 2520 4228 Christum,
2550 4161 2691 4232 quod
2726 4160 2957 4215 maxime
3002 4160 3071 4214 ab
3114 4159 3180 4214 iis
3205 4161 3519 4230 negabatur,
3567 4172 3664 4227 per
3712 4154 3833 4210 lucc

2225 4255 2526 4322 docentes,
2568 4254 2696 4311 dum
2742 4254 2812 4309 de
2863 4268 2930 4310 eo
2972 4261 3202 4308 testatur
3250 4252 3440 4319 Pater,
3487 4250 3616 4306 dum
3657 4247 3725 4304 de
3771 4263 3836 4304 se

2293 4389 2372 4462 (2)
2412 4388 2699 4460 Corruptis,
2730 4388 2858 4445 ibid.

2301 4595 2385 4671 (ά)
2437 4596 2673 4671 Ρνομηοη
2702 4593 2845 4671 oliui,
2876 4592 3221 4671 substitutum
3251 4599 3339 4646 est
3384 4588 3522 4658 apud
3781 4597 3841 4643 et

2231 4661 2480 4741 Parfjant
2502 4665 2643 4721 olim.
2671 4667 3027 4741 renitentibus
3062 4679 3191 4719 mss.
3219 4678 3425 4741 necnon
3454 4662 3594 4741 quod
3629 4661 3718 4713 lib.
3754 4676 3836 4741 ξι,

2238 4761 2290 4798 ιι.
2322 4731 2384 4807 δῖ
2407 4740 2626 4802 dicitur,
2655 4737 2909 4793 Arianam
2957 4738 3095 4791 luem
3137 4736 3366 4805 proxime
3392 4733 3700 4788 emersisse.
3755 4731 3841 4786 De

2237 4815 2336 4868 hac
2365 4811 2567 4875 pertida
2600 4809 2936 4875 exitusitione
2957 4808 3198 4863 dicemus
3227 4807 3364 4860 libro
3396 4820 3470 4858 tv.

2311 4831 2336 4866 (ἶ
2400 4831 2567 4867 eruua
2600 4831 2936 4875 CXpUSIIIUIII‘i
2957 4831 3198 4863 Ulf'ellllls
3227 4831 3364 4860 IIUI'U
3396 4831 3470 4858 IV.

2311 4831 2396 4956 (εςὶ
2428 4882 2588 4956 Solus
2631 4896 2733 4934 nis.
2765 4881 2878 4956 has.
2918 4879 3060 4956 Vat.,
3086 4888 3141 4933 ut
3171 4894 3260 4948 per
3303 4876 3668 4956 prolessionem
3702 4871 3833 4956 laeti.

2236 4945 2404 5014 Usum
2445 4970 2507 5007 ac
2529 4955 2638 5007 vim
2669 4952 2821 5006 verbi
2861 4953 3088 5020 exceptio
3115 4945 3339 5005 cernere
3372 4961 3452 5003 est
3485 4948 3618 5002 infra
3649 4967 3700 4998 n.
3730 4945 3842 5020 29,

2238 5030 2310 5088 εὖ
2342 5038 2398 5084 et
2438 5025 2530 5089 ὅθι,
2565 5023 2652 5076 ubi
2699 5039 2804 5077 non
2839 5018 3007 5079 solam
3070 5021 3456 5092 professiOnem
3497 5027 3683 5084 sonat,
3730 5018 3844 5072 St-d

2232 5117 2350 5159 eam
2375 5115 2403 5152 a
2429 5099 2585 5165 cujus
2611 5096 2888 5164 consortio
2917 5095 3091 5162 quivis
3119 5094 3254 5147 altus
3299 5101 3568 5148 arceatur.

2300 5173 2366 5243 (ι’)
2406 5170 2516 5224 lloc
2541 5177 2643 5230 est,
2670 5165 2741 5243 ibi
2779 5166 3092 5243 intelligitur
3124 5165 3395 5243 pOSSCS~iQ
3443 5179 3583 5243 vera;
3624 5169 3845 5242 naturae

2229 5233 2438 5316 ejus'ex
2467 5254 2574 5310 quo
2600 5237 2853 5316 nativitas
2880 5233 2980 5292 est.
3005 5233 3140 5316 Nam
3166 5251 3267 5291 vox
3292 5237 3478 5316 veritas
3502 5233 3702 5287 llilario
3730 5246 3843 5301 pro

2229 5309 2350 5370 vera
2385 5309 2596 5375 natura,
2625 5309 2811 5377 utjam
2839 5324 2983 5376 saepe
3013 5309 3267 5370 vidimus,
3293 5309 3554 5362 solemnis
3581 5313 3679 5360 est.

2300 5384 2377 5460 (g)
2407 5374 2679 5447 Editi,aut
2701 5374 2828 5435 atati
2884 5374 3142 5436 veritatem
3172 5399 3184 5433 :
3215 5381 3354 5435 male
3382 5390 3438 5435 et
3469 5374 3842 5432 renitentibus

2229 5473 2361 5514 mss.

2308 5527 2388 5602 (Ιι)
2422 5526 2752 5602 Reponimus
2803 5521 3465 5602 exn'l‘elleriano_codice
3517 5528 3591 5602 et
3630 5517 3836 5572 Pratel.

2231 5591 2480 5672 correptis
2505 5591 2522 5664 ξ
2548 5596 2694 5672 quod
2717 5607 2774 5672 _et
2803 5594 2854 5648 in
2880 5593 3093 5672 _R_emig.
3129 5609 3192 5650 ac
3217 5592 3460 5672 _Tlteod,_
3478 5591 3684 5672 pridem
3738 5604 3833 5643 se-

2230 5662 2422 5729 cundis
2444 5662 2590 5726 curis
2617 5669 2846 5741 positum
2875 5666 2974 5722 fuit
2998 5662 3153 5726 :cum
3181 5663 3301 5722 aliis
3328 5668 3379 5721 in
3406 5665 3559 5721 libris
3592 5662 3847 5732 legamus

2229 5756 2509 5816 corruptis.
