  <div class='ocr_page' id='page_1' title='image "/cluster/home/n/w/nwhite01/storage/ocr_20150623/10/hvd.32044015471279/026.png"; bbox 0 0 4040 6328; ppageno 0'>
   <div class='ocr_carea' id='block_1_1' title="bbox 203 288 1803 411">
    <p class='ocr_par' dir='ltr' id='par_1_1' title="bbox 203 288 1801 383">
     <span class='ocr_line' id='line_1_1' title="bbox 203 288 1801 383; baseline 0.003 -7"><span class='ocrx_word' id='word_1_1' title='bbox 203 322 267 376; x_wconf 75' lang='lat' dir='ltr'><strong>tt</strong></span> <span class='ocrx_word' id='word_1_2' title='bbox 686 288 692 295; x_wconf 75' lang='grc'><strong>’</strong></span> <span class='ocrx_word' id='word_1_3' title='bbox 1442 324 1531 383; x_wconf 84' lang='lat' dir='ltr'><strong>DE</strong></span> <span class='ocrx_word' id='word_1_4' title='bbox 1568 320 1801 383; x_wconf 81' lang='lat' dir='ltr'><strong>TRINIT</strong></span> 
     </span>
    </p>
   </div>
   <div class='ocr_carea' id='block_1_2' title="bbox 1912 288 3511 411">
    <p class='ocr_par' dir='ltr' id='par_1_2' title="bbox 1912 307 3511 411">
     <span class='ocr_line' id='line_1_2' title="bbox 1912 307 3511 411; baseline 0.017 -28"><span class='ocrx_word' id='word_1_5' title='bbox 1912 323 1943 382; x_wconf 79' lang='grc' dir='ltr'>Ε</span> <span class='ocrx_word' id='word_1_6' title='bbox 1978 323 2183 388; x_wconf 77' lang='lat' dir='ltr'><strong>LIBER</strong></span> <span class='ocrx_word' id='word_1_7' title='bbox 2220 333 2261 389; x_wconf 91' lang='lat' dir='ltr'><strong>l.</strong></span> <span class='ocrx_word' id='word_1_8' title='bbox 3422 307 3511 411; x_wconf 26' lang='lat'><strong>&#39;43</strong></span> 
     </span>
    </p>
   </div>
   <div class='ocr_carea' id='block_1_3' title="bbox 202 437 3502 544">
    <p class='ocr_par' dir='ltr' id='par_1_3' title="bbox 202 437 3502 544">
     <span class='ocr_line' id='line_1_3' title="bbox 202 437 3502 544; baseline 0.012 -57"><span class='ocrx_word' id='word_1_9' title='bbox 202 437 318 507; x_wconf 75' lang='lat' dir='ltr'><strong>ipse</strong></span> <span class='ocrx_word' id='word_1_10' title='bbox 364 437 669 506; x_wconf 86' lang='lat' dir='ltr'><strong>proﬁtetur,</strong></span> <span class='ocrx_word' id='word_1_11' title='bbox 719 437 845 493; x_wconf 90' lang='lat' dir='ltr'><strong>dum</strong></span> <span class='ocrx_word' id='word_1_12' title='bbox 896 439 1139 509; x_wconf 77' lang='lat' dir='ltr'><strong>Apostuii</strong></span> <span class='ocrx_word' id='word_1_13' title='bbox 1170 440 1486 511; x_wconf 80' lang='lat' dir='ltr'><strong>praedicant,</strong></span> <span class='ocrx_word' id='word_1_14' title='bbox 1517 443 1646 499; x_wconf 92' lang='lat' dir='ltr'><strong>dum</strong></span> <span class='ocrx_word' id='word_1_15' title='bbox 1678 443 1805 499; x_wconf 85' lang='lat' dir='ltr'><strong>reli-</strong></span> <span class='ocrx_word' id='word_1_16' title='bbox 1835 449 1877 505; x_wconf 78' lang='grc' dir='ltr'>Α</span> <span class='ocrx_word' id='word_1_17' title='bbox 1910 459 2018 505; x_wconf 81' lang='lat' dir='ltr'><strong>tate</strong></span> <span class='ocrx_word' id='word_1_18' title='bbox 2040 494 2053 517; x_wconf 95' lang='lat'><strong>,</strong></span> <span class='ocrx_word' id='word_1_19' title='bbox 2086 462 2274 509; x_wconf 87' lang='lat' dir='ltr'><strong>natura</strong></span> <span class='ocrx_word' id='word_1_20' title='bbox 2302 498 2315 522; x_wconf 94' lang='lat'><strong>,</strong></span> <span class='ocrx_word' id='word_1_21' title='bbox 2351 463 2647 527; x_wconf 72' lang='lat' dir='ltr'><strong>potestate,</strong></span> <span class='ocrx_word' id='word_1_22' title='bbox 2680 465 3052 533; x_wconf 80' lang='lat' dir='ltr'><strong>professione;</strong></span> <span class='ocrx_word' id='word_1_23' title='bbox 3108 481 3175 522; x_wconf 91' lang='lat' dir='ltr'><strong>ne</strong></span> <span class='ocrx_word' id='word_1_24' title='bbox 3225 471 3244 542; x_wconf 91' lang='lat'>(</span> <span class='ocrx_word' id='word_1_25' title='bbox 3275 477 3331 524; x_wconf 90' lang='lat' dir='ltr'><strong>ut</strong></span> <span class='ocrx_word' id='word_1_26' title='bbox 3370 474 3502 544; x_wconf 91' lang='lat' dir='ltr'><strong>non)</strong></span> 
     </span>
    </p>
   </div>
   <div class='ocr_carea' id='block_1_4' title="bbox 199 529 1802 603">
    <p class='ocr_par' dir='ltr' id='par_1_4' title="bbox 199 529 1802 603">
     <span class='ocr_line' id='line_1_4' title="bbox 199 529 1802 603; baseline 0.006 -19"><span class='ocrx_word' id='word_1_27' title='bbox 199 529 336 601; x_wconf 86' lang='lat' dir='ltr'><strong>giosi</strong></span> <span class='ocrx_word' id='word_1_28' title='bbox 379 531 628 594; x_wconf 86' lang='lat' dir='ltr'><strong>credunt,</strong></span> <span class='ocrx_word' id='word_1_29' title='bbox 679 533 806 588; x_wconf 89' lang='lat' dir='ltr'><strong>dum</strong></span> <span class='ocrx_word' id='word_1_30' title='bbox 852 532 1129 590; x_wconf 69' lang='grc' dir='ltr'>ἀωιιιυηοε</span> <span class='ocrx_word' id='word_1_31' title='bbox 1166 536 1425 603; x_wconf 87' lang='lat' dir='ltr'><strong>clamant,</strong></span> <span class='ocrx_word' id='word_1_32' title='bbox 1466 537 1593 592; x_wconf 89' lang='lat' dir='ltr'><strong>dum</strong></span> <span class='ocrx_word' id='word_1_33' title='bbox 1630 537 1802 594; x_wconf 82' lang='lat' dir='ltr'><strong>Judtei</strong></span> 
     </span>
    </p>
   </div>
   <div class='ocr_carea' id='block_1_5' title="bbox 202 628 1805 706">
    <p class='ocr_par' dir='ltr' id='par_1_5' title="bbox 202 628 1805 706">
     <span class='ocr_line' id='line_1_5' title="bbox 202 628 1805 706; baseline 0.004 -25"><span class='ocrx_word' id='word_1_34' title='bbox 202 635 462 697; x_wconf 80' lang='lat' dir='ltr'><strong>negantes</strong></span> <span class='ocrx_word' id='word_1_35' title='bbox 495 628 758 695; x_wconf 75' lang='lat' dir='ltr'><strong>fatentur,</strong></span> <span class='ocrx_word' id='word_1_36' title='bbox 799 629 927 685; x_wconf 89' lang='lat' dir='ltr'><strong>dum</strong></span> <span class='ocrx_word' id='word_1_37' title='bbox 962 631 1273 702; x_wconf 79' lang='lat' dir='ltr'><strong>ignorantes</strong></span> <span class='ocrx_word' id='word_1_38' title='bbox 1320 633 1627 705; x_wconf 90' lang='lat' dir='ltr'><strong>intelligunt</strong></span> <span class='ocrx_word' id='word_1_39' title='bbox 1673 650 1805 706; x_wconf 85' lang='lat' dir='ltr'><strong>gen-</strong></span> 
     </span>
    </p>
   </div>
   <div class='ocr_carea' id='block_1_6' title="bbox 202 719 1803 795">
    <p class='ocr_par' dir='ltr' id='par_1_6' title="bbox 202 719 1803 795">
     <span class='ocr_line' id='line_1_6' title="bbox 202 719 1803 795; baseline 0.006 -22"><span class='ocrx_word' id='word_1_40' title='bbox 202 727 321 784; x_wconf 90' lang='lat' dir='ltr'><strong>tes;</strong></span> <span class='ocrx_word' id='word_1_41' title='bbox 353 734 421 773; x_wconf 91' lang='lat' dir='ltr'><strong>ne</strong></span> <span class='ocrx_word' id='word_1_42' title='bbox 439 721 550 789; x_wconf 88' lang='lat' dir='ltr'><strong>jam</strong></span> <span class='ocrx_word' id='word_1_43' title='bbox 578 719 656 793; x_wconf 87' lang='lat' dir='ltr'><strong>(id</strong></span> <span class='ocrx_word' id='word_1_44' title='bbox 685 729 782 787; x_wconf 87' lang='lat' dir='ltr'><strong>est,</strong></span> <span class='ocrx_word' id='word_1_45' title='bbox 805 721 1019 794; x_wconf 89' lang='lat' dir='ltr'><strong>utnon)</strong></span> <span class='ocrx_word' id='word_1_46' title='bbox 1045 723 1426 795; x_wconf 82' lang='lat' dir='ltr'><strong>ambigendum</strong></span> <span class='ocrx_word' id='word_1_47' title='bbox 1464 726 1803 795; x_wconf 84' lang='lat' dir='ltr'><strong>permittere-</strong></span> 
     </span>
    </p>
   </div>
   <div class='ocr_carea' id='block_1_7' title="bbox 198 811 1445 889">
    <p class='ocr_par' dir='ltr' id='par_1_7' title="bbox 198 811 1445 889">
     <span class='ocr_line' id='line_1_7' title="bbox 198 811 1445 889; baseline 0.006 -23"><span class='ocrx_word' id='word_1_48' title='bbox 198 821 312 879; x_wconf 93' lang='lat' dir='ltr'><strong>tur,</strong></span> <span class='ocrx_word' id='word_1_49' title='bbox 329 811 471 882; x_wconf 91' lang='lat' dir='ltr'><strong>quod</strong></span> <span class='ocrx_word' id='word_1_50' title='bbox 497 811 853 884; x_wconf 85' lang='lat' dir='ltr'><strong>ignorandum</strong></span> <span class='ocrx_word' id='word_1_51' title='bbox 883 830 990 871; x_wconf 92' lang='lat' dir='ltr'><strong>non</strong></span> <span class='ocrx_word' id='word_1_52' title='bbox 1018 817 1445 889; x_wconf 82' lang='lat' dir='ltr'><strong>relinquebatur.</strong></span> 
     </span>
    </p>
   </div>
   <div class='ocr_carea' id='block_1_8' title="bbox 270 925 1805 997">
    <p class='ocr_par' dir='ltr' id='par_1_8' title="bbox 270 925 1805 997">
     <span class='ocr_line' id='line_1_8' title="bbox 270 925 1805 997; baseline 0.007 -18"><span class='ocrx_word' id='word_1_53' title='bbox 270 925 361 982; x_wconf 68' lang='lat'><strong>26.</strong></span> <span class='ocrx_word' id='word_1_54' title='bbox 402 926 557 982; x_wconf 86' lang='lat' dir='ltr'><strong>Liber</strong></span> <span class='ocrx_word' id='word_1_55' title='bbox 581 929 847 997; x_wconf 88' lang='lat' dir='ltr'><strong>septimus.</strong></span> <span class='ocrx_word' id='word_1_56' title='bbox 880 929 1158 994; x_wconf 79' lang='lat' dir='ltr'><strong>Sabellius,</strong></span> <span class='ocrx_word' id='word_1_57' title='bbox 1209 931 1407 987; x_wconf 86' lang='lat' dir='ltr'><strong>Hebion</strong></span> <span class='ocrx_word' id='word_1_58' title='bbox 1438 942 1482 988; x_wconf 89' lang='lat' dir='ltr'><strong>et</strong></span> <span class='ocrx_word' id='word_1_59' title='bbox 1513 932 1670 988; x_wconf 82' lang='lat' dir='ltr'><strong>Arius</strong></span> <span class='ocrx_word' id='word_1_60' title='bbox 1695 951 1805 991; x_wconf 84' lang='lat' dir='ltr'><strong>sese</strong></span> 
     </span>
    </p>
   </div>
   <div class='ocr_carea' id='block_1_9' title="bbox 198 1019 1799 1097">
    <p class='ocr_par' dir='ltr' id='par_1_9' title="bbox 198 1019 1799 1097">
     <span class='ocr_line' id='line_1_9' title="bbox 198 1019 1799 1097; baseline 0.005 -22"><span class='ocrx_word' id='word_1_61' title='bbox 198 1019 446 1076; x_wconf 82' lang='lat' dir='ltr'><strong>vincendo</strong></span> <span class='ocrx_word' id='word_1_62' title='bbox 478 1020 727 1077; x_wconf 62' lang='lat' dir='ltr'><strong>Ecclesiae</strong></span> <span class='ocrx_word' id='word_1_63' title='bbox 746 1023 1328 1094; x_wconf 85' lang='lat' dir='ltr'><strong>vincunt.—-Septimus</strong></span> <span class='ocrx_word' id='word_1_64' title='bbox 1358 1025 1615 1097; x_wconf 86' lang='lat' dir='ltr'><strong>deinceps</strong></span> <span class='ocrx_word' id='word_1_65' title='bbox 1642 1026 1799 1095; x_wconf 89' lang='lat' dir='ltr'><strong>liber,</strong></span> 
     </span>
    </p>
   </div>
   <div class='ocr_carea' id='block_1_10' title="bbox 196 1115 1805 1190">
    <p class='ocr_par' dir='ltr' id='par_1_10' title="bbox 196 1115 1805 1190">
     <span class='ocr_line' id='line_1_10' title="bbox 196 1115 1805 1190; baseline 0.003 -19"><span class='ocrx_word' id='word_1_66' title='bbox 196 1115 497 1172; x_wconf 88' lang='lat' dir='ltr'><strong>secundum</strong></span> <span class='ocrx_word' id='word_1_67' title='bbox 531 1115 782 1188; x_wconf 70' lang='lat' dir='ltr'><strong>perfecta:</strong></span> <span class='ocrx_word' id='word_1_68' title='bbox 815 1117 938 1173; x_wconf 90' lang='lat' dir='ltr'><strong>ﬁdei</strong></span> <span class='ocrx_word' id='word_1_69' title='bbox 968 1118 1216 1189; x_wconf 85' lang='lat' dir='ltr'><strong>gradum,</strong></span> <span class='ocrx_word' id='word_1_70' title='bbox 1251 1128 1518 1190; x_wconf 52' lang='lat' dir='ltr'><strong>suscepta»</strong></span> <span class='ocrx_word' id='word_1_71' title='bbox 1558 1119 1805 1190; x_wconf 89' lang='lat' dir='ltr'><strong>disputa-</strong></span> 
     </span>
    </p>
   </div>
   <div class='ocr_carea' id='block_1_11' title="bbox 197 1211 1803 1284">
    <p class='ocr_par' dir='ltr' id='par_1_11' title="bbox 197 1211 1803 1284">
     <span class='ocr_line' id='line_1_11' title="bbox 197 1211 1803 1284; baseline 0.002 -20"><span class='ocrx_word' id='word_1_72' title='bbox 197 1211 359 1265; x_wconf 88' lang='lat' dir='ltr'><strong>tionis</strong></span> <span class='ocrx_word' id='word_1_73' title='bbox 406 1225 712 1266; x_wconf 86' lang='lat' dir='ltr'><strong>sermoucm</strong></span> <span class='ocrx_word' id='word_1_74' title='bbox 763 1212 1104 1283; x_wconf 83' lang='lat' dir='ltr'><strong>temperavit.</strong></span> <span class='ocrx_word' id='word_1_75' title='bbox 1157 1212 1398 1283; x_wconf 83' lang='lat' dir='ltr'><strong>Namque</strong></span> <span class='ocrx_word' id='word_1_76' title='bbox 1425 1212 1678 1282; x_wconf 91' lang='lat' dir='ltr'><strong>primum,</strong></span> <span class='ocrx_word' id='word_1_77' title='bbox 1705 1228 1803 1284; x_wconf 89' lang='lat' dir='ltr'><strong>per</strong></span> 
     </span>
    </p>
   </div>
   <div class='ocr_carea' id='block_1_12' title="bbox 194 1305 1801 1377">
    <p class='ocr_par' dir='ltr' id='par_1_12' title="bbox 194 1305 1801 1377">
     <span class='ocr_line' id='line_1_12' title="bbox 194 1305 1801 1377; baseline -0.001 -16"><span class='ocrx_word' id='word_1_78' title='bbox 194 1305 522 1361; x_wconf 79' lang='lat' dir='ltr'><strong>inviolabilis</strong></span> <span class='ocrx_word' id='word_1_79' title='bbox 554 1306 677 1361; x_wconf 89' lang='lat' dir='ltr'><strong>ﬁdei</strong></span> <span class='ocrx_word' id='word_1_80' title='bbox 712 1322 894 1361; x_wconf 89' lang='lat' dir='ltr'><strong>sanam</strong></span> <span class='ocrx_word' id='word_1_81' title='bbox 937 1315 992 1361; x_wconf 90' lang='lat' dir='ltr'><strong>et</strong></span> <span class='ocrx_word' id='word_1_82' title='bbox 1034 1306 1408 1377; x_wconf 79' lang='lat' dir='ltr'><strong>incorruptam</strong></span> <span class='ocrx_word' id='word_1_83' title='bbox 1458 1305 1801 1361; x_wconf 86' lang='lat' dir='ltr'><strong>demonstra-</strong></span> 
     </span>
    </p>
   </div>
   <div class='ocr_carea' id='block_1_13' title="bbox 196 1397 1801 1469">
    <p class='ocr_par' dir='ltr' id='par_1_13' title="bbox 196 1397 1801 1469">
     <span class='ocr_line' id='line_1_13' title="bbox 196 1397 1801 1469; baseline -0.004 -12"><span class='ocrx_word' id='word_1_84' title='bbox 196 1401 422 1469; x_wconf 85' lang='lat' dir='ltr'><strong>tionem,</strong></span> <span class='ocrx_word' id='word_1_85' title='bbox 454 1400 594 1455; x_wconf 88' lang='lat' dir='ltr'><strong>inter</strong></span> <span class='ocrx_word' id='word_1_86' title='bbox 623 1399 915 1456; x_wconf 89' lang='lat' dir='ltr'><strong>Sabellium</strong></span> <span class='ocrx_word' id='word_1_87' title='bbox 940 1406 995 1453; x_wconf 91' lang='lat' dir='ltr'><strong>et</strong></span> <span class='ocrx_word' id='word_1_88' title='bbox 1023 1398 1316 1454; x_wconf 85' lang='lat' dir='ltr'><strong>llebionem</strong></span> <span class='ocrx_word' id='word_1_89' title='bbox 1345 1408 1400 1454; x_wconf 89' lang='lat' dir='ltr'><strong>et</strong></span> <span class='ocrx_word' id='word_1_90' title='bbox 1438 1397 1537 1453; x_wconf 92' lang='lat' dir='ltr'><strong>hos</strong></span> <span class='ocrx_word' id='word_1_91' title='bbox 1559 1414 1664 1452; x_wconf 90' lang='lat' dir='ltr'><strong>non</strong></span> <span class='ocrx_word' id='word_1_92' title='bbox 1688 1397 1801 1453; x_wconf 90' lang='lat' dir='ltr'><strong>veri</strong></span> 
     </span>
    </p>
   </div>
   <div class='ocr_carea' id='block_1_14' title="bbox 196 1492 1801 1566">
    <p class='ocr_par' dir='ltr' id='par_1_14' title="bbox 196 1492 1801 1566">
     <span class='ocr_line' id='line_1_14' title="bbox 196 1492 1801 1566; baseline -0.004 -13"><span class='ocrx_word' id='word_1_93' title='bbox 196 1497 292 1553; x_wconf 86' lang='lat' dir='ltr'><strong>Dei</strong></span> <span class='ocrx_word' id='word_1_94' title='bbox 324 1493 707 1566; x_wconf 82' lang='lat' dir='ltr'><strong>praedicatores</strong></span> <span class='ocrx_word' id='word_1_95' title='bbox 735 1494 829 1549; x_wconf 88' lang='lat' dir='ltr'><strong>lite</strong></span> <span class='ocrx_word' id='word_1_96' title='bbox 860 1492 1125 1556; x_wconf 89' lang='lat' dir='ltr'><strong>certavit,</strong></span> <span class='ocrx_word' id='word_1_97' title='bbox 1156 1507 1254 1547; x_wconf 93' lang='lat' dir='ltr'><strong>cur</strong></span> <span class='ocrx_word' id='word_1_98' title='bbox 1284 1492 1551 1549; x_wconf 89' lang='lat' dir='ltr'><strong>Sabellius</strong></span> <span class='ocrx_word' id='word_1_99' title='bbox 1591 1493 1801 1548; x_wconf 86' lang='lat' dir='ltr'><strong>subsis-</strong></span> 
     </span>
    </p>
   </div>
   <div class='ocr_carea' id='block_1_15' title="bbox 196 1584 1798 1658">
    <p class='ocr_par' dir='ltr' id='par_1_15' title="bbox 196 1584 1798 1658">
     <span class='ocr_line' id='line_1_15' title="bbox 196 1584 1798 1658; baseline -0.004 -12"><span class='ocrx_word' id='word_1_100' title='bbox 196 1601 311 1646; x_wconf 90' lang='lat' dir='ltr'><strong>tere</strong></span> <span class='ocrx_word' id='word_1_101' title='bbox 340 1598 464 1643; x_wconf 90' lang='lat' dir='ltr'><strong>ante</strong></span> <span class='ocrx_word' id='word_1_102' title='bbox 486 1587 681 1643; x_wconf 65' lang='lat' dir='ltr'><strong>secula</strong></span> <span class='ocrx_word' id='word_1_103' title='bbox 710 1597 951 1658; x_wconf 81' lang='lat' dir='ltr'><strong>negaret,</strong></span> <span class='ocrx_word' id='word_1_104' title='bbox 982 1600 1140 1655; x_wconf 87' lang='lat' dir='ltr'><strong>quem</strong></span> <span class='ocrx_word' id='word_1_105' title='bbox 1174 1596 1417 1640; x_wconf 89' lang='lat' dir='ltr'><strong>creatum</strong></span> <span class='ocrx_word' id='word_1_106' title='bbox 1448 1584 1538 1640; x_wconf 86' lang='lat' dir='ltr'><strong>alii</strong></span> <span class='ocrx_word' id='word_1_107' title='bbox 1570 1584 1798 1640; x_wconf 84' lang='lat' dir='ltr'><strong>conﬁte-</strong></span> 
     </span>
    </p>
   </div>
   <div class='ocr_carea' id='block_1_16' title="bbox 194 1678 1798 1756">
    <p class='ocr_par' dir='ltr' id='par_1_16' title="bbox 194 1678 1798 1756">
     <span class='ocr_line' id='line_1_16' title="bbox 194 1678 1798 1756; baseline -0.005 -15"><span class='ocrx_word' id='word_1_108' title='bbox 194 1695 404 1743; x_wconf 87' lang='lat' dir='ltr'><strong>rentur.</strong></span> <span class='ocrx_word' id='word_1_109' title='bbox 428 1683 713 1756; x_wconf 83' lang='lat' dir='ltr'><strong>lgnorabat</strong></span> <span class='ocrx_word' id='word_1_110' title='bbox 738 1682 880 1737; x_wconf 90' lang='lat' dir='ltr'><strong>enim</strong></span> <span class='ocrx_word' id='word_1_111' title='bbox 904 1680 1170 1737; x_wconf 85' lang='lat' dir='ltr'><strong>Sabellius</strong></span> <span class='ocrx_word' id='word_1_112' title='bbox 1190 1680 1573 1735; x_wconf 88' lang='lat' dir='ltr'><strong>subsistentem</strong></span> <span class='ocrx_word' id='word_1_113' title='bbox 1601 1678 1798 1734; x_wconf 88' lang='lat' dir='ltr'><strong>Filium</strong></span> 
     </span>
    </p>
   </div>
   <div class='ocr_carea' id='block_1_17' title="bbox 193 1776 1797 1847">
    <p class='ocr_par' dir='ltr' id='par_1_17' title="bbox 193 1776 1797 1847">
     <span class='ocr_line' id='line_1_17' title="bbox 193 1776 1797 1847; baseline -0.004 -10"><span class='ocrx_word' id='word_1_114' title='bbox 193 1781 325 1837; x_wconf 89' lang='lat' dir='ltr'><strong>dum</strong></span> <span class='ocrx_word' id='word_1_115' title='bbox 355 1780 521 1835; x_wconf 90' lang='lat' dir='ltr'><strong>Deum</strong></span> <span class='ocrx_word' id='word_1_116' title='bbox 545 1793 731 1834; x_wconf 90' lang='lat' dir='ltr'><strong>verum</strong></span> <span class='ocrx_word' id='word_1_117' title='bbox 759 1789 1041 1847; x_wconf 88' lang='lat' dir='ltr'><strong>operatum</strong></span> <span class='ocrx_word' id='word_1_118' title='bbox 1068 1776 1121 1830; x_wconf 91' lang='lat' dir='ltr'><strong>in</strong></span> <span class='ocrx_word' id='word_1_119' title='bbox 1152 1789 1382 1845; x_wconf 90' lang='lat' dir='ltr'><strong>corpore</strong></span> <span class='ocrx_word' id='word_1_120' title='bbox 1402 1790 1526 1831; x_wconf 88' lang='lat' dir='ltr'><strong>esse</strong></span> <span class='ocrx_word' id='word_1_121' title='bbox 1550 1791 1655 1829; x_wconf 90' lang='lat' dir='ltr'><strong>non</strong></span> <span class='ocrx_word' id='word_1_122' title='bbox 1678 1792 1797 1830; x_wconf 56' lang='lat' dir='ltr'><strong>aut.</strong></span> 
     </span>
    </p>
   </div>
   <div class='ocr_carea' id='block_1_18' title="bbox 162 1849 1876 1945">
    <p class='ocr_par' dir='ltr' id='par_1_18' title="bbox 162 1849 1876 1945">
     <span class='ocr_line' id='line_1_18' title="bbox 162 1849 1876 1945; baseline -0.005 -16"><span class='ocrx_word' id='word_1_123' title='bbox 162 1858 165 1859; x_wconf 15' lang='grc' dir='ltr'><em>ν</em></span> <span class='ocrx_word' id='word_1_124' title='bbox 195 1873 347 1945; x_wconf 83' lang='lat' dir='ltr'><strong>bigit.</strong></span> <span class='ocrx_word' id='word_1_125' title='bbox 377 1872 442 1929; x_wconf 83' lang='lat' dir='ltr'><strong>Hi</strong></span> <span class='ocrx_word' id='word_1_126' title='bbox 474 1884 653 1929; x_wconf 91' lang='lat' dir='ltr'><strong>autem</strong></span> <span class='ocrx_word' id='word_1_127' title='bbox 686 1871 949 1943; x_wconf 85' lang='lat' dir='ltr'><strong>negabant</strong></span> <span class='ocrx_word' id='word_1_128' title='bbox 981 1869 1336 1935; x_wconf 85' lang='lat' dir='ltr'><strong>nativitatem,</strong></span> <span class='ocrx_word' id='word_1_129' title='bbox 1364 1878 1420 1924; x_wconf 87' lang='lat' dir='ltr'><strong>et</strong></span> <span class='ocrx_word' id='word_1_130' title='bbox 1458 1868 1800 1923; x_wconf 81' lang='lat' dir='ltr'><strong>affirmabant</strong></span> <span class='ocrx_word' id='word_1_131' title='bbox 1827 1849 1876 1908; x_wconf 84' lang='grc' dir='ltr'>Β</span> 
     </span>
    </p>
   </div>
   <div class='ocr_carea' id='block_1_19' title="bbox 194 1961 1801 2034">
    <p class='ocr_par' dir='ltr' id='par_1_19' title="bbox 194 1961 1801 2034">
     <span class='ocr_line' id='line_1_19' title="bbox 194 1961 1801 2034; baseline -0.004 -11"><span class='ocrx_word' id='word_1_132' title='bbox 194 1975 523 2033; x_wconf 81' lang='lat' dir='ltr'><strong>creaturam,</strong></span> <span class='ocrx_word' id='word_1_133' title='bbox 551 1967 678 2020; x_wconf 88' lang='lat' dir='ltr'><strong>dum</strong></span> <span class='ocrx_word' id='word_1_134' title='bbox 720 1979 885 2034; x_wconf 84' lang='lat' dir='ltr'><strong>opera</strong></span> <span class='ocrx_word' id='word_1_135' title='bbox 916 1962 1034 2032; x_wconf 82' lang='lat' dir='ltr'><strong>ejus</strong></span> <span class='ocrx_word' id='word_1_136' title='bbox 1064 1961 1162 2016; x_wconf 90' lang='lat' dir='ltr'><strong>Dei</strong></span> <span class='ocrx_word' id='word_1_137' title='bbox 1192 1963 1307 2016; x_wconf 88' lang='lat' dir='ltr'><strong>veri</strong></span> <span class='ocrx_word' id='word_1_138' title='bbox 1350 1976 1473 2017; x_wconf 88' lang='lat' dir='ltr'><strong>esse</strong></span> <span class='ocrx_word' id='word_1_139' title='bbox 1501 1976 1664 2031; x_wconf 85' lang='lat' dir='ltr'><strong>opera</strong></span> <span class='ocrx_word' id='word_1_140' title='bbox 1695 1976 1801 2016; x_wconf 93' lang='lat' dir='ltr'><strong>non</strong></span> 
     </span>
    </p>
   </div>
   <div class='ocr_carea' id='block_1_20' title="bbox 196 2053 1802 2131">
    <p class='ocr_par' dir='ltr' id='par_1_20' title="bbox 196 2053 1802 2131">
     <span class='ocr_line' id='line_1_20' title="bbox 196 2053 1802 2131; baseline -0.004 -15"><span class='ocrx_word' id='word_1_141' title='bbox 196 2060 527 2131; x_wconf 89' lang='lat' dir='ltr'><strong>intelligunt.</strong></span> <span class='ocrx_word' id='word_1_142' title='bbox 558 2058 651 2113; x_wconf 86' lang='lat' dir='ltr'><strong>Lis</strong></span> <span class='ocrx_word' id='word_1_143' title='bbox 679 2072 892 2122; x_wconf 90' lang='lat' dir='ltr'><strong>eorum,</strong></span> <span class='ocrx_word' id='word_1_144' title='bbox 940 2054 1077 2110; x_wconf 89' lang='lat' dir='ltr'><strong>ﬁdes</strong></span> <span class='ocrx_word' id='word_1_145' title='bbox 1123 2065 1309 2109; x_wconf 87' lang='lat' dir='ltr'><strong>nostra</strong></span> <span class='ocrx_word' id='word_1_146' title='bbox 1355 2062 1457 2109; x_wconf 87' lang='lat' dir='ltr'><strong>est.</strong></span> <span class='ocrx_word' id='word_1_147' title='bbox 1501 2053 1633 2109; x_wconf 85' lang='lat' dir='ltr'><strong>Nam</strong></span> <span class='ocrx_word' id='word_1_148' title='bbox 1676 2053 1802 2109; x_wconf 89' lang='lat' dir='ltr'><strong>dum</strong></span> 
     </span>
    </p>
   </div>
   <div class='ocr_carea' id='block_1_21' title="bbox 198 2147 1802 2225">
    <p class='ocr_par' dir='ltr' id='par_1_21' title="bbox 198 2147 1802 2225">
     <span class='ocr_line' id='line_1_21' title="bbox 198 2147 1802 2225; baseline -0.005 -14"><span class='ocrx_word' id='word_1_149' title='bbox 198 2156 371 2211; x_wconf 76' lang='lat' dir='ltr'><strong>filium</strong></span> <span class='ocrx_word' id='word_1_150' title='bbox 423 2162 582 2225; x_wconf 80' lang='lat' dir='ltr'><strong>negat</strong></span> <span class='ocrx_word' id='word_1_151' title='bbox 626 2152 885 2225; x_wconf 81' lang='lat' dir='ltr'><strong>(ideoque</strong></span> <span class='ocrx_word' id='word_1_152' title='bbox 911 2147 1101 2221; x_wconf 89' lang='lat' dir='ltr'><strong>errat),</strong></span> <span class='ocrx_word' id='word_1_153' title='bbox 1133 2149 1183 2203; x_wconf 93' lang='lat' dir='ltr'><strong>in</strong></span> <span class='ocrx_word' id='word_1_154' title='bbox 1212 2166 1277 2203; x_wconf 88' lang='lat' dir='ltr'><strong>eo</strong></span> <span class='ocrx_word' id='word_1_155' title='bbox 1307 2148 1474 2203; x_wconf 87' lang='lat' dir='ltr'><strong>vineit</strong></span> <span class='ocrx_word' id='word_1_156' title='bbox 1512 2148 1802 2215; x_wconf 89' lang='lat' dir='ltr'><strong>Sabellins,</strong></span> 
     </span>
    </p>
   </div>
   <div class='ocr_carea' id='block_1_22' title="bbox 208 2241 1808 2320">
    <p class='ocr_par' dir='ltr' id='par_1_22' title="bbox 208 2241 1808 2320">
     <span class='ocr_line' id='line_1_22' title="bbox 208 2241 1808 2320; baseline -0.003 -20"><span class='ocrx_word' id='word_1_157' title='bbox 208 2249 310 2320; x_wconf 79' lang='lat'><strong>17</strong></span> <span class='ocrx_word' id='word_1_158' title='bbox 331 2246 473 2317; x_wconf 90' lang='lat' dir='ltr'><strong>quod</strong></span> <span class='ocrx_word' id='word_1_159' title='bbox 508 2247 647 2302; x_wconf 90' lang='lat' dir='ltr'><strong>Deus</strong></span> <span class='ocrx_word' id='word_1_160' title='bbox 668 2245 1080 2314; x_wconf 88' lang='lat' dir='ltr'><strong>verns(utrecte</strong></span> <span class='ocrx_word' id='word_1_161' title='bbox 1093 2241 1307 2311; x_wconf 84' lang='lat' dir='ltr'><strong>prohat)</strong></span> <span class='ocrx_word' id='word_1_162' title='bbox 1336 2250 1593 2312; x_wconf 83' lang='lat' dir='ltr'><strong>operatus</strong></span> <span class='ocrx_word' id='word_1_163' title='bbox 1623 2250 1808 2298; x_wconf 89' lang='lat' dir='ltr'><strong>est:et</strong></span> 
     </span>
    </p>
   </div>
   <div class='ocr_carea' id='block_1_23' title="bbox 198 2333 1802 2409">
    <p class='ocr_par' dir='ltr' id='par_1_23' title="bbox 198 2333 1802 2409">
     <span class='ocr_line' id='line_1_23' title="bbox 198 2333 1802 2409; baseline -0.004 -14"><span class='ocrx_word' id='word_1_164' title='bbox 198 2339 444 2395; x_wconf 88' lang='lat' dir='ltr'><strong>Ecclesia</strong></span> <span class='ocrx_word' id='word_1_165' title='bbox 472 2354 589 2401; x_wconf 88' lang='lat' dir='ltr'><strong>eos,</strong></span> <span class='ocrx_word' id='word_1_166' title='bbox 612 2337 702 2408; x_wconf 90' lang='lat' dir='ltr'><strong>qui</strong></span> <span class='ocrx_word' id='word_1_167' title='bbox 731 2351 919 2392; x_wconf 85' lang='lat' dir='ltr'><strong>verum</strong></span> <span class='ocrx_word' id='word_1_168' title='bbox 944 2335 996 2389; x_wconf 93' lang='lat' dir='ltr'><strong>in</strong></span> <span class='ocrx_word' id='word_1_169' title='bbox 1025 2333 1243 2388; x_wconf 79' lang='lat' dir='ltr'><strong>Christo</strong></span> <span class='ocrx_word' id='word_1_170' title='bbox 1273 2333 1441 2389; x_wconf 91' lang='lat' dir='ltr'><strong>Deum</strong></span> <span class='ocrx_word' id='word_1_171' title='bbox 1466 2334 1802 2409; x_wconf 76' lang='lat' dir='ltr'><strong>negaverint,</strong></span> 
     </span>
    </p>
   </div>
   <div class='ocr_carea' id='block_1_24' title="bbox 200 2426 1804 2488">
    <p class='ocr_par' dir='ltr' id='par_1_24' title="bbox 200 2426 1804 2488">
     <span class='ocr_line' id='line_1_24' title="bbox 200 2426 1804 2488; baseline -0.003 -1"><span class='ocrx_word' id='word_1_172' title='bbox 200 2431 388 2488; x_wconf 88' lang='lat' dir='ltr'><strong>vincit.</strong></span> <span class='ocrx_word' id='word_1_173' title='bbox 423 2431 493 2487; x_wconf 84' lang='lat' dir='ltr'><strong>At</strong></span> <span class='ocrx_word' id='word_1_174' title='bbox 521 2444 653 2485; x_wconf 89' lang='lat' dir='ltr'><strong>vero</strong></span> <span class='ocrx_word' id='word_1_175' title='bbox 673 2442 794 2484; x_wconf 90' lang='lat' dir='ltr'><strong>cum</strong></span> <span class='ocrx_word' id='word_1_176' title='bbox 818 2426 1206 2482; x_wconf 90' lang='lat' dir='ltr'><strong>subsistentem</strong></span> <span class='ocrx_word' id='word_1_177' title='bbox 1235 2426 1509 2482; x_wconf 77' lang='lat' dir='ltr'><strong>Christum</strong></span> <span class='ocrx_word' id='word_1_178' title='bbox 1540 2434 1667 2482; x_wconf 90' lang='lat' dir='ltr'><strong>ante</strong></span> <span class='ocrx_word' id='word_1_179' title='bbox 1696 2441 1804 2482; x_wconf 70' lang='lat' dir='ltr'><strong>sae-</strong></span> 
     </span>
    </p>
   </div>
   <div class='ocr_carea' id='block_1_25' title="bbox 199 2521 1803 2593">
    <p class='ocr_par' dir='ltr' id='par_1_25' title="bbox 199 2521 1803 2593">
     <span class='ocr_line' id='line_1_25' title="bbox 199 2521 1803 2593; baseline -0.005 -9"><span class='ocrx_word' id='word_1_180' title='bbox 199 2528 322 2585; x_wconf 91' lang='lat' dir='ltr'><strong>cula</strong></span> <span class='ocrx_word' id='word_1_181' title='bbox 348 2526 399 2580; x_wconf 88' lang='lat' dir='ltr'><strong>hi</strong></span> <span class='ocrx_word' id='word_1_182' title='bbox 431 2525 688 2580; x_wconf 90' lang='lat' dir='ltr'><strong>adversus</strong></span> <span class='ocrx_word' id='word_1_183' title='bbox 720 2538 840 2578; x_wconf 90' lang='lat' dir='ltr'><strong>eum</strong></span> <span class='ocrx_word' id='word_1_184' title='bbox 864 2521 1243 2577; x_wconf 89' lang='lat' dir='ltr'><strong>demonstrant</strong></span> <span class='ocrx_word' id='word_1_185' title='bbox 1268 2536 1485 2593; x_wconf 89' lang='lat' dir='ltr'><strong>semper</strong></span> <span class='ocrx_word' id='word_1_186' title='bbox 1499 2531 1803 2593; x_wconf 90' lang='lat' dir='ltr'><strong>operatum,</strong></span> 
     </span>
    </p>
   </div>
   <div class='ocr_carea' id='block_1_26' title="bbox 199 2612 1802 2684">
    <p class='ocr_par' dir='ltr' id='par_1_26' title="bbox 199 2612 1802 2684">
     <span class='ocr_line' id='line_1_26' title="bbox 199 2612 1802 2684; baseline -0.004 -8"><span class='ocrx_word' id='word_1_187' title='bbox 199 2621 273 2676; x_wconf 91' lang='lat' dir='ltr'><strong>de</strong></span> <span class='ocrx_word' id='word_1_188' title='bbox 324 2617 684 2675; x_wconf 89' lang='lat' dir='ltr'><strong>condemnato</strong></span> <span class='ocrx_word' id='word_1_189' title='bbox 734 2629 917 2671; x_wconf 91' lang='lat' dir='ltr'><strong>secum</strong></span> <span class='ocrx_word' id='word_1_190' title='bbox 961 2612 1198 2670; x_wconf 89' lang='lat' dir='ltr'><strong>Sabellio</strong></span> <span class='ocrx_word' id='word_1_191' title='bbox 1242 2613 1398 2669; x_wconf 90' lang='lat' dir='ltr'><strong>nobis</strong></span> <span class='ocrx_word' id='word_1_192' title='bbox 1447 2615 1802 2684; x_wconf 90' lang='lat' dir='ltr'><strong>triumphant,</strong></span> 
     </span>
    </p>
   </div>
   <div class='ocr_carea' id='block_1_27' title="bbox 202 2705 1803 2783">
    <p class='ocr_par' dir='ltr' id='par_1_27' title="bbox 202 2705 1803 2783">
     <span class='ocr_line' id='line_1_27' title="bbox 202 2705 1803 2783; baseline -0.003 -15"><span class='ocrx_word' id='word_1_193' title='bbox 202 2714 374 2769; x_wconf 91' lang='lat' dir='ltr'><strong>Deum</strong></span> <span class='ocrx_word' id='word_1_194' title='bbox 398 2710 613 2783; x_wconf 89' lang='lat' dir='ltr'><strong>quidem</strong></span> <span class='ocrx_word' id='word_1_195' title='bbox 642 2724 831 2765; x_wconf 87' lang='lat' dir='ltr'><strong>verum</strong></span> <span class='ocrx_word' id='word_1_196' title='bbox 859 2706 1043 2780; x_wconf 75' lang='grc' dir='ltr'><strong>(1)(α)</strong></span> <span class='ocrx_word' id='word_1_197' title='bbox 1070 2707 1294 2773; x_wconf 88' lang='lat' dir='ltr'><strong>sciente,</strong></span> <span class='ocrx_word' id='word_1_198' title='bbox 1345 2705 1442 2761; x_wconf 91' lang='lat' dir='ltr'><strong>sed</strong></span> <span class='ocrx_word' id='word_1_199' title='bbox 1494 2706 1586 2762; x_wconf 89' lang='lat' dir='ltr'><strong>Dei</strong></span> <span class='ocrx_word' id='word_1_200' title='bbox 1633 2707 1803 2763; x_wconf 88' lang='lat' dir='ltr'><strong>ﬁlium</strong></span> 
     </span>
    </p>
   </div>
   <div class='ocr_carea' id='block_1_28' title="bbox 201 2800 1808 2871">
    <p class='ocr_par' dir='ltr' id='par_1_28' title="bbox 201 2800 1808 2871">
     <span class='ocr_line' id='line_1_28' title="bbox 201 2800 1808 2871; baseline -0.004 -8"><span class='ocrx_word' id='word_1_201' title='bbox 201 2806 498 2866; x_wconf 86' lang='lat' dir='ltr'><strong>nesciente.</strong></span> <span class='ocrx_word' id='word_1_202' title='bbox 531 2804 737 2860; x_wconf 87' lang='lat' dir='ltr'><strong>Hebion</strong></span> <span class='ocrx_word' id='word_1_203' title='bbox 770 2811 950 2857; x_wconf 89' lang='lat' dir='ltr'><strong>autem</strong></span> <span class='ocrx_word' id='word_1_204' title='bbox 994 2800 1063 2856; x_wconf 90' lang='lat' dir='ltr'><strong>ab</strong></span> <span class='ocrx_word' id='word_1_205' title='bbox 1107 2810 1338 2871; x_wconf 87' lang='lat' dir='ltr'><strong>utroque</strong></span> <span class='ocrx_word' id='word_1_206' title='bbox 1365 2800 1439 2856; x_wconf 89' lang='lat' dir='ltr'><strong>ita</strong></span> <span class='ocrx_word' id='word_1_207' title='bbox 1464 2801 1717 2869; x_wconf 86' lang='lat' dir='ltr'><strong>vincitur,</strong></span> <span class='ocrx_word' id='word_1_208' title='bbox 1750 2811 1808 2858; x_wconf 92' lang='lat' dir='ltr'><strong>ut</strong></span> 
     </span>
    </p>
   </div>
   <div class='ocr_carea' id='block_1_29' title="bbox 202 2894 1801 2972">
    <p class='ocr_par' dir='ltr' id='par_1_29' title="bbox 202 2894 1801 2972">
     <span class='ocr_line' id='line_1_29' title="bbox 202 2894 1801 2972; baseline -0.004 -16"><span class='ocrx_word' id='word_1_209' title='bbox 202 2900 293 2957; x_wconf 89' lang='lat' dir='ltr'><strong>hic</strong></span> <span class='ocrx_word' id='word_1_210' title='bbox 319 2897 527 2972; x_wconf 80' lang='lat' dir='ltr'><strong>(Arius)</strong></span> <span class='ocrx_word' id='word_1_211' title='bbox 557 2907 681 2953; x_wconf 88' lang='lat' dir='ltr'><strong>ante</strong></span> <span class='ocrx_word' id='word_1_212' title='bbox 704 2898 903 2954; x_wconf 83' lang='lat' dir='ltr'><strong>saecula</strong></span> <span class='ocrx_word' id='word_1_213' title='bbox 932 2895 1339 2963; x_wconf 86' lang='lat' dir='ltr'><strong>subsistentem,</strong></span> <span class='ocrx_word' id='word_1_214' title='bbox 1372 2895 1460 2949; x_wconf 90' lang='lat' dir='ltr'><strong>hic</strong></span> <span class='ocrx_word' id='word_1_215' title='bbox 1483 2894 1801 2966; x_wconf 87' lang='lat' dir='ltr'><strong>(Sabellius)</strong></span> 
     </span>
    </p>
   </div>
   <div class='ocr_carea' id='block_1_30' title="bbox 206 2987 1809 3061">
    <p class='ocr_par' dir='ltr' id='par_1_30' title="bbox 206 2987 1809 3061">
     <span class='ocr_line' id='line_1_30' title="bbox 206 2987 1809 3061; baseline -0.004 -11"><span class='ocrx_word' id='word_1_216' title='bbox 206 3011 394 3051; x_wconf 85' lang='lat' dir='ltr'><strong>verum</strong></span> <span class='ocrx_word' id='word_1_217' title='bbox 414 2994 579 3050; x_wconf 89' lang='lat' dir='ltr'><strong>Deum</strong></span> <span class='ocrx_word' id='word_1_218' title='bbox 610 2992 1211 3061; x_wconf 90' lang='lat' dir='ltr'><strong>convincatoperatum.</strong></span> <span class='ocrx_word' id='word_1_219' title='bbox 1237 2987 1546 3060; x_wconf 90' lang='lat' dir='ltr'><strong>Omnesque</strong></span> <span class='ocrx_word' id='word_1_220' title='bbox 1581 3005 1639 3044; x_wconf 90' lang='lat' dir='ltr'><strong>se</strong></span> <span class='ocrx_word' id='word_1_221' title='bbox 1669 2989 1809 3044; x_wconf 91' lang='lat' dir='ltr'><strong>invi-</strong></span> 
     </span>
    </p>
   </div>
   <div class='ocr_carea' id='block_1_31' title="bbox 205 3081 1808 3156">
    <p class='ocr_par' dir='ltr' id='par_1_31' title="bbox 205 3081 1808 3156">
     <span class='ocr_line' id='line_1_31' title="bbox 205 3081 1808 3156; baseline -0.006 -7"><span class='ocrx_word' id='word_1_222' title='bbox 205 3107 323 3149; x_wconf 89' lang='lat' dir='ltr'><strong>cem</strong></span> <span class='ocrx_word' id='word_1_223' title='bbox 352 3088 618 3145; x_wconf 89' lang='lat' dir='ltr'><strong>vincendo</strong></span> <span class='ocrx_word' id='word_1_224' title='bbox 639 3086 954 3144; x_wconf 89' lang='lat' dir='ltr'><strong>vincuntur:</strong></span> <span class='ocrx_word' id='word_1_225' title='bbox 975 3085 1100 3156; x_wconf 87' lang='lat' dir='ltr'><strong>quia</strong></span> <span class='ocrx_word' id='word_1_226' title='bbox 1132 3081 1380 3139; x_wconf 88' lang='lat' dir='ltr'><strong>Ecclesia</strong></span> <span class='ocrx_word' id='word_1_227' title='bbox 1407 3091 1462 3139; x_wconf 90' lang='lat' dir='ltr'><strong>et</strong></span> <span class='ocrx_word' id='word_1_228' title='bbox 1489 3091 1678 3139; x_wconf 90' lang='lat' dir='ltr'><strong>contra</strong></span> <span class='ocrx_word' id='word_1_229' title='bbox 1708 3084 1808 3140; x_wconf 84' lang='lat' dir='ltr'><strong>Sa-</strong></span> 
     </span>
    </p>
   </div>
   <div class='ocr_carea' id='block_1_32' title="bbox 203 3176 1805 3248">
    <p class='ocr_par' dir='ltr' id='par_1_32' title="bbox 203 3176 1805 3248">
     <span class='ocr_line' id='line_1_32' title="bbox 203 3176 1805 3248; baseline -0.006 -8"><span class='ocrx_word' id='word_1_230' title='bbox 203 3183 450 3248; x_wconf 88' lang='lat' dir='ltr'><strong>bellium,</strong></span> <span class='ocrx_word' id='word_1_231' title='bbox 478 3192 536 3239; x_wconf 92' lang='lat' dir='ltr'><strong>et</strong></span> <span class='ocrx_word' id='word_1_232' title='bbox 553 3188 740 3238; x_wconf 88' lang='lat' dir='ltr'><strong>contra</strong></span> <span class='ocrx_word' id='word_1_233' title='bbox 761 3188 1024 3236; x_wconf 72' lang='lat' dir='ltr'><strong>creaturae</strong></span> <span class='ocrx_word' id='word_1_234' title='bbox 1067 3176 1481 3247; x_wconf 73' lang='lat' dir='ltr'><strong>praedicatores,</strong></span> <span class='ocrx_word' id='word_1_235' title='bbox 1522 3183 1577 3231; x_wconf 89' lang='lat' dir='ltr'><strong>et</strong></span> <span class='ocrx_word' id='word_1_236' title='bbox 1616 3185 1805 3231; x_wconf 90' lang='lat' dir='ltr'><strong>contra</strong></span> 
     </span>
    </p>
   </div>
   <div class='ocr_carea' id='block_1_33' title="bbox 204 3268 1804 3345">
    <p class='ocr_par' dir='ltr' id='par_1_33' title="bbox 204 3268 1804 3345">
     <span class='ocr_line' id='line_1_33' title="bbox 204 3268 1804 3345; baseline -0.006 -12"><span class='ocrx_word' id='word_1_237' title='bbox 204 3278 525 3345; x_wconf 84' lang='lat' dir='ltr'><strong>llebionem,</strong></span> <span class='ocrx_word' id='word_1_238' title='bbox 562 3276 729 3331; x_wconf 91' lang='lat' dir='ltr'><strong>Deum</strong></span> <span class='ocrx_word' id='word_1_239' title='bbox 754 3287 943 3329; x_wconf 89' lang='lat' dir='ltr'><strong>verum</strong></span> <span class='ocrx_word' id='word_1_240' title='bbox 973 3287 1041 3327; x_wconf 80' lang='lat' dir='ltr'><strong>ex</strong></span> <span class='ocrx_word' id='word_1_241' title='bbox 1069 3271 1181 3326; x_wconf 90' lang='lat' dir='ltr'><strong>Deo</strong></span> <span class='ocrx_word' id='word_1_242' title='bbox 1211 3283 1342 3326; x_wconf 89' lang='lat' dir='ltr'><strong>vero</strong></span> <span class='ocrx_word' id='word_1_243' title='bbox 1382 3269 1667 3325; x_wconf 90' lang='lat' dir='ltr'><strong>Dominum</strong></span> <span class='ocrx_word' id='word_1_244' title='bbox 1712 3268 1804 3324; x_wconf 85' lang='lat' dir='ltr'><strong>Je-</strong></span> 
     </span>
    </p>
   </div>
   <div class='ocr_carea' id='block_1_34' title="bbox 203 3360 1810 3438">
    <p class='ocr_par' dir='ltr' id='par_1_34' title="bbox 203 3360 1810 3438">
     <span class='ocr_line' id='line_1_34' title="bbox 203 3360 1810 3438; baseline -0.006 -10"><span class='ocrx_word' id='word_1_245' title='bbox 203 3387 325 3428; x_wconf 91' lang='lat' dir='ltr'><strong>sum</strong></span> <span class='ocrx_word' id='word_1_246' title='bbox 351 3371 646 3438; x_wconf 80' lang='lat' dir='ltr'><strong>Christum,</strong></span> <span class='ocrx_word' id='word_1_247' title='bbox 700 3376 758 3424; x_wconf 92' lang='lat' dir='ltr'><strong>et</strong></span> <span class='ocrx_word' id='word_1_248' title='bbox 795 3375 921 3422; x_wconf 89' lang='lat' dir='ltr'><strong>ante</strong></span> <span class='ocrx_word' id='word_1_249' title='bbox 960 3365 1161 3422; x_wconf 79' lang='lat' dir='ltr'><strong>saecula</strong></span> <span class='ocrx_word' id='word_1_250' title='bbox 1193 3374 1401 3432; x_wconf 90' lang='lat' dir='ltr'><strong>natum,</strong></span> <span class='ocrx_word' id='word_1_251' title='bbox 1425 3371 1480 3419; x_wconf 93' lang='lat' dir='ltr'><strong>et</strong></span> <span class='ocrx_word' id='word_1_252' title='bbox 1500 3371 1684 3434; x_wconf 89' lang='lat' dir='ltr'><strong>postea</strong></span> <span class='ocrx_word' id='word_1_253' title='bbox 1712 3360 1810 3418; x_wconf 88' lang='lat' dir='ltr'><strong>ho-</strong></span> 
     </span>
    </p>
   </div>
   <div class='ocr_carea' id='block_1_35' title="bbox 203 3462 1084 3536">
    <p class='ocr_par' dir='ltr' id='par_1_35' title="bbox 203 3462 1084 3536">
     <span class='ocr_line' id='line_1_35' title="bbox 203 3462 1084 3536; baseline -0.01 -14"><span class='ocrx_word' id='word_1_254' title='bbox 203 3465 406 3522; x_wconf 88' lang='lat' dir='ltr'><strong>minem</strong></span> <span class='ocrx_word' id='word_1_255' title='bbox 431 3462 668 3536; x_wconf 88' lang='lat' dir='ltr'><strong>genitum</strong></span> <span class='ocrx_word' id='word_1_256' title='bbox 695 3475 816 3517; x_wconf 90' lang='lat' dir='ltr'><strong>esse</strong></span> <span class='ocrx_word' id='word_1_257' title='bbox 837 3467 1084 3515; x_wconf 84' lang='lat' dir='ltr'><strong>testatur.</strong></span> 
     </span>
    </p>
   </div>
   <div class='ocr_carea' id='block_1_36' title="bbox 277 3572 1804 3651">
    <p class='ocr_par' dir='ltr' id='par_1_36' title="bbox 277 3572 1804 3651">
     <span class='ocr_line' id='line_1_36' title="bbox 277 3572 1804 3651; baseline -0.007 -14"><span class='ocrx_word' id='word_1_258' title='bbox 277 3583 370 3637; x_wconf 75' lang='lat'><strong>9.7.</strong></span> <span class='ocrx_word' id='word_1_259' title='bbox 398 3583 764 3649; x_wconf 82' lang='lat' dir='ltr'><strong>Argumentum</strong></span> <span class='ocrx_word' id='word_1_260' title='bbox 814 3577 1016 3651; x_wconf 78' lang='lat' dir='ltr'><strong>septimi</strong></span> <span class='ocrx_word' id='word_1_261' title='bbox 1070 3576 1205 3630; x_wconf 81' lang='lat' dir='ltr'><strong>libri.</strong></span> <span class='ocrx_word' id='word_1_262' title='bbox 1252 3607 1321 3615; x_wconf 91' lang='lat'>—</span> <span class='ocrx_word' id='word_1_263' title='bbox 1363 3572 1573 3629; x_wconf 85' lang='lat' dir='ltr'><strong>Nemini</strong></span> <span class='ocrx_word' id='word_1_264' title='bbox 1624 3584 1804 3629; x_wconf 90' lang='lat' dir='ltr'><strong>autem</strong></span> 
     </span>
    </p>
   </div>
   <div class='ocr_carea' id='block_1_37' title="bbox 203 3666 1801 3744">
    <p class='ocr_par' dir='ltr' id='par_1_37' title="bbox 203 3666 1801 3744">
     <span class='ocr_line' id='line_1_37' title="bbox 203 3666 1801 3744; baseline -0.008 -12"><span class='ocrx_word' id='word_1_265' title='bbox 203 3675 427 3732; x_wconf 84' lang='lat' dir='ltr'><strong>dubium</strong></span> <span class='ocrx_word' id='word_1_266' title='bbox 451 3683 569 3741; x_wconf 89' lang='lat' dir='ltr'><strong>est,</strong></span> <span class='ocrx_word' id='word_1_267' title='bbox 596 3687 894 3744; x_wconf 83' lang='lat' dir='ltr'><strong>congruum</strong></span> <span class='ocrx_word' id='word_1_268' title='bbox 925 3670 977 3726; x_wconf 92' lang='lat' dir='ltr'><strong>id</strong></span> <span class='ocrx_word' id='word_1_269' title='bbox 1008 3670 1242 3724; x_wconf 82' lang='lat' dir='ltr'><strong>maxime</strong></span> <span class='ocrx_word' id='word_1_270' title='bbox 1270 3666 1353 3739; x_wconf 66' lang='grc' dir='ltr'><strong>(Ξ)</strong></span> <span class='ocrx_word' id='word_1_271' title='bbox 1382 3668 1564 3738; x_wconf 90' lang='lat' dir='ltr'><strong>pietati</strong></span> <span class='ocrx_word' id='word_1_272' title='bbox 1591 3666 1801 3721; x_wconf 88' lang='lat' dir='ltr'><strong>doctri-</strong></span> 
     </span>
    </p>
   </div>
   <div class='ocr_carea' id='block_1_38' title="bbox 205 3759 1804 3839">
    <p class='ocr_par' dir='ltr' id='par_1_38' title="bbox 205 3759 1804 3839">
     <span class='ocr_line' id='line_1_38' title="bbox 205 3759 1804 3839; baseline -0.006 -15"><span class='ocrx_word' id='word_1_273' title='bbox 205 3786 290 3826; x_wconf 76' lang='lat' dir='ltr'><strong>na:</strong></span> <span class='ocrx_word' id='word_1_274' title='bbox 315 3769 508 3834; x_wconf 90' lang='lat' dir='ltr'><strong>fuisse,</strong></span> <span class='ocrx_word' id='word_1_275' title='bbox 543 3777 601 3823; x_wconf 92' lang='lat' dir='ltr'><strong>ut</strong></span> <span class='ocrx_word' id='word_1_276' title='bbox 632 3770 755 3839; x_wconf 89' lang='lat' dir='ltr'><strong>quia</strong></span> <span class='ocrx_word' id='word_1_277' title='bbox 781 3780 849 3821; x_wconf 89' lang='lat' dir='ltr'><strong>ex</strong></span> <span class='ocrx_word' id='word_1_278' title='bbox 873 3765 990 3836; x_wconf 83' lang='lat' dir='ltr'><strong>lege</strong></span> <span class='ocrx_word' id='word_1_279' title='bbox 1019 3774 1073 3818; x_wconf 91' lang='lat' dir='ltr'><strong>et</strong></span> <span class='ocrx_word' id='word_1_280' title='bbox 1102 3763 1380 3832; x_wconf 88' lang='lat' dir='ltr'><strong>prophetis</strong></span> <span class='ocrx_word' id='word_1_281' title='bbox 1414 3761 1648 3832; x_wconf 89' lang='lat' dir='ltr'><strong>primum</strong></span> <span class='ocrx_word' id='word_1_282' title='bbox 1708 3759 1804 3815; x_wconf 86' lang='lat' dir='ltr'><strong>Dei</strong></span> 
     </span>
    </p>
   </div>
   <div class='ocr_carea' id='block_1_39' title="bbox 204 3859 1805 3935">
    <p class='ocr_par' dir='ltr' id='par_1_39' title="bbox 204 3859 1805 3935">
     <span class='ocr_line' id='line_1_39' title="bbox 204 3859 1805 3935; baseline -0.008 -15"><span class='ocrx_word' id='word_1_283' title='bbox 204 3864 411 3930; x_wconf 90' lang='lat' dir='ltr'><strong>ﬁlium,</strong></span> <span class='ocrx_word' id='word_1_284' title='bbox 457 3870 581 3935; x_wconf 92' lang='lat' dir='ltr'><strong>post</strong></span> <span class='ocrx_word' id='word_1_285' title='bbox 625 3861 786 3917; x_wconf 91' lang='lat' dir='ltr'><strong>etiam</strong></span> <span class='ocrx_word' id='word_1_286' title='bbox 831 3859 1002 3914; x_wconf 88' lang='lat' dir='ltr'><strong>Deum</strong></span> <span class='ocrx_word' id='word_1_287' title='bbox 1054 3872 1239 3912; x_wconf 81' lang='lat' dir='ltr'><strong>verum</strong></span> <span class='ocrx_word' id='word_1_288' title='bbox 1291 3869 1412 3910; x_wconf 90' lang='lat' dir='ltr'><strong>cum</strong></span> <span class='ocrx_word' id='word_1_289' title='bbox 1463 3862 1805 3909; x_wconf 89' lang='lat' dir='ltr'><strong>sacramento</strong></span> 
     </span>
    </p>
   </div>
   <div class='ocr_carea' id='block_1_40' title="bbox 203 3948 1805 4030">
    <p class='ocr_par' dir='ltr' id='par_1_40' title="bbox 203 3948 1805 4030">
     <span class='ocr_line' id='line_1_40' title="bbox 203 3948 1805 4030; baseline -0.009 -13"><span class='ocrx_word' id='word_1_290' title='bbox 203 3961 432 4017; x_wconf 87' lang='lat' dir='ltr'><strong>unitatis</strong></span> <span class='ocrx_word' id='word_1_291' title='bbox 462 3956 945 4030; x_wconf 63' lang='lat' dir='ltr'><strong>praedicasse-mus;</strong></span> <span class='ocrx_word' id='word_1_292' title='bbox 979 3967 1193 4008; x_wconf 85' lang='lat' dir='ltr'><strong>rursum</strong></span> <span class='ocrx_word' id='word_1_293' title='bbox 1219 3950 1391 4022; x_wconf 84' lang='lat' dir='ltr'><strong>legem</strong></span> <span class='ocrx_word' id='word_1_294' title='bbox 1420 3965 1482 4005; x_wconf 89' lang='lat' dir='ltr'><strong>ac</strong></span> <span class='ocrx_word' id='word_1_295' title='bbox 1509 3948 1805 4020; x_wconf 88' lang='lat' dir='ltr'><strong>prophetas</strong></span> 
     </span>
    </p>
   </div>
   <div class='ocr_carea' id='block_1_41' title="bbox 203 4043 1801 4126">
    <p class='ocr_par' dir='ltr' id='par_1_41' title="bbox 203 4043 1801 4126">
     <span class='ocr_line' id='line_1_41' title="bbox 203 4043 1801 4126; baseline -0.011 -14"><span class='ocrx_word' id='word_1_296' title='bbox 203 4070 304 4126; x_wconf 88' lang='lat' dir='ltr'><strong>per</strong></span> <span class='ocrx_word' id='word_1_297' title='bbox 326 4052 616 4124; x_wconf 84' lang='lat' dir='ltr'><strong>Evangelia</strong></span> <span class='ocrx_word' id='word_1_298' title='bbox 648 4050 956 4117; x_wconf 84' lang='lat' dir='ltr'><strong>firmantes,</strong></span> <span class='ocrx_word' id='word_1_299' title='bbox 991 4050 1222 4119; x_wconf 91' lang='lat' dir='ltr'><strong>primum</strong></span> <span class='ocrx_word' id='word_1_300' title='bbox 1255 4062 1319 4101; x_wconf 86' lang='lat' dir='ltr'><strong>ex</strong></span> <span class='ocrx_word' id='word_1_301' title='bbox 1357 4044 1440 4099; x_wconf 90' lang='lat' dir='ltr'><strong>his</strong></span> <span class='ocrx_word' id='word_1_302' title='bbox 1466 4044 1560 4099; x_wconf 89' lang='lat' dir='ltr'><strong>Dei</strong></span> <span class='ocrx_word' id='word_1_303' title='bbox 1592 4043 1761 4097; x_wconf 87' lang='lat' dir='ltr'><strong>ﬁlium</strong></span> <span class='ocrx_word' id='word_1_304' title='bbox 1784 4082 1801 4109; x_wconf 92' lang='lat'><strong>,</strong></span> 
     </span>
    </p>
   </div>
   <div class='ocr_carea' id='block_1_42' title="bbox 205 4138 1804 4222">
    <p class='ocr_par' dir='ltr' id='par_1_42' title="bbox 205 4138 1804 4222">
     <span class='ocr_line' id='line_1_42' title="bbox 205 4138 1804 4222; baseline -0.011 -16"><span class='ocrx_word' id='word_1_305' title='bbox 205 4158 330 4222; x_wconf 90' lang='lat' dir='ltr'><strong>post</strong></span> <span class='ocrx_word' id='word_1_306' title='bbox 356 4148 519 4205; x_wconf 86' lang='lat' dir='ltr'><strong>etiam</strong></span> <span class='ocrx_word' id='word_1_307' title='bbox 548 4146 715 4202; x_wconf 91' lang='lat' dir='ltr'><strong>Deum</strong></span> <span class='ocrx_word' id='word_1_308' title='bbox 747 4144 821 4218; x_wconf 91' lang='lat' dir='ltr'><strong>(b)</strong></span> <span class='ocrx_word' id='word_1_309' title='bbox 856 4157 1040 4199; x_wconf 83' lang='lat' dir='ltr'><strong>verum</strong></span> <span class='ocrx_word' id='word_1_310' title='bbox 1086 4142 1426 4196; x_wconf 80' lang='lat' dir='ltr'><strong>duceremus.</strong></span> <span class='ocrx_word' id='word_1_311' title='bbox 1479 4138 1804 4205; x_wconf 89' lang='lat' dir='ltr'><strong>Competen-</strong></span> 
     </span>
    </p>
   </div>
   <div class='ocr_carea' id='block_1_43' title="bbox 206 4230 1802 4311">
    <p class='ocr_par' dir='ltr' id='par_1_43' title="bbox 206 4230 1802 4311">
     <span class='ocr_line' id='line_1_43' title="bbox 206 4230 1802 4311; baseline -0.01 -12"><span class='ocrx_word' id='word_1_312' title='bbox 206 4243 476 4300; x_wconf 87' lang='lat' dir='ltr'><strong>tissimum</strong></span> <span class='ocrx_word' id='word_1_313' title='bbox 500 4240 680 4311; x_wconf 85' lang='lat' dir='ltr'><strong>itaque</strong></span> <span class='ocrx_word' id='word_1_314' title='bbox 709 4237 846 4302; x_wconf 90' lang='lat' dir='ltr'><strong>fuit,</strong></span> <span class='ocrx_word' id='word_1_315' title='bbox 903 4244 1027 4306; x_wconf 90' lang='lat' dir='ltr'><strong>post</strong></span> <span class='ocrx_word' id='word_1_316' title='bbox 1076 4248 1271 4290; x_wconf 86' lang='lat' dir='ltr'><strong>nomen</strong></span> <span class='ocrx_word' id='word_1_317' title='bbox 1336 4230 1462 4296; x_wconf 92' lang='lat' dir='ltr'><strong>ﬁlii,</strong></span> <span class='ocrx_word' id='word_1_318' title='bbox 1520 4230 1802 4286; x_wconf 88' lang='lat' dir='ltr'><strong>veritatem</strong></span> 
     </span>
    </p>
   </div>
   <div class='ocr_carea' id='block_1_44' title="bbox 203 4322 1803 4426">
    <p class='ocr_par' dir='ltr' id='par_1_44' title="bbox 203 4322 1803 4426">
     <span class='ocr_line' id='line_1_44' title="bbox 203 4322 1803 4426; baseline -0.01 -34"><span class='ocrx_word' id='word_1_319' title='bbox 203 4336 325 4408; x_wconf 82' lang='lat' dir='ltr'><strong>ejus</strong></span> <span class='ocrx_word' id='word_1_320' title='bbox 350 4334 637 4391; x_wconf 88' lang='lat' dir='ltr'><strong>ostendere</strong></span> <span class='ocrx_word' id='word_1_321' title='bbox 665 4350 677 4386; x_wconf 90' lang='lat'><strong>:</strong></span> <span class='ocrx_word' id='word_1_322' title='bbox 710 4343 1040 4402; x_wconf 87' lang='lat' dir='ltr'><strong>quamquant</strong></span> <span class='ocrx_word' id='word_1_323' title='bbox 1061 4369 1078 4392; x_wconf 90' lang='lat'><strong>,</strong></span> <span class='ocrx_word' id='word_1_324' title='bbox 1111 4322 1412 4383; x_wconf 85' lang='lat' dir='ltr'><strong>secundum</strong></span> <span class='ocrx_word' id='word_1_325' title='bbox 1459 4336 1803 4426; x_wconf 62' lang='lat' dir='ltr'><strong>communem</strong></span> 
     </span>
    </p>
   </div>
   <div class='ocr_carea' id='block_1_45' title="bbox 205 4412 1803 4498">
    <p class='ocr_par' dir='ltr' id='par_1_45' title="bbox 205 4412 1803 4498">
     <span class='ocr_line' id='line_1_45' title="bbox 205 4412 1803 4498; baseline -0.011 -12"><span class='ocrx_word' id='word_1_326' title='bbox 205 4444 462 4495; x_wconf 89' lang='lat' dir='ltr'><strong>sensum,</strong></span> <span class='ocrx_word' id='word_1_327' title='bbox 494 4427 569 4498; x_wconf 87' lang='lat' dir='ltr'><strong>(c)</strong></span> <span class='ocrx_word' id='word_1_328' title='bbox 600 4423 847 4481; x_wconf 87' lang='lat' dir='ltr'><strong>veritatis</strong></span> <span class='ocrx_word' id='word_1_329' title='bbox 871 4420 1269 4478; x_wconf 87' lang='lat' dir='ltr'><strong>absolutionem</strong></span> <span class='ocrx_word' id='word_1_330' title='bbox 1324 4416 1653 4488; x_wconf 87' lang='lat' dir='ltr'><strong>nuncupatio</strong></span> <span class='ocrx_word' id='word_1_331' title='bbox 1703 4412 1803 4469; x_wconf 85' lang='lat' dir='ltr'><strong>ﬁlii</strong></span> 
     </span>
    </p>
   </div>
   <div class='ocr_carea' id='block_1_46' title="bbox 204 4510 1802 4591">
    <p class='ocr_par' dir='ltr' id='par_1_46' title="bbox 204 4510 1802 4591">
     <span class='ocr_line' id='line_1_46' title="bbox 204 4510 1802 4591; baseline -0.011 -11"><span class='ocrx_word' id='word_1_332' title='bbox 204 4525 497 4582; x_wconf 86' lang='lat' dir='ltr'><strong>obtineret.</strong></span> <span class='ocrx_word' id='word_1_333' title='bbox 521 4520 629 4578; x_wconf 90' lang='lat' dir='ltr'><strong>Sed</strong></span> <span class='ocrx_word' id='word_1_334' title='bbox 658 4535 727 4575; x_wconf 90' lang='lat' dir='ltr'><strong>ne</strong></span> <span class='ocrx_word' id='word_1_335' title='bbox 755 4518 880 4591; x_wconf 92' lang='lat' dir='ltr'><strong>quid</strong></span> <span class='ocrx_word' id='word_1_336' title='bbox 905 4559 920 4585; x_wconf 94' lang='lat'><strong>,</strong></span> <span class='ocrx_word' id='word_1_337' title='bbox 943 4513 1359 4573; x_wconf 87' lang='lat' dir='ltr'><strong>adversantibus</strong></span> <span class='ocrx_word' id='word_1_338' title='bbox 1412 4511 1674 4583; x_wconf 86' lang='lat' dir='ltr'><strong>unigeniti</strong></span> <span class='ocrx_word' id='word_1_339' title='bbox 1707 4510 1802 4566; x_wconf 92' lang='lat' dir='ltr'><strong>Dei</strong></span> 
     </span>
    </p>
   </div>
   <div class='ocr_carea' id='block_1_47' title="bbox 202 4604 1807 4687">
    <p class='ocr_par' dir='ltr' id='par_1_47' title="bbox 202 4604 1807 4687">
     <span class='ocr_line' id='line_1_47' title="bbox 202 4604 1807 4687; baseline -0.011 -11"><span class='ocrx_word' id='word_1_340' title='bbox 202 4621 450 4687; x_wconf 85' lang='lat' dir='ltr'><strong>veritati,</strong></span> <span class='ocrx_word' id='word_1_341' title='bbox 479 4614 780 4674; x_wconf 86' lang='lat' dir='ltr'><strong>occasionis</strong></span> <span class='ocrx_word' id='word_1_342' title='bbox 804 4612 871 4669; x_wconf 89' lang='lat' dir='ltr'><strong>ad</strong></span> <span class='ocrx_word' id='word_1_343' title='bbox 905 4611 1199 4668; x_wconf 87' lang='lat' dir='ltr'><strong>fallendum</strong></span> <span class='ocrx_word' id='word_1_344' title='bbox 1252 4618 1306 4665; x_wconf 92' lang='lat' dir='ltr'><strong>et</strong></span> <span class='ocrx_word' id='word_1_345' title='bbox 1352 4604 1687 4683; x_wconf 85' lang='lat' dir='ltr'><strong>illudondum</strong></span> <span class='ocrx_word' id='word_1_346' title='bbox 1717 4618 1807 4659; x_wconf 90' lang='lat' dir='ltr'><strong>re-</strong></span> 
     </span>
    </p>
   </div>
   <div class='ocr_carea' id='block_1_48' title="bbox 203 4696 1808 4804">
    <p class='ocr_par' dir='ltr' id='par_1_48' title="bbox 203 4696 1808 4804">
     <span class='ocr_line' id='line_1_48' title="bbox 203 4696 1808 4804; baseline -0.012 -33"><span class='ocrx_word' id='word_1_347' title='bbox 203 4708 570 4788; x_wconf 85' lang='lat' dir='ltr'><strong>linqueretur;</strong></span> <span class='ocrx_word' id='word_1_348' title='bbox 606 4716 776 4782; x_wconf 90' lang='lat' dir='ltr'><strong>ipsam</strong></span> <span class='ocrx_word' id='word_1_349' title='bbox 813 4707 958 4763; x_wconf 90' lang='lat' dir='ltr'><strong>illam</strong></span> <span class='ocrx_word' id='word_1_350' title='bbox 992 4705 1138 4779; x_wconf 71' lang='lat' dir='ltr'><strong>(seu,</strong></span> <span class='ocrx_word' id='word_1_351' title='bbox 1168 4719 1273 4774; x_wconf 90' lang='lat' dir='ltr'><strong>qua</strong></span> <span class='ocrx_word' id='word_1_352' title='bbox 1304 4697 1699 4804; x_wconf 40' lang='lat' dir='ltr'><strong>proprius-Dei</strong></span> <span class='ocrx_word' id='word_1_353' title='bbox 1746 4696 1808 4804; x_wconf 71' lang='lat' dir='ltr'><strong>fi-</strong></span> 
     </span>
    </p>
   </div>
   <div class='ocr_carea' id='block_1_49' title="bbox 202 4794 1805 4878">
    <p class='ocr_par' dir='ltr' id='par_1_49' title="bbox 202 4794 1805 4878">
     <span class='ocr_line' id='line_1_49' title="bbox 202 4794 1805 4878; baseline -0.011 -15"><span class='ocrx_word' id='word_1_354' title='bbox 202 4809 305 4865; x_wconf 89' lang='lat' dir='ltr'><strong>lius</strong></span> <span class='ocrx_word' id='word_1_355' title='bbox 338 4804 595 4878; x_wconf 89' lang='lat' dir='ltr'><strong>creditur)</strong></span> <span class='ocrx_word' id='word_1_356' title='bbox 618 4801 960 4876; x_wconf 89' lang='lat' dir='ltr'><strong>proprietatis</strong></span> <span class='ocrx_word' id='word_1_357' title='bbox 1006 4798 1166 4855; x_wconf 88' lang='lat' dir='ltr'><strong>ﬁdent</strong></span> <span class='ocrx_word' id='word_1_358' title='bbox 1192 4812 1287 4867; x_wconf 89' lang='lat' dir='ltr'><strong>per</strong></span> <span class='ocrx_word' id='word_1_359' title='bbox 1314 4794 1615 4851; x_wconf 88' lang='lat' dir='ltr'><strong>divinitatis</strong></span> <span class='ocrx_word' id='word_1_360' title='bbox 1662 4794 1805 4847; x_wconf 86' lang='lat' dir='ltr'><strong>veri-</strong></span> 
     </span>
    </p>
   </div>
   <div class='ocr_carea' id='block_1_50' title="bbox 204 4885 1805 4962">
    <p class='ocr_par' dir='ltr' id='par_1_50' title="bbox 204 4885 1805 4962">
     <span class='ocr_line' id='line_1_50' title="bbox 204 4885 1805 4962; baseline -0.012 0"><span class='ocrx_word' id='word_1_361' title='bbox 204 4916 373 4962; x_wconf 78' lang='lat' dir='ltr'><strong>tatem</strong></span> <span class='ocrx_word' id='word_1_362' title='bbox 403 4900 771 4960; x_wconf 83' lang='lat' dir='ltr'><strong>atlstruximus</strong></span> <span class='ocrx_word' id='word_1_363' title='bbox 797 4917 813 4955; x_wconf 88' lang='lat'><strong>:</strong></span> <span class='ocrx_word' id='word_1_364' title='bbox 839 4899 1006 4954; x_wconf 92' lang='lat' dir='ltr'><strong>Deum</strong></span> <span class='ocrx_word' id='word_1_365' title='bbox 1046 4909 1169 4950; x_wconf 90' lang='lat' dir='ltr'><strong>esse</strong></span> <span class='ocrx_word' id='word_1_366' title='bbox 1213 4907 1368 4955; x_wconf 90' lang='lat' dir='ltr'><strong>eum,</strong></span> <span class='ocrx_word' id='word_1_367' title='bbox 1399 4889 1489 4961; x_wconf 91' lang='lat' dir='ltr'><strong>qui</strong></span> <span class='ocrx_word' id='word_1_368' title='bbox 1541 4887 1634 4944; x_wconf 87' lang='lat' dir='ltr'><strong>Dei</strong></span> <span class='ocrx_word' id='word_1_369' title='bbox 1663 4885 1805 4942; x_wconf 87' lang='lat' dir='ltr'><strong>ﬁlius</strong></span> 
     </span>
    </p>
   </div>
   <div class='ocr_carea' id='block_1_51' title="bbox 202 4979 1802 5069">
    <p class='ocr_par' dir='ltr' id='par_1_51' title="bbox 202 4979 1802 5069">
     <span class='ocr_line' id='line_1_51' title="bbox 202 4979 1802 5069; baseline -0.013 -14"><span class='ocrx_word' id='word_1_370' title='bbox 202 5015 307 5057; x_wconf 91' lang='lat' dir='ltr'><strong>non</strong></span> <span class='ocrx_word' id='word_1_371' title='bbox 343 5003 648 5069; x_wconf 85' lang='lat' dir='ltr'><strong>negaretur,</strong></span> <span class='ocrx_word' id='word_1_372' title='bbox 679 4994 763 5049; x_wconf 89' lang='lat' dir='ltr'><strong>his</strong></span> <span class='ocrx_word' id='word_1_373' title='bbox 786 4990 960 5047; x_wconf 87' lang='lat' dir='ltr'><strong>modis</strong></span> <span class='ocrx_word' id='word_1_374' title='bbox 987 4988 1248 5044; x_wconf 88' lang='lat' dir='ltr'><strong>docentes</strong></span> <span class='ocrx_word' id='word_1_375' title='bbox 1270 5026 1286 5052; x_wconf 91' lang='lat'><strong>,</strong></span> <span class='ocrx_word' id='word_1_376' title='bbox 1322 4983 1569 5052; x_wconf 88' lang='lat' dir='ltr'><strong>nomine,</strong></span> <span class='ocrx_word' id='word_1_377' title='bbox 1603 4979 1802 5037; x_wconf 86' lang='lat' dir='ltr'><strong>nativi-</strong></span> 
     </span>
    </p>
   </div>
   <div class='ocr_carea' id='block_1_52' title="bbox 273 5126 1207 5209">
    <p class='ocr_par' dir='ltr' id='par_1_52' title="bbox 273 5126 1207 5209">
     <span class='ocr_line' id='line_1_52' title="bbox 273 5126 1207 5209; baseline -0.02 -14"><span class='ocrx_word' id='word_1_378' title='bbox 273 5136 358 5209; x_wconf 76' lang='lat' dir='ltr'><strong>(l)</strong></span> <span class='ocrx_word' id='word_1_379' title='bbox 386 5134 614 5209; x_wconf 76' lang='lat' dir='ltr'><strong>S__cicntes</strong></span> <span class='ocrx_word' id='word_1_380' title='bbox 632 5173 646 5193; x_wconf 90' lang='lat'><strong>,</strong></span> <span class='ocrx_word' id='word_1_381' title='bbox 672 5129 870 5209; x_wconf 68' lang='lat' dir='ltr'><strong>deinde</strong></span> <span class='ocrx_word' id='word_1_382' title='bbox 896 5126 1207 5209; x_wconf 44' lang='lat' dir='ltr'><strong>nescientes.</strong></span> 
     </span>
    </p>
   </div>
   <div class='ocr_carea' id='block_1_53' title="bbox 271 5195 1297 5285">
    <p class='ocr_par' dir='ltr' id='par_1_53' title="bbox 271 5195 1297 5285">
     <span class='ocr_line' id='line_1_53' title="bbox 271 5195 1297 5285; baseline -0.018 -20"><span class='ocrx_word' id='word_1_383' title='bbox 393 5206 505 5262; x_wconf 74' lang='lat' dir='ltr'><strong>Pia:</strong></span> <span class='ocrx_word' id='word_1_384' title='bbox 533 5201 1058 5259; x_wconf 68' lang='lat' dir='ltr'><strong>doctrinmfortasse</strong></span> <span class='ocrx_word' id='word_1_385' title='bbox 1081 5195 1297 5251; x_wconf 91' lang='lat' dir='ltr'><strong>melius.</strong></span> 
     </span>
    </p>
   </div>
   <div class='ocr_carea' id='block_1_54' title="bbox 272 5316 1800 5408">
    <p class='ocr_par' dir='ltr' id='par_1_54' title="bbox 272 5316 1800 5408">
     <span class='ocr_line' id='line_1_54' title="bbox 272 5316 1800 5408; baseline -0.02 -20"><span class='ocrx_word' id='word_1_386' title='bbox 272 5331 354 5408; x_wconf 86' lang='grc' dir='ltr'><strong>(α)</strong></span> <span class='ocrx_word' id='word_1_387' title='bbox 382 5328 521 5408; x_wconf 74' lang='lat' dir='ltr'><strong>Editi</strong></span> <span class='ocrx_word' id='word_1_388' title='bbox 551 5316 1354 5408; x_wconf 7' lang='lat' dir='ltr'><strong>et,pleriquetnssﬁcienteﬁct</strong></span> 
     </span>
    </p>
   </div>
   <div class='ocr_carea' id='block_1_55' title="bbox 204 5384 1801 5471">
    <p class='ocr_par' dir='ltr' id='par_1_55' title="bbox 204 5384 1801 5471">
     <span class='ocr_line' id='line_1_55' title="bbox 204 5384 1801 5471; baseline -0.018 -9"><span class='ocrx_word' id='word_1_389' title='bbox 204 5384 692 5471; x_wconf 44' lang='lat' dir='ltr'><strong>tes‘blcastigantur</strong></span> <span class='ocrx_word' id='word_1_390' title='bbox 721 5384 808 5471; x_wconf 68' lang='lat' dir='ltr'><strong>ei</strong></span> <span class='ocrx_word' id='word_1_391' title='bbox 856 5390 1194 5471; x_wconf 39' lang='lat' dir='ltr'><strong>perantiq’uo&#39;</strong></span> <span class='ocrx_word' id='word_1_392' title='bbox 1230 5400 1344 5471; x_wconf 49' lang='lat' dir='ltr'><strong>ms.‘</strong></span> <span class='ocrx_word' id='word_1_393' title='bbox 1381 5384 1535 5471; x_wconf 64' lang='lat' dir='ltr'><strong>Coll».</strong></span> <span class='ocrx_word' id='word_1_394' title='bbox 1568 5396 1801 5471; x_wconf 48' lang='lat' dir='ltr'><strong>moenita</strong></span> 
     </span>
    </p>
   </div>
   <div class='ocr_carea' id='block_1_56' title="bbox 205 5452 1807 5543">
    <p class='ocr_par' dir='ltr' id='par_1_56' title="bbox 205 5452 1807 5543">
     <span class='ocr_line' id='line_1_56' title="bbox 205 5452 1807 5543; baseline -0.022 -5"><span class='ocrx_word' id='word_1_395' title='bbox 205 5452 837 5543; x_wconf 38' lang='lat' dir='ltr'><strong>iit-srmjwaevvetustiore</strong></span> <span class='ocrx_word' id='word_1_396' title='bbox 857 5452 1066 5543; x_wconf 63' lang='lat' dir='ltr'><strong>Remig.</strong></span> <span class='ocrx_word' id='word_1_397' title='bbox 1086 5452 1538 5543; x_wconf 41' lang='lat' dir='ltr'><strong>&quot;Quippe-haedo</strong></span> 
     </span>
    </p>
   </div>
   <div class='ocr_carea' id='block_1_57' title="bbox 205 5524 1807 5612">
    <p class='ocr_par' dir='ltr' id='par_1_57' title="bbox 205 5524 1807 5612">
     <span class='ocr_line' id='line_1_57' title="bbox 205 5524 1807 5612; baseline -0.018 -5"><span class='ocrx_word' id='word_1_398' title='bbox 510 5524 621 5599; x_wconf 80' lang='lat' dir='ltr'><strong>non</strong></span> <span class='ocrx_word' id='word_1_399' title='bbox 650 5540 718 5594; x_wconf 89' lang='lat' dir='ltr'><strong>de</strong></span> <span class='ocrx_word' id='word_1_400' title='bbox 747 5532 982 5612; x_wconf 83' lang='lat' dir='ltr'><strong>Arianis.</strong></span> <span class='ocrx_word' id='word_1_401' title='bbox 1008 5524 1144 5586; x_wconf 78' lang='lat' dir='ltr'><strong>Tum</strong></span> <span class='ocrx_word' id='word_1_402' title='bbox 1196 5524 1413 5612; x_wconf 42' lang='lat' dir='ltr'><strong>dotales</strong></span> <span class='ocrx_word' id='word_1_403' title='bbox 1450 5527 1501 5580; x_wconf 94' lang='lat' dir='ltr'><strong>in</strong></span> <span class='ocrx_word' id='word_1_404' title='bbox 1560 5524 1807 5612; x_wconf 52' lang='lat' dir='ltr'><strong>Echione</strong></span> 
     </span>
    </p>
   </div>
   <div class='ocr_carea' id='block_1_58' title="bbox 206 5596 1807 5682">
    <p class='ocr_par' dir='ltr' id='par_1_58' title="bbox 206 5596 1807 5682">
     <span class='ocr_line' id='line_1_58' title="bbox 206 5596 1807 5682; baseline -0.019 -3"><span class='ocrx_word' id='word_1_405' title='bbox 206 5596 603 5679; x_wconf 59' lang='lat' dir='ltr'><strong>Eiiiii&#39;naiaiar</strong></span> <span class='ocrx_word' id='word_1_406' title='bbox 635 5629 651 5668; x_wconf 90' lang='lat'>:</span> <span class='ocrx_word' id='word_1_407' title='bbox 684 5611 891 5682; x_wconf 90' lang='lat' dir='ltr'><strong>primus</strong></span> <span class='ocrx_word' id='word_1_408' title='bbox 915 5620 1022 5671; x_wconf 90' lang='lat' dir='ltr'><strong>quo</strong></span> <span class='ocrx_word' id='word_1_409' title='bbox 1053 5612 1211 5674; x_wconf 82' lang='lat' dir='ltr'><strong>negat</strong></span> <span class='ocrx_word' id='word_1_410' title='bbox 1239 5599 1512 5682; x_wconf 75' lang='lat' dir='ltr'><strong>Christum</strong></span> <span class='ocrx_word' id='word_1_411' title='bbox 1542 5604 1667 5652; x_wconf 86' lang='lat' dir='ltr'><strong>ante</strong></span> <span class='ocrx_word' id='word_1_412' title='bbox 1690 5596 1807 5652; x_wconf 84' lang='lat' dir='ltr'><strong>Ma-</strong></span> 
     </span>
    </p>
   </div>
   <div class='ocr_carea' id='block_1_59' title="bbox 208 5674 1788 5756">
    <p class='ocr_par' dir='ltr' id='par_1_59' title="bbox 208 5674 1788 5756">
     <span class='ocr_line' id='line_1_59' title="bbox 208 5674 1788 5756; baseline -0.021 -6"><span class='ocrx_word' id='word_1_413' title='bbox 208 5674 539 5756; x_wconf 19' lang='lat' dir='ltr'><strong>ritimaalter</strong></span> <span class='ocrx_word' id='word_1_414' title='bbox 559 5702 666 5756; x_wconf 88' lang='lat' dir='ltr'><strong>quo</strong></span> <span class='ocrx_word' id='word_1_415' title='bbox 685 5674 797 5737; x_wconf 77' lang='lat' dir='ltr'><strong>vult</strong></span> <span class='ocrx_word' id='word_1_416' title='bbox 816 5692 940 5756; x_wconf 84' lang='lat' dir='ltr'><strong>eum</strong></span> <span class='ocrx_word' id='word_1_417' title='bbox 969 5689 1177 5729; x_wconf 88' lang='lat' dir='ltr'><strong>merum</strong></span> <span class='ocrx_word' id='word_1_418' title='bbox 1207 5688 1328 5756; x_wconf 78' lang='lat' dir='ltr'><strong>esse</strong></span> <span class='ocrx_word' id='word_1_419' title='bbox 1370 5674 1663 5756; x_wconf 57' lang='lat' dir='ltr'><strong>hominem.</strong></span> <span class='ocrx_word' id='word_1_420' title='bbox 1740 5754 1748 5756; x_wconf 10' lang='grc' dir='ltr'>ᾇ</span> <span class='ocrx_word' id='word_1_421' title='bbox 1774 5738 1788 5756; x_wconf 40' lang='grc'><em>⁹</em></span> 
     </span>
    </p>
   </div>
   <div class='ocr_carea' id='block_1_60' title="bbox 278 5734 1815 5837">
    <p class='ocr_par' dir='ltr' id='par_1_60' title="bbox 278 5734 1815 5837">
     <span class='ocr_line' id='line_1_60' title="bbox 278 5734 1815 5837; baseline -0.018 -17"><span class='ocrx_word' id='word_1_422' title='bbox 278 5734 661 5837; x_wconf 48' lang='lat'><strong>(53375171333?</strong></span> <span class='ocrx_word' id='word_1_423' title='bbox 694 5734 797 5810; x_wconf 76' lang='lat' dir='ltr'><strong>ms.</strong></span> <span class='ocrx_word' id='word_1_424' title='bbox 827 5734 993 5807; x_wconf 69' lang='lat' dir='ltr'><strong>uiuum</strong></span> <span class='ocrx_word' id='word_1_425' title='bbox 1018 5762 1200 5805; x_wconf 81' lang='lat' dir='ltr'><strong>verum</strong></span> <span class='ocrx_word' id='word_1_426' title='bbox 1221 5763 1233 5798; x_wconf 88' lang='lat'>:</span> <span class='ocrx_word' id='word_1_427' title='bbox 1258 5753 1312 5800; x_wconf 94' lang='lat' dir='ltr'><strong>et</strong></span> <span class='ocrx_word' id='word_1_428' title='bbox 1340 5757 1501 5814; x_wconf 89' lang='lat' dir='ltr'><strong>supra</strong></span> <span class='ocrx_word' id='word_1_429' title='bbox 1523 5783 1538 5809; x_wconf 95' lang='lat'><strong>,</strong></span> <span class='ocrx_word' id='word_1_430' title='bbox 1573 5739 1707 5794; x_wconf 84' lang='lat' dir='ltr'><strong>Deus</strong></span> <span class='ocrx_word' id='word_1_431' title='bbox 1735 5738 1815 5794; x_wconf 83' lang='lat' dir='ltr'><strong>vi-</strong></span> 
     </span>
    </p>
   </div>
   <div class='ocr_carea' id='block_1_61' title="bbox 207 5837 840 5904">
    <p class='ocr_par' dir='ltr' id='par_1_61' title="bbox 207 5837 840 5904">
     <span class='ocr_line' id='line_1_61' title="bbox 207 5837 840 5904; baseline -0.021 -10"><span class='ocrx_word' id='word_1_432' title='bbox 207 5851 297 5893; x_wconf 78' lang='lat' dir='ltr'><strong>m</strong></span> <span class='ocrx_word' id='word_1_433' title='bbox 316 5850 463 5893; x_wconf 76' lang='lat' dir='ltr'><strong>verus</strong></span> <span class='ocrx_word' id='word_1_434' title='bbox 486 5839 726 5904; x_wconf 77' lang='lat' dir='ltr'><strong>operatus</strong></span> <span class='ocrx_word' id='word_1_435' title='bbox 744 5837 840 5882; x_wconf 86' lang='lat' dir='ltr'><strong>est.</strong></span> 
     </span>
    </p>
   </div>
   <div class='ocr_carea' id='block_1_62' title="bbox 643 5917 1059 5986">
    <p class='ocr_par' dir='ltr' id='par_1_62' title="bbox 643 5917 1059 5986">
     <span class='ocr_line' id='line_1_62' title="bbox 643 5917 1059 5986; baseline -0.017 -1"><span class='ocrx_word' id='word_1_436' title='bbox 643 5925 923 5986; x_wconf 76' lang='grc' dir='ltr'><strong>ΡΑτιιοι..</strong></span> <span class='ocrx_word' id='word_1_437' title='bbox 971 5917 1059 5981; x_wconf 85' lang='grc' dir='ltr'><strong>Χ.</strong></span> 
     </span>
    </p>
   </div>
   <div class='ocr_carea' id='block_1_63' title="bbox 1907 542 3502 632">
    <p class='ocr_par' dir='ltr' id='par_1_63' title="bbox 1907 542 3502 632">
     <span class='ocr_line' id='line_1_63' title="bbox 1907 542 3502 632; baseline 0.013 -37"><span class='ocrx_word' id='word_1_438' title='bbox 1907 542 2054 599; x_wconf 86' lang='lat' dir='ltr'><strong>aliud</strong></span> <span class='ocrx_word' id='word_1_439' title='bbox 2086 556 2231 602; x_wconf 87' lang='lat' dir='ltr'><strong>esset</strong></span> <span class='ocrx_word' id='word_1_440' title='bbox 2278 565 2439 616; x_wconf 84' lang='lat' dir='ltr'><strong>quam</strong></span> <span class='ocrx_word' id='word_1_441' title='bbox 2496 567 2920 627; x_wconf 85' lang='lat' dir='ltr'><strong>nuncuparetur,</strong></span> <span class='ocrx_word' id='word_1_442' title='bbox 2970 576 3144 631; x_wconf 91' lang='lat' dir='ltr'><strong>neque</strong></span> <span class='ocrx_word' id='word_1_443' title='bbox 3175 566 3502 632; x_wconf 79' lang='lat' dir='ltr'><strong>nuncupatio</strong></span> 
     </span>
    </p>
   </div>
   <div class='ocr_carea' id='block_1_64' title="bbox 1909 638 3508 718">
    <p class='ocr_par' dir='ltr' id='par_1_64' title="bbox 1909 638 3508 718">
     <span class='ocr_line' id='line_1_64' title="bbox 1909 638 3508 718; baseline 0.016 -31"><span class='ocrx_word' id='word_1_444' title='bbox 1909 651 2014 689; x_wconf 92' lang='lat' dir='ltr'><strong>non</strong></span> <span class='ocrx_word' id='word_1_445' title='bbox 2041 638 2336 696; x_wconf 83' lang='lat' dir='ltr'><strong>nativitatis</strong></span> <span class='ocrx_word' id='word_1_446' title='bbox 2367 654 2548 711; x_wconf 90' lang='lat' dir='ltr'><strong>esset,</strong></span> <span class='ocrx_word' id='word_1_447' title='bbox 2579 662 2753 718; x_wconf 88' lang='lat' dir='ltr'><strong>neque</strong></span> <span class='ocrx_word' id='word_1_448' title='bbox 2777 652 3027 709; x_wconf 89' lang='lat' dir='ltr'><strong>nativitas</strong></span> <span class='ocrx_word' id='word_1_449' title='bbox 3071 662 3317 709; x_wconf 88' lang='lat' dir='ltr'><strong>naturam</strong></span> <span class='ocrx_word' id='word_1_450' title='bbox 3372 658 3508 711; x_wconf 83' lang='lat' dir='ltr'><strong>anti-</strong></span> 
     </span>
    </p>
   </div>
   <div class='ocr_carea' id='block_1_65' title="bbox 1906 726 3504 818">
    <p class='ocr_par' dir='ltr' id='par_1_65' title="bbox 1906 726 3504 818">
     <span class='ocr_line' id='line_1_65' title="bbox 1906 726 3504 818; baseline 0.015 -37"><span class='ocrx_word' id='word_1_451' title='bbox 1906 726 2093 796; x_wconf 83' lang='lat' dir='ltr'><strong>sisset,</strong></span> <span class='ocrx_word' id='word_1_452' title='bbox 2163 748 2337 804; x_wconf 92' lang='lat' dir='ltr'><strong>neque</strong></span> <span class='ocrx_word' id='word_1_453' title='bbox 2379 744 2567 793; x_wconf 89' lang='lat' dir='ltr'><strong>natura</strong></span> <span class='ocrx_word' id='word_1_454' title='bbox 2617 756 2724 795; x_wconf 89' lang='lat' dir='ltr'><strong>non</strong></span> <span class='ocrx_word' id='word_1_455' title='bbox 2784 745 3099 815; x_wconf 88' lang='lat' dir='ltr'><strong>retinuisset</strong></span> <span class='ocrx_word' id='word_1_456' title='bbox 3148 756 3504 818; x_wconf 84' lang='lat' dir='ltr'><strong>potestatem,</strong></span> 
     </span>
    </p>
   </div>
   <div class='ocr_carea' id='block_1_66' title="bbox 1908 829 3507 911">
    <p class='ocr_par' dir='ltr' id='par_1_66' title="bbox 1908 829 3507 911">
     <span class='ocr_line' id='line_1_66' title="bbox 1908 829 3507 911; baseline 0.016 -38"><span class='ocrx_word' id='word_1_457' title='bbox 1908 834 2082 890; x_wconf 87' lang='lat' dir='ltr'><strong>neque</strong></span> <span class='ocrx_word' id='word_1_458' title='bbox 2103 834 2342 893; x_wconf 88' lang='lat' dir='ltr'><strong>potestas</strong></span> <span class='ocrx_word' id='word_1_459' title='bbox 2369 843 2477 883; x_wconf 92' lang='lat' dir='ltr'><strong>non</strong></span> <span class='ocrx_word' id='word_1_460' title='bbox 2509 829 2669 885; x_wconf 89' lang='lat' dir='ltr'><strong>etiam</strong></span> <span class='ocrx_word' id='word_1_461' title='bbox 2697 836 2909 890; x_wconf 90' lang='lat' dir='ltr'><strong>conscia</strong></span> <span class='ocrx_word' id='word_1_462' title='bbox 2954 837 3055 893; x_wconf 89' lang='lat' dir='ltr'><strong>sibi</strong></span> <span class='ocrx_word' id='word_1_463' title='bbox 3102 841 3349 896; x_wconf 85' lang='lat' dir='ltr'><strong>veritatis</strong></span> <span class='ocrx_word' id='word_1_464' title='bbox 3381 858 3507 911; x_wconf 85' lang='lat' dir='ltr'><strong>pro-</strong></span> 
     </span>
    </p>
   </div>
   <div class='ocr_carea' id='block_1_67' title="bbox 1906 913 3499 1004">
    <p class='ocr_par' dir='ltr' id='par_1_67' title="bbox 1906 913 3499 1004">
     <span class='ocr_line' id='line_1_67' title="bbox 1906 913 3499 1004; baseline 0.014 -38"><span class='ocrx_word' id='word_1_465' title='bbox 1906 913 2141 972; x_wconf 88' lang='lat' dir='ltr'><strong>fessione</strong></span> <span class='ocrx_word' id='word_1_466' title='bbox 2168 926 2489 976; x_wconf 86' lang='lat' dir='ltr'><strong>notesceret.</strong></span> <span class='ocrx_word' id='word_1_467' title='bbox 2519 919 2722 980; x_wconf 85' lang='lat' dir='ltr'><strong>Causas</strong></span> <span class='ocrx_word' id='word_1_468' title='bbox 2750 941 2880 998; x_wconf 86' lang='lat' dir='ltr'><strong>ergo</strong></span> <span class='ocrx_word' id='word_1_469' title='bbox 2921 944 3110 985; x_wconf 91' lang='lat' dir='ltr'><strong>omnes</strong></span> <span class='ocrx_word' id='word_1_470' title='bbox 3168 932 3499 1004; x_wconf 87' lang='lat' dir='ltr'><strong>singulorum</strong></span> 
     </span>
    </p>
   </div>
   <div class='ocr_carea' id='block_1_68' title="bbox 1904 1013 3503 1097">
    <p class='ocr_par' dir='ltr' id='par_1_68' title="bbox 1904 1013 3503 1097">
     <span class='ocr_line' id='line_1_68' title="bbox 1904 1013 3503 1097; baseline 0.014 -33"><span class='ocrx_word' id='word_1_471' title='bbox 1904 1023 2164 1079; x_wconf 83' lang='lat' dir='ltr'><strong>generum</strong></span> <span class='ocrx_word' id='word_1_472' title='bbox 2194 1013 2261 1069; x_wconf 91' lang='lat' dir='ltr'><strong>ita</strong></span> <span class='ocrx_word' id='word_1_473' title='bbox 2290 1024 2360 1070; x_wconf 82' lang='lat' dir='ltr'><strong>&#39;ex</strong></span> <span class='ocrx_word' id='word_1_474' title='bbox 2388 1015 2696 1089; x_wconf 84' lang='lat' dir='ltr'><strong>Evangeliis</strong></span> <span class='ocrx_word' id='word_1_475' title='bbox 2727 1032 3022 1094; x_wconf 86' lang='lat' dir='ltr'><strong>excerptas</strong></span> <span class='ocrx_word' id='word_1_476' title='bbox 3053 1027 3382 1096; x_wconf 73' lang='lat' dir='ltr'><strong>subiecimus</strong></span> <span class='ocrx_word' id='word_1_477' title='bbox 3402 1072 3417 1097; x_wconf 92' lang='lat'><strong>,</strong></span> <span class='ocrx_word' id='word_1_478' title='bbox 3447 1040 3503 1086; x_wconf 89' lang='lat' dir='ltr'><strong>ut</strong></span> 
     </span>
    </p>
   </div>
   <div class='ocr_carea' id='block_1_69' title="bbox 1906 1106 3502 1191">
    <p class='ocr_par' dir='ltr' id='par_1_69' title="bbox 1906 1106 3502 1191">
     <span class='ocr_line' id='line_1_69' title="bbox 1906 1106 3502 1191; baseline 0.015 -33"><span class='ocrx_word' id='word_1_479' title='bbox 1906 1118 2006 1160; x_wconf 86' lang='lat' dir='ltr'><strong>nec</strong></span> <span class='ocrx_word' id='word_1_480' title='bbox 2033 1106 2299 1177; x_wconf 82' lang='lat' dir='ltr'><strong>professio</strong></span> <span class='ocrx_word' id='word_1_481' title='bbox 2330 1113 2558 1168; x_wconf 88' lang='lat' dir='ltr'><strong>tacuerit</strong></span> <span class='ocrx_word' id='word_1_482' title='bbox 2589 1122 2909 1184; x_wconf 85' lang='lat' dir='ltr'><strong>potestatem</strong></span> <span class='ocrx_word' id='word_1_483' title='bbox 2932 1160 2947 1185; x_wconf 97' lang='lat'><strong>,</strong></span> <span class='ocrx_word' id='word_1_484' title='bbox 2975 1135 3073 1175; x_wconf 90' lang='lat' dir='ltr'><strong>nec</strong></span> <span class='ocrx_word' id='word_1_485' title='bbox 3099 1132 3338 1191; x_wconf 86' lang='lat' dir='ltr'><strong>potestas</strong></span> <span class='ocrx_word' id='word_1_486' title='bbox 3394 1141 3502 1181; x_wconf 90' lang='lat' dir='ltr'><strong>non</strong></span> 
     </span>
    </p>
   </div>
   <div class='ocr_carea' id='block_1_70' title="bbox 1905 1201 3503 1280">
    <p class='ocr_par' dir='ltr' id='par_1_70' title="bbox 1905 1201 3503 1280">
     <span class='ocr_line' id='line_1_70' title="bbox 1905 1201 3503 1280; baseline 0.014 -28"><span class='ocrx_word' id='word_1_487' title='bbox 1905 1201 2208 1256; x_wconf 83' lang='lat' dir='ltr'><strong>exserucrit</strong></span> <span class='ocrx_word' id='word_1_488' title='bbox 2236 1211 2481 1259; x_wconf 88' lang='lat' dir='ltr'><strong>naturam</strong></span> <span class='ocrx_word' id='word_1_489' title='bbox 2510 1247 2523 1272; x_wconf 94' lang='lat'><strong>,</strong></span> <span class='ocrx_word' id='word_1_490' title='bbox 2556 1207 2866 1280; x_wconf 47' lang='lat' dir='ltr'><strong>necZnatura</strong></span> <span class='ocrx_word' id='word_1_491' title='bbox 2893 1226 2998 1267; x_wconf 91' lang='lat' dir='ltr'><strong>non</strong></span> <span class='ocrx_word' id='word_1_492' title='bbox 3054 1228 3164 1267; x_wconf 69' lang='lat' dir='ltr'><strong>sum</strong></span> <span class='ocrx_word' id='word_1_493' title='bbox 3205 1218 3503 1275; x_wconf 79' lang='lat' dir='ltr'><strong>nativitatis</strong></span> 
     </span>
    </p>
   </div>
   <div class='ocr_carea' id='block_1_71' title="bbox 1905 1294 3501 1375">
    <p class='ocr_par' dir='ltr' id='par_1_71' title="bbox 1905 1294 3501 1375">
     <span class='ocr_line' id='line_1_71' title="bbox 1905 1294 3501 1375; baseline 0.012 -26"><span class='ocrx_word' id='word_1_494' title='bbox 1905 1294 2008 1360; x_wconf 91' lang='lat' dir='ltr'><strong>sit,</strong></span> <span class='ocrx_word' id='word_1_495' title='bbox 2044 1311 2143 1353; x_wconf 91' lang='lat' dir='ltr'><strong>nec</strong></span> <span class='ocrx_word' id='word_1_496' title='bbox 2173 1298 2423 1354; x_wconf 87' lang='lat' dir='ltr'><strong>nativitas</strong></span> <span class='ocrx_word' id='word_1_497' title='bbox 2452 1316 2559 1356; x_wconf 93' lang='lat' dir='ltr'><strong>non</strong></span> <span class='ocrx_word' id='word_1_498' title='bbox 2609 1303 2689 1358; x_wconf 92' lang='lat' dir='ltr'><strong>sui</strong></span> <span class='ocrx_word' id='word_1_499' title='bbox 2720 1306 2955 1361; x_wconf 88' lang='lat' dir='ltr'><strong>nominis</strong></span> <span class='ocrx_word' id='word_1_500' title='bbox 2989 1325 3000 1361; x_wconf 92' lang='lat'>:</span> <span class='ocrx_word' id='word_1_501' title='bbox 3032 1316 3090 1362; x_wconf 92' lang='lat' dir='ltr'><strong>ut</strong></span> <span class='ocrx_word' id='word_1_502' title='bbox 3140 1324 3236 1375; x_wconf 86' lang='lat' dir='ltr'><strong>per</strong></span> <span class='ocrx_word' id='word_1_503' title='bbox 3292 1311 3344 1366; x_wconf 89' lang='lat' dir='ltr'><strong>id</strong></span> <span class='ocrx_word' id='word_1_504' title='bbox 3396 1329 3501 1368; x_wconf 83' lang='lat' dir='ltr'><strong>mm</strong></span> 
     </span>
    </p>
   </div>
   <div class='ocr_carea' id='block_1_72' title="bbox 1906 1387 3502 1464">
    <p class='ocr_par' dir='ltr' id='par_1_72' title="bbox 1906 1387 3502 1464">
     <span class='ocr_line' id='line_1_72' title="bbox 1906 1387 3502 1464; baseline 0.013 -24"><span class='ocrx_word' id='word_1_505' title='bbox 1906 1387 2305 1459; x_wconf 89' lang='lat' dir='ltr'><strong>relinqueretur</strong></span> <span class='ocrx_word' id='word_1_506' title='bbox 2333 1392 2625 1462; x_wconf 89' lang='lat' dir='ltr'><strong>impietatis</strong></span> <span class='ocrx_word' id='word_1_507' title='bbox 2655 1397 2921 1453; x_wconf 89' lang='lat' dir='ltr'><strong>calumnia</strong></span> <span class='ocrx_word' id='word_1_508' title='bbox 2944 1441 2959 1464; x_wconf 91' lang='lat'><strong>,</strong></span> <span class='ocrx_word' id='word_1_509' title='bbox 2992 1416 3113 1455; x_wconf 91' lang='lat' dir='ltr'><strong>eum</strong></span> <span class='ocrx_word' id='word_1_510' title='bbox 3149 1402 3237 1458; x_wconf 87' lang='lat' dir='ltr'><strong>Dei</strong></span> <span class='ocrx_word' id='word_1_511' title='bbox 3271 1405 3384 1461; x_wconf 86' lang='lat' dir='ltr'><strong>veri</strong></span> <span class='ocrx_word' id='word_1_512' title='bbox 3435 1422 3502 1460; x_wconf 71' lang='lat' dir='ltr'><strong>ex</strong></span> 
     </span>
    </p>
   </div>
   <div class='ocr_carea' id='block_1_73' title="bbox 1907 1472 3502 1555">
    <p class='ocr_par' dir='ltr' id='par_1_73' title="bbox 1907 1472 3502 1555">
     <span class='ocr_line' id='line_1_73' title="bbox 1907 1472 3502 1555; baseline 0.013 -21"><span class='ocrx_word' id='word_1_513' title='bbox 1907 1479 2021 1535; x_wconf 90' lang='lat' dir='ltr'><strong>Deo</strong></span> <span class='ocrx_word' id='word_1_514' title='bbox 2043 1497 2171 1539; x_wconf 89' lang='lat' dir='ltr'><strong>vero</strong></span> <span class='ocrx_word' id='word_1_515' title='bbox 2201 1472 2573 1555; x_wconf 86' lang='lat' dir='ltr'><strong>divinitatem,</strong></span> <span class='ocrx_word' id='word_1_516' title='bbox 2607 1492 2902 1547; x_wconf 91' lang='lat' dir='ltr'><strong>secundum</strong></span> <span class='ocrx_word' id='word_1_517' title='bbox 2929 1502 2984 1549; x_wconf 89' lang='lat' dir='ltr'><strong>et</strong></span> <span class='ocrx_word' id='word_1_518' title='bbox 3009 1511 3208 1553; x_wconf 89' lang='lat' dir='ltr'><strong>nomen</strong></span> <span class='ocrx_word' id='word_1_519' title='bbox 3264 1507 3321 1554; x_wconf 92' lang='lat' dir='ltr'><strong>et</strong></span> <span class='ocrx_word' id='word_1_520' title='bbox 3360 1502 3502 1555; x_wconf 83' lang='lat' dir='ltr'><strong>nati-</strong></span> 
     </span>
    </p>
   </div>
   <div class='ocr_carea' id='block_1_74' title="bbox 1901 1573 3504 1665">
    <p class='ocr_par' dir='ltr' id='par_1_74' title="bbox 1901 1573 3504 1665">
     <span class='ocr_line' id='line_1_74' title="bbox 1901 1573 3504 1665; baseline 0.018 -40"><span class='ocrx_word' id='word_1_521' title='bbox 1901 1573 2122 1631; x_wconf 88' lang='lat' dir='ltr'><strong>vitatem</strong></span> <span class='ocrx_word' id='word_1_522' title='bbox 2175 1587 2226 1632; x_wconf 91' lang='lat' dir='ltr'><strong>et</strong></span> <span class='ocrx_word' id='word_1_523' title='bbox 2257 1590 2502 1636; x_wconf 88' lang='lat' dir='ltr'><strong>naturam</strong></span> <span class='ocrx_word' id='word_1_524' title='bbox 2535 1592 2587 1638; x_wconf 91' lang='lat' dir='ltr'><strong>et</strong></span> <span class='ocrx_word' id='word_1_525' title='bbox 2616 1593 2968 1655; x_wconf 90' lang='lat' dir='ltr'><strong>potestatem,</strong></span> <span class='ocrx_word' id='word_1_526' title='bbox 2991 1589 3105 1661; x_wconf 89' lang='lat' dir='ltr'><strong>ipsa</strong></span> <span class='ocrx_word' id='word_1_527' title='bbox 3134 1608 3349 1665; x_wconf 91' lang='lat' dir='ltr'><strong>quoque</strong></span> <span class='ocrx_word' id='word_1_528' title='bbox 3394 1597 3504 1653; x_wconf 85' lang='lat' dir='ltr'><strong>Do-</strong></span> 
     </span>
    </p>
   </div>
   <div class='ocr_carea' id='block_1_75' title="bbox 1905 1668 3497 1759">
    <p class='ocr_par' dir='ltr' id='par_1_75' title="bbox 1905 1668 3497 1759">
     <span class='ocr_line' id='line_1_75' title="bbox 1905 1668 3497 1759; baseline 0.018 -38"><span class='ocrx_word' id='word_1_529' title='bbox 1905 1668 2083 1724; x_wconf 91' lang='lat' dir='ltr'><strong>minus</strong></span> <span class='ocrx_word' id='word_1_530' title='bbox 2106 1670 2265 1728; x_wconf 83' lang='lat' dir='ltr'><strong>Jesus</strong></span> <span class='ocrx_word' id='word_1_531' title='bbox 2284 1671 2531 1732; x_wconf 88' lang='lat' dir='ltr'><strong>Christus</strong></span> <span class='ocrx_word' id='word_1_532' title='bbox 2578 1678 2772 1736; x_wconf 86' lang='lat' dir='ltr'><strong>nativae</strong></span> <span class='ocrx_word' id='word_1_533' title='bbox 2818 1682 3061 1739; x_wconf 88' lang='lat' dir='ltr'><strong>veritatis</strong></span> <span class='ocrx_word' id='word_1_534' title='bbox 3089 1699 3201 1742; x_wconf 76' lang='lat' dir='ltr'><strong>suae</strong></span> <span class='ocrx_word' id='word_1_535' title='bbox 3231 1698 3497 1759; x_wconf 90' lang='lat' dir='ltr'><strong>protesta-</strong></span> 
     </span>
    </p>
   </div>
   <div class='ocr_carea' id='block_1_76' title="bbox 1904 1761 2374 1824">
    <p class='ocr_par' dir='ltr' id='par_1_76' title="bbox 1904 1761 2374 1824">
     <span class='ocr_line' id='line_1_76' title="bbox 1904 1761 2374 1824; baseline 0.021 -10"><span class='ocrx_word' id='word_1_536' title='bbox 1904 1761 2051 1818; x_wconf 90' lang='lat' dir='ltr'><strong>tione</strong></span> <span class='ocrx_word' id='word_1_537' title='bbox 2080 1762 2374 1824; x_wconf 83' lang='lat' dir='ltr'><strong>docuisset.</strong></span> 
     </span>
    </p>
   </div>
   <div class='ocr_carea' id='block_1_77' title="bbox 1976 1898 3495 1994">
    <p class='ocr_par' dir='ltr' id='par_1_77' title="bbox 1976 1898 3495 1994">
     <span class='ocr_line' id='line_1_77' title="bbox 1976 1898 3495 1994; baseline 0.022 -42"><span class='ocrx_word' id='word_1_538' title='bbox 1976 1898 2066 1957; x_wconf 74' lang='lat'><strong>28.</strong></span> <span class='ocrx_word' id='word_1_539' title='bbox 2100 1900 2325 1966; x_wconf 78' lang='lat' dir='ltr'><strong>Octavus</strong></span> <span class='ocrx_word' id='word_1_540' title='bbox 2374 1911 2523 1969; x_wconf 86' lang='lat' dir='ltr'><strong>liber.</strong></span> <span class='ocrx_word' id='word_1_541' title='bbox 2583 1946 2653 1957; x_wconf 89' lang='lat'>—</span> <span class='ocrx_word' id='word_1_542' title='bbox 2708 1917 2948 1978; x_wconf 89' lang='lat' dir='ltr'><strong>Octavus</strong></span> <span class='ocrx_word' id='word_1_543' title='bbox 2982 1922 3095 1993; x_wconf 89' lang='lat' dir='ltr'><strong>jam</strong></span> <span class='ocrx_word' id='word_1_544' title='bbox 3145 1940 3276 1981; x_wconf 89' lang='lat' dir='ltr'><strong>vero</strong></span> <span class='ocrx_word' id='word_1_545' title='bbox 3325 1926 3495 1994; x_wconf 90' lang='lat' dir='ltr'><strong>liber,</strong></span> 
     </span>
    </p>
   </div>
   <div class='ocr_carea' id='block_1_78' title="bbox 1903 1997 3504 2083">
    <p class='ocr_par' dir='ltr' id='par_1_78' title="bbox 1903 1997 3504 2083">
     <span class='ocr_line' id='line_1_78' title="bbox 1903 1997 3504 2083; baseline 0.016 -30"><span class='ocrx_word' id='word_1_546' title='bbox 1903 1997 2114 2056; x_wconf 92' lang='lat' dir='ltr'><strong>duobus</strong></span> <span class='ocrx_word' id='word_1_547' title='bbox 2135 2004 2505 2072; x_wconf 89' lang='lat' dir='ltr'><strong>superioribus</strong></span> <span class='ocrx_word' id='word_1_548' title='bbox 2539 2011 2644 2083; x_wconf 76' lang='lat'><strong>18</strong></span> <span class='ocrx_word' id='word_1_549' title='bbox 2668 2009 2821 2067; x_wconf 89' lang='lat' dir='ltr'><strong>libris</strong></span> <span class='ocrx_word' id='word_1_550' title='bbox 2867 2014 2935 2069; x_wconf 91' lang='lat' dir='ltr'><strong>de</strong></span> <span class='ocrx_word' id='word_1_551' title='bbox 2992 2015 3087 2071; x_wconf 85' lang='lat' dir='ltr'><strong>Dei</strong></span> <span class='ocrx_word' id='word_1_552' title='bbox 3125 2017 3237 2073; x_wconf 86' lang='lat' dir='ltr'><strong>tilio</strong></span> <span class='ocrx_word' id='word_1_553' title='bbox 3279 2028 3336 2076; x_wconf 88' lang='lat' dir='ltr'><strong>et</strong></span> <span class='ocrx_word' id='word_1_554' title='bbox 3394 2022 3504 2078; x_wconf 90' lang='lat' dir='ltr'><strong>Deo</strong></span> 
     </span>
    </p>
   </div>
   <div class='ocr_carea' id='block_1_79' title="bbox 1905 2093 3499 2180">
    <p class='ocr_par' dir='ltr' id='par_1_79' title="bbox 1905 2093 3499 2180">
     <span class='ocr_line' id='line_1_79' title="bbox 1905 2093 3499 2180; baseline 0.017 -38"><span class='ocrx_word' id='word_1_555' title='bbox 1905 2104 2038 2146; x_wconf 92' lang='lat' dir='ltr'><strong>vero</strong></span> <span class='ocrx_word' id='word_1_556' title='bbox 2063 2093 2289 2150; x_wconf 86' lang='lat' dir='ltr'><strong>multum</strong></span> <span class='ocrx_word' id='word_1_557' title='bbox 2342 2097 2409 2152; x_wconf 93' lang='lat' dir='ltr'><strong>ad</strong></span> <span class='ocrx_word' id='word_1_558' title='bbox 2454 2100 2793 2159; x_wconf 90' lang='lat' dir='ltr'><strong>credentium</strong></span> <span class='ocrx_word' id='word_1_559' title='bbox 2846 2104 3007 2163; x_wconf 90' lang='lat' dir='ltr'><strong>ﬁdem</strong></span> <span class='ocrx_word' id='word_1_560' title='bbox 3057 2111 3499 2180; x_wconf 87' lang='lat' dir='ltr'><strong>proﬁcientibus,</strong></span> 
     </span>
    </p>
   </div>
   <div class='ocr_carea' id='block_1_80' title="bbox 1906 2186 3501 2273">
    <p class='ocr_par' dir='ltr' id='par_1_80' title="bbox 1906 2186 3501 2273">
     <span class='ocr_line' id='line_1_80' title="bbox 1906 2186 3501 2273; baseline 0.015 -35"><span class='ocrx_word' id='word_1_561' title='bbox 1906 2191 2055 2241; x_wconf 86' lang='lat' dir='ltr'><strong>totus</strong></span> <span class='ocrx_word' id='word_1_562' title='bbox 2083 2186 2135 2239; x_wconf 91' lang='lat' dir='ltr'><strong>in</strong></span> <span class='ocrx_word' id='word_1_563' title='bbox 2163 2188 2323 2244; x_wconf 90' lang='lat' dir='ltr'><strong>unius</strong></span> <span class='ocrx_word' id='word_1_564' title='bbox 2352 2191 2442 2246; x_wconf 89' lang='lat' dir='ltr'><strong>Dei</strong></span> <span class='ocrx_word' id='word_1_565' title='bbox 2469 2192 2937 2255; x_wconf 84' lang='lat' dir='ltr'><strong>demonstratione</strong></span> <span class='ocrx_word' id='word_1_566' title='bbox 2965 2201 3222 2260; x_wconf 90' lang='lat' dir='ltr'><strong>detentus</strong></span> <span class='ocrx_word' id='word_1_567' title='bbox 3248 2214 3364 2273; x_wconf 89' lang='lat' dir='ltr'><strong>est;</strong></span> <span class='ocrx_word' id='word_1_568' title='bbox 3395 2222 3501 2262; x_wconf 91' lang='lat' dir='ltr'><strong>non</strong></span> 
     </span>
    </p>
   </div>
   <div class='ocr_carea' id='block_1_81' title="bbox 1905 2276 3501 2366">
    <p class='ocr_par' dir='ltr' id='par_1_81' title="bbox 1905 2276 3501 2366">
     <span class='ocr_line' id='line_1_81' title="bbox 1905 2276 3501 2366; baseline 0.014 -36"><span class='ocrx_word' id='word_1_569' title='bbox 1905 2276 2159 2334; x_wconf 82' lang='lat' dir='ltr'><strong>auferens</strong></span> <span class='ocrx_word' id='word_1_570' title='bbox 2189 2281 2302 2336; x_wconf 89' lang='lat' dir='ltr'><strong>tilio</strong></span> <span class='ocrx_word' id='word_1_571' title='bbox 2330 2282 2424 2340; x_wconf 91' lang='lat' dir='ltr'><strong>Dei</strong></span> <span class='ocrx_word' id='word_1_572' title='bbox 2453 2287 2791 2344; x_wconf 86' lang='lat' dir='ltr'><strong>nativitatem</strong></span> <span class='ocrx_word' id='word_1_573' title='bbox 2819 2332 2835 2358; x_wconf 93' lang='lat'><strong>,</strong></span> <span class='ocrx_word' id='word_1_574' title='bbox 2882 2292 2976 2348; x_wconf 89' lang='lat' dir='ltr'><strong>sed</strong></span> <span class='ocrx_word' id='word_1_575' title='bbox 3030 2310 3205 2365; x_wconf 85' lang='lat' dir='ltr'><strong>neque</strong></span> <span class='ocrx_word' id='word_1_576' title='bbox 3236 2313 3333 2366; x_wconf 89' lang='lat' dir='ltr'><strong>per</strong></span> <span class='ocrx_word' id='word_1_577' title='bbox 3382 2315 3501 2355; x_wconf 90' lang='lat' dir='ltr'><strong>eam</strong></span> 
     </span>
    </p>
   </div>
   <div class='ocr_carea' id='block_1_82' title="bbox 1906 2370 3504 2461">
    <p class='ocr_par' dir='ltr' id='par_1_82' title="bbox 1906 2370 3504 2461">
     <span class='ocr_line' id='line_1_82' title="bbox 1906 2370 3504 2461; baseline 0.013 -35"><span class='ocrx_word' id='word_1_578' title='bbox 1906 2370 2072 2426; x_wconf 89' lang='lat' dir='ltr'><strong>duum</strong></span> <span class='ocrx_word' id='word_1_579' title='bbox 2089 2371 2313 2429; x_wconf 90' lang='lat' dir='ltr'><strong>deorum</strong></span> <span class='ocrx_word' id='word_1_580' title='bbox 2339 2375 2674 2435; x_wconf 90' lang='lat' dir='ltr'><strong>divinitatem</strong></span> <span class='ocrx_word' id='word_1_581' title='bbox 2706 2383 3075 2441; x_wconf 89' lang='lat' dir='ltr'><strong>introducens.</strong></span> <span class='ocrx_word' id='word_1_582' title='bbox 3142 2388 3224 2445; x_wconf 81' lang='lat' dir='ltr'><strong>Ac</strong></span> <span class='ocrx_word' id='word_1_583' title='bbox 3271 2391 3504 2461; x_wconf 87' lang='lat' dir='ltr'><strong>primunt</strong></span> 
     </span>
    </p>
   </div>
   <div class='ocr_carea' id='block_1_83' title="bbox 1905 2463 3507 2549">
    <p class='ocr_par' dir='ltr' id='par_1_83' title="bbox 1905 2463 3507 2549">
     <span class='ocr_line' id='line_1_83' title="bbox 1905 2463 3507 2549; baseline 0.014 -32"><span class='ocrx_word' id='word_1_584' title='bbox 1905 2463 2101 2530; x_wconf 87' lang='lat' dir='ltr'><strong>quibus</strong></span> <span class='ocrx_word' id='word_1_585' title='bbox 2131 2466 2305 2521; x_wconf 89' lang='lat' dir='ltr'><strong>modis</strong></span> <span class='ocrx_word' id='word_1_586' title='bbox 2331 2466 2571 2526; x_wconf 72' lang='lat' dir='ltr'><strong>hteretici</strong></span> <span class='ocrx_word' id='word_1_587' title='bbox 2607 2475 2893 2532; x_wconf 86' lang='lat' dir='ltr'><strong>veritatem</strong></span> <span class='ocrx_word' id='word_1_588' title='bbox 2922 2478 3013 2533; x_wconf 90' lang='lat' dir='ltr'><strong>Dei</strong></span> <span class='ocrx_word' id='word_1_589' title='bbox 3045 2482 3211 2549; x_wconf 89' lang='lat' dir='ltr'><strong>patris</strong></span> <span class='ocrx_word' id='word_1_590' title='bbox 3239 2492 3293 2538; x_wconf 91' lang='lat' dir='ltr'><strong>et</strong></span> <span class='ocrx_word' id='word_1_591' title='bbox 3321 2483 3413 2539; x_wconf 89' lang='lat' dir='ltr'><strong>Dei</strong></span> <span class='ocrx_word' id='word_1_592' title='bbox 3443 2485 3507 2538; x_wconf 87' lang='lat' dir='ltr'><strong>ﬁ-</strong></span> 
     </span>
    </p>
   </div>
   <div class='ocr_carea' id='block_1_84' title="bbox 1905 2553 3508 2633">
    <p class='ocr_par' dir='ltr' id='par_1_84' title="bbox 1905 2553 3508 2633">
     <span class='ocr_line' id='line_1_84' title="bbox 1905 2553 3508 2633; baseline 0.016 -25"><span class='ocrx_word' id='word_1_593' title='bbox 1905 2553 1998 2621; x_wconf 91' lang='lat' dir='ltr'><strong>lii,</strong></span> <span class='ocrx_word' id='word_1_594' title='bbox 2030 2557 2152 2627; x_wconf 89' lang='lat' dir='ltr'><strong>quia</strong></span> <span class='ocrx_word' id='word_1_595' title='bbox 2186 2573 2385 2631; x_wconf 87' lang='lat' dir='ltr'><strong>negare</strong></span> <span class='ocrx_word' id='word_1_596' title='bbox 2407 2578 2513 2617; x_wconf 93' lang='lat' dir='ltr'><strong>non</strong></span> <span class='ocrx_word' id='word_1_597' title='bbox 2534 2575 2789 2633; x_wconf 88' lang='lat' dir='ltr'><strong>possent,</strong></span> <span class='ocrx_word' id='word_1_598' title='bbox 2814 2576 2993 2624; x_wconf 89' lang='lat' dir='ltr'><strong>tamen</strong></span> <span class='ocrx_word' id='word_1_599' title='bbox 3020 2571 3245 2629; x_wconf 89' lang='lat' dir='ltr'><strong>eludere</strong></span> <span class='ocrx_word' id='word_1_600' title='bbox 3275 2575 3508 2632; x_wconf 79' lang='lat' dir='ltr'><strong>niteren-</strong></span> 
     </span>
    </p>
   </div>
   <div class='ocr_carea' id='block_1_85' title="bbox 1909 2650 3508 2732">
    <p class='ocr_par' dir='ltr' id='par_1_85' title="bbox 1909 2650 3508 2732">
     <span class='ocr_line' id='line_1_85' title="bbox 1909 2650 3508 2732; baseline 0.018 -30"><span class='ocrx_word' id='word_1_601' title='bbox 1909 2656 2012 2717; x_wconf 90' lang='lat' dir='ltr'><strong>tur,</strong></span> <span class='ocrx_word' id='word_1_602' title='bbox 2043 2650 2298 2721; x_wconf 90' lang='lat' dir='ltr'><strong>edocuit;</strong></span> <span class='ocrx_word' id='word_1_603' title='bbox 2328 2655 2632 2716; x_wconf 86' lang='lat' dir='ltr'><strong>dissolvens</strong></span> <span class='ocrx_word' id='word_1_604' title='bbox 2665 2662 2876 2732; x_wconf 90' lang='lat' dir='ltr'><strong>ineptas</strong></span> <span class='ocrx_word' id='word_1_605' title='bbox 2902 2680 3091 2722; x_wconf 88' lang='lat' dir='ltr'><strong>eorum</strong></span> <span class='ocrx_word' id='word_1_606' title='bbox 3147 2679 3202 2724; x_wconf 89' lang='lat' dir='ltr'><strong>et</strong></span> <span class='ocrx_word' id='word_1_607' title='bbox 3254 2671 3508 2730; x_wconf 81' lang='lat' dir='ltr'><strong>ridiculas</strong></span> 
     </span>
    </p>
   </div>
   <div class='ocr_carea' id='block_1_86' title="bbox 1905 2742 3509 2824">
    <p class='ocr_par' dir='ltr' id='par_1_86' title="bbox 1905 2742 3509 2824">
     <span class='ocr_line' id='line_1_86' title="bbox 1905 2742 3509 2824; baseline 0.016 -29"><span class='ocrx_word' id='word_1_608' title='bbox 1905 2742 2223 2800; x_wconf 83' lang='lat' dir='ltr'><strong>occasiones</strong></span> <span class='ocrx_word' id='word_1_609' title='bbox 2242 2785 2257 2810; x_wconf 91' lang='lat'><strong>,</strong></span> <span class='ocrx_word' id='word_1_610' title='bbox 2282 2747 2477 2817; x_wconf 91' lang='lat' dir='ltr'><strong>quibus</strong></span> <span class='ocrx_word' id='word_1_611' title='bbox 2507 2765 2603 2821; x_wconf 91' lang='lat' dir='ltr'><strong>per</strong></span> <span class='ocrx_word' id='word_1_612' title='bbox 2631 2751 2684 2806; x_wconf 87' lang='lat' dir='ltr'><strong>id</strong></span> <span class='ocrx_word' id='word_1_613' title='bbox 2715 2754 2858 2824; x_wconf 87' lang='lat' dir='ltr'><strong>quod</strong></span> <span class='ocrx_word' id='word_1_614' title='bbox 2881 2756 3081 2813; x_wconf 92' lang='lat' dir='ltr'><strong>dictum</strong></span> <span class='ocrx_word' id='word_1_615' title='bbox 3108 2768 3193 2816; x_wconf 90' lang='lat' dir='ltr'><strong>est</strong></span> <span class='ocrx_word' id='word_1_616' title='bbox 3218 2781 3231 2817; x_wconf 94' lang='lat'>:</span> <span class='ocrx_word' id='word_1_617' title='bbox 3264 2762 3509 2820; x_wconf 81' lang='lat' dir='ltr'><strong>Multitu-</strong></span> 
     </span>
    </p>
   </div>
   <div class='ocr_carea' id='block_1_87' title="bbox 1906 2832 3507 2920">
    <p class='ocr_par' dir='ltr' id='par_1_87' title="bbox 1906 2832 3507 2920">
     <span class='ocr_line' id='line_1_87' title="bbox 1906 2832 3507 2920; baseline 0.016 -34"><span class='ocrx_word' id='word_1_618' title='bbox 1906 2832 2045 2888; x_wconf 84' lang='lat' dir='ltr'><strong>dinis</strong></span> <span class='ocrx_word' id='word_1_619' title='bbox 2071 2844 2244 2891; x_wconf 87' lang='lat' dir='ltr'><strong>autem</strong></span> <span class='ocrx_word' id='word_1_620' title='bbox 2270 2838 2587 2897; x_wconf 85' lang='lat' dir='ltr'><strong>credentium</strong></span> <span class='ocrx_word' id='word_1_621' title='bbox 2638 2855 2748 2900; x_wconf 88' lang='lat' dir='ltr'><strong>erat</strong></span> <span class='ocrx_word' id='word_1_622' title='bbox 2780 2845 2860 2920; x_wconf 78' lang='lat' dir='ltr'><strong>(cf)</strong></span> <span class='ocrx_word' id='word_1_623' title='bbox 2886 2850 3062 2905; x_wconf 86' lang='lat' dir='ltr'><strong>anima</strong></span> <span class='ocrx_word' id='word_1_624' title='bbox 3114 2862 3161 2906; x_wconf 86' lang='lat' dir='ltr'><strong>et</strong></span> <span class='ocrx_word' id='word_1_625' title='bbox 3214 2871 3303 2909; x_wconf 89' lang='lat' dir='ltr'><strong>cor</strong></span> <span class='ocrx_word' id='word_1_626' title='bbox 3349 2872 3507 2911; x_wconf 85' lang='lat' dir='ltr'><strong>unum</strong></span> 
     </span>
    </p>
   </div>
   <div class='ocr_carea' id='block_1_88' title="bbox 1912 2924 3509 3020">
    <p class='ocr_par' dir='ltr' id='par_1_88' title="bbox 1912 2924 3509 3020">
     <span class='ocr_line' id='line_1_88' title="bbox 1912 2924 3509 3020; baseline 0.018 -43"><span class='ocrx_word' id='word_1_627' title='bbox 1912 2924 2051 2995; x_wconf 79' lang='lat' dir='ltr'><strong>(Act.</strong></span> <span class='ocrx_word' id='word_1_628' title='bbox 2084 2942 2170 2993; x_wconf 87' lang='lat' dir='ltr'><strong>tv,</strong></span> <span class='ocrx_word' id='word_1_629' title='bbox 2200 2929 2293 3001; x_wconf 60' lang='grc' dir='ltr'><strong>δὲ)</strong></span> <span class='ocrx_word' id='word_1_630' title='bbox 2320 2947 2334 2998; x_wconf 87' lang='grc'>;</span> <span class='ocrx_word' id='word_1_631' title='bbox 2362 2941 2416 2987; x_wconf 90' lang='lat' dir='ltr'><strong>et</strong></span> <span class='ocrx_word' id='word_1_632' title='bbox 2441 2949 2654 2990; x_wconf 90' lang='lat' dir='ltr'><strong>rursum</strong></span> <span class='ocrx_word' id='word_1_633' title='bbox 2689 2953 2702 2990; x_wconf 89' lang='lat'><strong>:</strong></span> <span class='ocrx_word' id='word_1_634' title='bbox 2737 2937 2840 3005; x_wconf 83' lang='lat' dir='ltr'><strong>Qui</strong></span> <span class='ocrx_word' id='word_1_635' title='bbox 2871 2940 3071 3006; x_wconf 82' lang='lat' dir='ltr'><strong>plantat</strong></span> <span class='ocrx_word' id='word_1_636' title='bbox 3095 2954 3296 3011; x_wconf 87' lang='lat' dir='ltr'><strong>autem,</strong></span> <span class='ocrx_word' id='word_1_637' title='bbox 3328 2959 3374 3002; x_wconf 88' lang='lat' dir='ltr'><strong>et</strong></span> <span class='ocrx_word' id='word_1_638' title='bbox 3419 2951 3509 3020; x_wconf 89' lang='lat' dir='ltr'><strong>qui</strong></span> 
     </span>
    </p>
   </div>
   <div class='ocr_carea' id='block_1_89' title="bbox 1907 3016 3509 3112">
    <p class='ocr_par' dir='ltr' id='par_1_89' title="bbox 1907 3016 3509 3112">
     <span class='ocr_line' id='line_1_89' title="bbox 1907 3016 3509 3112; baseline 0.018 -44"><span class='ocrx_word' id='word_1_639' title='bbox 1907 3016 2073 3085; x_wconf 87' lang='lat' dir='ltr'><strong>rigat,</strong></span> <span class='ocrx_word' id='word_1_640' title='bbox 2103 3033 2260 3072; x_wconf 88' lang='lat' dir='ltr'><strong>unum</strong></span> <span class='ocrx_word' id='word_1_641' title='bbox 2289 3032 2409 3076; x_wconf 86' lang='lat' dir='ltr'><strong>sunt</strong></span> <span class='ocrx_word' id='word_1_642' title='bbox 2434 3022 2480 3093; x_wconf 87' lang='grc' dir='ltr'><strong>(Ι</strong></span> <span class='ocrx_word' id='word_1_643' title='bbox 2509 3024 2626 3080; x_wconf 87' lang='lat' dir='ltr'><strong>Cor.</strong></span> <span class='ocrx_word' id='word_1_644' title='bbox 2659 3043 2750 3096; x_wconf 86' lang='lat' dir='ltr'><strong>tu,</strong></span> <span class='ocrx_word' id='word_1_645' title='bbox 2788 3029 2844 3104; x_wconf 92' lang='lat'><strong>8)</strong></span> <span class='ocrx_word' id='word_1_646' title='bbox 2870 3048 2886 3097; x_wconf 90' lang='lat'><strong>;</strong></span> <span class='ocrx_word' id='word_1_647' title='bbox 2918 3041 2975 3088; x_wconf 90' lang='lat' dir='ltr'><strong>et</strong></span> <span class='ocrx_word' id='word_1_648' title='bbox 3000 3035 3194 3091; x_wconf 89' lang='lat' dir='ltr'><strong>iterum</strong></span> <span class='ocrx_word' id='word_1_649' title='bbox 3229 3056 3244 3093; x_wconf 88' lang='lat'><strong>:</strong></span> <span class='ocrx_word' id='word_1_650' title='bbox 3271 3038 3392 3094; x_wconf 86' lang='lat' dir='ltr'><strong>Non</strong></span> <span class='ocrx_word' id='word_1_651' title='bbox 3414 3016 3509 3112; x_wconf 71' lang='lat' dir='ltr'><strong>pro</strong></span> 
     </span>
    </p>
   </div>
   <div class='ocr_carea' id='block_1_90' title="bbox 1910 3105 3511 3199">
    <p class='ocr_par' dir='ltr' id='par_1_90' title="bbox 1910 3105 3511 3199">
     <span class='ocr_line' id='line_1_90' title="bbox 1910 3105 3511 3199; baseline 0.019 -41"><span class='ocrx_word' id='word_1_652' title='bbox 1910 3105 1990 3160; x_wconf 82' lang='lat' dir='ltr'><strong>Itis</strong></span> <span class='ocrx_word' id='word_1_653' title='bbox 2036 3120 2206 3163; x_wconf 86' lang='lat' dir='ltr'><strong>autem</strong></span> <span class='ocrx_word' id='word_1_654' title='bbox 2257 3120 2457 3168; x_wconf 85' lang='lat' dir='ltr'><strong>tantum</strong></span> <span class='ocrx_word' id='word_1_655' title='bbox 2486 3132 2632 3189; x_wconf 86' lang='lat' dir='ltr'><strong>rogo,</strong></span> <span class='ocrx_word' id='word_1_656' title='bbox 2666 3119 2755 3173; x_wconf 82' lang='lat' dir='ltr'><strong>sed</strong></span> <span class='ocrx_word' id='word_1_657' title='bbox 2803 3133 2848 3175; x_wconf 89' lang='lat' dir='ltr'><strong>et</strong></span> <span class='ocrx_word' id='word_1_658' title='bbox 2896 3142 2990 3194; x_wconf 86' lang='lat' dir='ltr'><strong>pro</strong></span> <span class='ocrx_word' id='word_1_659' title='bbox 3028 3127 3093 3182; x_wconf 85' lang='lat' dir='ltr'><strong>iis</strong></span> <span class='ocrx_word' id='word_1_660' title='bbox 3137 3133 3226 3199; x_wconf 86' lang='lat' dir='ltr'><strong>qui</strong></span> <span class='ocrx_word' id='word_1_661' title='bbox 3265 3105 3511 3188; x_wconf 79' lang='lat' dir='ltr'><strong>credituri</strong></span> 
     </span>
    </p>
   </div>
   <div class='ocr_carea' id='block_1_91' title="bbox 1833 3205 3510 3302">
    <p class='ocr_par' dir='ltr' id='par_1_91' title="bbox 1833 3205 3510 3302">
     <span class='ocr_line' id='line_1_91' title="bbox 1833 3205 3510 3302; baseline 0.019 -52"><span class='ocrx_word' id='word_1_662' title='bbox 1833 3237 1880 3302; x_wconf 62' lang='grc' dir='ltr'>Ε</span> <span class='ocrx_word' id='word_1_663' title='bbox 1910 3210 2027 3254; x_wconf 85' lang='lat' dir='ltr'><strong>sunt</strong></span> <span class='ocrx_word' id='word_1_664' title='bbox 2054 3218 2145 3271; x_wconf 87' lang='lat' dir='ltr'><strong>per</strong></span> <span class='ocrx_word' id='word_1_665' title='bbox 2174 3205 2377 3260; x_wconf 82' lang='lat' dir='ltr'><strong>verbum</strong></span> <span class='ocrx_word' id='word_1_666' title='bbox 2400 3224 2579 3264; x_wconf 83' lang='lat' dir='ltr'><strong>eorum</strong></span> <span class='ocrx_word' id='word_1_667' title='bbox 2608 3212 2664 3265; x_wconf 83' lang='lat' dir='ltr'><strong>in</strong></span> <span class='ocrx_word' id='word_1_668' title='bbox 2706 3230 2784 3269; x_wconf 87' lang='lat' dir='ltr'><strong>nte</strong></span> <span class='ocrx_word' id='word_1_669' title='bbox 2810 3230 2830 3269; x_wconf 90' lang='lat'><strong><em>:</em></strong></span> <span class='ocrx_word' id='word_1_670' title='bbox 2861 3225 2916 3271; x_wconf 88' lang='lat' dir='ltr'><strong>ut</strong></span> <span class='ocrx_word' id='word_1_671' title='bbox 2963 3235 3135 3275; x_wconf 82' lang='lat' dir='ltr'><strong>omnes</strong></span> <span class='ocrx_word' id='word_1_672' title='bbox 3186 3239 3344 3279; x_wconf 87' lang='lat' dir='ltr'><strong>unum</strong></span> <span class='ocrx_word' id='word_1_673' title='bbox 3373 3227 3477 3281; x_wconf 83' lang='lat' dir='ltr'><strong>sint</strong></span> <span class='ocrx_word' id='word_1_674' title='bbox 3494 3269 3510 3293; x_wconf 91' lang='lat'><strong>,</strong></span> 
     </span>
    </p>
   </div>
   <div class='ocr_carea' id='block_1_92' title="bbox 1911 3291 3514 3386">
    <p class='ocr_par' dir='ltr' id='par_1_92' title="bbox 1911 3291 3514 3386">
     <span class='ocr_line' id='line_1_92' title="bbox 1911 3291 3514 3386; baseline 0.021 -42"><span class='ocrx_word' id='word_1_675' title='bbox 1911 3291 2042 3347; x_wconf 85' lang='lat' dir='ltr'><strong>sicut</strong></span> <span class='ocrx_word' id='word_1_676' title='bbox 2065 3304 2141 3365; x_wconf 87' lang='lat' dir='ltr'><strong>tu,</strong></span> <span class='ocrx_word' id='word_1_677' title='bbox 2159 3294 2335 3366; x_wconf 85' lang='lat' dir='ltr'><strong>Pater,</strong></span> <span class='ocrx_word' id='word_1_678' title='bbox 2361 3300 2413 3355; x_wconf 82' lang='lat' dir='ltr'><strong>in</strong></span> <span class='ocrx_word' id='word_1_679' title='bbox 2443 3320 2541 3369; x_wconf 88' lang='lat' dir='ltr'><strong>me,</strong></span> <span class='ocrx_word' id='word_1_680' title='bbox 2567 3317 2617 3359; x_wconf 87' lang='lat' dir='ltr'><strong>et</strong></span> <span class='ocrx_word' id='word_1_681' title='bbox 2638 3323 2728 3378; x_wconf 91' lang='lat' dir='ltr'><strong>ego</strong></span> <span class='ocrx_word' id='word_1_682' title='bbox 2747 3308 2803 3375; x_wconf 80' lang='lat' dir='ltr'><strong>in</strong></span> <span class='ocrx_word' id='word_1_683' title='bbox 2826 3319 2895 3376; x_wconf 87' lang='lat' dir='ltr'><strong>te,</strong></span> <span class='ocrx_word' id='word_1_684' title='bbox 2929 3323 2983 3366; x_wconf 87' lang='lat' dir='ltr'><strong>ut</strong></span> <span class='ocrx_word' id='word_1_685' title='bbox 3012 3325 3059 3368; x_wconf 90' lang='lat' dir='ltr'><strong>et</strong></span> <span class='ocrx_word' id='word_1_686' title='bbox 3086 3315 3188 3386; x_wconf 85' lang='lat' dir='ltr'><strong>ipsi</strong></span> <span class='ocrx_word' id='word_1_687' title='bbox 3207 3319 3310 3373; x_wconf 86' lang='lat' dir='ltr'><strong>sint</strong></span> <span class='ocrx_word' id='word_1_688' title='bbox 3336 3320 3390 3374; x_wconf 84' lang='lat' dir='ltr'><strong>in</strong></span> <span class='ocrx_word' id='word_1_689' title='bbox 3420 3338 3514 3377; x_wconf 82' lang='lat' dir='ltr'><strong>no-</strong></span> 
     </span>
    </p>
   </div>
   <div class='ocr_carea' id='block_1_93' title="bbox 1911 3386 3511 3479">
    <p class='ocr_par' dir='ltr' id='par_1_93' title="bbox 1911 3386 3511 3479">
     <span class='ocr_line' id='line_1_93' title="bbox 1911 3386 3511 3479; baseline 0.019 -39"><span class='ocrx_word' id='word_1_690' title='bbox 1911 3386 1988 3442; x_wconf 85' lang='lat' dir='ltr'><strong>bis</strong></span> <span class='ocrx_word' id='word_1_691' title='bbox 2013 3387 2193 3458; x_wconf 86' lang='lat' dir='ltr'><strong>(Joan.</strong></span> <span class='ocrx_word' id='word_1_692' title='bbox 2222 3408 2366 3459; x_wconf 81' lang='lat' dir='ltr'><strong>xvn,</strong></span> <span class='ocrx_word' id='word_1_693' title='bbox 2398 3396 2490 3466; x_wconf 74' lang='grc'><strong>20,</strong></span> <span class='ocrx_word' id='word_1_694' title='bbox 2549 3396 2641 3470; x_wconf 60' lang='lat' dir='ltr'><strong>ﬁt)</strong></span> <span class='ocrx_word' id='word_1_695' title='bbox 2678 3402 3009 3463; x_wconf 89' lang='lat' dir='ltr'><strong>:voluntatis</strong></span> <span class='ocrx_word' id='word_1_696' title='bbox 3061 3411 3244 3479; x_wconf 89' lang='lat' dir='ltr'><strong>potius</strong></span> <span class='ocrx_word' id='word_1_697' title='bbox 3284 3422 3338 3468; x_wconf 92' lang='lat' dir='ltr'><strong>et</strong></span> <span class='ocrx_word' id='word_1_698' title='bbox 3378 3429 3511 3470; x_wconf 88' lang='lat' dir='ltr'><strong>una-</strong></span> 
     </span>
    </p>
   </div>
   <div class='ocr_carea' id='block_1_94' title="bbox 1909 3481 3511 3566">
    <p class='ocr_par' dir='ltr' id='par_1_94' title="bbox 1909 3481 3511 3566">
     <span class='ocr_line' id='line_1_94' title="bbox 1909 3481 3511 3566; baseline 0.02 -31"><span class='ocrx_word' id='word_1_699' title='bbox 1909 3481 2170 3541; x_wconf 88' lang='lat' dir='ltr'><strong>nimitatis</strong></span> <span class='ocrx_word' id='word_1_700' title='bbox 2197 3503 2357 3558; x_wconf 90' lang='lat' dir='ltr'><strong>quam</strong></span> <span class='ocrx_word' id='word_1_701' title='bbox 2406 3489 2707 3551; x_wconf 87' lang='lat' dir='ltr'><strong>divinitatis</strong></span> <span class='ocrx_word' id='word_1_702' title='bbox 2755 3511 3006 3556; x_wconf 90' lang='lat' dir='ltr'><strong>asserunt</strong></span> <span class='ocrx_word' id='word_1_703' title='bbox 3061 3507 3369 3562; x_wconf 88' lang='lat' dir='ltr'><strong>veritatem.</strong></span> <span class='ocrx_word' id='word_1_704' title='bbox 3402 3509 3511 3566; x_wconf 91' lang='lat' dir='ltr'><strong>Sed</strong></span> 
     </span>
    </p>
   </div>
   <div class='ocr_carea' id='block_1_95' title="bbox 1909 3576 3506 3671">
    <p class='ocr_par' dir='ltr' id='par_1_95' title="bbox 1909 3576 3506 3671">
     <span class='ocr_line' id='line_1_95' title="bbox 1909 3576 3506 3671; baseline 0.018 -41"><span class='ocrx_word' id='word_1_705' title='bbox 1909 3591 2009 3631; x_wconf 87' lang='lat' dir='ltr'><strong>nos</strong></span> <span class='ocrx_word' id='word_1_706' title='bbox 2039 3576 2154 3634; x_wconf 85' lang='lat' dir='ltr'><strong>haec</strong></span> <span class='ocrx_word' id='word_1_707' title='bbox 2178 3581 2290 3650; x_wconf 89' lang='lat' dir='ltr'><strong>ipsa</strong></span> <span class='ocrx_word' id='word_1_708' title='bbox 2324 3584 2436 3638; x_wconf 90' lang='lat' dir='ltr'><strong>suis</strong></span> <span class='ocrx_word' id='word_1_709' title='bbox 2466 3585 2755 3645; x_wconf 87' lang='lat' dir='ltr'><strong>virtutibus</strong></span> <span class='ocrx_word' id='word_1_710' title='bbox 2781 3604 3177 3662; x_wconf 90' lang='lat' dir='ltr'><strong>pertractantes</strong></span> <span class='ocrx_word' id='word_1_711' title='bbox 3229 3600 3351 3671; x_wconf 84' lang='lat' dir='ltr'><strong>(hoc</strong></span> <span class='ocrx_word' id='word_1_712' title='bbox 3398 3614 3506 3666; x_wconf 88' lang='lat' dir='ltr'><strong>est.</strong></span> 
     </span>
    </p>
   </div>
   <div class='ocr_carea' id='block_1_96' title="bbox 1908 3672 3513 3754">
    <p class='ocr_par' dir='ltr' id='par_1_96' title="bbox 1908 3672 3513 3754">
     <span class='ocr_line' id='line_1_96' title="bbox 1908 3672 3513 3754; baseline 0.018 -31"><span class='ocrx_word' id='word_1_713' title='bbox 1908 3672 2208 3728; x_wconf 87' lang='lat' dir='ltr'><strong>secundum</strong></span> <span class='ocrx_word' id='word_1_714' title='bbox 2236 3675 2341 3730; x_wconf 89' lang='lat' dir='ltr'><strong>vim</strong></span> <span class='ocrx_word' id='word_1_715' title='bbox 2368 3678 2704 3754; x_wconf 86' lang='lat' dir='ltr'><strong>verborum),</strong></span> <span class='ocrx_word' id='word_1_716' title='bbox 2736 3684 2898 3742; x_wconf 89' lang='lat' dir='ltr'><strong>ﬁdem</strong></span> <span class='ocrx_word' id='word_1_717' title='bbox 2926 3687 2979 3743; x_wconf 92' lang='lat' dir='ltr'><strong>in</strong></span> <span class='ocrx_word' id='word_1_718' title='bbox 3029 3704 3090 3746; x_wconf 90' lang='lat' dir='ltr'><strong>se</strong></span> <span class='ocrx_word' id='word_1_719' title='bbox 3143 3691 3341 3749; x_wconf 63' lang='lat' dir='ltr'><strong>divinae</strong></span> <span class='ocrx_word' id='word_1_720' title='bbox 3372 3698 3513 3751; x_wconf 55' lang='lat' dir='ltr'><strong>nati-</strong></span> 
     </span>
    </p>
   </div>
   <div class='ocr_carea' id='block_1_97' title="bbox 1910 3760 3511 3844">
    <p class='ocr_par' dir='ltr' id='par_1_97' title="bbox 1910 3760 3511 3844">
     <span class='ocr_line' id='line_1_97' title="bbox 1910 3760 3511 3844; baseline 0.02 -32"><span class='ocrx_word' id='word_1_721' title='bbox 1910 3760 2393 3826; x_wconf 86' lang='lat' dir='ltr'><strong>vitatiscontinere</strong></span> <span class='ocrx_word' id='word_1_722' title='bbox 2420 3773 2757 3831; x_wconf 86' lang='lat' dir='ltr'><strong>ostendimus</strong></span> <span class='ocrx_word' id='word_1_723' title='bbox 2817 3795 2831 3831; x_wconf 88' lang='lat'><strong><em>:</em></strong></span> <span class='ocrx_word' id='word_1_724' title='bbox 2892 3790 2948 3835; x_wconf 90' lang='lat' dir='ltr'><strong>et</strong></span> <span class='ocrx_word' id='word_1_725' title='bbox 2995 3796 3184 3839; x_wconf 91' lang='lat' dir='ltr'><strong>omnes</strong></span> <span class='ocrx_word' id='word_1_726' title='bbox 3242 3785 3511 3844; x_wconf 87' lang='lat' dir='ltr'><strong>dictorum</strong></span> 
     </span>
    </p>
   </div>
   <div class='ocr_carea' id='block_1_98' title="bbox 1908 3855 3509 3941">
    <p class='ocr_par' dir='ltr' id='par_1_98' title="bbox 1908 3855 3509 3941">
     <span class='ocr_line' id='line_1_98' title="bbox 1908 3855 3509 3941; baseline 0.016 -32"><span class='ocrx_word' id='word_1_727' title='bbox 1908 3855 2308 3917; x_wconf 85' lang='lat' dir='ltr'><strong>dontiuicorum</strong></span> <span class='ocrx_word' id='word_1_728' title='bbox 2361 3864 2729 3935; x_wconf 84' lang='lat' dir='ltr'><strong>professiones</strong></span> <span class='ocrx_word' id='word_1_729' title='bbox 2770 3872 3147 3941; x_wconf 90' lang='lat' dir='ltr'><strong>revolventes,</strong></span> <span class='ocrx_word' id='word_1_730' title='bbox 3195 3885 3366 3933; x_wconf 89' lang='lat' dir='ltr'><strong>totum</strong></span> <span class='ocrx_word' id='word_1_731' title='bbox 3424 3888 3509 3935; x_wconf 85' lang='lat' dir='ltr'><strong>at-</strong></span> 
     </span>
    </p>
   </div>
   <div class='ocr_carea' id='block_1_99' title="bbox 1907 3951 3513 4034">
    <p class='ocr_par' dir='ltr' id='par_1_99' title="bbox 1907 3951 3513 4034">
     <span class='ocr_line' id='line_1_99' title="bbox 1907 3951 3513 4034; baseline 0.016 -32"><span class='ocrx_word' id='word_1_732' title='bbox 1907 3964 2012 4020; x_wconf 91' lang='lat' dir='ltr'><strong>que</strong></span> <span class='ocrx_word' id='word_1_733' title='bbox 2044 3951 2339 4020; x_wconf 89' lang='lat' dir='ltr'><strong>perfectum</strong></span> <span class='ocrx_word' id='word_1_734' title='bbox 2364 3998 2378 4023; x_wconf 97' lang='lat'><strong>,</strong></span> <span class='ocrx_word' id='word_1_735' title='bbox 2409 3972 2476 4013; x_wconf 81' lang='lat' dir='ltr'><strong>ex</strong></span> <span class='ocrx_word' id='word_1_736' title='bbox 2526 3960 2842 4028; x_wconf 89' lang='lat' dir='ltr'><strong>apostolicis</strong></span> <span class='ocrx_word' id='word_1_737' title='bbox 2895 3957 3182 4034; x_wconf 68' lang='lat' dir='ltr'><strong>praeconiis</strong></span> <span class='ocrx_word' id='word_1_738' title='bbox 3234 3985 3299 4022; x_wconf 88' lang='lat' dir='ltr'><strong>ae</strong></span> <span class='ocrx_word' id='word_1_739' title='bbox 3338 3973 3513 4028; x_wconf 88' lang='lat' dir='ltr'><strong>sancti</strong></span> 
     </span>
    </p>
   </div>
   <div class='ocr_carea' id='block_1_100' title="bbox 1907 4042 3512 4129">
    <p class='ocr_par' dir='ltr' id='par_1_100' title="bbox 1907 4042 3512 4129">
     <span class='ocr_line' id='line_1_100' title="bbox 1907 4042 3512 4129; baseline 0.014 -32"><span class='ocrx_word' id='word_1_740' title='bbox 1907 4042 2142 4112; x_wconf 89' lang='lat' dir='ltr'><strong>Spiritus</strong></span> <span class='ocrx_word' id='word_1_741' title='bbox 2164 4045 2348 4117; x_wconf 83' lang='lat' dir='ltr'><strong>(Vocis</strong></span> <span class='ocrx_word' id='word_1_742' title='bbox 2377 4051 2548 4105; x_wconf 91' lang='lat' dir='ltr'><strong>sancti</strong></span> <span class='ocrx_word' id='word_1_743' title='bbox 2575 4051 2831 4123; x_wconf 90' lang='lat' dir='ltr'><strong>Spiritus,</strong></span> <span class='ocrx_word' id='word_1_744' title='bbox 2859 4073 2971 4126; x_wconf 76' lang='lat' dir='ltr'><strong>qute</strong></span> <span class='ocrx_word' id='word_1_745' title='bbox 2992 4059 3077 4113; x_wconf 83' lang='lat' dir='ltr'><strong>hic</strong></span> <span class='ocrx_word' id='word_1_746' title='bbox 3096 4060 3171 4115; x_wconf 80' lang='lat' dir='ltr'><strong>vis</strong></span> <span class='ocrx_word' id='word_1_747' title='bbox 3191 4063 3257 4116; x_wconf 88' lang='lat' dir='ltr'><strong>sit</strong></span> <span class='ocrx_word' id='word_1_748' title='bbox 3285 4104 3299 4129; x_wconf 98' lang='lat'><strong>,</strong></span> <span class='ocrx_word' id='word_1_749' title='bbox 3325 4064 3512 4120; x_wconf 75' lang='lat' dir='ltr'><strong>videsis</strong></span> 
     </span>
    </p>
   </div>
   <div class='ocr_carea' id='block_1_101' title="bbox 1909 4135 3513 4230">
    <p class='ocr_par' dir='ltr' id='par_1_101' title="bbox 1909 4135 3513 4230">
     <span class='ocr_line' id='line_1_101' title="bbox 1909 4135 3513 4230; baseline 0.017 -42"><span class='ocrx_word' id='word_1_750' title='bbox 1909 4135 2000 4189; x_wconf 86' lang='lat' dir='ltr'><strong>lib.</strong></span> <span class='ocrx_word' id='word_1_751' title='bbox 2026 4153 2140 4204; x_wconf 85' lang='lat' dir='ltr'><strong>vm,</strong></span> <span class='ocrx_word' id='word_1_752' title='bbox 2171 4155 2226 4191; x_wconf 81' lang='grc' dir='ltr'><strong>η.</strong></span> <span class='ocrx_word' id='word_1_753' title='bbox 2248 4139 2339 4211; x_wconf 73' lang='grc'><strong>25)</strong></span> <span class='ocrx_word' id='word_1_754' title='bbox 2367 4144 2818 4217; x_wconf 89' lang='lat' dir='ltr'><strong>proprietatibus,</strong></span> <span class='ocrx_word' id='word_1_755' title='bbox 2850 4160 2902 4205; x_wconf 87' lang='lat' dir='ltr'><strong>et</strong></span> <span class='ocrx_word' id='word_1_756' title='bbox 2932 4159 3171 4221; x_wconf 70' lang='lat' dir='ltr'><strong>paterna:</strong></span> <span class='ocrx_word' id='word_1_757' title='bbox 3221 4163 3277 4211; x_wconf 90' lang='lat' dir='ltr'><strong>et</strong></span> <span class='ocrx_word' id='word_1_758' title='bbox 3325 4157 3513 4230; x_wconf 84' lang='lat' dir='ltr'><strong>unige-</strong></span> 
     </span>
    </p>
   </div>
   <div class='ocr_carea' id='block_1_102' title="bbox 1908 4229 3511 4309">
    <p class='ocr_par' dir='ltr' id='par_1_102' title="bbox 1908 4229 3511 4309">
     <span class='ocr_line' id='line_1_102' title="bbox 1908 4229 3511 4309; baseline 0.017 -27"><span class='ocrx_word' id='word_1_759' title='bbox 1908 4229 2036 4284; x_wconf 69' lang='lat' dir='ltr'><strong>nitte</strong></span> <span class='ocrx_word' id='word_1_760' title='bbox 2084 4233 2385 4301; x_wconf 89' lang='lat' dir='ltr'><strong>majestatis</strong></span> <span class='ocrx_word' id='word_1_761' title='bbox 2413 4248 2811 4297; x_wconf 88' lang='lat' dir='ltr'><strong>sacramentum</strong></span> <span class='ocrx_word' id='word_1_762' title='bbox 2842 4244 3125 4303; x_wconf 89' lang='lat' dir='ltr'><strong>docuimus</strong></span> <span class='ocrx_word' id='word_1_763' title='bbox 3156 4267 3168 4303; x_wconf 94' lang='lat'>:</span> <span class='ocrx_word' id='word_1_764' title='bbox 3199 4265 3321 4306; x_wconf 92' lang='lat' dir='ltr'><strong>cum</strong></span> <span class='ocrx_word' id='word_1_765' title='bbox 3362 4229 3511 4309; x_wconf 12' lang='lat' dir='ltr'><strong>etiiu</strong></span> 
     </span>
    </p>
   </div>
   <div class='ocr_carea' id='block_1_103' title="bbox 1910 4320 3514 4416">
    <p class='ocr_par' dir='ltr' id='par_1_103' title="bbox 1910 4320 3514 4416">
     <span class='ocr_line' id='line_1_103' title="bbox 1910 4320 3514 4416; baseline 0.017 -42"><span class='ocrx_word' id='word_1_766' title='bbox 1910 4320 2071 4377; x_wconf 86' lang='lat' dir='ltr'><strong>Patre</strong></span> <span class='ocrx_word' id='word_1_767' title='bbox 2106 4322 2276 4379; x_wconf 86' lang='lat' dir='ltr'><strong>Filius</strong></span> <span class='ocrx_word' id='word_1_768' title='bbox 2328 4327 2667 4399; x_wconf 89' lang='lat' dir='ltr'><strong>intellectus,</strong></span> <span class='ocrx_word' id='word_1_769' title='bbox 2702 4343 2758 4390; x_wconf 89' lang='lat' dir='ltr'><strong>et</strong></span> <span class='ocrx_word' id='word_1_770' title='bbox 2784 4334 2946 4393; x_wconf 89' lang='lat' dir='ltr'><strong>Pater</strong></span> <span class='ocrx_word' id='word_1_771' title='bbox 2972 4339 3024 4395; x_wconf 92' lang='lat' dir='ltr'><strong>in</strong></span> <span class='ocrx_word' id='word_1_772' title='bbox 3048 4339 3187 4398; x_wconf 91' lang='lat' dir='ltr'><strong>Filio</strong></span> <span class='ocrx_word' id='word_1_773' title='bbox 3226 4349 3475 4416; x_wconf 86' lang='lat' dir='ltr'><strong>cognitus</strong></span> <span class='ocrx_word' id='word_1_774' title='bbox 3497 4389 3514 4415; x_wconf 91' lang='lat'><strong>,</strong></span> 
     </span>
    </p>
   </div>
   <div class='ocr_carea' id='block_1_104' title="bbox 1906 4417 3513 4511">
    <p class='ocr_par' dir='ltr' id='par_1_104' title="bbox 1906 4417 3513 4511">
     <span class='ocr_line' id='line_1_104' title="bbox 1906 4417 3513 4511; baseline 0.017 -41"><span class='ocrx_word' id='word_1_775' title='bbox 1906 4417 2169 4489; x_wconf 86' lang='lat' dir='ltr'><strong>unigeniti</strong></span> <span class='ocrx_word' id='word_1_776' title='bbox 2194 4420 2287 4477; x_wconf 92' lang='lat' dir='ltr'><strong>Dei</strong></span> <span class='ocrx_word' id='word_1_777' title='bbox 2322 4422 2752 4498; x_wconf 86' lang='lat' dir='ltr'><strong>nativitatem,et</strong></span> <span class='ocrx_word' id='word_1_778' title='bbox 2782 4430 3011 4502; x_wconf 89' lang='lat' dir='ltr'><strong>perfecti</strong></span> <span class='ocrx_word' id='word_1_779' title='bbox 3038 4435 3093 4491; x_wconf 90' lang='lat' dir='ltr'><strong>in</strong></span> <span class='ocrx_word' id='word_1_780' title='bbox 3123 4452 3190 4493; x_wconf 92' lang='lat' dir='ltr'><strong>eo</strong></span> <span class='ocrx_word' id='word_1_781' title='bbox 3211 4437 3304 4494; x_wconf 88' lang='lat' dir='ltr'><strong>Dei</strong></span> <span class='ocrx_word' id='word_1_782' title='bbox 3323 4438 3401 4511; x_wconf 83' lang='lat'><strong>(&#39;5)</strong></span> <span class='ocrx_word' id='word_1_783' title='bbox 3430 4457 3513 4497; x_wconf 91' lang='lat' dir='ltr'><strong>os-</strong></span> 
     </span>
    </p>
   </div>
   <div class='ocr_carea' id='block_1_105' title="bbox 1908 4510 2539 4574">
    <p class='ocr_par' dir='ltr' id='par_1_105' title="bbox 1908 4510 2539 4574">
     <span class='ocr_line' id='line_1_105' title="bbox 1908 4510 2539 4574; baseline 0.01 -6"><span class='ocrx_word' id='word_1_784' title='bbox 1908 4510 2196 4569; x_wconf 90' lang='lat' dir='ltr'><strong>tenderent</strong></span> <span class='ocrx_word' id='word_1_785' title='bbox 2233 4519 2539 4574; x_wconf 88' lang='lat' dir='ltr'><strong>veritatem.</strong></span> 
     </span>
    </p>
   </div>
   <div class='ocr_carea' id='block_1_106' title="bbox 1831 4635 3518 4751">
    <p class='ocr_par' dir='ltr' id='par_1_106' title="bbox 1831 4635 3518 4751">
     <span class='ocr_line' id='line_1_106' title="bbox 1831 4635 3518 4751; baseline 0.013 -24"><span class='ocrx_word' id='word_1_786' title='bbox 1831 4635 1882 4696; x_wconf 79' lang='lat' dir='ltr'><strong>D</strong></span> <span class='ocrx_word' id='word_1_787' title='bbox 1980 4673 2072 4730; x_wconf 76' lang='lat'><strong>&#39;29.</strong></span> <span class='ocrx_word' id='word_1_788' title='bbox 2106 4673 2256 4731; x_wconf 86' lang='lat' dir='ltr'><strong>Liber</strong></span> <span class='ocrx_word' id='word_1_789' title='bbox 2275 4693 2462 4733; x_wconf 86' lang='lat' dir='ltr'><strong>nonus.</strong></span> <span class='ocrx_word' id='word_1_790' title='bbox 2505 4679 2824 4751; x_wconf 83' lang='lat' dir='ltr'><strong>Argumenta</strong></span> <span class='ocrx_word' id='word_1_791' title='bbox 2869 4693 3049 4740; x_wconf 86' lang='lat' dir='ltr'><strong>contra</strong></span> <span class='ocrx_word' id='word_1_792' title='bbox 3083 4685 3277 4743; x_wconf 85' lang='lat' dir='ltr'><strong>Christi</strong></span> <span class='ocrx_word' id='word_1_793' title='bbox 3331 4691 3518 4748; x_wconf 84' lang='lat' dir='ltr'><strong>divini-</strong></span> 
     </span>
    </p>
   </div>
   <div class='ocr_carea' id='block_1_107' title="bbox 1913 4769 3511 4843">
    <p class='ocr_par' dir='ltr' id='par_1_107' title="bbox 1913 4769 3511 4843">
     <span class='ocr_line' id='line_1_107' title="bbox 1913 4769 3511 4843; baseline 0.013 -22"><span class='ocrx_word' id='word_1_794' title='bbox 1913 4775 2089 4823; x_wconf 88' lang='lat' dir='ltr'><strong>tatem.</strong></span> <span class='ocrx_word' id='word_1_795' title='bbox 2116 4799 2188 4809; x_wconf 92' lang='lat'><strong><em>—</em></strong></span> <span class='ocrx_word' id='word_1_796' title='bbox 2217 4769 2411 4826; x_wconf 89' lang='lat' dir='ltr'><strong>Parum</strong></span> <span class='ocrx_word' id='word_1_797' title='bbox 2443 4782 2526 4827; x_wconf 87' lang='lat' dir='ltr'><strong>est</strong></span> <span class='ocrx_word' id='word_1_798' title='bbox 2573 4782 2752 4830; x_wconf 90' lang='lat' dir='ltr'><strong>autem</strong></span> <span class='ocrx_word' id='word_1_799' title='bbox 2779 4817 2795 4843; x_wconf 95' lang='lat'><strong>,</strong></span> <span class='ocrx_word' id='word_1_800' title='bbox 2856 4777 2909 4832; x_wconf 92' lang='lat' dir='ltr'><strong>in</strong></span> <span class='ocrx_word' id='word_1_801' title='bbox 2953 4779 3116 4835; x_wconf 88' lang='lat' dir='ltr'><strong>rebus</strong></span> <span class='ocrx_word' id='word_1_802' title='bbox 3168 4783 3235 4837; x_wconf 92' lang='lat' dir='ltr'><strong>ad</strong></span> <span class='ocrx_word' id='word_1_803' title='bbox 3281 4784 3511 4842; x_wconf 91' lang='lat' dir='ltr'><strong>salutem</strong></span> 
     </span>
    </p>
   </div>
   <div class='ocr_carea' id='block_1_108' title="bbox 1915 4860 3516 4936">
    <p class='ocr_par' dir='ltr' id='par_1_108' title="bbox 1915 4860 3516 4936">
     <span class='ocr_line' id='line_1_108' title="bbox 1915 4860 3516 4936; baseline 0.012 -20"><span class='ocrx_word' id='word_1_804' title='bbox 1915 4860 2151 4919; x_wconf 78' lang='lat' dir='ltr'><strong>maxime</strong></span> <span class='ocrx_word' id='word_1_805' title='bbox 2187 4865 2510 4921; x_wconf 87' lang='lat' dir='ltr'><strong>necessariis</strong></span> <span class='ocrx_word' id='word_1_806' title='bbox 2531 4907 2546 4931; x_wconf 93' lang='lat'><strong>,</strong></span> <span class='ocrx_word' id='word_1_807' title='bbox 2574 4867 2687 4923; x_wconf 91' lang='lat' dir='ltr'><strong>sola</strong></span> <span class='ocrx_word' id='word_1_808' title='bbox 2719 4883 2781 4924; x_wconf 90' lang='lat' dir='ltr'><strong>ea</strong></span> <span class='ocrx_word' id='word_1_809' title='bbox 2830 4870 2896 4926; x_wconf 93' lang='lat' dir='ltr'><strong>ad</strong></span> <span class='ocrx_word' id='word_1_810' title='bbox 2929 4871 3356 4933; x_wconf 82' lang='lat' dir='ltr'><strong>satisfactionem</strong></span> <span class='ocrx_word' id='word_1_811' title='bbox 3390 4879 3516 4936; x_wconf 84' lang='lat' dir='ltr'><strong>fidei</strong></span> 
     </span>
    </p>
   </div>
   <div class='ocr_carea' id='block_1_109' title="bbox 1914 4954 3517 5043">
    <p class='ocr_par' dir='ltr' id='par_1_109' title="bbox 1914 4954 3517 5043">
     <span class='ocr_line' id='line_1_109' title="bbox 1914 4954 3517 5043; baseline 0.011 -32"><span class='ocrx_word' id='word_1_812' title='bbox 1914 4954 2131 5028; x_wconf 86' lang='lat' dir='ltr'><strong>afferre,</strong></span> <span class='ocrx_word' id='word_1_813' title='bbox 2157 4974 2277 5029; x_wconf 86' lang='lat' dir='ltr'><strong>quae</strong></span> <span class='ocrx_word' id='word_1_814' title='bbox 2304 4961 2522 5032; x_wconf 89' lang='lat' dir='ltr'><strong>propria</strong></span> <span class='ocrx_word' id='word_1_815' title='bbox 2551 4970 2677 5017; x_wconf 89' lang='lat' dir='ltr'><strong>sunt</strong></span> <span class='ocrx_word' id='word_1_816' title='bbox 2711 4980 2724 5016; x_wconf 90' lang='lat'><strong>:</strong></span> <span class='ocrx_word' id='word_1_817' title='bbox 2758 4964 2881 5035; x_wconf 88' lang='lat' dir='ltr'><strong>quia</strong></span> <span class='ocrx_word' id='word_1_818' title='bbox 2910 4966 3228 5038; x_wconf 88' lang='lat' dir='ltr'><strong>plerumque</strong></span> <span class='ocrx_word' id='word_1_819' title='bbox 3258 4969 3338 5043; x_wconf 69' lang='grc'><strong>(4)</strong></span> <span class='ocrx_word' id='word_1_820' title='bbox 3360 4971 3517 5029; x_wconf 88' lang='lat' dir='ltr'><strong>blan-</strong></span> 
     </span>
    </p>
   </div>
   <div class='ocr_carea' id='block_1_110' title="bbox 1987 5101 3123 5188">
    <p class='ocr_par' dir='ltr' id='par_1_110' title="bbox 1987 5101 3123 5188">
     <span class='ocr_line' id='line_1_110' title="bbox 1987 5101 3123 5188; baseline 0.002 -26"><span class='ocrx_word' id='word_1_821' title='bbox 1987 5110 2069 5184; x_wconf 75' lang='lat'><strong>(5)</strong></span> <span class='ocrx_word' id='word_1_822' title='bbox 2098 5107 2157 5188; x_wconf 78' lang='lat' dir='ltr'><strong>l_n_</strong></span> <span class='ocrx_word' id='word_1_823' title='bbox 2183 5104 2468 5188; x_wconf 71' lang='lat' dir='ltr'><strong>superiore</strong></span> <span class='ocrx_word' id='word_1_824' title='bbox 2497 5101 2739 5159; x_wconf 85' lang='lat' dir='ltr'><strong>editione</strong></span> <span class='ocrx_word' id='word_1_825' title='bbox 2772 5120 2785 5158; x_wconf 92' lang='lat'><strong>:</strong></span> <span class='ocrx_word' id='word_1_826' title='bbox 2812 5105 3123 5165; x_wconf 84' lang='lat' dir='ltr'><strong>ostenderet.</strong></span> 
     </span>
    </p>
   </div>
   <div class='ocr_carea' id='block_1_111' title="bbox 1990 5177 2591 5257">
    <p class='ocr_par' dir='ltr' id='par_1_111' title="bbox 1990 5177 2591 5257">
     <span class='ocr_line' id='line_1_111' title="bbox 1990 5177 2591 5257; baseline -0.018 -19"><span class='ocrx_word' id='word_1_827' title='bbox 1990 5177 2070 5257; x_wconf 60' lang='lat'>(4&#39;)</span> <span class='ocrx_word' id='word_1_828' title='bbox 2091 5177 2399 5235; x_wconf 81' lang='lat' dir='ltr'><strong>Blandiente</strong></span> <span class='ocrx_word' id='word_1_829' title='bbox 2421 5190 2591 5229; x_wconf 85' lang='lat' dir='ltr'><strong>sensu.</strong></span> 
     </span>
    </p>
   </div>
   <div class='ocr_carea' id='block_1_112' title="bbox 1984 5294 3518 5372">
    <p class='ocr_par' dir='ltr' id='par_1_112' title="bbox 1984 5294 3518 5372">
     <span class='ocr_line' id='line_1_112' title="bbox 1984 5294 3518 5372; baseline 0.005 -18"><span class='ocrx_word' id='word_1_830' title='bbox 1984 5299 2055 5372; x_wconf 90' lang='lat' dir='ltr'><strong>(c)</strong></span> <span class='ocrx_word' id='word_1_831' title='bbox 2087 5299 2198 5355; x_wconf 86' lang='lat' dir='ltr'><strong>Hoc</strong></span> <span class='ocrx_word' id='word_1_832' title='bbox 2216 5304 2336 5372; x_wconf 74' lang='lat' dir='ltr'><strong>est,</strong></span> <span class='ocrx_word' id='word_1_833' title='bbox 2365 5310 2547 5372; x_wconf 77' lang='lat' dir='ltr'><strong>veram</strong></span> <span class='ocrx_word' id='word_1_834' title='bbox 2571 5294 2739 5366; x_wconf 86' lang='lat' dir='ltr'><strong>patris</strong></span> <span class='ocrx_word' id='word_1_835' title='bbox 2765 5307 3010 5372; x_wconf 78' lang='lat' dir='ltr'><strong>naturam</strong></span> <span class='ocrx_word' id='word_1_836' title='bbox 3036 5316 3160 5358; x_wconf 90' lang='lat' dir='ltr'><strong>vera</strong></span> <span class='ocrx_word' id='word_1_837' title='bbox 3184 5304 3275 5359; x_wconf 82' lang='lat' dir='ltr'><strong>filii</strong></span> <span class='ocrx_word' id='word_1_838' title='bbox 3309 5321 3518 5364; x_wconf 85' lang='lat' dir='ltr'><strong>nuncu-</strong></span> 
     </span>
    </p>
   </div>
   <div class='ocr_carea' id='block_1_113' title="bbox 1912 5367 3520 5446">
    <p class='ocr_par' dir='ltr' id='par_1_113' title="bbox 1912 5367 3520 5446">
     <span class='ocr_line' id='line_1_113' title="bbox 1912 5367 3520 5446; baseline 0.007 -19"><span class='ocrx_word' id='word_1_839' title='bbox 1912 5367 2062 5446; x_wconf 78' lang='lat' dir='ltr'><strong>patio</strong></span> <span class='ocrx_word' id='word_1_840' title='bbox 2086 5368 2369 5446; x_wconf 82' lang='lat' dir='ltr'><strong>manifeste</strong></span> <span class='ocrx_word' id='word_1_841' title='bbox 2396 5367 2665 5446; x_wconf 72' lang='lat' dir='ltr'><strong>obtineret</strong></span> <span class='ocrx_word' id='word_1_842' title='bbox 2691 5370 3429 5446; x_wconf 7' lang='lat' dir='ltr'><strong>:quibusgdeclaratililarius</strong></span> <span class='ocrx_word' id='word_1_843' title='bbox 3457 5394 3520 5438; x_wconf 90' lang='lat' dir='ltr'><strong>se</strong></span> 
     </span>
    </p>
   </div>
   <div class='ocr_carea' id='block_1_114' title="bbox 1916 5439 3520 5517">
    <p class='ocr_par' dir='ltr' id='par_1_114' title="bbox 1916 5439 3520 5517">
     <span class='ocr_line' id='line_1_114' title="bbox 1916 5439 3520 5517; baseline 0.003 -18"><span class='ocrx_word' id='word_1_844' title='bbox 1916 5439 2065 5517; x_wconf 61' lang='lat' dir='ltr'><strong>uuasi</strong></span> <span class='ocrx_word' id='word_1_845' title='bbox 2091 5459 2155 5498; x_wconf 83' lang='lat' dir='ltr'><strong>ex</strong></span> <span class='ocrx_word' id='word_1_846' title='bbox 2180 5439 2475 5496; x_wconf 89' lang='lat' dir='ltr'><strong>abundanti</strong></span> <span class='ocrx_word' id='word_1_847' title='bbox 2495 5439 2837 5517; x_wconf 73' lang='lat' dir='ltr'><strong>ostensurum</strong></span> <span class='ocrx_word' id='word_1_848' title='bbox 2866 5443 3022 5517; x_wconf 89' lang='lat' dir='ltr'><strong>_Fi|io</strong></span> <span class='ocrx_word' id='word_1_849' title='bbox 3066 5458 3313 5502; x_wconf 89' lang='lat' dir='ltr'><strong>naturam</strong></span> <span class='ocrx_word' id='word_1_850' title='bbox 3342 5450 3520 5510; x_wconf 84' lang='lat' dir='ltr'><strong>Patris</strong></span> 
     </span>
    </p>
   </div>
   <div class='ocr_carea' id='block_1_115' title="bbox 1916 5512 3514 5590">
    <p class='ocr_par' dir='ltr' id='par_1_115' title="bbox 1916 5512 3514 5590">
     <span class='ocr_line' id='line_1_115' title="bbox 1916 5512 3514 5590; baseline 0.006 -22"><span class='ocrx_word' id='word_1_851' title='bbox 1916 5512 2070 5590; x_wconf 77' lang='lat' dir='ltr'><strong>esse,</strong></span> <span class='ocrx_word' id='word_1_852' title='bbox 2102 5522 2390 5590; x_wconf 81' lang='lat' dir='ltr'><strong>postquam</strong></span> <span class='ocrx_word' id='word_1_853' title='bbox 2414 5512 2650 5590; x_wconf 75' lang='lat' dir='ltr'><strong>ostendit</strong></span> <span class='ocrx_word' id='word_1_854' title='bbox 2676 5512 2728 5567; x_wconf 90' lang='lat' dir='ltr'><strong>ei</strong></span> <span class='ocrx_word' id='word_1_855' title='bbox 2782 5514 2878 5590; x_wconf 73' lang='lat' dir='ltr'><strong>ﬁlii</strong></span> <span class='ocrx_word' id='word_1_856' title='bbox 2925 5529 3134 5590; x_wconf 80' lang='lat' dir='ltr'><strong>nomen</strong></span> <span class='ocrx_word' id='word_1_857' title='bbox 3175 5533 3514 5590; x_wconf 87' lang='lat' dir='ltr'><strong>competere.</strong></span> 
     </span>
    </p>
   </div>
   <div class='ocr_carea' id='block_1_116' title="bbox 1916 5583 3521 5654">
    <p class='ocr_par' dir='ltr' id='par_1_116' title="bbox 1916 5583 3521 5654">
     <span class='ocr_line' id='line_1_116' title="bbox 1916 5583 3521 5654; baseline 0.004 -8"><span class='ocrx_word' id='word_1_858' title='bbox 1916 5583 2158 5646; x_wconf 84' lang='lat' dir='ltr'><strong>Notanda</strong></span> <span class='ocrx_word' id='word_1_859' title='bbox 2179 5600 2286 5640; x_wconf 84' lang='lat' dir='ltr'><strong>vox</strong></span> <span class='ocrx_word' id='word_1_860' title='bbox 2309 5583 2737 5654; x_wconf 72' lang='lat' dir='ltr'><strong>absolutio,quae</strong></span> <span class='ocrx_word' id='word_1_861' title='bbox 2781 5584 2857 5639; x_wconf 90' lang='lat' dir='ltr'><strong>illi</strong></span> <span class='ocrx_word' id='word_1_862' title='bbox 2900 5585 3057 5642; x_wconf 86' lang='lat' dir='ltr'><strong>valde</strong></span> <span class='ocrx_word' id='word_1_863' title='bbox 3113 5583 3392 5649; x_wconf 73' lang='lat' dir='ltr'><strong>familiaris</strong></span> <span class='ocrx_word' id='word_1_864' title='bbox 3435 5605 3521 5653; x_wconf 86' lang='lat' dir='ltr'><strong>est</strong></span> 
     </span>
    </p>
   </div>
   <div class='ocr_carea' id='block_1_117' title="bbox 1919 5656 3074 5738">
    <p class='ocr_par' dir='ltr' id='par_1_117' title="bbox 1919 5656 3074 5738">
     <span class='ocr_line' id='line_1_117' title="bbox 1919 5656 3074 5738; baseline -0.002 -26"><span class='ocrx_word' id='word_1_865' title='bbox 1919 5677 2020 5738; x_wconf 78' lang='lat' dir='ltr'><strong>pro</strong></span> <span class='ocrx_word' id='word_1_866' title='bbox 2045 5666 2274 5738; x_wconf 58' lang='lat' dir='ltr'><strong>reperta</strong></span> <span class='ocrx_word' id='word_1_867' title='bbox 2305 5665 2358 5712; x_wconf 88' lang='lat' dir='ltr'><strong>et</strong></span> <span class='ocrx_word' id='word_1_868' title='bbox 2371 5656 2663 5738; x_wconf 73' lang='lat' dir='ltr'><strong>_evidenti._</strong></span> <span class='ocrx_word' id='word_1_869' title='bbox 2690 5726 2721 5738; x_wconf 56' lang='grc' dir='ltr'>η</span> <span class='ocrx_word' id='word_1_870' title='bbox 2823 5735 2831 5738; x_wconf 26' lang='grc' dir='ltr'><strong>Α</strong></span> <span class='ocrx_word' id='word_1_871' title='bbox 3003 5737 3006 5738; x_wconf 11' lang='grc' dir='ltr'><em>ν</em></span> <span class='ocrx_word' id='word_1_872' title='bbox 3064 5714 3074 5718; x_wconf 95' lang='lat'>_</span> 
     </span>
    </p>
   </div>
   <div class='ocr_carea' id='block_1_118' title="bbox 1994 5726 3525 5805">
    <p class='ocr_par' dir='ltr' id='par_1_118' title="bbox 1994 5726 3525 5805">
     <span class='ocr_line' id='line_1_118' title="bbox 1994 5726 3525 5805; baseline 0.008 -20"><span class='ocrx_word' id='word_1_873' title='bbox 1994 5731 2077 5805; x_wconf 81' lang='grc' dir='ltr'><strong>(ά)</strong></span> <span class='ocrx_word' id='word_1_874' title='bbox 2107 5730 2180 5785; x_wconf 91' lang='lat' dir='ltr'><strong>lta</strong></span> <span class='ocrx_word' id='word_1_875' title='bbox 2205 5729 2349 5784; x_wconf 91' lang='lat' dir='ltr'><strong>hunc</strong></span> <span class='ocrx_word' id='word_1_876' title='bbox 2371 5728 2548 5783; x_wconf 89' lang='lat' dir='ltr'><strong>locum</strong></span> <span class='ocrx_word' id='word_1_877' title='bbox 2566 5726 2837 5805; x_wconf 67' lang='lat' dir='ltr'><strong>exhibent</strong></span> <span class='ocrx_word' id='word_1_878' title='bbox 2857 5737 3171 5791; x_wconf 88' lang='lat' dir='ltr'><strong>constanter</strong></span> <span class='ocrx_word' id='word_1_879' title='bbox 3189 5751 3322 5794; x_wconf 89' lang='lat' dir='ltr'><strong>mss.</strong></span> <span class='ocrx_word' id='word_1_880' title='bbox 3380 5738 3525 5797; x_wconf 90' lang='lat' dir='ltr'><strong>Editi</strong></span> 
     </span>
    </p>
   </div>
   <div class='ocr_carea' id='block_1_119' title="bbox 1921 5799 2812 5870">
    <p class='ocr_par' dir='ltr' id='par_1_119' title="bbox 1921 5799 2812 5870">
     <span class='ocr_line' id='line_1_119' title="bbox 1921 5799 2812 5870; baseline -0.012 -5"><span class='ocrx_word' id='word_1_881' title='bbox 1921 5799 2090 5870; x_wconf 59' lang='lat' dir='ltr'><strong>vero&#39;,</strong></span> <span class='ocrx_word' id='word_1_882' title='bbox 2123 5818 2211 5859; x_wconf 91' lang='lat' dir='ltr'><strong>cor</strong></span> <span class='ocrx_word' id='word_1_883' title='bbox 2234 5817 2394 5857; x_wconf 85' lang='lat' dir='ltr'><strong>unum</strong></span> <span class='ocrx_word' id='word_1_884' title='bbox 2415 5809 2463 5855; x_wconf 86' lang='lat' dir='ltr'><strong>et</strong></span> <span class='ocrx_word' id='word_1_885' title='bbox 2490 5799 2664 5854; x_wconf 85' lang='lat' dir='ltr'><strong>anima</strong></span> <span class='ocrx_word' id='word_1_886' title='bbox 2689 5814 2812 5854; x_wconf 85' lang='lat' dir='ltr'><strong>una.</strong></span> 
     </span>
    </p>
   </div>
   <div class='ocr_carea' id='block_1_120' title="bbox 2890 5895 2931 5956">
    <p class='ocr_par' dir='ltr' id='par_1_120' title="bbox 2890 5895 2931 5956">
     <span class='ocr_line' id='line_1_120' title="bbox 2890 5895 2931 5956; baseline 0 0"><span class='ocrx_word' id='word_1_887' title='bbox 2890 5895 2931 5956; x_wconf 79' lang='grc'>2</span> 
     </span>
    </p>
   </div>
  </div>
