4040 6328
483 302 554 360 45
1682 296 1929 359 ΒΑΝΟΤΙ
1962 295 2074 359 BIL

2192 296 2221 357 [Ι
2259 298 2573 363 EPISCOPI
3727 294 3799 369 ﬂ

474 422 687 479 dientes
709 433 927 479 sensum
959 421 1037 497 (a)
1068 419 1537 479 tallantdictorum
1562 429 1876 478 nostrorum
1920 421 2078 478 inex-
2103 422 2159 483 Α
2181 422 2294 490 scit,
2326 439 2489 494 neque
2517 424 2704 497 Angeti
2728 423 2785 481 in
2811 422 2974 495 caelis,
2997 424 3079 500 (ά)
3106 439 3268 500 neque
3297 425 3489 495 Filius,
3509 428 3612 486 nisi
3641 428 3800 487 Pater

470 515 697 585 plorata:
715 516 1044 573 assertiones
1064 558 1079 584 ,
1105 515 1209 572 nisi
1236 514 1401 572 etiam
1433 514 1864 586 propositionum
1883 514 2080 572 adver-

471 622 655 664 sarum
688 609 1074 665 demonstrata:
1107 608 1430 678 inanitates,
1461 608 1622 665 ﬁdem
1654 616 1896 665 nostram
1926 607 1978 664 in
2010 624 2078 664 eo

477 702 599 773 ipso
624 745 637 770 ,
670 701 811 774 quod
838 702 973 775 ipsa;
1014 701 1262 759 ridicula:
1285 717 1409 759 esse
1439 709 1756 773 arguantur,
1787 700 2077 757 afﬁrment.

475 794 662 852 Nonus
693 795 873 868 itaque
902 796 1043 853 liber
1072 804 1219 854 totus
1252 797 1305 852 in
1337 794 1416 871 (ι)
1448 794 1777 867 repellendis
1822 794 1920 865 iis,
1952 809 2077 866 qua:

472 891 542 947 ad
572 890 952 948 inﬁrmandam
984 892 1251 964 unigeniti
1285 892 1378 948 Dei
1408 890 1488 965 (2)
1518 890 1854 947 nativitatem
1884 889 1953 946 ab
1984 890 2079 946 im-

472 986 578 1059 piis
607 996 956 1059 usurpantur,
973 988 1215 1045 intentus
1244 995 1328 1043 est
1356 1004 1371 1042 :
1405 985 1498 1058 qui
1527 984 1952 1058 dispensationis
1983 997 2078 1040 oc-

469 1080 602 1138 culti
634 1097 665 1138 a
696 1082 912 1139 smculis
939 1082 1188 1155 mysterii
1217 1081 1600 1154 immemores,
1634 1078 1948 1151 evangelica
1971 1076 2078 1134 ﬁde

462 1178 636 1235 Deum
667 1185 831 1250 atque
878 1178 1153 1235 hominem
1203 1175 1485 1249 pratdicari
1533 1191 1642 1231 non
1697 1174 2072 1231 recordentur.

468 1270 717 1343 Namque
745 1285 868 1328 cum
900 1270 1070 1328 Deum
1101 1284 1226 1327 esse
1258 1269 1547 1326 Dominum
1596 1276 1845 1325 nostrum
1889 1266 2075 1324 Jesum

467 1364 745 1421 Christum
767 1407 784 1434 ,
813 1373 869 1421 et
896 1364 1130 1421 similem
1159 1364 1272 1419 Deo
1309 1378 1431 1420 esse
1455 1372 1513 1421 et
1533 1363 1796 1434 atqualem
1825 1371 1883 1419 ut
1906 1364 2075 1420 Deum

460 1455 631 1514 ﬁlium
666 1457 778 1515 Deo
805 1458 981 1529 patri,
1022 1465 1207 1513 natum
1251 1454 1329 1530 (5)
1373 1472 1445 1512 ex
1478 1457 1626 1523 Deo,
1680 1464 1738 1512 et
1780 1454 2076 1513 secundum

463 1553 765 1609 nativitatis
797 1552 1184 1623 proprietatem
1208 1551 1260 1606 in
1285 1550 1517 1606 veritate
1538 1550 1773 1621 Spiritus
1796 1550 1917 1623 (hoc
1961 1558 2072 1619 est,

466 1647 792 1718 divinitatis)
820 1647 1120 1704 subsistere
1148 1653 1381 1718 negant;
1414 1646 1497 1699 his
1522 1646 1619 1701 niti
1645 1644 1918 1702 dictorum
1970 1644 2074 1701 do-

459 1742 784 1799 minicorum
808 1740 1243 1813 professionibus
1270 1740 1449 1795 solent
1481 1758 1495 1795 :
1524 1739 1665 1807 Quid
1700 1756 1778 1794 me
1825 1738 1957 1795 dicis
1986 1738 2077 1794 bo-

2189 515 2335 571 solus
2366 515 2565 589 (Marci
2614 534 2735 587 xm,
2779 517 2871 590 32)
2926 535 2939 574 :
2974 529 3033 574 ut
3056 535 3178 576 cum
3208 519 3375 577 Filius
3423 523 3797 595 nesciatquod

2181 609 2342 667 Pater
2367 612 2515 669 solus
2535 613 2699 681 sciat,
2726 614 2888 686 longe
2912 613 3125 672 alienus
3151 618 3222 673 sit
3244 617 3499 675 nesciens
3515 633 3546 673 a
3564 619 3794 683 sciente;

2180 706 2302 774 quia
2351 715 2541 763 natura
2564 708 2890 779 ignorationi
2926 709 3194 779 obnoxia,
3226 725 3333 767 non
3360 712 3434 767 sit
3452 711 3572 783 ejus
3621 714 3795 769 virtu-

2181 800 2251 857 tis
2277 809 2334 857 et
2362 803 2665 873 potestatis,
2686 818 2809 875 qua:
2836 818 2867 859 a
2894 802 3175 861 dominatu
3206 805 3560 877 ignorationis
3579 803 3663 878 (5)
3696 821 3797 863 ex-

2184 903 2340 966 cepta
2364 896 2455 952 sit.

2250 988 2340 1046 50.
2370 989 2700 1065 Argumentis
2724 991 3087 1066 respondetur.
3138 1021 3210 1034 »-
3254 991 3381 1050 llaec
3407 991 3627 1063 itaque,
3673 1006 3798 1048 cor-

2177 1094 2340 1156 rupto
2368 1082 2774 1157 depravatoque
2804 1100 2990 1155 sensu,
3019 1085 3345 1159 impiissime
3393 1086 3467 1142 ita
3519 1085 3797 1142 intellecta

2179 1196 2301 1238 esse
2318 1190 2707 1250 monstrantes,
2729 1197 2922 1239 omnes
2947 1182 3214 1238 dictorum
3242 1195 3435 1238 causas
3458 1196 3529 1237 ex
3552 1179 3641 1236 bis
3662 1179 3803 1253 ipsis

2176 1277 2262 1333 vel
2302 1276 2788 1348 interrogationum
2831 1276 2917 1332 vel
2947 1286 3249 1348 temporum
3301 1275 3386 1343 vel
3438 1273 3802 1345 dispensatio-

2180 1387 2307 1428 num
2338 1372 2633 1443 generibus
2655 1372 2936 1429 attulimus
2960 1414 2975 1441 ,
3000 1370 3182 1428 causis
3218 1371 3399 1443 potius
3445 1370 3613 1427 verba
3667 1368 3802 1425 sub.

2177 1465 2402 1534 dentes,
2433 1480 2543 1522 non
2563 1480 2758 1522 causas
2786 1464 2972 1523 verbis
2998 1465 3324 1537 deputantes
3366 1482 3380 1521 :
3430 1471 3489 1520 ut
3517 1478 3641 1520 cum
3670 1478 3701 1519 a
3735 1476 3802 1519 se

2177 1558 2443 1616 dissideat
2462 1600 2478 1627 ,
2502 1556 2664 1615 Pater
2689 1561 2862 1634 major
2885 1575 2967 1615 me
2991 1559 3111 1631 est(
3142 1556 3301 1614 Joan.
3346 1571 3468 1625 xxv,
3516 1555 3648 1628 28);
3708 1564 3793 1623 et,

2188 1651 2271 1727 (6)
2293 1652 2406 1726 Ego
2429 1660 2479 1710 et
2508 1652 2671 1709 Pater
2697 1670 2858 1709 unum
2884 1669 3064 1709 sumus
3110 1650 3294 1724 (Joan.
3342 1668 3397 1722 ι,
3450 1650 3567 1722 50);
3615 1664 3799 1722 neque

2181 1747 2326 1804 idem
2373 1748 2474 1815 sit,
2509 1746 2679 1804 Nemo
2724 1747 2894 1804 bonus
2949 1759 3062 1817 est,
3111 1747 3214 1804 nisi
3245 1763 3378 1802 unus
3435 1744 3579 1800 Deus
3636 1741 3795 1818 (Luc.

463 1835 615 1889 num?
644 1832 813 1891 Nemo
834 1843 910 1888 est
940 1831 1101 1888 bonus
1122 1832 1226 1886 nisi
1255 1849 1388 1886 unus
1414 1829 1557 1886 Deus
1585 1830 1740 1906 (Luc.
1769 1848 1923 1900 xvut,
1960 1830 2073 1906 i9);
2106 1828 2156 1890 Β
2183 1856 2319 1898 xvtu
2344 1883 2360 1910 ,
2395 1840 2518 1914 i9);
2575 1849 2652 1909 et,
2705 1840 2777 1915 (e)
2831 1841 2936 1911 Qui
2984 1857 3066 1897 me
3118 1840 3268 1908 vidit,
3318 1838 3443 1895 vidit
3489 1847 3535 1894 et
3578 1835 3798 1893 Patrem

463 1938 524 1985 ut
550 1943 672 1984 cum
701 1928 811 1984 dici
838 1943 899 1983 se
930 1927 1131 1982 bonum
1155 1933 1414 1997 coarguat
1433 1969 1449 1995 ,
1484 1935 1538 1982 et
1566 1939 1673 1980 non
1704 1924 1810 1982 nisi
1844 1922 1949 1998 19
1969 1924 2069 1980 bo-

463 2038 594 2079 num
614 2023 782 2079 Deum
804 2036 971 2077 unum
999 2035 1123 2077 esse
1153 2028 1382 2077 testetur
1399 2036 1413 2085 ;
1429 2027 1484 2075 et
1498 2018 1571 2093 (b)
1589 2028 1750 2075 extra
1774 2019 2068 2075 bonitatem

467 2116 564 2172 Dei
597 2116 704 2181 sit,
739 2115 829 2186 qui
860 2114 1034 2170 bonus
1077 2121 1194 2180 est,
1224 2121 1276 2169 et
1307 2112 1363 2168 in
1397 2110 1495 2167 Dei
1526 2127 1635 2167 non
1676 2111 1748 2167 sit
1797 2112 2027 2168 veritate
2053 2153 2067 2179 ,

464 2208 555 2278 qui
582 2223 724 2263 unus
747 2214 849 2263 est.
881 2207 1088 2274 Quibus
1125 2206 1288 2262 dictis
1319 2205 1480 2262 etiam
1513 2204 1630 2260 haec
1659 2203 1726 2259 ad
1776 2204 2071 2275 impietatis

455 2315 568 2356 sua:
598 2308 913 2370 argumenta
939 2307 1275 2355 connectunt
1308 2296 1473 2353 :Htee
1498 2305 1574 2353 est
1601 2305 1772 2353 autem
1801 2298 1905 2352 vita
1922 2306 2071 2353 teter-

455 2406 526 2449 tta
544 2435 558 2462 ,
589 2402 643 2447 ut
682 2402 995 2465 cognoscant
1026 2401 1075 2447 te
1101 2391 1273 2447 solum
1298 2406 1477 2446 verum
1496 2390 1665 2447 Deum
1684 2434 1699 2459 ,
1727 2402 1776 2448 et
1797 2409 1946 2463 quem
1967 2392 2068 2446 mi-

460 2487 574 2542 sisti
609 2484 792 2542 Jeaum
818 2484 1079 2541 Christum
1108 2482 1289 2557 (Joan.
1318 2500 1468 2553 xvn,
1503 2483 1561 2557 ὅ)
1589 2500 1604 2539 :
1629 2493 1688 2539 ut
1739 2484 1915 2541 solum
1970 2499 2067 2540 ve-

463 2594 583 2634 rum
613 2579 787 2634 Deum
815 2578 1102 2634 confessus
1129 2577 1346 2633 Patrem
1367 2620 1382 2647 ,
1431 2591 1532 2634 nec
1586 2592 1749 2634 verus
1780 2576 1896 2648 ipse
1918 2620 1934 2646 ,
1967 2592 2068 2633 nec

462 2672 609 2731 Deus
637 2674 742 2742 sit;
767 2674 889 2745 quia
921 2673 1091 2730 solius
1114 2674 1213 2729 Dei
1268 2673 1382 2729 veri
1428 2673 1707 2744 exceptio,
1741 2672 2066 2745 signiﬁcata:

463 2769 816 2841 prolrrietatis
838 2768 914 2842 (e)
943 2784 1051 2824 non
1073 2768 1303 2824 excedat
1320 2776 1623 2824 auctorem.
1654 2766 1773 2823 Non
1813 2760 2066 2840 ambigue

456 2870 641 2919 autem
670 2861 775 2918 hoc
803 2861 872 2917 ab
902 2877 969 2918 eo
998 2860 1203 2917 dictum
1254 2875 1377 2917 esse
1431 2859 1845 2931 intelligendum
1869 2904 1885 2930 ,
1941 2861 2065 2932 quia

457 2956 604 3014 idem
622 2956 823 3013 dixerit
845 2974 858 3012 :
886 2955 1008 3012 Non
1029 2966 1191 3029 potest
1217 2953 1388 3011 Filius
1410 2960 1580 3029 facere
1599 2958 1664 3011 ab
1687 2974 1741 3012 se
1764 2958 2064 3030 quidquam,

459 3052 562 3106 nisi
579 3050 719 3123 quod
737 3051 921 3107 viderit
951 3049 1161 3105 Patrem
1188 3050 1462 3122 facientem
1498 3048 1681 3122 (Joan.
1735 3067 1789 3116 v,
1842 3049 1933 3124 19)
1965 3068 1978 3106 :
2009 3059 2069 3109 ut

462 3162 584 3203 cum
611 3145 744 3202 nihil
774 3145 878 3201 nisi
908 3144 976 3201 de
1002 3144 1255 3216 exemplo
1286 3143 1468 3215 operis
1493 3145 1666 3215 possit
1688 3146 1901 3217 operari
1924 3187 1940 3212 ,
1970 3160 2067 3201 na-

2177 1937 2364 2010 (Joan.
2386 1937 2597 2010 xiv,9);
2626 1936 2718 1994 vel
2739 1945 2891 1995 certe
2917 1944 3065 1994 tanta
3089 1952 3119 1993 a
3147 1951 3209 1994 se
3236 1935 3557 1993 diversitate
3577 1945 3799 1991 contra.

2175 2031 2255 2086 ria
2286 2032 2397 2087 sint
2427 2050 2441 2089 :
2471 2030 2656 2100 Pater,
2688 2032 2864 2087 omnia
2919 2040 3012 2087 tua
3064 2046 3182 2085 mea
3231 2036 3384 2096 sunt,
3433 2036 3482 2083 et
3531 2043 3651 2084 mea
3700 2035 3793 2082 tua

2174 2122 2357 2196 (Joan.
2381 2140 2512 2191 xvu,
2538 2121 2629 2196 10)
2651 2140 2665 2191 ;
2693 2133 2749 2180 et
2775 2122 2872 2196 (ι’),
2899 2121 2969 2179 Ut
2994 2129 3306 2195 cognoscant
3333 2128 3383 2176 te
3425 2120 3594 2175 solum
3614 2135 3795 2174 rerum

2173 2216 2343 2272 Deum
2367 2217 2620 2289 (Ibidem,
2643 2218 2725 2289 5);
2748 2219 2836 2275 vel
2860 2218 3013 2285 illud,
3036 2216 3151 2288 Ego
3180 2216 3235 2271 in
3265 2214 3443 2281 Patre,
3466 2223 3516 2270 et
3542 2213 3704 2270 Pater
3729 2215 3793 2271 in

2172 2326 2253 2365 me
2283 2307 2465 2381 (Joan.
2490 2326 2605 2379 xiv,
2636 2311 2751 2383 ll);
2784 2319 2861 2380 et,
2886 2310 2965 2366 De
2988 2310 3072 2366 die
3096 2317 3266 2365 autem
3294 2309 3370 2384 (g)
3415 2316 3460 2365 et
3482 2309 3607 2364 liora
3632 2324 3793 2363 nemo

2171 2405 2291 2473 scit,
2343 2420 2503 2476 neque
2528 2405 2785 2477 angeliqin
2813 2405 2976 2473 caelis,
3031 2420 3193 2476 neque
3223 2402 3418 2471 Filius,
3469 2402 3572 2458 uisi
3622 2400 3794 2457 Pater

2171 2497 2314 2553 solus
2337 2496 2535 2572 (Mare.
2562 2514 2683 2565 xm,
2714 2497 2833 2572 51).
2862 2497 3238 2571 lntelligantur
3261 2498 3315 2553 in
3345 2496 3575 2568 singulis
3604 2504 3661 2553 et
3679 2495 3795 2552 dis-

2171 2595 2550 2666 pensationum
2576 2594 3030 2668 praedicationes,
3066 2596 3178 2669 20
3201 2604 3257 2652 et
3277 2593 3513 2651 consciae
3546 2600 3796 2665 potesta-

2172 2687 2243 2743 tis
2269 2688 2534 2744 naturalis
2562 2688 2976 2760 professiones:
3001 2698 3199 2746 etcum
3231 2688 3374 2745 idem
3404 2688 3477 2743 sit
3507 2685 3640 2743 dicti
3658 2701 3792 2743 auc-

2170 2789 2257 2838 tor
2288 2782 2607 2855 utriusque,
2633 2783 3023 2841 demonstratis
3056 2792 3234 2839 tamen
3281 2781 3570 2838 virtutibus
3618 2795 3791 2852 gene-

2170 2892 2291 2933 rum
2322 2877 2653 2950 singulorum
2687 2878 3025 2951 (naturarum
3044 2876 3379 2949 singularum
3409 2888 3534 2947 qua:
3580 2880 3712 2930 sunt
3735 2873 3797 2931 in

2170 2967 2435 3042 Christo),
2476 2986 2583 3027 non
2613 2972 2883 3042 pertineat
2911 2971 2979 3027 ad
3008 2970 3391 3028 contumeliam
3421 2984 3568 3026 verte
3594 2967 3796 3025 divini-

2170 3064 2321 3131 tatis,
2347 3063 2491 3136 quod
2520 3064 2589 3122 ad
2618 3074 3020 3124 sacramentum
3049 3064 3174 3121 ﬁdei
3198 3063 3525 3135 evangelica:
3550 3061 3654 3120 sub
3682 3060 3789 3117 dis-

2171 3159 2496 3229 pensatione
2544 3169 2600 3216 et
2629 3175 2811 3217 causa;
2840 3167 2897 3218 et
2925 3159 3188 3231 temporis
3213 3165 3271 3215 et
3296 3154 3593 3214 nativitatis
3614 3163 3671 3213 et
3694 3168 3796 3212 no-

459 3247 597 3296 tura:
628 3241 681 3295 in
730 3254 798 3295 eo
828 3239 1162 3310 intelligatur
1202 3237 1529 3306 inﬁrmitas;
1579 3239 1704 3311 quia
1734 3255 2074 3313 nequaquam
2107 3238 2154 3307 C
2182 3250 2347 3307 minis
2375 3252 2724 3323 pmdicamr,

458 3332 531 3387 sit
555 3332 966 3402 omnipotentiae
997 3330 1464 3400 comparandum,
1510 3331 1657 3403 quod
1712 3333 1905 3390 alienae
1932 3349 2065 3405 ope-

462 3428 692 3484 rationis
736 3427 1039 3498 subjectum
1067 3435 1152 3483 est
1172 3425 1521 3496 necessitati;
1570 3436 1624 3484 et
1670 3429 1811 3485 ratio
1863 3428 2069 3486 intelli-

464 3522 663 3591 gentiae
706 3519 810 3575 hoc
835 3520 1096 3587 suadeat,
1126 3519 1186 3576 in
1214 3520 1464 3577 omnibus
1491 3536 1521 3576 a
1554 3535 1613 3577 se
1634 3536 1795 3592 posse
1846 3531 1903 3578 et
1957 3537 2065 3579 non

464 3627 650 3684 posse,
670 3611 913 3669 dilferre.
944 3610 1172 3668 Dilferre
1209 3621 1392 3668 autem
1418 3626 1484 3669 eo
1506 3628 1706 3684 usque,
1737 3623 1799 3669 ut
1826 3614 1893 3670 de
1915 3622 2070 3685 patre

465 3707 580 3763 Deo
606 3707 723 3763 huic
753 3708 825 3763 ita
848 3707 1127 3778 professus
1156 3709 1258 3764 sit:
1292 3707 1450 3764 Pater
1477 3710 1647 3782 major
1676 3726 1756 3765 me
1776 3719 1852 3764 est
1881 3708 2065 3785 (Joan.

464 3814 575 3867 xiv,
606 3798 702 3871 28)
729 3808 785 3855 et
813 3797 893 3873 (4)
916 3810 1098 3856 cesset
1126 3800 1178 3855 in
1212 3800 1549 3871 professione
1577 3801 1825 3858 absoluta
1875 3803 2070 3861 adver-

465 3894 622 3950 sandi
652 3892 961 3960 calumnia;
990 3894 1114 3966 quia
1144 3894 1322 3967 impia:
1350 3896 1586 3951 vesaniae
1615 3899 1687 3951 sit
1708 3895 1970 3954 honorem
2007 3915 2071 3955 ac

469 3998 718 4046 naturam
748 3990 843 4045 Dei
871 3989 1111 4047 tribuere
1135 3989 1417 4047 abnuenti.
1437 3989 1600 4046 Omni
1624 4001 1803 4047 autem
1826 3993 1986 4051 modo
2015 3994 2070 4051 in

466 4092 676 4141 tantum
703 4102 827 4142 eum
859 4101 889 4140 a
920 4086 1250 4157 proprietate
1279 4086 1392 4141 veri
1423 4086 1519 4142 Dei
1543 4086 1771 4157 abesse,
1818 4095 1876 4143 ut
1908 4089 2073 4146 etiam

464 4186 694 4235 testatus
722 4178 841 4235 lucc
862 4178 1064 4235 fuerit:
1099 4179 1172 4234 De
1197 4179 1282 4235 die
1304 4189 1475 4234 autem
1504 4179 1599 4235 illa
1645 4189 1691 4237 et
1738 4177 1871 4237 liora
1922 4200 2070 4241 nemo

545 4318 627 4393 (ἰ)
658 4316 992 4391 Refellendis.

545 4390 625 4462 (εἰ)
659 4390 841 4446 Potior
871 4392 1081 4446 videtur
1103 4390 1273 4446 noSIri
1297 4390 1497 4447 codicis
1513 4392 1676 4447 lectio
1702 4410 1713 4446 :
1737 4393 2075 4453 divinitatem.

473 4458 866 4535 Nant'profecto
881 4464 932 4516 in
951 4478 1095 4517 nouo
1108 4463 1244 4517 libro
1259 4472 1442 4517 contra
1460 4462 1898 4520 adversariorum
1916 4483 2081 4525 cona-

474 4547 560 4592 tus
592 4533 773 4591 veram
804 4533 925 4610 F_il_ii
956 4535 1277 4610 divinitatem
1298 4536 1641 4604 potissimum
1670 4545 1850 4610 tuetur
1896 4557 1908 4593 :
1958 4555 2081 4610 qua:

476 4616 657 4663 tamen
689 4604 903 4661 nonnisi
933 4622 999 4661 ex
1030 4606 1305 4660 natiuitatis
1326 4622 1438 4661 suae
1470 4617 1659 4663 natura
1687 4609 1789 4664 sibi
1834 4618 1938 4666 est.
1975 4604 2083 4667 ’Λι-

476 4695 586 4753 que
604 4676 1419 4753 haereticoruuLolijcctaomnia
1449 4720 1463 4745 ,
1494 4697 1615 4750 qum
1631 4680 1787 4737 diluit
1821 4682 2080 4753 Hilarius,

478 4748 545 4807 ad
576 4749 950 4805 inllrmandam
972 4748 1095 4805 Filii
1127 4750 1458 4805 divinitatem
1492 4748 1793 4809 collimant.

552 4820 630 4896 (3)
658 4821 713 4875 In
738 4822 1010 4876 anteriore
1047 4819 1286 4878 editione
1315 4832 1530 4877 :natum
1554 4836 1599 4879 et
1622 4823 1757 4881 Deo.

552 4934 632 5014 (a)
665 4933 878 5014 Aliquot
910 4936 1366 5014 lllSSPldﬂiﬁt’iﬂM
1389 4954 1541 4993 sensu
1571 4953 1590 4994 :
1615 4948 1669 4996 et
1690 4956 1814 4995 mox
1840 4941 1901 5014 in,
1930 4943 2088 5014 refel-

481 5007 646 5061 lendis
671 5047 685 5072 _.
717 5020 815 5075 pro
841 5007 895 5059 in
924 5007 1253 5079 repellendis.
1285 5008 1455 5064 Nemo
1486 5027 1647 5079 porro
1678 5028 1787 5066 non
1819 5012 1963 5069 videt
1988 5007 2087 5070 vo-

479 5079 730 5151 cabulum
763 5094 969 5132 sensum
994 5078 1061 5134 ad
1086 5081 1273 5150 fallant
1290 5122 1305 5149 ,
1336 5097 1444 5138 non
1467 5078 1534 5138 ad
1555 5083 1875 5140 blandientes
1899 5126 1912 5151 ,
1961 5103 2083 5143 esse

477 5149 848 5207 referendum.

558 5220 632 5294 (b)
668 5221 722 5303 l_d
752 5231 863 5303 est,
894 5230 948 5303 et
980 5237 1086 5303 non
1115 5220 1187 5277 sit
1213 5239 1436 5281 consors
1460 5225 1718 5283 bonitatis
1766 5229 1943 5297 illius,
1975 5247 2081 5303 qua

486 5292 626 5348 Deus
654 5293 996 5363 singulariter
1018 5294 1190 5348 bonus
1216 5304 1319 5361 est,
1345 5308 1450 5353 etc.

556 5364 626 5435 (ε)
660 5365 771 5419 lloc
791 5375 908 5437 est,
940 5366 1076 5419 intra
1107 5366 1319 5422 Patrem
1348 5384 1566 5437 prorsus
1597 5373 1941 5430 contineatur
1985 5382 2073 5430 at-

480 5450 585 5517 que
608 5436 964 5517 c0ncludatur
993 5438 1135 5505 quod
1169 5440 1310 5494 illius
1338 5436 1615 5517 proprium
1659 5460 1783 5502 esse
1810 5447 2088 5517 signiﬁca-v

482 5516 594 5562 tum
623 5520 738 5574 est,
775 5524 872 5564 nec
897 5511 966 5565 ab
996 5524 1062 5566 eo
1088 5522 1245 5568 exeat
1268 5552 1284 5573 ,
1312 5522 1371 5567 ut
1400 5513 1495 5568 ulli
1536 5517 1692 5573 alteri
1719 5511 2087 5575 communice-

478 5587 586 5633 lttr.

525 5648 639 5731 .(d)
665 5648 721 5731 ln
742 5651 862 5707 cod.
887 5652 1010 5731 vat.
1040 5655 1154 5731 bas.
1188 5654 1275 5712 hic
1301 5664 1356 5714 et
1382 5657 1540 5731 infra,
1574 5675 1732 5729 neque
1754 5660 1895 5731 ﬁlius
1920 5662 2085 5717 hami-

482 5722 581 5799 nis.
614 5722 781 5799 Abest
794 5738 899 5779 vox
921 5726 1141 5781 hominis
1166 5744 1195 5782 a
1224 5730 1469 5799 caeteris,
1501 5722 1607 5787 non
1649 5722 1764 5788 hoc
1785 5734 1963 5789 solum
2008 5733 2085 5788 lia

408 5798 413 5801 '
471 5791 615 5878 riu-0,
646 5793 742 5878 sed
769 5802 1027 5878 etmono,
1056 5813 1223 5878 eaque
1243 5791 1467 5861 sublata'
1483 5804 1635 5863 locus
1658 5801 1855 5861 allatus
1902 5806 2084 5876 prima

468 5862 649 5920 fronte
668 5864 787 5936 plus
815 5862 1029 5927 Arianis
1055 5862 1217 5928 favet.

2109 4816 2167 4879 D

2246 3347 2337 3403 3i.
2363 3345 2516 3403 Liber
2540 3347 2788 3405 decimus.
2825 3348 3074 3418 Quadam
3099 3347 3386 3421 Scriptura:
3407 3345 3561 3403 verba
3584 3344 3797 3402 haereti‘

2175 3440 2251 3496 cis
2276 3443 2445 3512 specie
2470 3450 2616 3496 tenus
2642 3443 2891 3513 faventia.
2922 3472 2995 3484 —
3017 3442 3221 3499 Decimi
3246 3457 3377 3500 vero
3422 3441 3549 3498 libri
3599 3440 3794 3498 eadem

2175 3540 2262 3589 est
2290 3534 2467 3603 ratio,
2490 3550 2610 3606 quae
2639 3535 2789 3593 ﬁdei.
2819 3534 2953 3593 Nam
2998 3535 3120 3608 quia
3161 3550 3231 3591 ex
3270 3534 3539 3607 passionis
3590 3547 3795 3606 genere

2175 3634 2233 3683 et
2246 3628 2582 3699 professione
2600 3630 2845 3702 quaedam
2868 3645 2966 3703 per
2978 3630 3157 3686 stultae
3180 3627 3554 3700 intelligentiae
3570 3641 3798 3684 sensum

2180 3721 2246 3777 ad
2274 3725 2662 3782 contumeliam
2690 3725 2889 3782 divinae
2919 3727 2972 3781 in
2998 3725 3227 3781 Domino
3253 3723 3384 3781 Jesu
3430 3719 3656 3779 Christo
3702 3736 3801 3777 na-

2179 3823 2315 3872 tura:
2347 3818 2669 3891 virtutisque
2721 3828 3054 3893 rapuerunt;
3096 3835 3159 3874 ea
3203 3818 3316 3889 ipsa
3368 3815 3798 3873 demonstranda

2178 3905 2418 3978 fuerunt,
2446 3921 2501 3968 et
2528 3912 2596 3968 ab
2621 3913 2704 3968 Itis
2732 3912 3050 3981 impiissime
3078 3911 3350 3967 intellecta
3380 3925 3522 3976 esse,
3552 3919 3607 3965 et
3632 3924 3662 3964 a
3696 3909 3805 3964 Do-

2179 4003 2329 4059 mino
2357 4004 2425 4060 ad
2454 4006 2902 4077 protestationem
2936 4020 3078 4062 verae
3107 4014 3164 4063 et
3215 4003 3472 4078 perfecta:
3505 4003 3561 4059 in
3591 4019 3655 4060 se
3683 4019 3805 4059 ma-

2176 4096 2387 4168 jestatis
2409 4115 2531 4157 esse
2555 4108 2874 4157 memorata.
2904 4099 3147 4171 Namque
3196 4099 3282 4155 bis
3340 4098 3447 4155 sibi
3506 4097 3692 4165 dictis,
3747 4104 3807 4151 ut

2180 4190 2440 4264 religiose
2468 4194 2617 4266 impii
2638 4193 3132 4263 sint,blandiuntur
3156 4209 3169 4247 :
3191 4191 3378 4249 Tristis
3398 4202 3472 4248 est
3494 4193 3671 4247 anima
3690 4207 3808 4247 mea

2266 4329 2349 4403 (4)
2380 4332 2476 4391 Ms.
2511 4343 2732 4391 noster:
2760 4349 2960 4389 necesse
2989 4342 3063 4389 est
3088 4333 3143 4387 in
3193 4332 3512 4404 professione
3552 4329 3813 4404 absoluta

2192 4402 2502 4460 adversandi
2531 4407 2791 4461 calumnia
2816 4408 3072 4462 videatur.
3100 4402 3321 4461 Reatina
3356 4420 3519 4476 quam
3546 4403 3602 4459 in
3632 4402 3810 4459 Eras-

2192 4476 2369 4550 minus
2388 4479 2751 4550 Lcmterisque
2776 4496 2790 4532 :
2822 4488 2870 4534 et
2898 4488 3055 4533 cesset
3082 4478 3159 4549 in,
3188 4488 3296 4535 etc.

2266 4546 2347 4691 (Β)
2379 4545 2637 4621 Excerpta
2657 4545 2741 4605 sit.

2293 4620 2323 4674 6
2379 4620 2475 4677 Hic
2500 4639 2528 4675 a
2551 4623 2739 4678 codice
2770 4622 2964 4678 Veron.
2993 4623 3158 4691 inter;

2293 4619 2347 4691 6)
2379 4620 2475 4677 Hic
2500 4639 2528 4675 a
2550 4619 2739 4678 codice
2770 4622 2964 4678 Veron.
2993 4619 3357 4692 interponitur
3400 4622 3619 4684 iterum;
3646 4619 3814 4692 sicut

2194 4698 2252 4746 et
2274 4707 2399 4748 mox
2423 4702 2550 4749 ante
2576 4696 2741 4765 verba
2774 4713 2786 4747 ι
2815 4695 2919 4760 Qui
2934 4711 3018 4751 me
3036 4695 3186 4763 vidit,
3215 4705 3348 4761 etc.,
3382 4704 3547 4765 atque
3573 4691 3815 4749 inferius

2194 4773 2322 4820 ante
2349 4766 2514 4822 verba
2548 4784 2563 4823 :
2594 4764 2675 4822 De
2700 4767 2803 4822 die.

2273 4942 2343 5017 (e)
2375 4944 2474 5001 llic
2503 4953 2559 5002 et
2585 4945 2843 5017 deinceps
2868 4944 3000 5003 editi
3022 4944 3176 5016 juxta
3226 4943 3545 5017 Vulgatam,
3591 4942 3680 5015 qui
3726 4958 3820 4997 me

2195 5012 2352 5071 uidet.
2402 5022 2470 5071 At
2519 5012 2794 5073 meliorcs‘
2825 5035 2956 5073 mss.
3005 5012 3514 5088 constanter'juxta
3564 5012 3818 5088 grant-um

2194 5094 2405 5211 tegimur
2425 5098 2761 5213 {mtet‘osque
2805 5090 2996 5146 Patres
3043 5089 3246 5145 llilario
3295 5086 3562 5161 :Btjualcs,
3594 5086 3699 5154 Qui
3730 5102 3821 5141 me

2196 5174 2245 5211 ω
2306 5170 2342 5213 ι.
2360 5177 2425 5213 tm
2447 5171 2503 5213 ιι.

2196 5170 2342 5227 vidit,
2360 5170 2503 5215 eum.

2271 5252 2339 5328 (f)
2377 5254 2433 5310 In
2466 5256 2694 5328 vulgatis
2725 5256 2830 5325 hic,
2885 5266 2931 5312 et
2958 5256 3184 5323 iterum;
3232 5269 3295 5310 ac
3341 5253 3501 5328 paulo
3543 5260 3703 5323 post,
3765 5264 3822 5328 et

2192 5323 2379 5382 iterum
2412 5328 2475 5381 de
2500 5323 2602 5382 die.
2632 5323 2871 5399 Utroque
2898 5330 2949 5383 in
2975 5328 3095 5385 loco
3118 5328 3270 5382 abest
3287 5323 3396 5382 vox
3426 5326 3613 5399 iterum
3638 5323 3817 5378 casti-

2195 5399 2495 5471 gatiorihus
2527 5416 2657 5454 mss.
2686 5409 2741 5455 et
2770 5397 2962 5455 abesse
3008 5399 3169 5455 debet
3200 5416 3212 5452 :
3239 5413 3345 5452 non
3375 5399 3522 5471 enim
3555 5397 3643 5451 hic
3668 5410 3821 5450 00n-

2200 5469 2376 5544 geries
2398 5482 2483 5528 est
2505 5472 2936 5528 testimoniorum
2965 5472 3018 5527 in
3049 5486 3211 5526 unam
3240 5486 3356 5544 rem
3406 5469 3772 5526 collectorum
3797 5508 3821 5537 ,

2200 5540 2296 5601 sed
2324 5557 2553 5615 quatuor
2581 5544 2685 5599 loci
2712 5554 2941 5614 quatuor
2966 5544 3090 5600 aliis
3117 5540 3372 5615 oppositi.

2270 5658 2348 5732 (g)
2378 5661 2458 5715 Ex
2485 5659 2764 5716 meliorum
2790 5675 2922 5717 mss.
2952 5675 3220 5716 consensu
3267 5666 3537 5729 expuncto
3583 5664 3669 5732 est
3704 5653 3820 5732 _l_i_ic

2196 5726 2314 5787 vos"
2329 5726 2422 5787 illa
2454 5774 2469 5800 ,
2503 5734 2752 5803 quamvis
2781 5743 2956 5788 exstet
3002 5732 3271 5803 superiori
3302 5726 3551 5787 numero.
3578 5726 3810 5803 Sic_lib.

2195 5820 2283 5869 rx,
2320 5820 2372 5858 n.
2404 5804 2460 5871 2,
2494 5800 2681 5858 eadem
2710 5805 3056 5874 exprimitur,
3074 5800 3345 5861 'reticetur
3364 5816 3590 5860 vero.n.
3618 5800 3716 5866 57,
3747 5808 3817 5859 ut

2193 5877 2326 5933 etin
2351 5890 2429 5948 ps.
2455 5890 2597 5931 exul
2617 5917 2631 5945 ,
2654 5891 2709 5930 n.
2738 5874 2795 5931 2.
