4040 6328
260 296 333 356 43
1500 294 1593 353 DE
1627 293 1857 353 TRINI'I‘

1977 295 2001 351 Ε
2038 294 2245 352 LIBER
2277 294 2321 351 ι.
3494 294 3564 353 46

260 429 419 484 usque
447 412 515 468 ad
538 421 753 468 mortem
774 408 987 485 (Matth.
1010 427 1156 475 xxvi,
1180 408 1294 483 38);
1315 420 1373 466 ιιι
1402 409 1559 481 longe
1586 427 1617 467 a
1636 410 1864 467 beatitn-
1892 412 1937 472 Α
1966 424 2087 481 quae
2114 409 2167 465 in
2192 419 2534 467 sacramento
2560 419 2617 468 et
2640 410 2834 468 anima:
2865 418 2922 468 et
2943 412 3188 482 corporis
3219 410 3431 467 Domini
3462 414 3558 471 Je-

257 508 387 563 diue
411 516 570 578 atque
598 507 1001 577 incorruptione
1032 507 1122 562 Dei
1151 507 1310 573 sit,in
1340 506 1495 575 cujus
1515 507 1746 562 animam
1766 505 1863 561 do—

257 602 472 656 minans
498 612 674 657 metus
688 602 915 656 tristitia:
933 600 1264 655 imminentis
1283 598 1533 655 inciderit
1556 617 1570 654 :
1592 598 1863 671 quietiam

261 709 430 762 usque
456 693 522 747 ad
561 692 701 749 bane
730 708 948 765 precem
978 700 1362 749 consternatus
1407 690 1568 748 fuerit
1594 691 1864 762 passionis

259 786 587 843 necessitate
613 803 629 843 :
660 786 837 852 Pater,
862 787 907 842 si
933 787 1174 861 possibile
1199 797 1274 841 est
1299 828 1312 852 ,
1343 794 1571 842 transeat
1596 785 1734 840 calix
1769 786 1865 840 iste

258 898 290 934 a
316 898 396 935 me
419 879 664 951 (Ibidem,
696 884 786 952 39)
817 900 831 938 :
863 891 918 937 et
944 882 1062 937 sine
1095 879 1261 937 dubio
1284 882 1475 937 timere
1527 880 1604 953 (1)
1650 879 1864 938 videre-

262 984 349 1029 tur
376 970 451 1046 (a)
485 975 714 1045 perpeti,
746 974 887 1045 quod
917 990 984 1031 ne
1014 983 1289 1047 pateretur
1314 975 1583 1040 oraverit;
1609 974 1733 1046 quia
1765 989 1859 1044 pa-

262 1067 430 1123 tiendi
454 1068 744 1139 trepidatio
768 1084 987 1124 causam
1010 1067 1593 1139 attulerltdeprecandi
1620 1085 1634 1121 :
1660 1067 1712 1123 in
1745 1077 1859 1122 tan-

261 1173 373 1216 tum
400 1178 534 1218 vero
560 1163 928 1218 inﬁrmitatem
957 1163 1075 1235 ejus
1102 1163 1396 1219 obtinuerit
1423 1163 1505 1218 vis
1534 1162 1771 1229 doloris,
1806 1171 1864 1217 nt

260 1254 315 1309 in
345 1256 461 1325 ipso
482 1256 657 1313 crucis
686 1267 932 1330 tempore
959 1257 1165 1314 diceret
1220 1275 1233 1311 :
1286 1256 1446 1322 Deus,
1498 1256 1638 1313 Deus
1687 1274 1856 1322 meus,

259 1364 419 1419 quare
438 1364 520 1404 me
546 1348 859 1422 dereliquisti
882 1348 1108 1422 (Matth.
1138 1365 1287 1406 xxvtt
1325 1391 1340 1417 ,
1383 1348 1516 1422 46)?
1566 1350 1657 1415 qui
1697 1349 1859 1405 etiam

268 1458 438 1515 usque
467 1444 532 1500 ad
560 1447 834 1516 querelam
862 1446 1218 1502 desolationis
1239 1460 1351 1501 sua:
1373 1487 1388 1511 ,
1424 1444 1692 1515 passionis
1712 1458 1863 1500 acer-

261 1538 431 1596 bitate
461 1550 796 1607 commotus,
827 1541 1014 1598 auxilii
1058 1542 1213 1612 inops
1253 1540 1488 1611 paterni,
1519 1539 1769 1611 spiritum
1807 1539 1858 1593 in

259 1634 363 1689 hac
386 1649 517 1691 voce
555 1636 798 1692 emiserit
827 1650 949 1691 cum
990 1634 1128 1690 dixit
1176 1653 1191 1691 :
1247 1632 1431 1702 Pater,
1459 1631 1759 1688 commendo
1805 1633 1858 1687 in

260 1744 444 1783 manus
472 1736 585 1784 tuas
625 1729 862 1800 spiritum
892 1744 1059 1783 meum
1102 1726 1251 1797 (Luc.
1283 1742 1437 1792 nm,
1460 1726 1551 1798 46)
1581 1742 1596 1793 ;
1621 1733 1676 1780 et
1696 1724 1861 1781 exha-

1966 516 2028 557 su
2053 499 2251 556 Christi
2274 510 2398 557 sunt
2422 542 2439 568 ,
2470 500 2542 573 (ε)
2567 502 2700 558 nihil
2725 504 3142 575 inexploratum,
3174 505 3307 561 nihil
3334 505 3553 561 tacitum

1965 593 2045 669 (5)
2094 595 2484 666 dereliquimus
2513 614 2528 653 :
2561 598 2655 653 sed
2678 599 2942 657 dictorum
2984 600 3225 656 omnium
3276 601 3556 673 paciﬁcum

1965 687 2374 759 intelligentiam
2393 690 2616 763 singulis
2637 693 2937 764 quibusque
2964 709 3246 765 causarum
3268 696 3558 767 generibus

1964 791 2282 853 coaptantes
2302 824 2317 852 ,
2354 800 2453 842 nec
2484 784 2757 856 trepidare
2786 786 3060 854 ﬁduciam,
3090 805 3191 846 nec
3217 789 3420 847 evitare
3473 806 3558 845 vo-

1964 875 2251 943 luntatem,
2283 891 2384 934 nec
2409 879 2666 948 conqueri
2713 880 3085 948 securitatem,
3141 899 3241 940 nec
3283 898 3562 940 commen-

1965 970 2243 1027 dationem
2295 971 2381 1028 sui
2445 982 2717 1041 orantem,
2777 974 2898 1031 aliis
2958 977 3173 1032 veniam
3220 977 3560 1034 desiderasse

1965 1065 2431 1123 monstravimus:
2463 1067 2623 1124 ﬁdem
2652 1068 2922 1125 dictorum
2966 1069 3348 1127 universorum
3400 1072 3560 1129 abso-

1966 1160 2074 1215 luta
2105 1163 2398 1232 evangelici
2432 1164 2674 1236 mysterii
2718 1162 3099 1236 puriﬁcatione
3125 1165 3419 1223 ﬁrmantes.

2037 1255 2126 1310 55.
2171 1253 2321 1309 Liber
2348 1272 2402 1311 ιιι
2452 1256 2560 1311 alia
2594 1255 2954 1313 Iuereticorum
3001 1257 3303 1331 argumenta
3345 1260 3559 1332 refellit.

1962 1378 2035 1389 —
2061 1347 2226 1420 Igitur
2269 1351 2395 1422 quia
2423 1350 2899 1423 deSperatissimos
2924 1352 3170 1410 homines
3199 1369 3267 1410 ne
3298 1344 3415 1424 ipsa
3441 1357 3560 1427 qui—

1963 1439 2087 1496 dem
2117 1443 2533 1498 resurrectionis
2574 1444 2740 1515 gloria
2770 1444 2910 1501 intra
2942 1446 3222 1518 religionis
3252 1447 3556 1518 intelligent-

1965 1533 2093 1587 tiam
2121 1534 2344 1590 edoctos
2365 1534 2626 1603 cohibuit,
2646 1536 2740 1593 sed
2769 1546 2861 1593 aut
2886 1552 2981 1608 per
3007 1538 3335 1610 dignationis
3357 1541 3563 1610 proles-

1963 1626 2194 1692 sionem,
2217 1629 2505 1698 impietatis
2528 1645 2643 1687 suae
2673 1648 2820 1689 arma
2848 1644 3216 1704 sumpserunt,
3249 1644 3344 1691 aut
3374 1634 3440 1709 (Ι)
3481 1653 3567 1691 sa-

1963 1722 2227 1778 cramenti
2276 1723 2661 1781 revelationetn
2706 1726 2774 1782 ad
2826 1726 2921 1783 Dei
2950 1727 3334 1785 contumeliam
3388 1737 3567 1787 trans-

260 1820 403 1877 Iandi
433 1822 658 1893 spiritus
680 1822 1039 1893 trepidatione
1061 1821 1307 1877 turbatus
1331 1820 1410 1894 (Ξ)
1435 1820 1691 1876 tuendum
1723 1819 1866 1875 hunc
1894 1823 1943 1885 B
1972 1815 2209 1872 tulerunt
2237 1835 2249 1872 :
2282 1826 2341 1873 ut
2383 1834 2480 1889 per
2509 1818 2563 1876 id
2591 1819 2734 1891 quod
2778 1819 2981 1878 dictum
3030 1830 3151 1886 est,
3202 1821 3472 1878 Adscendo
3498 1827 3568 1878 ad

259 1913 340 1986 (ὁ)
409 1914 520 1970 Deo
598 1915 740 1985 patri
792 1913 1289 1978 commendaverit;
1341 1915 1465 1983 quia
1510 1912 1859 1968 commenda-

261 2007 424 2061 tionis
454 2005 834 2062 necessitatem
857 2005 1166 2076 desperatio
1194 2004 1505 2061 securitatis
1526 2006 1786 2075 exegerit.

335 2099 428 2156 '52.
460 2098 577 2153 Alia
602 2100 667 2153 iis
689 2109 1038 2172 apponuntur.
1082 2129 1154 2141 —
1189 2099 1294 2155 Sed
1348 2099 1652 2155 stultissimi
1700 2109 1863 2171 atque

265 2192 570 2264 inipiissimi
619 2192 899 2259 homines,
932 2209 1037 2248 non
1061 2193 1419 2264 iutelligentes
1466 2192 1600 2248 nihil
1647 2200 1863 2248 contra—

260 2288 402 2344 rium
436 2289 488 2343 in
513 2289 673 2344 rebus
697 2288 885 2343 iisdem
910 2288 977 2342 ab
1003 2288 1196 2343 eodem
1226 2287 1425 2342 dictum
1458 2285 1653 2357 fuisse,
1684 2288 1863 2342 verbis

260 2393 471 2438 tantum
498 2383 1076 2447 inhaerentes,causas
1120 2381 1264 2453 ipsas
1307 2380 1576 2437 dictorum
1621 2380 1858 2451 relique-

260 2485 407 2533 runt.
464 2476 598 2532 Nam
651 2492 776 2531 cum
824 2477 983 2548 longe
1048 2476 1388 2548 multumque
1432 2473 1707 2531 diversum
1754 2475 1859 2542 sit,

260 2570 450 2626 Tristis
469 2580 544 2626 est
560 2570 737 2625 anima
756 2587 868 2625 mea
883 2587 1039 2643 usque
1049 2570 1117 2624 ad
1129 2568 1566 2643 mortem(.ilattlt.
1585 2585 1729 2635 xxvr,
1746 2567 1859 2638 58);

257 2677 336 2733 el,
370 2666 567 2722 Δηιοάο
589 2666 818 2722 videbitis
845 2664 1047 2720 Filium
1078 2666 1299 2721 hominis
1324 2665 1579 2722 sedentem
1602 2682 1635 2718 a
1668 2663 1864 2717 dextris

1963 1918 2161 1977 patrem
2178 1927 2347 1967 meum
2358 1919 2407 1967 et
2428 1912 2497 1967 ad
2517 1921 2715 1984 patrem
2740 1922 2960 1970 vestrum
2980 1912 3084 1989 (6),
3115 1914 3184 1969 ad
3206 1912 3378 1971 Deum
3401 1932 3570 1972 meum

1963 2010 2013 2060 et
2039 2006 2107 2058 ad
2131 2002 2293 2059 Deum
2318 2015 2541 2061 vestrum
2569 2004 2749 2079 (Joan.
2784 2023 2884 2073 xx,
2932 2008 3057 2080 17),
3089 2007 3217 2063 dum
3263 2012 3569 2066 cummunis

1964 2100 2122 2157 nobis
2144 2109 2305 2171 atque
2331 2100 2431 2171 ipsi
2461 2111 2514 2158 et
2540 2102 2701 2158 Pater
2730 2112 2881 2174 pater
2901 2112 3006 2170 est,
3034 2112 3091 2160 et
3120 2103 3262 2161 Deus
3295 2105 3437 2160 Deus
3463 2111 3570 2168 est,

1964 2208 2117 2251 extra
2146 2195 2519 2265 exceptionem
2550 2197 2667 2253 veri
2697 2197 2792 2253 Dei
2830 2198 2902 2254 sit
2943 2197 2997 2255 in
3041 2196 3381 2269 professione
3423 2212 3573 2255 cont-

1965 2288 2136 2356 muni,
2189 2304 2421 2360 cumque
2459 2288 2617 2345 sicuti
2666 2306 2767 2346 nos
2815 2299 2873 2347 et
2918 2291 3217 2348 creationis
3270 2291 3569 2346 necessitas

1963 2383 2195 2439 creatori
2241 2383 2354 2438 Deo
2401 2382 2621 2450 subdat,
2649 2395 2705 2441 et
2752 2384 2975 2457 adoptio
3002 2393 3244 2441 assumat
3273 2385 3326 2440 in
3359 2386 3565 2453 ﬁlium;

1958 2478 2070 2548 jam
2100 2492 2234 2533 vero
2264 2477 2409 2533 nulla
2440 2479 2492 2533 in
2519 2493 2585 2534 eo
2614 2478 2812 2535 divin'e
2858 2490 3068 2537 natura:
3096 2480 3399 2551 proprietas
3422 2479 3570 2537 cxis-

1966 2571 2205 2626 timanda
2231 2571 2323 2638 sit,
2345 2572 2641 2627 secundum
2669 2570 2921 2642 Apostoli
2961 2572 3166 2629 dictum
3185 2614 3201 2640 ,
3234 2570 3366 2627 Cum
3399 2582 3570 2627 autem

1964 2664 2173 2727 dixerit.
2206 2664 2394 2719 Omnia
2420 2663 2498 2741 (g)
2525 2665 2751 2738 subjecta
2781 2676 2922 2735 sunt,
2971 2678 3155 2739 praeter
3181 2683 3302 2723 eum
3324 2669 3411 2739 qui
3450 2668 3574 2723 sub-

256 2764 459 2819 virtutis
485 2763 556 2837 (c)
589 2761 836 2838 (Ibidem,
866 2761 958 2834 64)
984 2779 999 2827 ;
1030 2778 1202 2833 neque
1227 2763 1454 2833 idipsum
1478 2763 1575 2826 sit,
1618 2759 1794 2825 Pater,
1821 2760 1864 2813 si
1956 2759 2083 2829 jecit
2109 2759 2155 2812 ei
2181 2760 2392 2826 omnia;
2414 2758 2492 2832 (7)
2521 2758 2601 2832 (lt)
2624 2777 2741 2814 cum
2761 2761 2899 2815 enim
2924 2762 3113 2831 fuerint
3137 2744 3366 2826 subiecta
3389 2762 3437 2815 ei
3463 2777 3574 2815 ont-

258 2859 506 2931 possibile
523 2869 596 2914 est
616 2902 630 2925 ,
658 2868 881 2913 transeat
924 2859 1061 2913 calin:
1099 2859 1190 2913 iste
1218 2876 1249 2911 a
1276 2874 1354 2912 me
1381 2855 1622 2927 (Ibident,
1653 2853 1744 2927 5‘5)
1769 2870 1782 2918 ;
1812 2864 1868 2909 et
1966 2851 2072 2912 m'u.
2102 2860 2226 2906 tunc
2251 2862 2299 2906 et
2321 2852 2433 2920 ipse
2457 2851 2757 2926 subjicietur
2782 2854 2828 2907 ei
2853 2854 2939 2922 qui
2965 2854 3012 2908 ei
3036 2852 3251 2924 subjecit
3287 2855 3480 2919 omnia,
3515 2864 3569 2907 ut

259 2952 418 3020 illud,
451 2951 671 3009 Calicem
701 2970 848 3024 quem
879 2952 1018 3007 dedit
1040 2950 1162 3005 mihi
1195 2950 1352 3006 Pater
1377 2967 1536 3014 meus,
1568 2966 1671 3003 non
1698 2949 1867 3003 bibam

260 3064 378 3103 eum
400 3047 594 3121 (Joau.
624 3063 778 3112 xvm,
808 3046 943 3117 II)?
969 3047 1233 3117 longeque
1264 3045 1538 3100 diversum
1560 3043 1630 3098 sit
1662 3058 1675 3096 :
1705 3041 1864 3107 Deus,

260 3142 404 3198 Deus
425 3159 589 3207 meus,
612 3158 769 3213 quare
798 3157 877 3196 me
898 3140 1211 3209 dereliquiin
1229 3138 1308 3213 (Μ
1315 3148 1407 3193 att.
1427 3155 1590 3204 xxvn,
1604 3134 1699 3208 46)
1722 3137 1866 3209 3’21

1966 2945 2032 2998 sit
2061 2944 2199 2999 Deus
2227 2945 2400 3001 omnia
2423 2945 2729 3001 inomaibus
2753 2946 2799 3017 (I
2820 2944 2940 3006 Cor.
2967 2963 3034 3002 xv
3054 2989 3069 3015 ,
3121 2948 3213 3013 27,
3263 2947 3393 3020 28).
3435 2947 3573 3016 Quia

1968 3038 2234 3108 subiectio
2256 3047 2315 3093 et
2341 3037 2708 3095 inﬁrmitatem
2738 3040 2965 3111 subjecti
2996 3052 3343 3111 protestetur.
3373 3053 3427 3099 et
3471 3044 3570 3100 do—

1971 3131 2230 3184 minantis
2268 3128 2538 3200 signiﬁcct
2581 3138 2900 3201 potestatem
2934 3150 2947 3185 :
2979 3134 3031 3189 in
3080 3134 3164 3188 his
3208 3151 3423 3206 quoque
3447 3150 3572 3192 cum

266 3234 350 3308 (5)
375 3237 442 3290 ab
464 3251 528 3291 eo
559 3252 573 3291 :
600 3235 761 3289 Amen
783 3234 899 3289 dico
930 3235 1021 3289 tibi
1040 3279 1055 3298 ,
1090 3234 1241 3287 hodie
1289 3248 1456 3286 meum
1491 3231 1591 3285 eris
1637 3231 1689 3284 in
1713 3245 1868 3300 para-
1892 3220 1940 3283 C
1973 3238 2184 3278 summa
2247 3222 2524 3295 religionis
2573 3224 3037 3282 demonstratione
3086 3226 3383 3284 tractandis
3434 3228 3574 3285 liber

262 3329 380 3384 diso
405 3328 557 3399 (Luc.
590 3345 747 3394 xxm,
771 3327 867 3400 45)
896 3346 909 3382 :
942 3326 1026 3402 (4)
1051 3328 1275 3382 multum
1299 3341 1513 3397 quoque
1534 3324 1821 3381 dissentiat
1848 3340 1861 3377 :

261 3420 445 3489 Pater,
467 3422 763 3476 commenda
789 3423 842 3476 in
862 3438 1043 3475 atauus
1070 3430 1185 3474 tuas
1206 3419 1443 3490 spiritum
1488 3433 1655 3473 nteum
1699 3414 1861 3483 (Ibid.

259 3514 358 3586 46)
385 3531 400 3579 ;
424 3526 480 3570 et
502 3513 633 3569 illud
655 3556 668 3578 ,
702 3513 879 3579 Pater,
912 3514 1110 3567 remitte
1144 3512 1273 3577 illis,
1315 3511 1437 3582 quia
1482 3509 1620 3580 quod
1668 3508 1863 3580 faciunt

261 3609 496 3664 nesciunt
524 3606 773 3682 (Ibidem.
806 3608 896 3679 5i)
933 3625 946 3661 :
982 3607 1046 3662 ad
1080 3606 1411 3677 impietatem
1444 3603 1520 3676 (d)
1553 3602 1866 3658 reciderunt

260 3701 571 3757 divinorum
602 3700 871 3756 dictorum
931 3702 1234 3769 incapaces.
1267 3698 1476 3753 Etcum
1520 3712 1625 3751 non
1667 3710 1859 3750 eonvc’

262 3796 377 3850 niat
399 3794 740 3865 trepidationi
767 3803 821 3849 et
844 3792 1104 3859 libertati,
1151 3790 1481 3846 festinationi
1527 3797 1582 3845 ct
1640 3803 1867 3844 excusa-

261 3887 403 3943 tioni
425 3930 440 3953 ,
467 3885 703 3957 qnerelm
726 3894 779 3941 et
805 3883 1175 3940 adhortatioui
1194 3926 1209 3950 ,
1238 3881 1557 3938 difﬁdentiae
1601 3889 1656 3935 ct
1704 3881 1867 3934 inter-

260 3979 520 4047 cessioni,
544 3980 740 4037 divin-.1:
771 3978 1122 4050 professionis
1146 3986 1461 4047 naturaeque
1492 3975 1860 4039 immemores,

262 4075 333 4131 ad
359 4083 733 4161 argumentum
766 4071 1055 4142 impietatis
1088 4086 1198 4126 sua:
1221 4114 1235 4138 ,
1271 4065 1695 4138 dispensationis
1712 4076 1865 4137 gesta

261 4176 321 4224 ct
348 4166 491 4223 dicta
520 4158 827 4223 tenuerunt.
846 4165 1029 4237 Itaque
1058 4179 1156 4219 nos
1180 4162 1569 4218 demonstratis
1589 4158 1863 4223 omnibus,

338 4329 424 4398 (I)
464 4327 693 4383 Videtur.

342 4402 423 4472 (Ξ)
454 4400 585 4457 Tum
612 4398 868 4455 eumdem.

342 4402 400 4472 (Ξ
454 4402 585 4457 Tum
612 4402 868 4455 eumdem.

339 4402 423 4547 (ὅ)
456 4473 513 4529 In
536 4467 1086 4547 superioreeditione
1115 4482 1218 4547 pro
1238 4465 1301 4547 ab
1330 4483 1409 4531 eo,
1438 4466 1664 4547 nt_legit
1707 4463 1864 4519 Eras-

264 4538 645 4617 mus'qnoqné.
680 4542 1001 4609 habebatur,
1034 4549 1124 4595 aut
1157 4539 1333 4595 illud:
1362 4538 1644 4595 mendose.

339 4615 443 4690 (θ’
461 4615 805 4690 Multumque-

346 4688 424 4764 (5)
467 4688 901 4753 Derelinquimus.

342 4849 417 4924 (a)
444 4849 502 4905 In
528 4848 756 4924 vulgatis
776 4887 792 4924 ρ
815 4845 1035 4901 videtur.
1069 4842 1260 4924 Melius
1296 4841 1557 4897 uideretur
1587 4842 1638 4924 in
1666 4838 1860 4912 pleris—

267 4914 374 4993 que
395 4914 524 4977 mss.
556 4914 685 4976 Hic
704 4920 849 4975 enim
872 4960 887 4983 ,
910 4928 973 4993 ιιι
992 4916 1274 4986 superiora
1320 4924 1480 4983 atque
1510 4914 1866 4993 subsequen-

269 4985 383 5062 tia,
414 5008 521 5049 uno
565 5002 752 5048 tenore
804 4985 1151 5062 proferuntur
1178 5003 1242 5043 ex
1290 4987 1557 5042 sententia
1612 4985 1869 5040 adversao

265 5081 817 5208 nmbumiicmigianus
833 5132 1006 5190 codex
1030 5128 1315 5196 vetustior,
1336 5139 1446 5184 tum
1465 5124 1697 5184 eumdem
1711 5125 1865 5182 hunc.

342 5137 421 5283 (ei
442 5209 669 5283 Additur
698 5206 799 5262 Dei
821 5208 872 5261 in
895 5207 1122 5276 vulgatis
1152 5222 1166 5264 :
1200 5217 1319 5275 qum
1345 5218 1449 5259 vox
1477 5216 1651 5273 neque
1682 5203 1732 5254 in
1767 5214 1865 5254 IIIS.

367 5227 392 5263 C

442 5203 669 5265 Additu‘r
698 5206 799 5262 Dei
821 5208 872 5261 in
895 5207 1122 5276 vulgatis
1152 5222 1166 5264 :
1200 5217 1319 5275 qum
1345 5218 1449 5259 vox
1477 5216 1651 5273 neque
1682 5203 1732 5254 in
1767 5214 1868 5254 ms.

269 5281 477 5349 exalat,
509 5297 610 5338 nec
637 5281 688 5334 in
715 5295 891 5350 grmco
920 5285 1088 5333 textu.

353 5355 431 5427 (d)
474 5354 527 5410 In
556 5367 721 5427 uno‘e
748 5350 1061 5427 mss._Co|b.
1090 5354 1424 5427 recesserunt.

346 5415 423 5498 (ἐ)
459 5425 805 5480 lictnovitnus
854 5422 974 5500 bino
1002 5419 1290 5500 verba_,_ad
1309 5418 1611 5475 sacramenti
1656 5415 1868 5500 religio-

275 5490 410 5561 nem;
442 5514 560 5569 qum
600 5511 704 5552 non
750 5493 1179 5569 reperimu_s_nisi
1206 5490 1259 5545 in
1289 5506 1398 5546 uno
1427 5507 1531 5569 ms.
1560 5491 1868 5569 recentiore

270 5570 427 5627 Colh.
457 5560 510 5626 et
553 5560 952 5639 supervacanea
983 5565 1233 5639 videntur
1259 5586 1271 5617 :
1299 5577 1424 5639 cum
1451 5562 1697 5639 declaret
1724 5560 1873 5639 llil_a_-

1896 4665 1951 4726 D

1970 3315 2290 3372 undecimus
2318 3324 2633 3386 occupatur,
2683 3319 2789 3390 ag
2814 3318 2978 3375 etiam
3005 3335 3071 3375 ex
3101 3318 3183 3375 his
3228 3320 3363 3392 ipsis
3412 3321 3574 3377 dictis

1966 3410 2278 3480 apostolicis
2300 3410 2704 3478 demonst'inz,
2735 3430 2839 3469 non
2868 3414 3030 3470 modo
3052 3431 3159 3472 non
3186 3415 3253 3472 ad
3276 3417 3575 3474 divinitatis

1967 3502 2336 3560 inﬁrmitatem
2361 3504 2752 3574 subjectionem
2785 3506 3068 3576 proﬁcere,
3093 3508 3188 3564 sed
3217 3524 3313 3579 per
3338 3526 3460 3566 eam
3491 3512 3570 3581 ip-

1968 3611 2085 3651 sam
2123 3597 2330 3668 (supple
2355 3636 2371 3663 ,
2394 3595 2812 3670 subjectionem)
2835 3598 3119 3659 veritatem
3170 3601 3303 3670 Dei,
3336 3602 3416 3676 (8)
3445 3603 3568 3673 quia

1984 3690 2046 3764 (i)
2099 3707 2166 3747 ex
2215 3691 2324 3746 Deo
2367 3692 2645 3760 sitnatus,
2693 3694 2944 3750 ostendi:
2974 3706 3030 3752 et
3066 3712 3161 3767 per
3198 3697 3273 3765 id,
3301 3700 3444 3769 quod
3468 3699 3571 3754 sibi

1969 3798 2032 3839 ac
2056 3784 2213 3841 nobis
2236 3793 2293 3841 et
2334 3784 2492 3841 Pater
2537 3795 2691 3856 pater
2715 3797 2800 3842 est
2841 3796 2898 3844 et
2925 3789 3068 3845 Deus
3115 3790 3256 3847 Deus
3283 3799 3389 3860 est,
3418 3793 3575 3848 nobis

1971 3870 2195 3935 multum
2217 3880 2441 3950 acquiri,
2468 3888 2522 3936 et
2545 3878 2595 3934 ei
2616 3880 2744 3935 nihil
2767 3880 3011 3950 detrahi;
3038 3898 3160 3938 cum
3183 3884 3391 3941 scilicet
3408 3884 3573 3941 homo

1971 3984 2148 4040 natus,
2168 3980 2223 4029 et
2248 3973 2516 4028 universis
2536 3974 2717 4028 carnis
2734 3987 2933 4029 nostra:
2964 3975 3309 4043 passionibus
3329 3977 3565 4043 functus,

1969 4066 2036 4118 ad
2070 4067 2233 4120 Deum
2256 4072 2311 4118 et
2339 4065 2551 4119 Patrem
2581 4073 2823 4119 nostrmn
2848 4105 2863 4131 ,
2895 4064 2968 4140 (j)
3000 4075 3058 4122 ut
3100 4066 3263 4125 homo
3291 4079 3475 4127 noster
3516 4071 3571 4127 in

1974 4155 2138 4212 Deum
2166 4154 2550 4228 gloriﬁcandus
2573 4154 2953 4214 adscenderat.

2051 4315 2131 4392 (6)
2169 4313 2241 4392 Et
2262 4316 2330 4392 ad
2359 4315 2548 4392 Deum.

2047 4386 2127 4468 (7)
2168 4388 2375 4468 Verba_,_
2397 4405 2517 4460 qua:
2546 4387 2607 4468 P_.
2639 4386 2955 4447 Custantius
2985 4392 3087 4468 hie
3096 4392 3323 4468 adnotat
3344 4406 3570 4468 practer-

1976 4461 2113 4516 mitti
2155 4477 2184 4517 a
2218 4461 2460 4544 pluribus
2493 4462 2710 4533 optima:
2753 4473 2894 4519 notae
2918 4464 3217 4538 codicibus,
3246 4477 3302 4524 et
3325 4461 3359 4524 ti
3378 4480 3572 4529 nostro

1976 4542 2487 4604 prmtermittuntur.

2047 4604 2128 4678 (8)
2172 4607 2273 4675 Qui
2293 4622 2359 4662 ea:
2389 4603 2517 4661 Deo.

1967 4835 2087 4890 bas.
2115 4851 2215 4890 ms.
2238 4836 2544 4907 sacramenti
2560 4834 2885 4907 religionem.
2915 4832 3108 4892 Verius
3128 4839 3239 4907 alii,
3264 4850 3570 4903 sacramemi

1968 4905 2515 4987 revelationemLtscil.
2556 4905 2715 4987 Yerbi
2759 4908 2812 4961 in
2842 4922 3008 4963 carne
3055 4905 3571 4987 manifestationem,

1970 4979 2112 5050 quod
2156 4979 2308 5049 juxta
2356 4978 2676 5048 Apostolum
2724 4989 3127 5036 sacramentum
3172 4995 3256 5040 est
3284 5003 3315 5042 a
3358 4978 3571 5049 saeculis

1972 5051 2371 5106 absconditum.

2052 5122 2129 5196 (g)
2173 5122 2331 5199 Editi
2354 5122 2441 5177 bie
2476 5121 2737 5199 adjiciunt
2763 5136 3058 5199 pronomen
3088 5127 3155 5193 ei.
3186 5129 3331 5199 quod
3368 5134 3464 5192 lib.
3522 5152 3576 5191 XI

1976 5193 2255 5267 omittunt.
2279 5193 2532 5267 Utroque
2562 5194 2615 5250 in
2648 5195 2766 5251 loco
2791 5195 2892 5250 sibi
2920 5206 3171 5267 constant
3191 5193 3321 5259 mss.

2047 5266 2127 5339 (It)
2173 5265 2366 5342 Verba,
2396 5282 2512 5320 cunt
2536 5267 2667 5321 enim
2700 5268 2891 5342 fuerint
2922 5265 3151 5339 subiecta
3180 5272 3227 5327 ei
3256 5276 3447 5342 omnia,
3494 5277 3581 5335 llic

1973 5339 2158 5411 plures
2190 5339 2370 5417 probae
2388 5351 2531 5394 notae
2561 5353 2717 5406 mss.;
2754 5339 2893 5395 libro
2923 5352 3101 5399 autem
3132 5360 3205 5412 χι,
3246 5361 3301 5400 ιι.
3331 5348 3364 5401 8
3392 5339 3449 5403 et
3482 5350 3576 5417 2:2,

1972 5426 2161 5468 omnes
2189 5412 2461 5467 omittunt.

2050 5483 2113 5558 (i)
2143 5483 2208 5563 _In
2258 5497 2390 5540 mss.
2434 5482 2557 5540 Vat.
2587 5483 2709 5563 bas.
2744 5484 2974 5563 aliisque
3005 5487 3323 5563 potioribus,
3379 5494 3469 5563 qui
3511 5512 3576 5550 ea;

1976 5557 2084 5612 Deo
2111 5557 2177 5629 sit
2200 5567 2347 5610 natus
2366 5570 2522 5629 isnon
2551 5557 2657 5612 alio
2680 5570 2861 5611 sensu.
2893 5557 3186 5629 Contendit.
3225 5557 3402 5629 porro'
3428 5566 3577 5621 Ilila-

270 5645 387 5699 rius
414 5627 820 5712 simplicitas-pse
864 5636 1072 5712 singula
1097 5636 1529 5691 adversariorum
1551 5635 1761 5704 objecta
1793 5632 1875 5685 di-
1975 5631 2089 5686 rius
2119 5628 2315 5712 Filium
2364 5627 2486 5712 ideo
2539 5630 2880 5712 subjectum,
2933 5628 3056 5695 quia
3088 5627 3266 5712 “natus
3318 5638 3422 5703 sit;
3458 5641 3581 5693 inde

272 5713 464 5782 luisse,
495 5709 696 5768 nullum
721 5709 1116 5766 dissimulasse.

344 5788 414 5857 (f)
450 5778 585 5841 'Bad.
618 5784 808 5857 etEt.
855 5797 977 5857 cum
1011 5794 1117 5834 uno
1162 5795 1263 5833 tus.
1293 5778 1450 5857 Ctilb.
1492 5784 1875 5857 sacratnettlum

272 5847 619 5918 “relationis.
645 5855 792 5927 Lips.
819 5861 874 5911 et
895 5853 1017 5909 Par.
1044 5852 1349 5907 sacramenti
1370 5850 1718 5906 revelationes.
1752 5847 1873 5903 Vat.

1977 5716 2107 5757 vero
2136 5700 2277 5770 quod
2308 5709 2462 5781 natus
2491 5715 2556 5755 cx
2608 5699 2717 5753 Deo
2743 5700 2836 5763 sit,
2871 5713 3051 5755 veram
3085 5701 3178 5761 Dei
3210 5699 3457 5765 naturain
3490 5712 3583 5765 ob-

1981 5778 2181 5830 tiuere.

2057 5847 2145 5919 (j),
2185 5844 2284 5903 Atat
2329 5843 2414 5899 hic
2458 5840 2817 5914 supplendum
2845 5843 3068 5903 verbum
3107 5847 3450 5920 adscendeiit,
3483 5870 3589 5926 quo
