4040 6328
476 282 479 287 '
521 273 590 328 47
1743 266 1988 325 SANCTI
2027 265 2288 328 HlLARll
2326 270 2633 332 EPISCOPI
3768 279 3838 337 48

589 395 681 450 54.
725 393 878 448 Liber
906 407 982 448 xu
1034 392 1285 446 Artanam
1309 390 1547 445 heresim
1570 390 1796 461 apertius
1833 398 2114 462 expugnat.
2152 396 2194 455 Α
2224 394 2290 449 Et
2335 395 2463 466 quia
2508 395 2639 452 dicti
2670 394 2971 467 prophetici
3005 394 3180 463 inscii,
3214 404 3269 450 et
3309 395 3548 452 caelestis
3572 394 3839 450 doctrinm

519 488 717 543 Filium
747 487 841 543 Dei
866 489 939 541 ita
965 496 1144 541 natum
1188 501 1298 540 esse
1326 493 1383 538 ut
1429 501 1630 555 semper
1656 484 1831 553 fuerit.
1865 514 1938 525 ——
1964 484 2121 553 Quod

516 593 696 639 autem
720 583 773 637 in
799 583 941 637 omni
965 595 1165 653 genere
1191 578 1563 637 doctrinarum
1595 579 1877 634 observari
1905 594 2124 649 semper

516 678 883 744 meminimus,
911 683 969 730 ut
994 675 1039 732 si
1064 675 1157 747 qui
1179 674 1272 729 diu
1302 677 1446 730 tenui
1474 674 1707 745 primum
1732 673 2122 731 exercitatione

517 767 599 843 (l)
628 769 895 841 lonquue
939 782 1040 823 usu
1084 766 1390 822 humilioris
1435 765 1599 821 studii
1652 764 1854 821 fuerint
1900 765 2120 835 eruditi,

515 871 627 917 tum
649 861 760 931 jatn
792 861 859 916 ad
904 875 1084 915 rerum
1110 860 1370 932 ipsarum,
1396 859 1589 931 quibus
1632 858 1824 914 imbuti
1852 868 1998 926 sunt,
2028 877 2122 917 ex-

515 956 816 1026 perimenta
864 952 947 1026 (2)
994 954 1311 1020 mittantur;
1360 961 1418 1008 ut
1442 968 1565 1009 cum
1600 952 1711 1022 jam
1737 951 1874 1008 bene
1898 952 2125 1009 luserint

515 1048 656 1106 bella
686 1047 1005 1115 militaturi,
1039 1048 1093 1103 in
1135 1047 1382 1102 militiam
1430 1046 1851 1118 protrahantur;
1880 1056 1972 1104 aut
1997 1063 2121 1104 cum

517 1142 764 1197 forenses
789 1141 911 1197 lites
935 1140 1012 1212 (a)
1040 1141 1306 1197 scholaris
1333 1141 1578 1197 materiae
1617 1141 1964 1208 tentaverint,
1997 1152 2125 1199 tunc

518 1235 802 1290 mittantur
824 1232 889 1289 ad
920 1233 1265 1289 tribunalium
1301 1248 1535 1306 pugnas;
1564 1243 1656 1289 aut
1684 1249 1805 1289 cum
1831 1234 1883 1288 in
1915 1234 2124 1305 stagnis

515 1328 832 1385 domesticis
873 1329 1052 1384 navim
1098 1339 1259 1384 nauta
1289 1327 1590 1399 intrepidus
1615 1328 1956 1397 instruxerit,
1994 1339 2120 1385 tunc

514 1426 695 1497 magni
732 1434 787 1482 et
830 1425 1099 1497 peregrini
1144 1423 1312 1480 maris
1336 1423 1709 1481 committatur
1739 1422 1997 1495 procellis
2024 1440 2038 1477 :
2068 1423 2123 1478 id

514 1520 692 1591 ipsum
720 1537 816 1576 nos
840 1519 895 1576 in
922 1520 1022 1575 hac
1066 1520 1299 1575 maxima
1325 1525 1398 1574 ‘et
1420 1516 1740 1589 gravissima
1789 1518 1952 1573 totius
1997 1515 2151 1572 ﬁdei‘

513 1615 871 1688 intelligentia
897 1613 1077 1670 facere
1102 1613 1433 1669 curavimus.
1465 1610 1708 1681 Namque
1733 1625 1856 1666 eum
1901 1619 2061 1666 antea
2091 1624 2124 1665 a

514 1709 729 1766 levibus
754 1709 922 1767 initiis
945 1708 1013 1763 de
1036 1707 1335 1772 nativitate,
1362 1706 1431 1761 de
1455 1707 1697 1769 nomine,
1726 1704 1794 1760 de
1818 1702 2121 1768 divinitate,

2226 486 2457 556 imperiti
2492 488 2571 559 (5)
2604 496 2763 553 sunt;
2795 498 3054 557 corrupto
3077 502 3243 543 sensu
3266 506 3328 543 ac
3354 489 3687 559 proprietate
3713 505 3840 543 scn—

2225 584 2407 639 tentite
2428 593 2670 642 creatum
2700 599 2823 641 esse
2856 600 2949 655 per
2969 584 3022 639 id
3057 586 3220 640 Deum
3253 585 3430 655 potius
3450 601 3615 656 quam
3644 596 3829 639 natum
3854 656 3857 661 ι

2223 680 2496 736 affirmare
2522 679 2785 746 nitttntur,
2812 680 2936 750 quia
2977 679 3180 735 dictum
3212 690 3343 753 est,”
3368 678 3619 734 Dominus
3646 681 3838 734 crearit

2223 788 2304 826 me
2337 769 2416 844 (4)
2448 771 2501 826 in
2543 771 2748 826 initium
2796 770 2880 844 (ό)
2934 772 3135 826 uiarum
3183 786 3395 826 suarum
3445 773 3499 825 in
3542 788 3701 841 opera
3743 789 3837 826 sua

2225 861 2413 936 (Prov.
2448 880 2558 928 vm,
2593 862 2715 935 ‘22);
2750 872 2808 919 ut
2853 864 2925 919 sit
2965 879 3030 919 ex
3058 863 3329 919 communi
3375 864 3712 918 creationem
3738 880 3837 919 na-

2225 967 2364 1022 tura,
2397 958 2521 1015 licet
2543 961 2614 1014 sit
2637 956 2978 1028 praestantior
3004 959 3057 1014 in
3080 974 3283 1031 genere
3304 958 3628 1025 creationis;
3659 975 3836 1030 neque

2226 1050 2279 1105 itt
2353 1066 2419 1106 eo
2485 1051 2555 1105 sit
2613 1050 2785 1121 gloria
2846 1050 3042 1106 divinm
3121 1050 3466 1120 nativitatis,
3521 1050 3617 1107 sed
3668 1052 3841 1109 virtus

2227 1142 2463 1214 potentis
2507 1150 2792 1199 creaturae.
2826 1142 3029 1199 Verum
3074 1159 3175 1199 nos
3226 1143 3359 1199 nihil
3412 1159 3648 1217 novum,
3704 1145 3839 1200 nihil

2226 1236 2566 1292 extrinsecus
2595 1248 2986 1308 prarsumptum
3010 1236 3323 1304 aﬁ'ercntes,
3347 1237 3465 1309 ipso
3487 1238 3580 1295 illo
3603 1239 3841 1310 Sapien-

2227 1328 2316 1384 tiae
2348 1329 2657 1385 testimonio
2700 1329 2981 1386 veritatem
3026 1329 3151 1385 dicti
3196 1331 3570 1403 rationemque
3605 1342 3840 1404 priests-

2226 1420 2427 1489 bimus,
2459 1437 2637 1493 neque
2666 1421 2732 1477 ad
2765 1422 3059 1478 nativitatis
3087 1423 3291 1480 divina:
3316 1434 3369 1479 et
3398 1435 3619 1480 teterna:
3639 1426 3845 1482 intelli-

2225 1516 2463 1586 gentiam
2494 1514 2635 1571 trabi
2661 1530 2841 1586 posse,
2892 1516 3035 1587 quod
3070 1516 3121 1571 in
3156 1517 3372 1573 initium
3399 1519 3604 1574 viarum
3637 1519 3733 1575 Dei
3780 1530 3839 1578 et

2229 1607 2281 1662 itt
2304 1622 2468 1678 opera
2490 1606 2560 1662 sit
2589 1616 2824 1676 creatus,
2857 1608 2982 1679 quia
3024 1625 3130 1663 non
3162 1609 3306 1667 idem
3353 1612 3424 1666 sit
3451 1611 3503 1666 in
3537 1610 3655 1668 bare
3683 1628 3842 1669 crea-

2231 1710 2342 1757 tum
2376 1717 2516 1767 esse,
2547 1712 2602 1757 et
2628 1712 2755 1758 ante
2775 1704 2957 1757 omnia
2996 1712 3180 1759 natum
3209 1719 3370 1760 esse:
3400 1720 3525 1761 cum
3555 1707 3642 1761 tibi
3693 1708 3839 1762 nati-

515 1804 584 1861 de
611 1804 838 1860 veritate
861 1802 1021 1858 ﬁdem
1053 1810 1296 1858 teneram
1336 1800 1743 1867 imbuissemus,
1770 1813 1835 1853 ae
1860 1797 1969 1854 leni
1994 1811 2121 1868 pro-
2147 1798 2197 1861 B
2225 1794 2407 1850 vitatis
2448 1794 2771 1864 signiﬁcatio
2813 1804 2919 1861 est,
2948 1795 3063 1851 sola
3090 1796 3385 1853 nativitatis
3413 1797 3682 1868 professio
3709 1807 3837 1865 est;

517 1898 659 1954 fectu
686 1897 849 1954 etiam
875 1909 1045 1966 usque
1067 1893 1139 1949 ad
1163 1892 1478 1949 evellendus
1522 1907 1713 1948 omnes
1739 1889 2121 1946 haereticorum

513 1987 850 2053 occasiones,
905 1986 1195 2058 legentium
1223 1984 1401 2041 studia
1443 1983 1856 2048 extulissentus;
1887 1991 1998 2036 tum
2030 1996 2125 2037 eos

508 2081 620 2153 jam
648 2080 715 2137 ad
745 2080 915 2152 ipsam
966 2080 1272 2150 palatstram
1298 2077 1521 2149 gloriosi
1566 2077 1882 2133 certaminis
1914 2075 2127 2147 magni-

510 2190 618 2247 que.
644 2174 993 2245 produximus
1019 2190 1032 2226 :
1063 2181 1122 2228 ut
1151 2173 1203 2227 in
1230 2182 1490 2243 quantum
1534 2169 1602 2225 ad
1631 2180 1848 2226 aeterna:
1872 2168 1949 2243 (b)
1981 2169 2123 2225 nati-

514 2270 694 2326 vitatis
734 2268 1203 2340 complecteudam
1243 2266 1653 2339 intelligentiam
1702 2266 1936 2321 humana
1967 2281 2124 2322 meus

512 2361 821 2419 Communis
840 2375 1035 2417 sensus
1055 2360 1310 2431 opinione
1332 2351 1603 2422 deficitur,
1625 2359 1676 2413 itt
1696 2367 1902 2413 tantum
1927 2357 2126 2415 studiis

513 2458 712 2515 divinis
753 2456 822 2513 ad
862 2456 1146 2513 sentiendo
1194 2471 1291 2521 ea,
1320 2470 1440 2525 quae
1472 2454 1611 2508 ultra
1656 2462 1866 2507 naturae
1916 2461 2124 2508 nostra:

512 2553 822 2625 opinionem
845 2559 992 2616 sunt,
1021 2549 1357 2615 niterentur;
1384 2545 1739 2618 quazsﬁonem
1786 2544 1928 2600 hanc
1955 2543 2124 2599 maxi-

514 2661 603 2702 me
629 2645 1010 2716 dissolventes,
1043 2657 1164 2713 quas
1191 2638 1468 2696 surcularis
1517 2636 1798 2708 sapientiae
1850 2635 1924 2709 (c)
1957 2636 2124 2693 hebe-

515 2739 701 2794 tudine
725 2736 1087 2799 inv:tlescens,
1120 2733 1188 2790 de
1214 2732 1449 2788 Domino
1475 2731 1605 2787 Jesu
1652 2731 1864 2785 ratione
1888 2746 1947 2786 se
1972 2739 2124 2801 putet

516 2833 735 2889 dicere:
765 2828 895 2884 Erat
920 2827 1126 2899 quando
1153 2843 1253 2882 non
1279 2834 1409 2893 erat,
1441 2832 1519 2891 et,
1550 2821 1671 2877 Non
1698 2822 1798 2893 fuit
1823 2831 1940 2877 ante
1968 2839 2121 2890 quam

515 2936 826 2995 nasceretur,
882 2935 958 2993 et,
985 2923 1065 2980 De
1093 2939 1196 2979 non
1221 2922 1537 2979 exstantibus
1564 2923 1735 2991 factus
1755 2930 1829 2976 est
1857 2935 1876 2975 :
1906 2929 1963 2975 ut
1995 2920 2121 2991 quia

515 3023 767 3080 nativitas
789 3035 912 3077 eam
953 3018 1201 3076 videatur
1243 3018 1440 3074 all‘erre
1481 3031 1723 3085 causam,
1756 3025 1812 3071 ut
1837 3023 1985 3072 esset
2029 3014 2120 3086 qui

513 3134 622 3175 non
651 3109 789 3183 erat,
822 3125 1028 3172 etcum
1059 3127 1167 3168 non
1213 3111 1508 3168 exsisteret
1547 3118 1894 3176 nasceretur;
1929 3123 2029 3178 per
2064 3106 2119 3162 id

2230 1888 2317 1944 ubi
2365 1904 2495 1945 vero
2538 1889 2830 1945 creationis
2876 1897 2961 1944 est
3008 1890 3330 1957 nomen,ibi
3377 1907 3540 1947 causa
3587 1892 3841 1962 ejusdem

2226 1983 2518 2039 creationis
2559 1984 2798 2039 anterior
2827 1995 2912 2040 est
2938 2002 2951 2038 :
2979 1992 3035 2039 et
3079 2000 3199 2039 cum
3226 1994 3355 2041 ante
3393 1986 3577 2041 omnia
3608 1987 3677 2042 sit
3707 1996 3836 2042 nata

2224 2077 2518 2149 Sapientia,
2555 2087 2733 2133 tamen
2777 2079 2899 2148 quia
2930 2078 3091 2134 etiam
3123 2080 3175 2134 in
3220 2095 3306 2135 res
3335 2079 3547 2151 aliquas
3577 2080 3645 2137 sit
3673 2097 3833 2138 crea-

2227 2181 2299 2237 ta,
2336 2188 2444 2227 non
2486 2172 2722 2243 idipsum
2752 2174 2821 2228 sit
2854 2172 2910 2228 id
2931 2173 3074 2244 quod
3104 2184 3231 2230 ante
3259 2174 3438 2229 omnia
3470 2186 3574 2243 est,
3608 2183 3661 2231 ct
3687 2175 3839 2247 quod

2225 2266 2392 2337 cccpit
2416 2281 2541 2321 esse
2572 2276 2692 2335 post
2723 2266 2922 2337 aliqua.

2296 2360 2386 2415 50.
2427 2358 2584 2415 Liber
2613 2376 2688 2415 xu
2716 2375 2832 2431 qua:
2859 2360 2923 2416 de
2967 2361 3176 2432 Spiritu
3200 2372 3379 2418 sancto
3401 2364 3686 2432 conﬁtenda
3710 2373 3841 2418 sunt

2225 2455 2406 2526 aperit.
2438 2485 2510 2495 —
2541 2455 2746 2511 Dehinc
2776 2471 3116 2528 consequens
3159 2458 3333 2513 visum
3384 2467 3487 2523 est,
3538 2458 3839 2514 creationis

2226 2546 2446 2602 nomine
2473 2562 2503 2602 a
2533 2546 2660 2616 ﬁde,
2686 2564 2803 2618 qua:
2831 2548 2985 2604 nobis
3007 2548 3075 2605 de
3101 2551 3380 2621 unigenito
3403 2551 3513 2607 Deo
3534 2559 3640 2616 est,
3669 2568 3837 2623 repu-

2224 2641 2391 2706 diato,
2420 2658 2723 2714 eatquoque
2751 2658 2871 2715 quae
2891 2644 3217 2701 confessioni
3244 2646 3415 2701 sancti
3445 2645 3679 2717 Spiritus
3701 2661 3837 2703 con-

2223 2750 2354 2804 grua
2384 2750 2446 2790 ac
2475 2736 2723 2807 religiosa
2755 2748 2957 2801 essent,
2990 2737 3186 2793 docere
3214 2756 3226 2793 :
3255 2739 3448 2809 ut..jam
3495 2740 3835 2797 conﬁrmatis

2226 2830 2389 2902 longo
2443 2833 2774 2887 anteriurum
2822 2831 3129 2888 libellorum
3176 2833 3529 2904 diligentique
3573 2844 3831 2904 tractatu,

2225 2924 2359 2978 nihil
2391 2923 2459 2979 de
2489 2924 2650 2980 torius
2677 2924 2797 2981 ﬁdei
2829 2925 3171 2985 absolutione
3209 2926 3446 2995 dcesset,
3477 2943 3600 2983 cum
3634 2931 3832 2984 amotis

2225 3000 3009 3087 vitiosarum“prtedicationum
3054 3021 3219 3075 etiam
3248 3020 3317 3077 de
3355 3022 3611 3092 opinione
3643 3021 3833 3079 Sancti

2226 3108 2456 3179 Spiritus
2484 3110 3001 3181 irreligiositatilms,
3036 3111 3263 3168 illaesum
3312 3122 3473 3185 atque
3502 3114 3831 3170 incontami-

510 3226 726 3284 quoque
746 3209 1083 3281 unigenitum
1107 3207 1275 3262 Deum
1302 3204 1489 3261 sensui
1513 3213 1817 3275 temporum
1840 3201 2113 3258 subdant:
2145 3193 2191 3257 C
2224 3214 2405 3255 natum
2457 3204 2829 3272 regenerantis
2878 3202 3162 3259 Trinitatis
3223 3216 3623 3261 sacramentum
3678 3207 3824 3261 intra

509 3307 686 3380 (quasi
709 3321 840 3361 vero
871 3319 979 3359 non
1026 3303 1194 3358 fuisse
1224 3316 1350 3358 eum
1396 3299 1709 3371 aliquando,
1758 3297 1894 3353 ﬁdes
1921 3298 2036 3368 ipsa
2066 3306 2122 3353 et

512 3400 621 3473 23
646 3398 785 3453 ratio
812 3395 1107 3452 nativitatis
1132 3391 1406 3464 ostendat)
1439 3402 1600 3462 atque
1625 3390 1750 3445 ideo
1786 3406 1850 3445 ex
1881 3404 1949 3446 eo
1976 3388 2121 3460 quod

514 3488 771 3556 nonfuit,
805 3498 986 3544 natum
1030 3501 1152 3544 esse
1192 3485 1395 3549 dicant,
1444 3485 1569 3555 quia
1613 3482 1868 3538 nativitas
1896 3492 2120 3554 praestet

513 3599 638 3640 esse
662 3582 805 3655 quod
830 3598 936 3637 non
968 3580 1089 3636 fuit.
1121 3578 1230 3635 Sed
1261 3593 1361 3633 nos
1406 3576 1722 3646 apostolicis
1764 3586 1927 3647 atque
1955 3591 2122 3632 evan-

511 3676 701 3747 gelicis
744 3674 1067 3730 testimoniis
1104 3686 1322 3742 semper
1353 3669 1610 3734 Patrem,
1663 3683 1881 3739 semper
1923 3667 2118 3725 Filium

513 3768 897 3841 prmdicantes,
948 3782 1055 3822 non
1106 3772 1228 3837 post
1276 3763 1459 3834 aliqua
1504 3762 1674 3816 Deum
1707 3762 1972 3829 omnium,
2022 3763 2120 3820 sed

514 3870 641 3918 ante
669 3860 850 3917 omnia
879 3874 1002 3915 esse
1038 3856 1357 3913 docebimus
1383 3872 1397 3910 :
1432 3869 1610 3925 neque
1640 3853 1881 3910 incidere
1910 3855 1967 3909 in
1994 3869 2119 3911 eum

515 3955 831 4026 irreligioso:
877 3952 1037 4024 hujus
1086 3949 1466 4021 intelligentia:
1516 3948 1878 4003 temeritatem
1905 3988 1921 4015 ,
1954 3957 2013 4003 ut
2052 3947 2120 4005 de

515 4065 622 4106 non
651 4048 990 4106 exstantibus
1018 4054 1356 4113 nasceretur,
1387 4053 1443 4101 et
1482 4059 1587 4099 non
1616 4043 1781 4099 fuerit
1804 4052 1929 4100 aute
1955 4060 2119 4115 quam

515 4156 674 4200 natus
705 4145 808 4210 sit;
838 4142 934 4199 sed
963 4143 1037 4198 ita
1060 4155 1278 4212 semper
1300 4140 1494 4203 fuisse,
1530 4148 1589 4194 ut
1613 4144 1671 4195 e‘t
1690 4148 1876 4196 natum
1919 4138 2121 4210 Praedi-

515 4253 737 4302 cemus;
768 4236 842 4291 ita
871 4251 999 4292 vero
1024 4241 1207 4291 natum
1240 4249 1385 4298 esse,
1418 4242 1475 4287 ut
1502 4247 1718 4303 semper
1750 4232 1915 4289 fuisse
1946 4233 2118 4289 mani-

514 4330 814 4386 festemus:
844 4328 1021 4399 sitque
1045 4329 1098 4382 itt
1130 4342 1198 4384 eo
1220 4343 1329 4383 non
1358 4325 1795 4382 innascibilitatis
1843 4326 2115 4398 exceptio,

516 4421 613 4480 sed
648 4420 943 4478 nativitatis
973 4420 1280 4485 aeternitas;
1326 4418 1452 4490 quia
1482 4427 1536 4473 et
1561 4416 1816 4473 nativitas
1840 4426 2118 4475 auctorem

518 4520 737 4583 habeat,
771 4532 945 4589 neque
963 4525 1148 4573 careat
1174 4515 1476 4571 mternitate
1504 4512 1781 4568 divinitas.

2222 3295 2593 3351 deﬁnitionem
2638 3295 2930 3352 salutarem
2982 3295 3275 3367 apostolica
3308 3306 3469 3368 atque
3515 3297 3831 3368 evangeliea

2222 3390 2516 3444 auctoritas
2542 3390 2846 3445 contineret
2877 3406 2891 3442 :
2923 3405 3098 3461 neque
3117 3390 3229 3460 jam
3260 3405 3354 3460 per
3380 3406 3571 3445 sensus
3604 3390 3826 3446 humani

2222 3483 2544 3539 sententiam
2592 3484 2852 3554 Spiritum
2889 3484 2980 3540 Dei
3034 3485 3174 3540 inter
3220 3493 3497 3540 creaturas
3538 3486 3828 3555 quisquam

2221 3576 2446 3633 auderet
2474 3578 2694 3643 referre,
2744 3593 2905 3648 quem
2953 3577 3019 3633 ad
3066 3577 3487 3633 immortalitatis
3529 3578 3746 3649 pignus,
3776 3588 3833 3634 et

2221 3673 2297 3745 ad
2332 3673 2529 3731 divinae
2560 3675 2998 3746 incorruptzeque
3029 3683 3234 3731 naturae
3264 3674 3598 3731 consortium
3647 3689 3831 3731 sume-
3862 3719 3875 3732 .

2221 3784 2425 3825 remus.

2294 3860 2402 3934 24
2440 3862 2528 3918 57.
2574 3860 2757 3917 Gratia
2787 3862 2856 3916 ad
2887 3871 3019 3916 ποτε
3044 3862 3367 3933 scribendum
3396 3864 3691 3919 necessaria
3723 3864 3828 3917 im-

2222 3955 2475 4027 ploratur.
2506 3954 2720 4026 —-Ego
2765 3954 2981 4027 quidem
3030 3953 3134 4011 hoc
3183 3955 3269 4010 vel
3319 3958 3649 4027 praecipuum
3701 3956 3834 4012 vita:

2223 4063 2358 4103 mea:
2377 4046 2615 4102 ofﬁcium
2638 4047 2839 4104 debere
2861 4063 2947 4103 me
2971 4047 3086 4109 tibi.
3114 4048 3272 4103 l‘ater
3291 4048 3638 4119 omnipotens
3662 4049 3833 4118 Deus,

2221 4140 2470 4196 conscius
2510 4155 2653 4208 sum,
2684 4148 2742 4195 ut
2763 4149 2813 4196 te
2835 4141 3013 4195 ontnis
3042 4154 3225 4196 sermo
3253 4156 3406 4196 meus
3432 4150 3489 4197 et
3518 4156 3715 4198 sensus
3746 4141 3831 4196 lo-

2220 4246 2436 4305 quatur.
2468 4233 2654 4304 Neque
2680 4233 2825 4290 enim
2856 4233 3021 4289 ullum
3045 4232 3195 4289 aliud
3225 4234 3399 4305 majus
3432 4235 3716 4306 praemium
3743 4236 3837 4291 hic

2221 4327 2336 4397 ipse
2358 4343 2486 4383 usus
2514 4327 2643 4383 mihi
2665 4342 2695 4382 a
2720 4335 2773 4383 te
2793 4341 3086 4384 concessus
3105 4327 3362 4398 loquendi
3390 4336 3569 4399 potest
3595 4328 3834 4397 referre,

2220 4435 2380 4490 quam
2427 4426 2485 4475 ut
2511 4419 2854 4490 praedicando
2885 4428 2938 4476 te
2984 4419 3076 4476 tibi
3125 4420 3345 4496 serviat,
3380 4429 3538 4492 teque
3569 4420 3715 4492 quod
3748 4436 3838 4489 es,

2223 4523 2428 4585 patrem
2450 4556 2466 4584 ,
2501 4514 2582 4587 (5)
2610 4524 2819 4586 patrem
2852 4515 3064 4571 scilicet
3102 4514 3363 4585 tmigeniti
3395 4515 3520 4581 Dei,
3551 4523 3645 4570 aut
3672 4514 3841 4583 igno-

589 4614 678 4670 55.
722 4611 1070 4686 Exponautnr
1092 4610 1273 4669 verba:
1296 4607 1556 4664 Dominus
1584 4605 1789 4664 creavit
1811 4621 1919 4674 me,
1947 4614 2119 4662 etc.--
2142 4599 2197 4659 D
2224 4608 2363 4663 ranti
2390 4607 2611 4675 saaculo,
2646 4616 2738 4662 aut
2763 4607 2981 4679 neganti
3009 4605 3269 4662 ltgerctico
3296 4605 3656 4663 demonstret.
3681 4605 3755 4661 Et
3780 4606 3842 4662 in

592 4757 611 4826 (
620 4753 671 4826 l)
712 4753 886 4825 Longo
907 4769 1123 4825 quoque.

593 4820 674 4899 (Ξ)
718 4820 1168 4899 Μίιῑαηξιινζιιιρξ
1199 4820 1588 4899 prona/runtur.

591 4892 675 4972 (ὅ)
715 4899 852 4954 Sunt
876 4897 1031 4952 abest
1056 4911 1087 4950 a
1111 4894 1411 4951 Veronensi
1433 4892 1752 4965 exemplari.

521 5042 716 5116 probet
738 5039 968 5116 l-lilarius
998 5037 1151 5116 nobis
1180 5037 1407 5092 multum
1433 5035 1675 5116 acquiri;
1708 5048 1830 5116 cpm
1859 5031 2111 5116 .Chri‘stus

518 5104 883 5176 adscettderit,
934 5120 989 5164 ut
1029 5111 1180 5164 homo
1225 5120 1395 5164 noster
1440 5104 1907 5181 gloriﬁcandnsdin
1948 5104 2111 5181 D_e_um

519 5175 895 5244 adscenderat:
929 5197 1036 5251 quo
1083 5181 1243 5236 modo
1270 5175 1539 5250 superius,
1554 5175 1624 5251 jt.
1662 5178 1949 5251 ll,__dixit,
1987 5175 2115 5231 Ver—

519 5264 638 5317 bum
668 5259 806 5313 Deus
832 5248 1174 5325 rarefactum
1214 5263 1307 5318 est,
1334 5248 1393 5325 (ut
1424 5267 1514 5325 per
1542 5248 1711 5325 Deum
1738 5248 1971 5325 _Verbnm
1997 5263 2114 5302 car-

519 5350 634 5389 nem
660 5319 1004 5403 factuntcaro
1034 5324 1299 5394 proﬁceret
1326 5324 1379 5403 in
1411 5319 1589 5403 Deum
1625 5319 1865 5403 Verbum.
1889 5319 2012 5403 sunt.
2028 5333 2115 5403 scf

517 5390 688 5476 quens
740 5390 1082 5476 particulam
1128 5390 1240 5476 iton
1281 5400 1366 5450 est
1392 5395 1683 5476 cattsativa,
1741 5392 1834 5476 sed
1886 5390 2114 5476 illud-ut

518 5466 669 5530 Iiomo
713 5466 903 5538 noster,
954 5466 1179 5541 perinde
1194 5478 1294 5541 gest
1335 5481 1418 5529 ac,
1451 5474 1709 5541 tamquam
1751 5468 1902 5541 homo
1931 5471 2118 5541 ποετ-τω

518 5557 719 5601 naturte
747 5560 764 5599 :
795 5534 937 5627 quod
958 5534 1077 5627 'qtti
1102 5539 1286 5622 malet,
1321 5552 1467 5627 mox‘
1492 5551 1587 5605 pro
1637 5536 2003 5627 (inscenderet,
2038 5534 2118 5588 le-

517 5618 750 5690 gendum
780 5606 829 5671 ei
852 5606 1215 5690 adscenderit;
1244 5614 1503 5666 autcerte
1525 5622 1645 5663 cum
1672 5606 1993 5664 Carnutensi
2024 5620 2118 5662 co-

514 5686 636 5748 dice
664 5686 947 5743 adscendit.

589 5760 669 5832 (η)
709 5757 782 5815 lta
811 5757 991 5829 plures
1017 5771 1147 5814 mss.
1196 5754 1304 5813 Alii
1343 5767 1475 5812 vero
1513 5767 1637 5811 cum
1663 5750 1918 5824 vulgatis,
1964 5747 2114 5807 scito-

513 5835 671 5895 lam.

2294 4748 2374 4821 (4)
2418 4749 2503 4806 Me
2525 4750 2750 4805 initium.

2292 4821 2371 4895 (5)
2418 4822 2745 4879 Veronensis
2772 4834 2972 4895 patrem
2998 4840 3106 4883 non
3128 4827 3390 4896 geminat.

2291 5029 2367 5103 (b)
2410 5030 2465 5086 ln
2496 5045 2597 5086 ms.
2636 5030 2759 5084 Vat.
2805 5028 2923 5085 bas.
2954 5027 3236 5103 diuinitatis
3262 5043 3283 5083 :
3303 5036 3575 5103 corrupte.
3606 5027 3732 5085 Mox
3781 5031 3844 5090 in

2217 5100 2421 5172 aliquot
2449 5103 2590 5165 aliis,
2622 5103 2816 5173 deﬁcit,
2856 5117 2966 5173 pro
2995 5101 3364 5173 deﬁcitur-rex
3408 5100 3561 5157 scioli
3603 5105 3843 5159 temeri-

2218 5184 2346 5230 tate.
2382 5173 2458 5229 Ita
2489 5175 2634 5230 enim
2675 5171 2818 5245 apud
2840 5171 3185 5239 Ciceronem,
3218 5172 3413 5229 Mulier
3454 5173 3685 5228 abundat
3726 5192 3842 5231 au-

2217 5245 2388 5311 dacia,
2422 5245 2639 5300 consitio
2667 5256 2713 5300 et
2736 5246 2936 5301 ratione
2961 5245 3222 5316 deﬁcitur.

2294 5364 2363 5435 (c)
2407 5361 2627 5437 Veteres
2660 5361 2786 5417 libri
2811 5361 3104 5437 Itebitudine
3130 5379 3143 5416 :
3175 5377 3242 5418 ex
3269 5378 3377 5433 quo
3397 5363 3451 5418 in
3482 5378 3589 5420 uno
3611 5361 3841 5437 Remig.

2226 5434 2393 5510 prave
2420 5435 2725 5490 confectum
2753 5445 2837 5489 est
2867 5434 3187 5489 habitudine.

2299 5528 2377 5602 (ιι)
2416 5529 2571 5602 Bad.,
2607 5528 2700 5583 Er.
2727 5537 2786 5602 et
2815 5526 2963 5602 Lips.
2992 5528 3355 5602 initium,siue
3375 5529 3449 5593 in,
3481 5527 3844 5602 consentien-

2225 5599 2368 5658 tibus
2392 5600 2602 5670 aliquot
2627 5600 2863 5669 antiquis
2890 5599 3043 5655 libris
3071 5615 3193 5655 cum
3215 5599 3382 5656 LXX.
3409 5606 3479 5656 At
3509 5600 3839 5671 particulam

2221 5675 2273 5728 in
2323 5672 2627 5729 addendam
2677 5685 2800 5742 esse
2831 5671 3001 5742 liquet
3051 5681 3161 5727 tum
3192 5687 3258 5729 ex
3309 5672 3588 5737 subnexis,
3616 5682 3726 5726 tum
3761 5684 3841 5729 ex

2221 5746 2317 5800 lib.
2352 5761 2449 5809 xu,
2479 5760 2534 5800 n.
2563 5744 2655 5804 35.
2686 5741 2841 5801 Unde
2868 5743 2921 5799 in
2948 5759 3050 5801 ms.
3077 5742 3194 5802 bas.
3228 5743 3350 5801 Vat.
3380 5752 3437 5802 et
3460 5745 3580 5801 aliis
3607 5744 3838 5816 legitur,

2220 5817 2274 5874 in
2290 5817 2455 5873 initio.
