4040 6328
239 345 312 406 49
1485 346 1570 406 DE
1608 345 1987 406 TRINITATE
2025 347 2234 407 LIBER
2260 351 2325 409 ll.
3475 357 3546 415 50

240 464 347 522 hoc
393 464 607 537 quidem
657 474 864 522 tantum
897 466 1194 523 voluntatis
1241 481 1374 523 mea:
1406 465 1679 538 professio
1720 472 1918 533 est:A
2020 470 2330 541 festantibus
2383 468 2561 543 pauca
2619 476 2955 546 prtelocutus,
3003 477 3074 532 ad
3114 478 3440 536 scribendum
3483 482 3547 537 de

237 568 496 614 cmterutn
528 552 712 615 auxilii
740 572 789 615 ct
816 564 965 616 miser
984 560 1202 616 icordiu:
1226 569 1330 616 tute
1358 576 1552 616 munus
1573 561 1838 618 orandum

207 661 345 718 rest,
374 662 429 706 ut
458 660 680 708 extensa
712 654 804 708 tibi
832 653 953 708 ﬁdei
986 662 1184 710 nostrae
1219 652 1692 726 confessionisque
1720 656 1838 709 vela

245 746 375 803 ﬂatu
419 747 652 818 Spiritus
698 750 774 803 tui
806 749 1052 819 impleas,
1089 764 1293 818 nosque
1319 750 1373 803 in
1400 762 1618 804 cursum
1644 747 1840 820 praedi-

237 842 469 896 cationis
517 840 663 896 initur
706 842 1000 913 propellas.
1054 841 1170 897 Non
1203 842 1349 898 enim
1398 841 1555 898 nobis
1604 840 1842 898 infidelis

234 933 545 1003 sponsionis
569 934 720 990 istius
740 947 927 991 auctor
951 943 1054 995 est.
1087 935 1274 991 dicens
1301 954 1313 989 :
1348 934 1534 1001 Pelite,
1561 943 1606 991 et
1634 935 1841 990 dabitur

234 1028 411 1094 vobis;
440 1028 672 1097 qntvrite,
704 1039 750 1083 et
794 1030 1098 1099 invenietis;
1130 1030 1350 1102 pulsate,
1384 1040 1431 1084 et
1463 1028 1721 1102 aperietur
1751 1045 1839 1083 vo-

235 1126 310 1179 bis
340 1122 491 1195 (Luc.
525 1139 602 1191 XI,
632 1122 714 1195 9).
760 1123 868 1178 Nos
897 1124 1114 1195 quidem
1144 1126 1335 1195 inopes
1364 1139 1426 1179 ea
1468 1123 1665 1193 quibus
1714 1136 1842 1194 ege-

235 1232 358 1272 mus
391 1216 760 1287 precabiinur,
793 1226 848 1272 et
870 1217 922 1272 in
962 1216 1269 1273 scrutandis
1301 1219 1687 1288 prophetarum
1720 1228 1840 1270 tuo-

230 1327 352 1366 rum
383 1311 861 1385 apostolorumque
900 1311 1061 1368 dictis
1086 1313 1322 1367 studium
1354 1312 1605 1384 pervieax
1647 1311 1838 1368 affere-

228 1421 374 1472 mus,
406 1412 462 1461 et
491 1420 683 1461 omnes
723 1406 991 1463 obserata:
1019 1406 1390 1479 intelligentia:
1432 1407 1612 1463 aditus
1655 1407 1839 1478 pulsa-

229 1499 441 1555 bimus:
464 1499 561 1555 sed
593 1509 742 1555 tuum
768 1507 871 1568 est,
891 1508 1174 1555 etoratum
1195 1499 1454 1566 tribuere,
1475 1509 1531 1555 et
1546 1500 1836 1570 qumsitum

227 1591 447 1659 adesse,
478 1600 534 1648 et
560 1601 746 1662 patere
777 1593 1069 1664 pulsatum.
1099 1593 1402 1664 Torpemus
1424 1592 1570 1648 enim
1599 1591 1834 1662 quodam

229 1695 437 1742 natura:
465 1694 663 1743 nostra:
690 1686 845 1758 pigro
873 1696 1116 1757 stupore,
1148 1696 1203 1743 et
1244 1686 1321 1742 ad
1356 1702 1444 1742 res
1474 1694 1594 1741 tuas
1636 1685 1838 1742 intelli-

227 1780 433 1852 gendas
475 1781 614 1838 intra
643 1780 961 1853 ignorantiae
990 1782 1370 1838 necessitatem
1422 1781 1625 1852 ingenii
1661 1781 1835 1836 nostri

2018 573 2123 618 tam
2146 565 2423 621 reconditis
2444 567 2593 623 rebus
2622 569 2835 624 inuitum
2859 587 2911 626 se
2946 588 3006 626 ac
3029 580 3330 628 trementem
3354 573 3547 628 adduci

2017 658 2252 729 pluribus
2296 669 2628 731 protestatur.
2674 662 2817 717 Hinc
2860 664 2948 719 ubi
3011 666 3215 737 aperuit
3265 665 3329 721 de
3385 665 3549 721 Patre

2015 753 2139 825 quid
2179 754 2387 821 sentiat,
2442 755 2605 808 rerbis
2644 773 2752 811 rem
2800 767 2854 811 ut
2894 767 2971 813 est
3000 775 3103 814 non
3132 760 3257 815 satis
3296 760 3549 831 explicari

2017 849 2256 904 ostendit.
2285 848 2480 904 Deinde
2510 850 2635 921 quid
2658 852 2724 905 sit
2743 851 2926 921 quidve
2960 869 3063 906 non
3092 853 3156 907 sit
3192 852 3363 910 Filius
3385 870 3548 927 expoo

2016 943 2130 1007 nit;
2167 952 2216 995 et
2254 943 2425 1015 arguit
2459 960 2567 1011 eos,
2595 944 2683 1014 qui
2710 944 2884 1015 inique
2913 943 3086 1014 [erunt
3116 960 3171 998 se
3195 946 3546 1017 generationis

2013 1037 2158 1091 illius
2187 1046 2560 1093 sacramentum
2605 1054 2787 1111 capere
2816 1055 2919 1093 non
2959 1054 3149 1109 posse;
3187 1056 3300 1094 cum
3329 1050 3402 1095 tot
3421 1040 3542 1095 aliis

2015 1132 2070 1185 in
2093 1130 2267 1198 rebus,
2289 1132 2443 1186 etiam
2465 1132 2593 1199 suis,
2620 1132 2975 1203 aequanimiter
2993 1131 3217 1202 imperiti
3241 1133 3363 1188 sint.
3392 1132 3544 1187 Hanc

2013 1239 2131 1278 vero
2154 1222 2551 1279 iuenarrabilem
2582 1223 2710 1279 Filii
2740 1223 2839 1280 Dei
2865 1226 3249 1296 generationem
3290 1226 3513 1296 sapienti
3524 1254 3541 1267 α

2013 1316 2106 1370 bus
2137 1316 2331 1385 steculi,
2358 1315 2538 1372 scribis
2561 1317 2704 1390 legis,
2732 1327 2779 1371 et
2806 1318 3059 1373 htereticis
3096 1318 3415 1391 ignoratum,
3460 1320 3545 1375 di-

2015 1410 2133 1464 vina
2157 1410 2300 1465 illius
2331 1421 2516 1465 natura
2556 1411 2701 1483 prius
2739 1412 2919 1483 paucis
2976 1412 3345 1483 demonstrata,
3380 1413 3547 1470 verbis

2017 1501 2301 1558 Piscatoris
2321 1504 2570 1572 explicat.

1942 1594 2135 1651 Postea
2161 1596 2317 1667 ﬁdem
2360 1596 2650 1667 Scripturis
2692 1599 2963 1671 fundatam
3000 1600 3384 1668 commendans,
3429 1617 3545 1656 eam

2013 1690 2385 1747 medicamento
2435 1703 2699 1765 comparat
2744 1693 3009 1749 medendis
3064 1692 3301 1749 omnibus
3353 1695 3547 1749 morbis

2013 1784 2223 1852 idoneo,
2274 1786 2431 1856 idque
2467 1788 2737 1857 conﬁrmat
2774 1788 2950 1842 allatis
2994 1786 3287 1858 Scriptum
3315 1788 3544 1843 testiino-

230 1873 608 1930 imbecillitate
628 1874 946 1932 cohibemur
971 1892 985 1928 :
1008 1874 1103 1930 sed
1130 1873 1392 1929 doctrina:
1417 1881 1522 1927 tuae
1551 1872 1728 1928 studia
1765 1870 1831 1927 ad
1863 1878 1911 1938 B
2010 1878 2130 1944 niis,
2167 1878 2352 1949 quibus
2391 1878 2611 1934 Sabellii
2638 1880 2794 1935 simul
2842 1890 2891 1934 et
2933 1879 3178 1935 Hebionis
3204 1881 3545 1936 Arianorum-

228 1982 448 2023 sensum
498 1984 598 2023 nos
647 1967 845 2022 divinae
895 1966 1222 2036 cognitionis
1269 1964 1352 2039 (ι)
1404 1964 1732 2029 instituunt,
1781 1971 1839 2018 et

232 2062 370 2118 ultra
419 2061 723 2116 naturalem
756 2060 1067 2131 opinionem
1099 2057 1223 2114 ﬁdei
1254 2057 1330 2129 (a)
1365 2055 1674 2112 obcdientia
1708 2071 1836 2126 pro-

231 2156 401 2212 vehit.

305 2249 396 2305 58.
444 2249 831 2320 Exspectamus
897 2262 1028 2320 ergo
1076 2255 1135 2303 ut
1204 2246 1397 2318 trepidi
1460 2247 1622 2318 hujus
1672 2247 1838 2320 empti

228 2339 454 2397 exordia
485 2342 697 2406 incites,
733 2352 787 2396 et
834 2340 1075 2411 profectu
1115 2347 1467 2396 accrescente
1514 2340 1833 2409 conﬁrmes,

228 2442 284 2487 et
314 2432 382 2487 ad
407 2433 743 2489 consortium
774 2434 858 2488 vel
900 2433 1235 2503 projihctalis
1275 2432 1359 2487 vel
1408 2432 1696 2504 apostolici
1719 2434 1835 2503 spi-

227 2526 365 2581 ritus
390 2541 553 2583 voees
580 2544 592 2581 :
626 2528 837 2582 ntdicta
868 2543 1055 2583 eorum
1090 2543 1194 2583 non
1224 2528 1331 2583 alio
1351 2543 1514 2600 quam
1540 2528 1640 2600 ipsi
1662 2528 1831 2586 locuti

228 2629 355 2676 sunt
384 2635 548 2676 sensu
595 2620 1090 2693 apprehendamus,
1138 2622 1541 2694 verborumque
1588 2624 1835 2694 proprie-

228 2724 369 2771 tates
410 2713 602 2769 iisdem
652 2730 831 2771 rerum
886 2715 1372 2786 signiﬁcationibus
1440 2731 1828 2788 exsequamur.

226 2807 488 2863 Locuturi
512 2808 653 2863 enim
677 2822 884 2875 smnus,
909 2824 1033 2878 quae
1060 2809 1129 2865 ab
1157 2809 1296 2864 iisin
1321 2819 1668 2865 sacramento
1696 2824 1834 2880 prae-
1927 2807 1931 2812 “

228 2899 407 2955 dicata
438 2911 585 2968 sunt,
619 2910 670 2956 te
698 2908 965 2958 asternum
995 2901 1186 2966 Deum,
1219 2902 1410 2957 salerni
1449 2902 1709 2974 unigeniti
1737 2904 1831 2959 Del

230 3002 439 3064 patrem
471 3010 483 3046 :
511 3001 568 3048 et
606 3009 770 3049 unum
804 3002 855 3048 te
880 2996 997 3050 sine
1034 2992 1336 3058 nativitate,
1365 3003 1422 3049 et
1457 3011 1623 3050 unum
1655 2995 1835 3051 Domi-

232 3101 359 3140 num
412 3084 597 3142 Jesum
629 3085 905 3141 Christum
932 3102 1001 3144 ex
1048 3095 1099 3142 te
1130 3086 1424 3142 nativitatis
1452 3099 1693 3155 aeternae,
1726 3105 1833 3143 non

230 3177 283 3234 in
313 3177 388 3253 (b)
414 3180 638 3236 deorum
670 3195 955 3236 numerum
980 3166 1221 3235 veritatis
1249 3181 1564 3236 diversitate
1592 3181 1836 3237 referen-

2008 1986 2105 2040 que
2125 1981 2407 2027 commenta
2435 1971 2777 2026 debellantur.
2840 1971 2964 2027 Non
3012 1982 3143 2027 tacet
3191 1972 3429 2045 quwdam
3479 1973 3544 2026 de

2012 2060 2216 2118 Christo
2241 2065 2294 2119 in
2320 2064 2609 2136 Scripturis
2638 2066 2929 2132 memorari,
2957 2082 3074 2139 quae
3100 2065 3215 2122 Deo
3229 2065 3442 2138 indigna
3465 2066 3543 2121 vi—

2013 2155 2233 2210 deantur
2251 2174 2269 2223 ;
2296 2157 2387 2213 sed
2424 2157 2478 2211 in
2502 2159 2566 2212 iis
2593 2159 2743 2226 ipsis,
2769 2175 2884 2230 qua:
2906 2159 3117 2214 humani
3158 2159 3360 2232 generis
3385 2174 3544 2214 causa

2014 2250 2286 2319 pertulisse
2313 2260 2578 2317 narratur,
2603 2253 2825 2307 ostendit
2852 2268 2955 2308 non
2978 2254 3155 2308 deesse
3186 2254 3456 2325 potestatis
3483 2269 3545 2307 ac

2012 2345 2275 2416 dignitatis
2299 2345 2468 2417 signa,
2502 2345 2685 2417 quibus
2710 2362 2827 2402 eum
2861 2362 2977 2402 vere
3006 2345 3173 2402 Deum
3206 2364 3313 2403 esse
3351 2347 3541 2405 doceo.

2013 2453 2060 2489 νη
2068 2453 2128 2490 ur
2135 2477 2148 2490 .

1937 2528 2170 2584 Tandem
2195 2529 2456 2602 Spiritum
2483 2539 2714 2585 sanctum
2754 2533 2972 2588 existere
3013 2549 3047 2588 a
3095 2531 3257 2589 Patre
3300 2541 3351 2587 et
3400 2530 3543 2593 Filio

2010 2621 2308 2678 distinctum
2333 2621 2536 2694 probaf,
2564 2631 2613 2678 et
2656 2639 2833 2679 eorum
2887 2625 3192 2698 scrupulum
3243 2624 3397 2691 leuat,
3451 2626 3543 2696 qui

2010 2717 2105 2771 hoc
2130 2726 2225 2771 aut
2252 2717 2492 2789 ignorant
2530 2727 2621 2772 aut
2655 2718 2944 2790 ambigunt,
2981 2720 3105 2789 quia
3142 2719 3377 2786 Spiritus
3419 2735 3541 2773 voce

2009 2811 2222 2867 Patrem
2252 2820 2339 2866 aut
2367 2809 2565 2867 Filium
2586 2815 2877 2885 frequenter
2896 2814 3115 2886 intelligi
3140 2813 3365 2868 videant.
3395 2810 3541 2867 Prte-

2010 2913 2147 2959 terea
2201 2903 2585 2958 demonstratur
2626 2903 2856 2973 Spiritus
2910 2906 3076 2961 sancti
3115 2906 3287 2960 divina
3328 2913 3538 2973 natura,

2009 2997 2266 3068 ofﬁcium,
2299 3014 2452 3067 quam
2482 3003 2830 3056 necessarium
2856 2999 3002 3055 nobis
3031 3001 3096 3056 sit
3117 2999 3262 3055 illius
3303 3000 3527 3066 donum,

2010 3106 2171 3161 quove
2200 3092 2373 3146 studio
2397 3094 2811 3161 promerendum.

2013 3184 2064 3239 l.
2111 3184 2264 3253 Quod
2291 3186 2506 3257 sufﬁciat
2531 3186 2797 3244 Trinitatis
2837 3189 3024 3244 notitia
3066 3191 3120 3243 in
3148 3188 3399 3262 baptismo
3430 3195 3542 3242 tra-

229 3274 359 3329 dunt
389 3292 403 3329 :
432 3290 608 3347 neque
634 3290 742 3331 non
785 3291 852 3332 ex
888 3285 938 3331 te
963 3275 1235 3347 genitum,
1285 3276 1360 3349 (ε)
1402 3277 1491 3346 qui
1526 3276 1667 3333 Deus
1695 3292 1834 3333 unus
1862 3273 1908 3337 C
1941 3276 2068 3334 dita.
2100 3278 2507 3338 n-Sufﬁciebat
2549 3282 2896 3339 credentibus
2950 3283 3047 3340 Dei
3099 3298 3300 3349 sermo,
3342 3283 3433 3354 qui
3487 3283 3539 3338 in

230 3382 317 3433 es,
363 3367 796 3439 praedicandum;
849 3369 1022 3438 neque
1052 3367 1194 3423 aliud
1225 3385 1385 3440 quam
1432 3370 1599 3423 Deum
1624 3384 1832 3439 verum,

231 3461 322 3530 qui
348 3475 413 3516 ex
444 3470 495 3516 te
528 3459 610 3533 (2)
640 3461 750 3516 Deo
781 3475 915 3517 vero
939 3471 1091 3532 patre
1117 3471 1274 3517 natus
1301 3471 1406 3530 est,
1438 3461 1830 3518 conﬁtendum.

232 3554 434 3612 Tribue
462 3571 593 3628 ergo
624 3556 778 3614 nobis
804 3557 1093 3613 verborum
1123 3556 1593 3627 signiﬁcationem,
1628 3556 1833 3613 intelli-

183 3680 195 3689 δ
230 3653 429 3724 gentia:
474 3653 678 3720 lumen,
724 3652 994 3708 dictorum
1023 3651 1304 3716 honorem,
1358 3651 1601 3707 veritatis
1630 3650 1833 3707 ﬁdem:

231 3760 285 3804 et
319 3756 533 3817 praesta,
566 3756 624 3802 ut
649 3747 794 3819 quod
824 3747 1115 3811 credimus,
1150 3757 1204 3803 et
1249 3746 1567 3818 loquamur;
1605 3745 1832 3815 scilicet,

233 3854 293 3898 ut
321 3844 600 3915 contingat
628 3841 803 3908 nobis,
851 3856 1018 3897 unum
1048 3850 1101 3897 te
1136 3842 1301 3896 Deum
1350 3850 1557 3910 patrem
1586 3848 1642 3895 et
1671 3856 1837 3895 unum

235 3935 523 3990 Dominum
551 3934 737 3991 Jesum
764 3933 1037 3990 Christum
1065 3932 1135 3989 de
1160 3933 1447 4004 PrOpbetis
1492 3941 1655 4003 atque
1687 3937 1836 4003 Apo-

234 4029 392 4083 stolis
412 4027 881 4099 cognoscentibus,
899 4041 1040 4082 nunc
1069 4027 1354 4082 adversum
1384 4036 1642 4095 negantes
1666 4027 1838 4079 luere-

234 4121 397 4190 ticos,
426 4122 500 4177 ita
527 4120 607 4194 (ά)
637 4121 801 4177 Deum
828 4130 882 4176 et
904 4132 953 4176 te
982 4120 1376 4184 celebrare,-nc
1398 4119 1569 4173 solum
1594 4134 1608 4184 ;
1642 4125 1695 4172 et
1715 4132 1838 4174 eum

233 4214 556 4288 praedicare,
589 4230 655 4271 ne
686 4214 902 4270 falsum.

600 4352 843 4426 25—26
865 4351 1071 4408 LlBER
1097 4349 1475 4408 SECUNDUS.

230 4492 317 4549 De
363 4494 572 4549 veritate
611 4491 883 4547 Trinitatis
938 4491 1242 4562 generatim,
1288 4498 1338 4545 et
1394 4488 1458 4545 de
1513 4487 1837 4560 singularum

306 4603 650 4660 personarum
678 4587 925 4658 dignitate
951 4595 1001 4640 et
1048 4584 1224 4656 ofﬁcio
1265 4582 1573 4638 nominatim
1610 4582 1834 4639 disserit.

1938 3384 2099 3425 aures
2127 3378 2339 3428 nostras
2363 3372 2723 3445 Evangelistaa
2736 3377 3046 3433 testimonio
3068 3391 3191 3433 cum
3210 3377 3327 3448 ipsa
3340 3376 3543 3432 verita-

1938 3463 2009 3518 tis
2051 3478 2164 3519 suae
2216 3465 2416 3522 virtute
2460 3468 2762 3526 translusus
2787 3478 2894 3537 est,
2923 3484 3045 3526 cum
3077 3470 3209 3526 dicit
3237 3471 3538 3528 Dominus:

1939 3554 2138 3612 Euntes
2163 3574 2301 3612 nunc
2325 3558 2500 3615 docete
2543 3577 2718 3616 omnes
2760 3572 2957 3634 gentes,
3000 3563 3320 3635 baptizantes
3358 3579 3446 3618 eos
3486 3563 3543 3617 in

1938 3651 2144 3705 nomine
2186 3650 2364 3706 Patris
2389 3662 2435 3708 et
2463 3652 2589 3709 Filii
2614 3664 2663 3709 et
2691 3653 2923 3727 Spiritus
2954 3655 3162 3724 Sancti,
3192 3657 3430 3712 docentes
3456 3671 3542 3710 eos

1938 3760 2140 3801 servare
2163 3746 2334 3801 omnia
2362 3740 2697 3821 qutecumque
2727 3748 2796 3822 (e)
2827 3752 3017 3806 mando
3042 3749 3184 3806 vobis
3208 3765 3228 3805 :
3248 3761 3299 3805 et
3316 3765 3431 3805 ecce
3449 3762 3543 3821 ego

1940 3837 2199 3891 vobiscum
2228 3855 2344 3893 sum
2377 3841 2611 3896 omnibus
2658 3840 2839 3897 diebus
2870 3858 3030 3912 usque
3056 3843 3111 3896 in
3140 3842 3546 3897 consummatio-

1942 3945 2056 3984 nem
2082 3930 2260 3985 swculi
2290 3930 2505 4000 (Matth.
2532 3947 2716 3998 xxvm,
2749 3932 2839 3998 19,
2885 3932 3003 4003 20).
3046 3932 3184 3999 Quid
3210 3931 3355 3986 enim
3377 3930 3459 4004 (3)
3484 3930 3541 3986 in

1943 4036 2010 4076 eo
2056 4022 2125 4077 de
2175 4033 2517 4078 sacramento
2564 4023 2633 4094 (ι’)
2674 4023 2864 4078 salutis
2894 4021 3270 4078 humanmuon
3299 4022 3545 4077 contine-

1944 4115 2071 4169 tur?
2091 4121 2185 4169 aut
2208 4098 2336 4185 quid
2365 4124 2469 4181 est,
2505 4115 2648 4184 quod
2674 4114 2744 4170 sit
2770 4115 3036 4186 reliquum
3073 4124 3165 4171 aut
3209 4114 3545 4172 obscurum?

1944 4208 2108 4263 Plena
2136 4215 2262 4262 sunt
2287 4208 2469 4263 omnia
2493 4217 2553 4264 ut
2578 4223 2609 4264 a
2639 4208 2798 4280 pleno
2829 4208 2931 4281 ,(4)
2957 4218 3013 4265 et
3037 4225 3065 4263 a
3092 4207 3334 4280 perfecto
3364 4208 3546 4280 perfe-
3588 4226 3597 4234 '

1949 4312 2035 4358 cta
2093 4301 2197 4376 (9).
2227 4301 2362 4359 Nam
2395 4311 2450 4359 et
2475 4303 2765 4362 verborum
2804 4303 3281 4376 signiﬁcationem,
3324 4315 3381 4360 et
3421 4304 3545 4360 efﬁ-

1946 4395 2199 4454 cientiam
2229 4413 2432 4466 rerum,
2461 4408 2513 4454 et
2566 4398 2903 4470 negotiorum
2946 4396 3217 4465 ordinem,
3259 4405 3315 4454 et
3338 4405 3549 4453 natura:

1946 4489 2355 4562 intelligentiam
2410 4490 2895 4562 comprehendunt.
2947 4490 3229 4561 Baptizare
3271 4490 3431 4561 jussit
3491 4491 3548 4545 in

1944 4585 2155 4639 nomine
2177 4582 2355 4640 Patris
2379 4594 2428 4640 et
2456 4583 2589 4639 Filii
2633 4593 2684 4639 et
2735 4583 2970 4656 Spiritus
3014 4584 3202 4652 sancti,
3246 4583 3297 4638 id
3333 4592 3442 4649 est,
3492 4583 3551 4639 in

309 4683 387 4737 Ac
432 4683 596 4747 primo
645 4681 851 4752 quidem
890 4679 1118 4733 declarat
1155 4676 1389 4732 Hilarius
1437 4678 1568 4732 tanti
1606 4678 1915 4750 mysteriiD
1941 4679 2283 4737 confessione
2328 4690 2386 4736 et
2432 4680 2692 4747 auctoris,
2742 4691 2799 4736 et
2843 4678 2923 4755 (It)
2965 4678 3250 4749 uuigeniti,
3295 4683 3352 4733 et
3394 4675 3548 4733 doni.

308 4780 546 4834 notitiam
574 4780 625 4833 in
650 4778 900 4850 baptismo
920 4775 1165 4830 traditam
1195 4775 1456 4843 sufﬁcere.
1487 4772 1621 4828 Tum
1641 4774 1703 4829 de
1728 4773 1835 4830 lue-

307 4887 482 4927 resum
513 4870 732 4942 origine,
765 4868 928 4938 deque
965 4867 1219 4922 htereticis
1256 4864 1526 4922 Trinitatis
1561 4865 1719 4937 [idem
1757 4867 1841 4921 in-

337 4985 392 5055 i)
438 4984 733 5040 Instruunt.

337 4986 392 5055 i)
438 4986 733 5040 Instruunt.

308 4986 395 5134 ξε)
437 5060 494 5115 ln
517 5067 703 5114 nostro
731 5071 833 5112 ms.
861 5054 1217 5129 supprimitur
1250 5068 1359 5110 vox
1382 5053 1511 5109 Dea.

310 5175 391 5249 (a)
429 5178 486 5232 lu
514 5176 634 5233 cod.
673 5175 790 5231 Vat.
816 5175 940 5249 Abas.
968 5173 1306 5249 obedientiam
1328 5170 1653 5249 protraltunt,
1684 5169 1845 5249 male.
1885 5182 1891 5195 '

234 5242 525 5321 Quomodo
570 5259 748 5303 autem
805 5247 940 5303 ﬁdes
971 5243 1445 5321 nus_provehat_ad
1475 5242 1551 5321 id,
1582 5242 1724 5321 quod
1754 5256 1849 5298 na-

236 5314 435 5379 furalis
495 5335 687 5376 sensus
738 5335 844 5375 non
895 5314 1149 5390 attingit,
1204 5318 1455 5387 superius
1502 5314 1612 5386 jam
1662 5314 1848 5371 obser-

1942 4776 2148 4830 Auctor
2176 4790 2316 4830 unus
2342 4783 2427 4830 est
2445 4775 2709 4830 omnium.
2743 4774 2896 4830 Unus
2917 4781 3003 4829 est
3022 4772 3169 4830 enim
3195 4773 3339 4829 Deus
3363 4772 3543 4840 Pater,

1941 4882 2009 4923 ex
2039 4881 2146 4938 quo
2168 4868 2384 4933 omnia;
2414 4876 2469 4923 et
2506 4883 2646 4922 unus
2674 4865 2997 4938 Unigenitus
3048 4866 3313 4923 Dominus
3364 4872 3552 4923 noster

2015 4981 2098 5053 (3)
2139 4980 2207 5053 In
2235 4982 2413 5039 eodem
2433 4983 2795 5041 Sacramenta.
2824 5033 2828 5037 «

2017 5052 2103 5127 (4)
2140 5052 2213 5109 Et
2240 5060 2466 5127 perfecto
2499 5059 2751 5128 profecta.

1951 5186 2106 5241 teque
2135 5170 2421 5228 referatur.
2453 5172 2571 5228 Mox
2601 5173 2653 5228 in
2684 5172 2910 5230 Carnut.
2959 5181 3015 5230 et
3057 5172 3199 5240 aliis,
3229 5190 3322 5228 nec
3364 5172 3554 5241 solum,

1952 5258 2044 5297 nec
2086 5242 2278 5315 falsum
2301 5261 2320 5299 :
2346 5245 2524 5301 minus
2552 5245 2784 5301 sincere.
2815 5245 2927 5302 Hoc
2952 5247 3096 5302 enim
3139 5245 3244 5302 sibi
3297 5244 3448 5300 vult:
3484 5245 3559 5301 ita

1953 5324 2008 5371 et
2036 5323 2089 5370 te
2112 5314 2391 5372 celebrare
2436 5316 2627 5384 Deum,
2658 5326 2715 5373 ut
2759 5333 2867 5375 nou
2899 5318 3200 5374 solitarium
3245 5316 3554 5384 credamus,

1954 5396 2158 5458 etcum
2188 5387 2483 5458 praedicare
2527 5389 2715 5457 Deum,
2744 5400 2804 5446 ut
2852 5404 2958 5446 non
3003 5389 3197 5445 falsum
3237 5388 3557 5458 cogitemus.

1962 5457 2098 5532 Tum
2127 5458 2184 5532 in
2212 5460 2375 5532 Corb.
2404 5459 2658 5532 adjicitur
2678 5461 2916 5517 clausula
2949 5463 3129 5516 Amen.

236 5405 448 5450 Vatum.

318 5466 393 5537 (b)
431 5463 711 5537 Vetustas
735 5462 907 5519 codex
949 5462 1113 5537 Coll):
1136 5476 1259 5518 eum
1291 5459 1475 5517 Germ.
1509 5458 1585 5513 uti
1612 5471 1846 5530 praemo-

241 5529 487 5600 nuimus,
513 5553 662 5590 unm.
698 5536 785 5602 11,
815 5535 992 5589 nonin
1025 5535 1244 5588 duorum
1275 5546 1568 5586 numerum.
1616 5529 1623 5530 ί
2034 5529 2105 5599 (e)
2146 5530 2310 5598 Editi,
2341 5529 2583 5588 mandavi
2612 5549 2632 5588 :
2655 5532 3043 5602 reluctantibus
3069 5544 3201 5588 mss.

316 5608 390 5681 (ο)
430 5608 531 5681 bis.
569 5607 686 5661 Vat.
736 5600 1034 5681 basqguia
1063 5604 1226 5659 Deus.
1278 5602 1401 5681 M_u_x
1429 5604 1676 5681 Carn._et
1702 5616 1844 5657 non-
1974 5603 2099 5681 __([)
2136 5602 2212 5659 Ita
2247 5620 2381 5681 mss.
2407 5605 2741 5681 antiquiores
2768 5605 2945 5667 Colb.,
2976 5600 3165 5673 Carn.,
3193 5602 3406 5672 Germ.,
3450 5614 3560 5663 etc.

242 5671 383 5738 nulli
407 5680 523 5745 alii,
555 5696 719 5750 neque
742 5679 797 5732 in
835 5671 981 5733 aliud
999 5695 1017 5743 ;
1047 5685 1254 5747 postea,
1283 5674 1372 5731 ubi
1415 5692 1480 5731 ex
1504 5684 1551 5728 te
1595 5671 1707 5729 Deo
1732 5689 1850 5728 vero
1919 5693 1922 5696 ’
1957 5671 2219 5750 Alli-Cll!!!
2252 5671 2583 5750 vulgatis,_in
2605 5680 2781 5750 eodem
2804 5685 3144 5732 sacramento.

244 5764 417 5826 patre,
444 5754 604 5826 abest
631 5747 742 5805 Deo
767 5767 795 5805 a
826 5750 1102 5826 plerisque
1127 5764 1259 5826 mss.
1391 5818 1422 5826 μ
1663 5815 1713 5826 η
1750 5816 1784 5826 __
2030 5749 2110 5826 (ς)
2149 5747 2277 5803 Mss.
2322 5749 2438 5826 bas.
2488 5747 2632 5814 Vat.,
2684 5749 2905 5803 Carnut.
2952 5763 3074 5804 cum
3115 5749 3300 5821 paucis
3347 5748 3491 5820 aliis,
3513 5756 3565 5806 ‘et

323 5815 412 5894 (ιη’
440 5824 495 5895 In
520 5832 735 5878 vetusto
762 5815 948 5879 codice
985 5815 1144 5895 Colb.
1187 5821 1259 5874 ita
1287 5828 1335 5873 et
1380 5818 1543 5895 Deum
1564 5827 1629 5872 te.
1663 5815 1855 5895 Melius
1963 5815 2191 5895 perfecto
2214 5823 2465 5895 profecta.
2487 5889 2549 5895 κ,

244 5886 343 5953 alii
364 5886 437 5953 ita
466 5894 630 5949 Deum
655 5895 946 5957 collocant,
970 5886 1027 5949 tit
1052 5892 1165 5947 haec
1193 5904 1293 5945 vox
1320 5900 1370 5946 et
1398 5890 1467 5945 ad
1498 5899 1545 5943 te
1573 5896 1628 5942 et
1648 5888 1713 5943 ad
1740 5905 1855 5943 eum
1963 5886 1973 5891 ’
2035 5886 2117 5962 (It)
2158 5886 2271 5946 Duo
2306 5886 2433 5945 inss.
2479 5889 2633 5947 Cdlb.
2668 5901 2719 5947 et
2740 5892 2926 5949 Germ.
2952 5891 3202 5961 nnigeniti
3225 5888 3340 5947 Dei.
