4040 6328
168 184 251 201 ὀυκ

255 341 329 400 53
1450 332 1542 394 DE
1578 333 1956 395 TRINITA'I’E
1994 334 2206 394 LIBER
2230 336 2299 395 II.
3503 346 3577 403 54.

255 457 586 529 concedens,
628 470 737 515 non
774 470 842 513 ex
886 454 999 512 Deo
1034 452 1334 522 hominem,
1375 452 1473 510 sed
1522 468 1591 511 ex
1638 451 1861 510 homine
1884 450 1940 516 Α
1966 452 2142 510 omnis
2168 452 2250 526 (2)
2264 466 2460 510 sensus
2488 450 2729 512 incertus
2755 460 2861 512 est.
2876 451 3023 528 Ergo
3042 467 3151 513 non
3166 457 3451 529 praeceptis
3480 458 3580 515 ali-

258 554 431 611 Deum
452 550 726 625 proferat;
749 563 928 622 neque
958 549 1261 606 subsistens
1280 555 1438 604 antea
1458 545 1602 619 quod
1625 547 1677 603 in
1706 544 1862 619 prin-

262 647 410 719 cipio
435 646 576 718 apud
600 645 769 703 Deum
799 652 916 701 erat
940 642 1086 701 Deus
1119 642 1356 700 Verbum
1398 632 1555 715 virgo
1582 639 1662 715 (a)
1686 654 1865 698 susce-

254 741 421 815 perit,
453 739 550 797 sed
597 752 818 795 carnem
870 738 1116 811 genuerit
1169 752 1267 809 per
1310 735 1572 805 verbum;
1632 733 1756 807 quia
1807 733 1862 790 in

257 834 441 893 Verbo
467 843 624 890 antea
656 832 750 906 (b),
768 847 877 889 non
899 831 1179 888 existentis
1208 829 1471 902 uuigeniti
1500 825 1596 885 Dei
1615 837 1862 883 naturam

253 928 420 996 dicat,
447 926 543 984 sed
573 941 767 983 sonum
794 926 942 982 vocis
967 925 1167 982 elatum
1195 941 1209 980 :
1243 934 1303 979 ut
1337 923 1502 995 aliqui
1527 921 1689 993 hujus
1718 936 1862 977 nunc

254 1024 516 1096 temporis
541 1021 951 1096 praedicatores,
977 1020 1067 1092 qui
1093 1034 1161 1075 ex
1180 1018 1351 1075 nihilo
1373 1024 1533 1090 atque
1554 1032 1584 1071 a
1619 1027 1861 1088 tempore

253 1118 486 1174 formam
514 1127 568 1171 et
586 1115 910 1186 sapientiam
940 1123 994 1169 et
1017 1112 1272 1169 virtutem
1304 1111 1399 1168 Dei
1431 1109 1767 1183 provehunt;
1792 1125 1861 1167 ne

250 1211 300 1268 si
331 1226 398 1267 ex
427 1209 585 1266 Patre
613 1207 684 1264 sit
709 1207 899 1276 Filius,
929 1207 1072 1263 Deus
1101 1205 1173 1262 sit
1195 1204 1516 1261 imminutus
1539 1204 1593 1259 in
1621 1202 1855 1270 Filium;

249 1306 471 1365 solliciti
510 1304 762 1372 nimium,
791 1320 859 1361 ne
880 1305 1096 1360 Patrem
1141 1301 1311 1359 Filius
1337 1299 1409 1357 ab
1436 1314 1503 1356 eo
1550 1308 1708 1354 natus
1733 1313 1861 1354 eva-

249 1412 378 1461 cuet
411 1420 426 1459 :
455 1411 616 1474 atque
646 1399 851 1458 idcirco
875 1400 987 1455 Deo
1014 1399 1067 1455 in
1091 1398 1183 1453 ﬁlii
1206 1396 1487 1454 creatione
1509 1392 1853 1462 subveniant,

248 1511 375 1553 cum
406 1512 471 1553 ex
497 1511 602 1551 non
626 1493 969 1551 exstantibus
987 1489 1373 1563 comparando,
1400 1497 1457 1545 ut
1481 1490 1622 1544 intra
1651 1479 1857 1542 natura:

248 1607 363 1648 suae
389 1589 781 1664 perfectionem
824 1589 1006 1654 Pater,
1041 1585 1165 1659 quia
1208 1585 1341 1642 nihil
1391 1598 1459 1641 ex
1497 1598 1562 1640 eo
1599 1582 1667 1639 sit
1708 1580 1857 1654 geni-

246 1696 384 1753 tum,
411 1692 744 1759 perseveret.
777 1685 893 1742 Jam
912 1700 1043 1741 vero
1070 1680 1199 1756 quid
1227 1685 1446 1750 mirum,
1478 1688 1538 1738 ut
1562 1681 1629 1737 de
1649 1680 1855 1753 Spiritu

247 1790 437 1839 sancto
487 1780 700 1837 diversa
750 1776 825 1851 (c)
874 1778 1132 1844 sentiant,
1186 1776 1279 1847 qui
1324 1776 1377 1831 in
1432 1775 1689 1847 largitore
1738 1772 1854 1845 ejus

1967 545 2096 620 quid
2124 545 2432 603 addendum
2459 556 2565 616 est,
2594 547 2692 605 sed
2713 550 2907 608 modus
2931 559 3015 607 est
3040 551 3452 608 constituendus
3481 568 3576 610 au-

1966 638 2136 696 daciae
2169 657 2183 697 :
2212 649 2270 697 ut
2307 641 2431 713 quia
2470 640 2778 714 malignitas
2814 645 3072 702 instinctu
3110 644 3395 703 diabolicae
3424 645 3575 702 frau-

1965 733 2222 792 dulentias
2269 735 2502 793 excitata
2550 738 2828 794 veritatem
2870 756 3051 797 rerum
3098 756 3198 815 per
3230 751 3440 799 natura:
3471 757 3573 798 no-

1964 830 2112 884 mina
2136 828 2305 885 eludit
2325 872 2340 897 ,
2368 844 2470 887 nos
2498 828 2580 905 (3)
2605 838 2853 888 naturam
2880 834 3161 891 nominum
3192 835 3571 908 proferamus;

1965 930 2021 978 et
2050 921 2229 991 editis,
2262 931 2422 994 prout
2446 925 2499 980 in
2528 925 2709 982 verbis
2740 924 3089 999 habebimus,
3117 929 3382 1003 dignitate
3412 940 3573 1001 atque

1965 1015 2145 1072 officio
2177 1016 2388 1087 Patris,
2422 1017 2546 1074 Filii
2572 1061 2586 1085 ,
2620 1018 2855 1092 Spiritus
2881 1021 3077 1090 sancti,
3109 1038 3219 1079 non
3251 1022 3576 1080 frustrentur

1965 1120 2171 1168 naturae
2210 1113 2633 1184 proprietatibus
2670 1115 2891 1172 nomina
2914 1160 2929 1186 ,
2961 1117 3056 1174 sed
3086 1117 3228 1173 intra
3264 1129 3472 1175 natura:
3503 1121 3579 1175 si.-

1962 1205 2360 1277 gnificationem
2411 1207 2721 1264 nominibus
2770 1217 3102 1267 coartentur.
3135 1210 3203 1267 Et
3233 1212 3418 1268 nescio
3447 1212 3575 1284 quid

1962 1296 2032 1353 de
2072 1297 2155 1354 his
2190 1299 2355 1355 rebus
2382 1300 2539 1357 aliter
2577 1301 2940 1359 sentientibus
2969 1303 3138 1359 animi
3166 1304 3257 1367 sit,
3287 1307 3572 1361 veritatem

1962 1392 2455 1462 eorrumpeutibus,
2488 1394 2741 1451 tenebras
2773 1395 2854 1470 (4)
2880 1396 2991 1453 1υοί
3018 1396 3399 1468 inferentibus,
3434 1397 3578 1454 insc-

1962 1485 2155 1540 cabilia
2186 1483 2564 1544 desecantibus
2584 1531 2601 1557 ,
2631 1488 2943 1561 incorrupta
2994 1490 3400 1559 scindentibus,
3434 1492 3576 1549 iudi-

1962 1578 2073 1634 visa
2099 1578 2476 1650 partientibus.
2515 1579 2593 1654 (g)
2623 1583 2830 1652 Quibus
2874 1583 2922 1641 si
2969 1584 3051 1660 (5)
3077 1594 3282 1641 tantum
3325 1585 3470 1642 factu
3497 1586 3577 1642 fa-

1961 1673 2065 1729 cile
2108 1684 2192 1729 est
2240 1674 2482 1747 perfecta
2522 1692 2891 1749 concerpere,
2916 1678 3007 1750 jus
3045 1695 3251 1752 ponere
3292 1679 3567 1753 potestati,

1959 1768 2178 1824 modum
2225 1771 2674 1828 circumscribere
2710 1772 2922 1829 infinito
2957 1792 2971 1830 :
3002 1772 3137 1830 mihi
3166 1784 3313 1831 certe
3354 1775 3438 1831 his
3485 1791 3575 1831 re-

249 1878 504 1947 ετθθηάο,
536 1887 592 1933 ει
618 1874 975 1943 demutando,
1028 1883 1084 1929 ει
1126 1870 1396 1929 abolendo
1427 1878 1535 1926 tam
1584 1870 1855 1926 temerarii
1887 1870 1937 1933 Β
1963 1861 2251 1932 spondenti
2276 1862 2330 1918 in
2359 1862 2508 1920 curis
2539 1872 2704 1922 aestus
2725 1874 2830 1935 est,
2852 1866 2903 1922 in
2919 1882 3084 1924 sensu
3113 1868 3263 1924 labes
3292 1864 3357 1942 (Γ.
3393 1868 3573 1940 tabes)

242 1971 355 2028 siut
380 1969 669 2027 auctores?
693 1978 858 2038 atque
887 1966 958 2021 ita
990 1965 1287 2021 dissolvant
1316 1962 1543 2033 perfecti
1571 1960 1733 2032 hujus
1770 1977 1858 2018 sa-

242 2063 511 2122 cramenti
542 2061 852 2126 veritatem,
876 2058 1004 2115 dum
1021 2054 1103 2131 (ά)
1127 2056 1461 2113 substantias
1481 2054 1858 2110 diversitatum

243 2157 301 2213 in
350 2155 512 2212 rebus
541 2163 648 2210 tam
701 2152 1085 2209 communibus
1115 2148 1455 2205 moliuntur:
1504 2149 1721 2204 Patrem
1764 2163 1858 2204 ne-

245 2247 444 2321 gando,
478 2247 605 2303 dum
627 2246 768 2303 Filio
794 2226 938 2316 quod
975 2252 1060 2300 est
1087 2242 1234 2298 filius
1260 2241 1545 2308 adimunt;
1593 2239 1853 2312 Spiritum

239 2349 488 2397 sanctum
519 2340 600 2412 (1)
629 2338 877 2410 negando
909 2335 1003 2410 (ε),
1036 2335 1166 2391 dum
1193 2344 1248 2391 et
1268 2351 1426 2391 usum
1472 2345 1528 2391 et
1560 2344 1851 2391 auctorem

239 2434 359 2505 ejus
376 2434 644 2505 ignorant.
665 2431 746 2489 ita
769 2438 826 2488 et
844 2430 1127 2501 imperitos
1150 2426 1404 2501 perdunt,
1426 2426 1553 2486 dum
1578 2428 1849 2485 rationem

237 2525 642 2601 praedicationis
691 2522 854 2595 hujus
882 2521 1190 2590 affirmant;
1225 2527 1282 2579 et
1309 2520 1593 2579 audientes
1632 2519 1849 2589 fallunt,

238 2619 368 2676 dum
400 2629 646 2675 naturam
669 2615 983 2673 nominibus
1012 2614 1279 2682 adimunt,
1309 2614 1435 2686 quia
1488 2614 1706 2671 nomina
1738 2630 1847 2672 non

239 2721 467 2787 possunt
486 2709 700 2768 auferre
725 2719 951 2767 naturae.
977 2707 1345 2764 Praetermitto
1374 2706 1581 2779 reliqua
1622 2707 1844 2764 humani

238 2812 466 2885 periculi
490 2810 732 2876 nomina,
757 2806 1095 2875 Valentinus,
1125 2802 1493 2874 Marcionitas,
1520 2804 1845 2862 Manichaeos

239 2913 531 2980 pestesque
557 2913 801 2971 caeteras,
840 2916 962 2974 quae
986 2898 1260 2956 interdum
1285 2897 1659 2970 imperitorum
1694 2913 1847 2955 men-

243 3012 319 3060 tes
348 3007 636 3071 occupant,
669 3005 724 3054 et
753 2997 873 3068 ipso
899 2993 1148 3066 contagio
1176 2992 1604 3049 conversationis
1622 2993 1732 3067 29
1759 2993 1844 3049 iu-

238 3097 427 3154 ficiunt
455 3112 470 3150 :
499 3093 666 3165 fitque
694 3090 937 3148 omnium
962 3089 1079 3144 lues
1107 3101 1236 3152 una,
1266 3084 1394 3141 dum
1426 3087 1478 3142 in
1506 3085 1841 3143 audientium

235 3206 454 3249 sensum
486 3186 894 3261 prscdicantium
924 3183 1145 3239 morbus
1174 3180 1493 3237 infunditur.

1960 1966 2064 2023 est,
2102 1958 2156 2013 in
2206 1956 2560 2030 intelligentia
2602 1968 2791 2032 stupor
2836 1970 2958 2028 est;
2989 1962 3043 2017 in
3090 1976 3346 2019 sermone
3389 1969 3571 2018 autem

1960 2067 2070 2108 non
2106 2053 2218 2124 jam
2266 2053 2662 2122 infirmitatem,
2692 2055 2788 2111 sed
2834 2055 3109 2113 silentium
3148 2054 3472 2112 confitebor.
3501 2055 3573 2112 Et

1960 2153 2111 2201 certe
2141 2145 2274 2201 mihi
2297 2157 2649 2221 extorquetur
2672 2149 2776 2206 hoc
2795 2150 2957 2219 velle,
2983 2150 3111 2206 dum
3141 2157 3197 2207 et
3225 2148 3464 2206 audacia:
3490 2166 3572 2208 rc-

1958 2239 2199 2307 sistitur,
2229 2249 2284 2297 et
2308 2243 2481 2298 errori
2512 2244 2844 2312 consulitur,
2872 2254 2929 2301 et
2967 2246 3288 2318 ignorantiae
3316 2245 3570 2317 provide-

1958 2342 2065 2390 tur.
2097 2334 2426 2392 Immensum
2469 2346 2553 2394 est
2590 2345 2777 2396 autem
2810 2340 2954 2411 quod
2978 2339 3232 2412 exigitur,
3264 2341 3569 2413 incompre-

1956 2425 2225 2484 ltensibile
2266 2441 2350 2484 est
2394 2430 2539 2501 quod
2581 2432 2843 2499 audetur;
2878 2443 2935 2489 ut
2980 2433 3119 2489 ultra
3148 2434 3565 2505 praefinitioncm

1956 2521 2075 2588 Dei,
2108 2536 2289 2578 sermo
2328 2522 2397 2580 de
2436 2524 2549 2581 Deo
2576 2526 2669 2581 sit.
2697 2525 2888 2582 Posuit
2928 2535 3135 2584 natura
3178 2529 3397 2584 nomina
3423 2571 3437 2595 ,
3469 2527 3570 2584 Pa-

1948 2610 2091 2673 trem
2113 2659 2128 2685 ,
2161 2616 2389 2686 Filium,
2423 2617 2687 2691 Spiritum
2738 2629 3011 2677 sanctum.
3052 2619 3223 2677 Extra
3252 2622 3565 2695 significau—

1953 2711 2083 2767 tiam
2132 2710 2403 2767 sermonis
2444 2722 2550 2781 est,
2578 2721 2733 2768 extra
2775 2728 2968 2771 sensus
2999 2714 3377 2783 intentionem,
3410 2722 3565 2771 extra

1951 2804 2325 2876 intelligentiae
2346 2805 2785 2878 conceptionem,
2813 2806 3073 2879 quidquid
3096 2807 3237 2863 ultra
3265 2807 3343 2883 (6)
3368 2807 3565 2880 quaeri-

1950 2908 2056 2968 tur,
2072 2915 2178 2955 nou
2210 2900 2541 2967 enuntiatur,
2574 2914 2678 2957 non
2702 2900 3003 2972 attingitur,
3026 2916 3135 2956 non
3160 2908 3396 2957 tenetur.
3426 2900 3562 2957 Ver-

1948 2992 2139 3049 borum
2169 2990 2583 3061 signiftcantiam
2611 2993 2689 3048 rei
2720 2992 2888 3063 ipsius
2905 3002 3094 3048 natura
3125 2990 3419 3060 consumit,
3437 3008 3564 3050 sen-

1947 3101 2041 3143 sus
2065 3087 2580 3155 contemplationem
2610 3087 3059 3158 imperSpicahile
3083 3088 3265 3144 iumen
3300 3086 3561 3155 obcaecat,

1948 3179 2317 3253 intelligentiae
2342 3179 2452 3254 3o
2475 3181 2826 3252 capacitatem
2855 3177 3114 3252 quidquid
3142 3179 3250 3237 fine
3270 3180 3419 3236 nullo
3435 3194 3563 3237 con-

309 3282 362 3340 5.
394 3281 472 3338 De
491 3280 679 3338 divinis
711 3295 997 3336 sermonem
1024 3294 1181 3349 quam
1204 3293 1340 3349 segre
1360 3294 1420 3331 ac
1440 3264 1659 3332 tremeni
1688 3277 1842 3332 insti-
1868 3278 1915 3342 C
1948 3275 2151 3331 tinetur
2188 3273 2421 3330 excedit.
2467 3273 2573 3330 Sed
2617 3288 2719 3330 nos
2762 3272 3107 3329 necessitatis
3151 3271 3314 3344 hujus
3339 3271 3409 3327 ab
3452 3286 3520 3329 eo
3540 3313 3557 3340 ,

231 3388 344 3436 tuat
372 3378 628 3434 Hilarius.
660 3406 733 3419 -—
758 3374 963 3431 Horum
1004 3373 1165 3445 igitur
1205 3371 1498 3428 infidelitas
1542 3373 1597 3429 in
1644 3388 1845 3445 anceps

231 3487 336 3529 nos
374 3471 442 3546 (Γ)
465 3485 528 3526 ac
555 3468 854 3541 periculum
884 3466 1170 3539 protrahit,
1205 3475 1262 3522 ut
1287 3480 1513 3522 necesse
1543 3466 1614 3522 sit
1636 3466 1703 3524 de
1724 3474 1843 3523 tan-

231 3568 304 3624 tis
324 3581 388 3623 ac
419 3574 526 3621 tam
558 3561 852 3620 reconditis
880 3561 1043 3617 rebus
1070 3559 1272 3630 aliquid
1296 3559 1436 3615 ultra
1464 3562 1840 3633 praescriptum

230 3658 454 3720 cceieste
480 3656 744 3731 proferre.
778 3656 997 3712 Dixerat
1026 3654 1285 3711 Dominus
1328 3652 1680 3726 baptizandus
1708 3670 1842 3729 gen—

230 3763 351 3822 tes,
402 3749 466 3809 In
510 3750 717 3807 nomine
767 3747 945 3804 Patris
994 3756 1041 3803 et
1091 3746 1222 3802 Filii
1268 3758 1320 3803 et
1368 3746 1598 3822 Spiritus
1648 3749 1833 3805 sancti.

228 3845 429 3907 Forma
458 3842 587 3902 fidei
614 3850 762 3902 certa
785 3849 870 3900 est
908 3857 927 3897 :
965 3838 1063 3899 sed
1115 3849 1377 3914 quantum
1434 3838 1503 3899 ad
1552 3841 1838 3902 haereticos

301 3981 385 4075 (1)
418 3982 740 4075 ἐγωοὶεηάο.

408 4060 625 4188 gmnes.
792 4133 805 4147 ι

466 4143 640 4191 aturas
666 4149 930 4190 nominum

304 4204 362 4280 (4
424 4203 655 4263 Lumini.

302 4172 952 4281 ὃς

424 4203 655 4263 Lumini.

231 4344 368 4387 mss.
398 4328 522 4386 Vat.
553 4328 670 4385 bas.
693 4328 877 4398 Colb.,
908 4325 1098 4394 Carn.,
1140 4333 1246 4382 etc.
1265 4322 1492 4398 Deinde
1533 4320 1687 4392 illud,
1733 4338 1837 4378 non

231 4420 297 4458 ea:
322 4399 425 4457 Deo
444 4399 724 4468 hominem,
771 4393 902 4467 etcl,
936 4399 988 4454 id
1029 4393 1133 4465 est,
1189 4395 1327 4453 nolit
1366 4393 1664 4468 Christum,
1714 4409 1837 4451 cum

235 4475 384 4546 prius
428 4472 569 4546 Deus
619 4482 785 4546 esset,
819 4472 1016 4528 factum
1046 4485 1169 4546 esse
1197 4467 1835 4546 ltontinem,_sed_postea

234 4537 395 4616 quam
428 4543 600 4601 factus
640 4554 725 4600 est
768 4537 955 4616 homo,
1001 4541 1238 4616 evasisse
1267 4537 1570 4616 DeumeAd
1603 4538 1835 4616 plurium

234 4608 478 4709 locorum
502 4615 917 4690 intelligentiam
940 4608 1143 4688 juverit
1167 4612 1305 4670 hanc
1334 4608 1618 4684 particulae
1637 4628 1701 4667 ea:
1727 4611 1834 4667 vim
1864 4647 1918 4709 D

232 4700 516 4746 annotare.

310 4760 386 4834 (a)
428 4761 572 4817 Edit.
607 4763 679 4834 in
721 4777 875 4818 carne
922 4759 1220 4832 susceperit.
1266 4755 1610 4828 Expunctum
1659 4761 1744 4813 est
1781 4756 1837 4812 in

234 4832 392 4888 carne
415 4832 733 4890 auctoritate
763 4848 893 4889 mss.

315 4904 389 4979 (ὁ)
428 4902 657 4979 Supple,
674 4920 825 4979 quam
839 4902 1012 4979 Maria
1030 4901 1260 4979 genuerit
1284 4916 1510 4957 carnem.
1542 4898 1655 4956 Hoc
1669 4914 1838 4979 pereo

234 4969 340 5035 sibi
367 4969 823 5044 i'ult,'liebionem
865 4974 1002 5031 verbi
1030 4969 1290 5040 'nomine,
1329 4981 1453 5028 ante
1481 4987 1641 5043 quam
1669 4969 1836 5027 Maria

233 5051 506 5123 genuerit,
556 5050 859 5123 intelligere
910 5056 1195 5123 externum
1243 5045 1392 5123 vocis
1421 5059 1671 5123 _souum,
1730 5059 1834 5098 non

236 5117 522 5180 Existentis
567 5138 665 5178 seu
710 5117 1056 5177 subsistentis
1109 5117 1363 5189 unigeniti
1421 5117 1513 5172 Dei
1556 5123 1833 5189 naturam.

236 5195 380 5252 Hinc
404 5194 604 5250 rectius
632 5209 754 5250 cum
781 5206 913 5247 mss.
943 5202 1094 5248 antea
1123 5188 1248 5259 non,
1275 5202 1435 5262 quam
1456 5188 1577 5246 cum
1605 5188 1836 5259 vulgatis

236 5284 343 5323 non
366 5276 515 5321 antea
546 5266 632 5321 hic
670 5266 851 5337 legere
884 5272 988 5320 est.

313 5339 386 5408 (ο)
424 5337 566 5394 Editi
595 5353 667 5393 ex
701 5332 861 5392 unico
902 5335 1204 5408 recentiore
1228 5349 1358 5408 _ms.
1409 5332 1604 5408 (3011),,Δ
1634 5332 1836 5386 diversa

239 5403 380 5467 nunc
407 5412 646 5466 sentiant.
672 5410 791 5465 Mox
823 5408 981 5474 Both,
1018 5407 1111 5475 Er.
1145 5415 1199 5463 et
1227 5405 1478 5475 Lips.‘ex
1506 5403 1696 5460 eodem
1730 5419 1836 5458 ms.

279 5484 333 5539 tsi
357 5484 412 5539 in
453 5484 697 5556 largitore
724 5481 836 5552 ejus
865 5490 913 5534 et
941 5490 1148 5556 austere
1188 5477 1429 5556 creando,
1459 5483 1590 5556 _etc.
1613 5475 1835 5556 _Filium

279 5503 330 5539 ιιι
357 5503 412 5539 τη
453 5503 697 5556 targuore
724 5503 836 5552 ejus
865 5503 913 5534 et
941 5503 1146 5535 uucwre
1188 5503 1429 5545 creatum,
1484 5503 1590 5532 etc.
1641 5503 1835 5531 l‘llllllll

238 5503 475 5623 Spiritus
493 5555 666 5610 sancti
687 5563 951 5608 auctorem
970 5553 1038 5608 ab
1065 5550 1270 5606 Hilario
1294 5548 1471 5623 vocari
1494 5549 1695 5623 certius
1712 5562 1838 5602 mox

241 5618 311 5685 es
335 5642 607 5684 consensu
634 5626 873 5680 omnium
903 5624 1017 5680 sive
1065 5622 1386 5693 scriptorum
1424 5620 1541 5688 sive
1571 5618 1835 5693 editorum

242 5699 491 5758 codicum
521 5698 858 5754 habebimus.
888 5695 1016 5755 Haec
1042 5693 1111 5751 de
1137 5691 1374 5758 A'rianis,
1413 5709 1518 5748 non
1556 5692 1625 5748 de
1668 5691 1842 5746 Mace-

244 5770 496 5830 donianis
526 5769 632 5825 dici
657 5767 991 5826 ostendimus
1021 5768 1073 5822 in
1098 5765 1497 5821 Admonitione.

324 5841 402 5916 (ιι)
438 5840 620 5916 Mallet
663 5842 784 5916 quis
836 5839 1241 5895 substantiarum
1270 5837 1616 5916 _dipersitates
1668 5849 1696 5916 ξ
1746 5834 1844 5892 sed

250 5906 411 5990 plura
436 5906 745 5988 hujusmodi
768 5923 1047 5987 troporum
1072 5908 1321 5984 exempla
1348 5909 1461 5983 jam
1493 5906 1842 5967 advertimus.

1950 3367 2043 3440 qui
2070 3370 2189 3423 haec
2212 3366 2393 3422 omnia
2413 3375 2497 3423 est
2516 3407 2533 3436 ,
2562 3365 2774 3423 veniam
2803 3365 3180 3437 deprecantes,
3212 3364 3553 3435 audebimus,

1950 3477 2291 3534 quaeremus,
2319 3462 2605 3532 loquemur
2636 3478 2649 3514 :
2675 3468 2732 3516 et
2754 3501 2769 3529 ,
2798 3459 2943 3532 quod
2990 3459 3163 3515 solum
3205 3458 3261 3516 in
3295 3467 3440 3515 tanta
3469 3474 3559 3515 re-

1948 3573 2067 3614 rum
2100 3556 2397 3628 quaestione
2422 3554 2810 3628 promittimus,
2832 3570 2897 3612 ea
2926 3570 3047 3627 quae
3067 3564 3228 3613 erunt
3254 3552 3554 3627 significata

1948 3650 2255 3708 credemus.

2020 3747 2075 3803 6.
2113 3744 2289 3802 Patris
2326 3746 2576 3802 notio.—
2602 3746 2765 3803 Pater
2807 3751 2926 3811 est,
2955 3759 3027 3800 ex
3059 3757 3168 3816 quo
3204 3756 3367 3799 omne
3406 3740 3553 3813 quod

1947 3851 2033 3901 est
2061 3842 2145 3916 (7)
2175 3841 2424 3899 constitit
2451 3838 2552 3915 (ἡ).
2582 3840 2706 3913 Ipse
2731 3840 2787 3898 in
2825 3837 3044 3896 Christo
3069 3846 3129 3895 et
3153 3851 3252 3910 per
3274 3833 3552 3893 Christum

2125 3985 2294 4043 Abest
2319 3992 2540 4040 tantum.

2125 3985 2294 4043 Abest
2319 3992 2429 4040 tant

2014 3985 2099 4203 {Si
2138 4058 2429 4124 citaretur.

2014 4129 2072 4204 (7
2127 4128 2393 4185 Consistit.

2127 4128 2393 4185 Consistit.

1945 4317 2098 4376 Unus
2125 4312 2396 4370 ille'locus
2416 4308 2645 4367 idoneus
2665 4312 2750 4365 est
2776 4308 3030 4365 evincere
3055 4317 3217 4377 quam
3241 4302 3547 4377 indubitata

1945 4389 2151 4448 Hilario
2177 4385 2337 4442 fuerit
2356 4383 2533 4440 Patris
2561 4391 2617 4439 et
2644 4380 2769 4438 Filii
2819 4386 2876 4438 et
2912 4376 3148 4450 Spiritus
3191 4376 3385 4450 sancti
3411 4392 3545 4433 con-

1945 4447 2394 4525 substantialitas,
2444 4471 2566 4513 cum
2627 4461 2813 4525 aperte
2863 4447 3082 4525 respuat
3125 4447 3547 4525 substantiarum

1945 4532 2286 4591 diversitates
2309 4529 2361 4584 in
2380 4521 2557 4584 tribus
2584 4521 2749 4583 rebus
2773 4521 3074 4582 substantia
3107 4529 3214 4577 tam
3246 4521 3548 4577 communi-

1947 4607 2069 4663 bus.
2105 4603 2258 4660 Unde
2288 4610 2342 4657 et
2371 4599 2508 4656 infra
2537 4614 2685 4656 nunt.
2719 4598 2772 4664 5,
2812 4596 2970 4652 aliter
2996 4592 3296 4664 sentientes
3335 4592 3413 4647 sic
3446 4592 3544 4647 ha—

1941 4679 2054 4747 bet,
2088 4684 2147 4732 ut
2172 4675 2261 4746 qui
2313 4671 2564 4747 tenebras
2588 4670 2697 4747 luci
2726 4663 3001 4747 inferant,
3033 4663 3348 4747 insecabilia
3389 4664 3545 4721 dese-

1940 4738 2088 4818 cen't,
2119 4738 2720 4818 incorruptascindaut,
2751 4739 2975 4818 indivisa
3006 4738 3325 4818 partiamur;

2012 4806 2088 4896 (ej
2115 4820 2233 4896 _Sie_
2248 4806 2571 4896 vetustiores
2602 4806 2732 4896 mss.
2758 4812 2875 4868 bas.
2912 4806 3059 4875 Vult,
3090 4807 3272 4896 (ξοιιξτ,
3293 4806 3542 4896 Carnut.,

1940 4880 2171 4951 etc‘.’At
2194 4889 2359 4947 Corb.
2399 4896 2455 4943 et
2492 4885 2822 4942 recentiores
2874 4898 2997 4939 cum
3048 4880 3276 4951 vulgatis
3307 4880 3417 4945 hic,
3446 4894 3545 4951 pro

1942 4950 2205 5040 negantia,
2232 4960 2491 5040 exhibent
2528 4955 2830 5040 nesciendo.
2874 4953 2992 5040 Non
3024 4952 3313 5034 obscurum
3345 4961 3429 5007 est
3458 4950 3548 5007 Fi-

1941 5024 2071 5094 liu’m
2119 5024 2561 5107 spiritussancti
2609 5036 2887 5107 auctorem
2942 5026 3028 5079 hic
3080 5024 3288 5107 vocari,
3342 5038 3547 5092 eosque

1945 5096 2181 5181 Spiritus
2212 5103 2384 5181 sancti
2425 5118 2599 5163 usum.
2652 5100 2705 5156 id
2748 5106 2854 5181 est,
2897 5096 3230 5181 consortium
3270 5096 3541 5181 ignorare,

1914 5218 1919 5221 λ
1944 5165 2035 5254 qui
2069 5181 2261 5254 Filium
2291 5177 2559 5254 ignorant,
2586 5188 2743 5254 aquo
2772 5172 2860 5227 ille
2881 5179 2964 5227 est
2983 5183 3047 5224 ac
3070 5166 3226 5224 nobis
3252 5165 3433 5224 datur.

2018 5252 2084 5323 (f)
2117 5250 2378 5323 Particuia
2402 5264 2459 5301 ac
2488 5246 2872 5323 res’titu-iturex
2904 5256 3036 5323 mss.

2132 5321 2417 5399 lieeeutior
2438 5334 2539 5399 ms.
2563 5312 3087 5399 Colb._glussemati's
3116 5308 3365 5399 foedatus,
3402 5318 3459 5399 et
3480 5326 3549 5399 ex_

1945 5383 2188 5456 eowBad.
2233 5404 2289 5450 et
2323 5391 2442 5447 Er.:
2473 5389 2667 5457 Quibus
2697 5383 2911 5461 si'factu
2941 5383 3094 5461 facite
3122 5393 3273 5461 esset,
3294 5393 3551 5461 cuperent

1948 5454 2175 5544 perfecta
2225 5454 2548 5532 concerperve.
2580 5454 2812 5544 Lips..ct
2855 5454 3001 5544 Par.:
3030 5454 3451 5544 Quibnsufacile
3473 5466 3554 5544 est

2041 5537 2172 5612 {ecta
2219 5553 2521 5606 conccrpcre
2563 5550 2581 5588 :
2623 5537 2980 5612 castigantur
3019 5542 3088 5612 ex
3139 5537 3348 5612 exteris
3403 5542 3545 5612 mss.

1986 5559 2172 5612 erjecra
2219 5559 2521 5606 conccrpcre
2563 5559 2580 5588 .'
2623 5559 2949 5600 cuatlguutur
3019 5559 3088 5582 ca
3139 5559 3348 5582 ωυιυιω
3407 5559 3545 5585 ut“,

1944 5559 2152 5670 fieinde
2192 5626 2290 5681 pro
2308 5612 2402 5684 jus
2432 5622 2639 5681 ponere,
2671 5603 2854 5660 habet.
2883 5601 3006 5658 Vat.
3036 5596 3155 5656 bas.
3188 5599 3360 5656 codex
3389 5598 3547 5671 ﬁnem

1945 5702 2215 5832 ροῗίῗέίο
2237 5769 2395 5832 ωδε...
2429 5761 2481 5806 at
2504 5748 2652 5832 editi,
2685 5745 2933 5831 consistit.
2956 5743 3091 5832 Tum
3122 5746 3178 5830 in
3213 5752 3428 5832 vetes-to.
3454 5759 3549 5801 co-

1948 5815 2333 5897 dice'Remig.,
2361 5815 2481 5896 Ipse
2506 5821 2559 5876 in
2580 5818 2781 5897 Christo
2805 5829 2850 5897 et
2871 5836 2962 5893 per
2991 5820 3266 5897 Spiritum.
3285 5815 3433 5897 Patri
3452 5832 3552 5897 ξιι-

1951 5887 2060 5962 tem
2106 5887 2405 5974 propiium'
2427 5905 2511 5953 est
2549 5907 2671 5952 esse
2697 5887 2960 5966 originem
2990 5887 3252 5962 omnium,
3279 5887 3436 5962 quod,
3466 5889 3553 5945 in-
