4040 6328
500 310 571 364 55
1656 297 1902 359 SANC'I‘I
1954 294 2215 354 HILARII
2257 294 2565 356 EPISCOPI
3747 301 3824 359 se

500 428 653 499 origo
680 426 950 483 omnium.
971 423 1235 481 Ceterum
1263 418 1341 496 (a)
1368 420 1487 491 ejus
1512 419 1594 494 (l)
1620 417 1812 476 essein
1844 433 1968 475 sese
1995 425 2100 483 est,
2133 425 2187 486 Α
2213 415 2331 487 Ipse
2359 416 2628 486 ingenitus
2648 459 2662 483 ,
2691 425 2929 473 mternus
2948 459 2965 485 ,
2988 416 3196 474 habens
3227 417 3280 474 in
3318 432 3379 474 se
3413 431 3633 485 semper
3655 417 3734 492 (g)
3765 429 3831 475 ut

501 536 610 576 non
637 518 859 576 aliunde
887 517 1028 590 quod
1059 527 1142 573 est
1166 529 1410 583 sumens,
1441 514 1538 570 sed
1570 513 1623 569 id
1652 512 1797 583 quod
1820 521 1921 578 est,
1953 528 2018 567 es
2047 527 2108 569 se

503 623 665 685 atque
692 613 748 668 in
777 627 837 668 se
862 612 1130 667 obtinens.
1168 607 1438 675 inﬁnitus,
1472 606 1594 678 quia
1627 622 1735 662 non
1776 606 1892 676 ipse
1918 605 1973 660 in
2007 604 2107 659 ali-

503 723 643 779 quo,
676 706 771 762 sed
819 707 957 761 intra
1004 720 1127 759 eum
1180 704 1400 768 omnia;
1431 716 1646 772 semper
1697 709 1850 757 extra
1892 700 2105 764 locum,

502 804 625 875 quia
666 816 771 857 non
810 799 1122 856 continetur
1163 797 1271 871 (b);
1309 812 1524 867 semper
1563 805 1688 851 ante
1732 809 1941 859 arvum,
1983 794 2105 862 quia

505 908 714 967 tempus
751 893 821 949 ab
851 908 916 948 eo
946 904 1051 948 est.
1085 891 1255 947 Curre
1283 905 1443 946 sensu
1472 889 1521 945 si
1560 887 1686 959 quid
1719 887 1767 942 ei
1796 898 1953 957 putas
1982 884 2107 940 ulti-

502 1004 650 1044 mum
675 1002 819 1053 esse,
849 1001 972 1041 cum
1011 998 1228 1055 semper
1260 982 1510 1039 invenies
1536 998 1549 1034 :
1574 980 1698 1051 quia
1741 994 1862 1034 cum
1890 992 2111 1049 semper

502 1080 772 1146 intendas,
814 1094 1029 1150 semper
1066 1086 1150 1133 est
1195 1075 1338 1148 quod
1370 1073 1642 1130 intendas.
1672 1072 1901 1144 Semper
1931 1082 2111 1129 autem

502 1171 682 1228 locum
715 1171 833 1241 ejus
860 1170 1140 1225 intendere
1165 1169 1239 1223 ita
1276 1167 1374 1224 tibi
1404 1175 1507 1233 est,
1544 1176 1601 1221 ut
1627 1166 1675 1221 ei
1707 1180 1828 1220 esse
1856 1164 1974 1221 sine
2005 1164 2112 1220 line

504 1273 607 1321 est.
640 1242 834 1320 Sermo
857 1262 909 1318 in
943 1277 1008 1318 eo
1036 1262 1284 1327 deﬁciet,
1315 1275 1421 1317 non
1452 1268 1641 1314 natura
1668 1258 1967 1312 claudctur.
2002 1255 2109 1310 lte-

505 1374 625 1413 rum
659 1358 877 1413 revolve
908 1365 1175 1427 tempora,
1203 1369 1328 1410 esse
1353 1367 1569 1425 semper
1597 1352 1837 1407 invenies
1870 1369 1883 1405 :
1910 1358 2111 1405 etcum

505 1452 700 1509 calculi
741 1468 1001 1507 numerus
1048 1452 1101 1506 in
1154 1464 1409 1507 sermone
1448 1448 1746 1514 defecerit,
1774 1447 1883 1502 Deo
1933 1456 2112 1501 tamen

504 1561 724 1617 semper
763 1560 883 1601 esse
924 1560 1029 1599 non
1080 1543 1284 1599 delicit.
1332 1541 1749 1612 lntelligentiam
1796 1553 2111 1600 commove,

506 1646 564 1694 et
591 1649 760 1694 totum
784 1648 965 1692 mente
994 1636 1391 1706 complectere;
1422 1635 1554 1689 nihil
1583 1642 1757 1689 tenes.
1784 1633 1978 1689 Totum
2010 1631 2141 1687 hoc-

508 1731 672 1789 liabet
701 1731 991 1802 reliquum,
1026 1731 1295 1801 reliquum
1322 1738 1501 1784 autem
1542 1729 1645 1784 hoc
1671 1743 1886 1799 semper
1911 1728 1966 1782 in
2003 1737 2117 1783 toto

2211 524 2426 579 semper
2455 512 2544 566 sit.
2581 511 2693 568 Soli
2722 511 2860 567 Filio
2892 523 3049 566 notus
3076 531 3089 568 ς
3114 513 3241 584 quia
3262 513 3476 570 Patrem
3498 516 3833 571 nemonovit

2212 606 2312 660 nisi
2343 605 2530 673 Filius,
2556 607 2732 679 et31
2753 609 2838 662 cui
2873 607 3101 663 voluerit
3140 608 3308 663 Filius
3340 608 3616 675 revelare;
3647 625 3830 680 neque

2212 698 2411 753 Filium
2443 700 2544 754 nisi
2574 698 2735 756 Pater
2768 719 2780 753 :
2817 700 2922 754 illis
2972 702 3198 757 scientia
3236 710 3420 756 mutua
3463 710 3565 766 est,
3601 702 3713 756 illis
3740 703 3831 756 vi-

2213 792 2393 847 cissim
2422 795 2658 864 cognitio
2691 793 2949 865 perlecta.
2980 795 3046 849 Et
3072 796 3196 866 quia
3233 794 3450 849 Patrem
3483 809 3643 850 nemo
3676 796 3835 849 novit

2213 888 2315 942 nisi
2343 885 2533 950 Filius,
2562 888 2629 943 de
2659 887 2815 942 Patre
2841 890 2923 958 (ι)
2960 888 3039 959 (Ιι)
3068 903 3169 942 una
3202 904 3321 943 cum
3357 889 3630 943 rcvclante
3662 887 3830 954 Filio,

2215 981 2304 1050 qui
2335 978 2484 1034 solus
2514 980 2669 1035 testis
2702 979 2875 1035 ﬁdelis
2902 990 3009 1046 est,
3040 982 3360 1036 sentiamus.

2287 1072 2339 1127 7.
2370 1072 2527 1127 Pater
2559 1072 2839 1142 ine/[abitis
2869 1085 2965 1128 est.
3000 1073 3099 1130 Dei
3126 1076 3338 1130 scientia
3364 1078 3610 1148 perfecta.
3642 1106 3715 1116 —
3737 1076 3837 1131 At-

2215 1183 2323 1238 que
2369 1169 2484 1222 ltasc
2529 1167 2794 1223 senserim
2828 1168 3007 1238 p0tius
3037 1168 3106 1224 de
3136 1168 3297 1223 Patre
3319 1210 3334 1234 ,
3358 1183 3518 1239 quam
3548 1169 3789 1225 dixerim
3820 1187 3835 1224 :

2218 1276 2342 1316 liam
2370 1276 2460 1317 me
2487 1278 2592 1316 non
2626 1260 2704 1334 (5)
2732 1260 2885 1332 fugit,
2917 1263 3059 1332 quod
3086 1262 3153 1318 ad
3183 1279 3243 1318 ca
3269 1279 3389 1334 qua:
3416 1264 3539 1334 ejus
3568 1271 3698 1319 sunt
3718 1265 3838 1318 elo-

2216 1356 2463 1427 quentia,
2517 1369 2699 1411 sermo
2745 1358 2923 1411 omnis
2969 1355 3215 1411 inﬁrmus
3266 1357 3355 1411 sit.
3393 1357 3459 1429 (i)
3500 1356 3833 1412 Sentietidus

2218 1462 2302 1506 cst
2330 1451 2637 1517 invisibilis,
2670 1451 3252 1520 incomprelnnsihilis,
3279 1463 3537 1505 teteruus.
3561 1450 3835 1507 (laterum

2219 1545 2394 1614 ipsum
2421 1544 2565 1615 quod
2596 1543 2674 1616 (6)
2705 1545 2782 1617 (j)
2817 1546 2867 1599 in
2911 1544 3206 1615 semetipso
3234 1555 3289 1600 et
3336 1561 3362 1597 a
3393 1545 3687 1615 semetipso
3742 1547 3833 1611 sit,

2219 1647 2274 1692 et
2304 1640 2419 1709 ipse
2449 1654 2545 1709 per
2572 1652 2632 1693 se
2662 1640 2765 1704 sit;
2797 1638 2939 1708 quod
2980 1637 3299 1705 invisibilis,
3334 1635 3412 1710 (7)
3444 1646 3498 1693 et
3526 1637 3838 1707 incompre~

2223 1731 2528 1798 liensibilis,
2556 1742 2611 1787 et.
2637 1732 2711 1806 (It)
2743 1732 3072 1787 immortalis
3100 1750 3113 1786 :
3150 1732 3201 1786 in
3237 1732 3321 1787 his
3351 1731 3565 1804 quidem
3610 1732 3840 1787 honoris

511 1838 615 1887 est.
650 1827 791 1897 Ergo
830 1840 1004 1896 neque
1029 1823 1103 1898 (c)
1131 1834 1303 1881 totmn
1324 1866 1340 1892 ,
1372 1824 1460 1880 cui
1491 1823 1760 1893 reliquum
1796 1830 1911 1890 est;
1942 1837 2120 1893 neque
2150 1831 2199 1892 B
2225 1824 2499 1882 confessio
2530 1835 2646 1893 est,
2675 1833 2731 1881 et
2759 1841 2954 1881 sensus
2986 1825 3309 1897 signiﬁcatio
3329 1867 3344 1892 ,
3376 1837 3429 1881 ct
3456 1826 3699 1898 qumdam
3731 1827 3841 1881 cir-

510 1923 780 1993 reliquum
820 1930 905 1978 est
945 1918 1025 1994 (2)
1072 1920 1155 1991 (tl)
1200 1933 1392 1985 omne,
1417 1917 1561 1989 quod
1604 1926 1773 1972 totum
1823 1923 1926 1972 est.
1979 1915 2125 1970 Reli-

510 2031 677 2088 quum
717 2014 863 2070 enim
886 2056 900 2081 ,
935 2014 1114 2084 portio
1139 2021 1253 2077 est;
1279 2026 1442 2067 omne
1464 2025 1619 2078 vero,
1648 2009 1793 2081 quod
1818 2018 1988 2065 totum
2016 2019 2119 2065 est.

513 2110 658 2164 Deus
701 2118 880 2164 autem
924 2115 978 2162 et
1021 2105 1222 2175 ubique
1266 2113 1370 2171 est,
1403 2113 1458 2160 et
1490 2113 1633 2160 totus
1664 2104 1987 2176 ubicumque
2017 2111 2122 2158 est.

512 2202 589 2259 lta
620 2201 692 2277 (ε)
733 2204 1008 2273 regionem
1060 2200 1429 2273 intelligentite
1476 2200 1726 2265 excedit,
1761 2208 1914 2256 extra
1963 2214 2122 2269 quem

512 2298 646 2353 nihil
671 2304 777 2363 est,
804 2307 861 2352 et
890 2297 977 2351 cui
1016 2305 1101 2352 est
1128 2310 1345 2366 semper
1369 2302 1429 2350 ut
1450 2309 1667 2365 semper
1699 2292 1791 2349 sit.
1824 2292 1951 2348 Hice
1980 2293 2123 2348 veri-

512 2401 596 2448 tas
625 2401 711 2448 est
749 2390 1077 2447 sacramenti
1118 2390 1234 2459 Dei,
1268 2389 1375 2445 hoc
1415 2388 1493 2462 (5)
1535 2388 1988 2460 imperspicabilis
2019 2405 2119 2443 na-

514 2495 650 2540 tura!
701 2500 899 2540 nomen
948 2485 1001 2539 in
1046 2484 1229 2540 Patre.
1271 2484 1414 2539 Deus
1452 2483 1774 2550 invisibilis,
1810 2481 2118 2548 inell‘abilis,

517 2582 762 2637 inlinitus
787 2602 797 2634 :
822 2581 889 2638 ad
921 2596 1085 2653 quem
1124 2590 1181 2638 et
1218 2579 1582 2651 eloquendum
1614 2593 1796 2634 sermo
1845 2578 2028 2641 sileat,
2069 2586 2126 2634 et

517 2675 953 2746 investigandum
992 2688 1188 2730 sensus
1220 2673 1529 2739 hebetetur,
1563 2681 1618 2729 et
1655 2672 2125 2743 complectendum

520 2770 877 2841 intelligentia
904 2777 1200 2826 coartetur.
1230 2768 1401 2825 Habet
1427 2779 1626 2832 tamen,
1658 2776 1717 2821 ut
1741 2768 1998 2834 diximus,
2029 2783 2126 2822 na-

521 2872 660 2919 tura:
680 2879 792 2919 suae
820 2879 1019 2919 nomen
1042 2864 1096 2918 in
1121 2871 1313 2934 patre:
1339 2861 1433 2917 sed
1462 2871 1618 2932 pater
1638 2869 1847 2917 tantum
1876 2872 1977 2916 est.
2009 2861 2128 2916 Non

522 2957 667 3014 enim
691 2959 928 3014 humano
952 2956 1117 3013 modo
1144 2956 1306 3013 habet
1330 2954 1549 3011 aliunde
1571 2955 1713 3026 quod
1747 2965 1899 3026 pater
1926 2965 2010 3012 est
2037 2954 2127 3029 (f).

622 3073 675 3130 li
703 3073 919 3130 Excidit
944 3089 1070 3129 esse.

620 3142 679 3214 2)
707 3146 805 3201 Ms.
841 3146 1066 3203 Veron.:
1114 3146 1197 3201 cui
1239 3153 1287 3200 et
1326 3159 1473 3199 omne
1498 3142 1638 3214 quod
1667 3150 1828 3197 totum
1872 3153 1963 3199 est.
1997 3144 2128 3201 Itec«

523 3215 629 3289 tius
660 3215 767 3288 'pro
812 3228 858 3273 et
897 3219 1147 3289 suppleas
1176 3228 1269 3271 est.
1301 3215 1362 3289 In
1414 3215 1726 3289 Erasmiana
1779 3216 1857 3269 sic
1895 3215 2127 3289 legitur:

526 3286 685 3359 Ergo
699 3306 860 3359 neque
890 3286 1052 3343 totum
1077 3291 1123 3343 ei
1153 3297 1246 3349 est,
1275 3287 1358 3340 cui
1382 3286 1636 3355 reliquum
1674 3295 1780 3351 est;
1806 3303 1967 3359 neque
1994 3287 2129 3341 reli-

526 3377 683 3431 quum
703 3370 799 3431 est,
824 3362 909 3414 cui
938 3376 1086 3414 omne
1110 3361 1248 3425 quod
1275 3367 1367 3424 est,
1399 3367 1558 3412 totum
1583 3365 1676 3411 est.

627 3431 681 3500 ὃ)
704 3428 1145 3500 Imperspicabile.

624 3498 681 3568 4)
712 3501 830 3557 Una
858 3498 976 3556 cum
1006 3500 1167 3568 Filio,
1197 3500 1451 3556 revelante
1476 3498 1641 3557 Filio.

527 3623 640 3694 quit
662 3621 996 3692 Augustinus
1027 3634 1146 3694 ser.
1171 3633 1320 3694 uxr,
1352 3633 1501 3672 num.
1531 3617 1603 3673 26
1630 3635 1654 3694 :_
1676 3619 1751 3673 Ab
1776 3619 1869 3674 illo
1897 3619 1961 3673 sit
1988 3619 2135 3692 origo

531 3691 770 3765 operum,
793 3710 823 3746 a
852 3708 952 3763 quo
972 3700 1047 3746 est
1067 3691 1333 3765 existentia
1359 3692 1755 3765 cooperantium
1776 3707 2132 3763 personarum.

605 3765 680 3838 (a)
707 3765 779 3820 lta
802 3761 911 3819 duo
942 3779 1071 3838 mss.
1100 3762 1254 3838 Colli.
1282 3761 1616 3838 totidemque
1645 3761 2133 3838 Va_ticani,_n_ecnon

534 3837 590 3909 in
613 3832 873 3909 escerpto
911 3836 1052 3907 quod
1090 3851 1174 3909 Δει
1220 3835 1324 3889 hoc
1365 3834 1483 3909 loco
1526 3832 1601 3909 _ad
1652 3835 1851 3909 calcem
1880 3834 2030 3909 _libr_i
2080 3835 2133 3889 in

531 3904 908 3964 Constaniium
929 3904 1254 3963 translatum
1295 3911 1396 3960 est.
1428 3905 1495 3958 At
1524 3904 1579 3958 in
1607 3906 1836 3975 vulgatis
1860 3905 2137 3961 desidera-

533 3990 620 4036 tur
644 3983 761 4054 ejus
784 3999 803 4036 :
825 3996 960 4054 quae
973 3981 1240 4054 vox‘sola,
1263 3978 1509 4054 δίης-εδει
1526 4018 1542 4044 ,
1576 3987 1751 4054 exstat
1789 3980 1840 4054 in
1870 3980 2136 4054 vetustio-

528 4046 685 4108 ribus
706 4046 1049 4118 mss.'Colb.,
1082 4050 1291 4123 Remig.
1313 4090 1327 4114 ,
1354 4046 1548 4117 Cori»,
1580 4048 1767 4113 Faur.,
1802 4052 1969 4123 l’rat.,
1999 4050 2134 4103 Car—

533 4132 652 4181 nut.
679 4124 747 4179 Et
780 4124 833 4179 in
886 4124 987 4179 hoc
1033 4122 1283 4193 quidem,
1308 4135 1407 4192 pro
1452 4123 1585 4185 e'as,
1618 4123 1684 4176 ab
1723 4122 1936 4191 antiqua
1972 4137 2135 4176 manu

535 4198 773 4246 secunda
803 4195 1100 4246 repositum
1129 4205 1211 4246 est
1234 4196 1279 4246 is
1306 4211 1318 4246 :
1345 4141 1499 4246 ttqu
1510 4202 1566 4246 et
1594 4193 1718 4246 inde
1745 4193 1796 4246 in
1823 4194 2135 4246 posteriori-

535 4198 773 4253 secunda
803 4195 1100 4265 repositum
1129 4205 1211 4250 est
1234 4196 1279 4249 is
1306 4211 1318 4247 :
1345 4193 1488 4265 quod
1506 4202 1566 4265 et
1594 4193 1718 4248 inde
1745 4193 1796 4246 in
1822 4194 2135 4263 posteriori-

532 4268 637 4323 bus
687 4283 816 4321 mss.
868 4263 1180 4336 expressum
1226 4273 1330 4321 est.
1353 4263 1479 4318 Mox
1502 4264 1555 4318 in
1587 4265 1814 4335 vulgatis
1847 4266 2132 4333 continens,

532 4353 635 4410 pro
664 4337 915 4393 obtinens.

613 4408 966 4482 (b)Additnm
1010 4416 1096 4482 est
1143 4407 1229 4463 hic
1263 4407 1318 4463 in
1360 4404 1592 4482 vulgatis
1634 4421 1702 4462 ex
1748 4407 2139 4482 recentioribus

537 4476 677 4537 mss.
706 4481 759 4535 in
786 4481 921 4547 loco,
952 4479 1170 4549 majoris
1204 4476 1601 4549 perspicuitatis
1644 4477 1833 4549 gratia.
1865 4477 2000 4533 Tum
2032 4494 2136 4534 nis.

537 4552 656 4607 bas.
684 4551 829 4607 Vat.:
856 4551 1071 4620 Semper
1099 4562 1242 4606 extra
1268 4564 1453 4606 tetrum.

613 4623 688 4695 (c)
717 4623 879 4690 Editi,
911 4619 1071 4678 totum
1117 4625 1163 4678 ei
1208 4633 1305 4688 est,
1328 4622 1432 4677 cui.
1460 4619 1828 4691 Expunximus
1856 4620 1902 4675 ei
1927 4628 2000 4675 est
2029 4637 2143 4676 me-

539 4695 736 4750 liorum
766 4709 897 4750 mss.
927 4695 1269 4752 auatoritate.

616 4767 694 4840 (tl)
748 4766 880 4822 Bad.
912 4765 1041 4840 :Cu_i
1086 4777 1160 4822 est
1218 4784 1368 4825 omne
1415 4768 1552 4839 quod
1602 4775 1675 4823 est
1727 4772 1885 4818 totum
1922 4774 2017 4840 est.
2048 4763 2141 4818 Er.

541 4836 690 4909 Lips.
722 4848 777 4894 et
825 4840 971 4894 Par.:
995 4838 1091 4893 Cui
1139 4857 1285 4896 omne
1327 4836 1465 4912 quod
1515 4850 1587 4896 est
1624 4849 1783 4912 totum
1814 4844 1907 4889 est.
1938 4836 2144 4912 [ieceri-

540 4907 707 4965 tiores
732 4925 862 4983 mss.
891 4912 973 4965 cui
994 4922 1069 4967 est
1088 4929 1237 4968 omne
1259 4907 1395 4983 quod
1420 4923 1580 4968 totum
1606 4924 1701 4967 est.
1734 4908 1927 4965 Veram
1958 4907 2143 4962 lectio-

543 4997 676 5054 nem
698 4981 956 5054 exhibent
981 4981 1354 5054 castigatiores
1387 4985 1528 5040 libri.

616 5051 687 5126 (ε)
718 5052 792 5107 lta
841 5054 1083 5126 plerique
1122 5051 1255 5111 inss.
1297 5070 1419 5111 cum
1449 5056 1611 5121 Bad.,
1645 5054 1734 5126 Er.
1776 5059 1833 5126 et
1878 5051 2029 5126 Lips.
2070 5053 2140 5103 At

544 5122 675 5180 Par.
697 5138 818 5178 cum
844 5122 1071 5180 duobus
1100 5141 1229 5181 mss.
1259 5127 1415 5183 Colb.
1442 5139 1495 5182 et
1526 5143 1632 5183 uno
1671 5124 1901 5179 Sorhon.
1932 5122 2139 5192 religio-

542 5213 660 5251 nem
693 5195 1066 5265 intelligentiaz.
1091 5196 1245 5253 Alius
1268 5213 1397 5255 vero
1419 5196 1574 5254 Colb.
1606 5207 1659 5252 et
1693 5196 1807 5249 Vat.
1834 5196 1949 5251 bas.
1981 5195 2143 5248 ratio-

543 5283 660 5323 nem
688 5266 1057 5339 intelligentia.

615 5338 682 5411 (ί)
714 5335 1062 5394 Βειιιὸνίηιιιε
1090 5338 1235 5412 hinc,
1263 5341 1352 5395 sed
1377 5349 1554 5412 potens
1583 5339 1638 5393 in
1660 5338 1926 5412 semetipso
1957 5335 2143 5392 habere

542 5409 679 5480 quod
705 5420 850 5481 pater
887 5419 1011 5465 est:
1040 5411 1183 5480 quod
1228 5427 1334 5466 non
1376 5409 1553 5466 exstat
1598 5410 1699 5465 nisi
1738 5409 1792 5465 in
1831 5412 2138 5480 perpaucis,

541 5483 714 5550 iisque
753 5483 950 5536 intima:
990 5485 1168 5537 :etatis
1208 5497 1339 5538 mss.
1389 5482 1581 5549 Porro,
1614 5483 1657 5536 si
1699 5481 1837 5536 bene
1878 5481 2139 5550 sapimus,

544 5550 976 5624 PaterfaEtei-nns
1019 5553 1107 5609 hic
1156 5554 1477 5624 praedicatur
1524 5568 1632 5608 non
1682 5552 1881 5607 habere
1924 5551 2141 5609 aliunde

546 5637 654 5692 quo
679 5623 770 5689 sit,
795 5634 847 5697 et
875 5626 1093 5683 aliunde
1121 5623 1228 5696 quo
1257 5635 1409 5697 pater
1432 5629 1521 5690 sit,
1549 5624 1645 5680 sed
1665 5639 1731 5680 eo
1749 5624 1879 5697 ipso
1908 5639 2015 5697 quo
2049 5639 2142 5693 pa-

546 5696 851 5768 tenestin
902 5707 1089 5751 natura
1118 5695 1213 5753 sua
1254 5695 1537 5764 constitui;
1571 5695 1903 5768 proindeque
1949 5695 2143 5752 abesse

545 5763 614 5817 ab
640 5763 917 5840 hominum
944 5783 1118 5840 more,
1149 5770 1237 5840 qui
1270 5787 1377 5829 non
1407 5763 1541 5827 ﬁunt
1560 5763 1741 5840 patres
1770 5763 1950 5823 statim
1979 5775 2143 5837 atque

542 5836 945 5895 r'onsdtuuutur
974 5836 1243 5897 homines.

2227 1920 2579 1991 cumscriptio
2616 1919 2894 1993 opinandi,
2926 1919 3020 1975 sed
3054 1929 3260 1975 natura}
3300 1935 3482 1975 sermo
3511 1919 3838 1987 succumbit,

2228 2024 2282 2071 et
2326 2029 2439 2069 rem
2484 2024 2538 2068 ut
2569 2024 2652 2068 est
2681 2013 2845 2069 verba
2874 2029 2981 2069 non
3012 2013 3307 2084 explicant.
3339 2011 3583 2084 Namque
3608 2014 3752 2083 quod
3787 2014 3839 2067 in

2228 2110 2524 2177 semetipso
2568 2110 2638 2164 sit
2681 2123 2805 2164 cum
2844 2108 3071 2173 audias,
3120 2107 3200 2180 (8)
3241 2106 3304 2178 (ι)
3343 2108 3539 2163 rationi
3587 2109 3841 2161 humana:

2229 2202 2500 2259 absolutio
2526 2217 2635 2258 non
2663 2203 2901 2259 occurrit
2926 2220 2941 2269 ;
2974 2202 3173 2257 habere
3203 2204 3345 2257 enim
3388 2200 3680 2271 haberique
3725 2200 3843 2255 dis-

2232 2297 2495 2365 cernitur,
2553 2307 2609 2352 et
2650 2298 2755 2353 erit
2803 2298 3033 2354 alterum
3065 2296 3208 2368 quod
3239 2303 3344 2362 est,
3376 2297 3602 2352 alterum
3638 2294 3691 2350 in
3725 2312 3844 2366 quo

2229 2401 2333 2448 est.
2360 2393 2416 2448 Si
2444 2406 2659 2448 rursum
2683 2391 2829 2464 quod
2853 2406 2881 2445 a
2899 2393 3193 2462 semetipso
3211 2391 3280 2445 sit
3307 2389 3579 2460 accipias;
3612 2389 3703 2462 (in)
3741 2405 3840 2445 nc-

2231 2503 2321 2543 mo
2345 2488 2446 2544 sibi
2476 2489 2594 2559 ipse
2622 2499 2678 2544 et
2707 2495 3023 2543 muneratur
3051 2498 3106 2543 et
3130 2501 3322 2542 munus
3350 2495 3453 2542 est.
3480 2485 3534 2542 Si
3564 2488 3700 2557 quod
3736 2486 3841 2541 im-

2232 2581 2475 2637 mortalis
2500 2591 2619 2647 est;
2649 2595 2779 2653 ergo
2800 2592 2882 2636 est
2901 2579 3105 2651 aliquid
3134 2596 3239 2635 non
3268 2580 3337 2635 ab
3362 2594 3449 2645 eo,
3481 2577 3558 2651 (ιι)
3584 2579 3667 2633 cui
3697 2579 3842 2635 alter

2232 2692 2343 2732 non
2371 2675 2462 2731 ﬁat
2488 2675 2755 2732 obnoxius
2779 2692 2792 2730 :
2822 2692 2921 2731 nec
2946 2675 3122 2730 solum
3152 2674 3206 2729 id
3235 2683 3338 2743 est,
3381 2673 3521 2744 quod
3550 2688 3641 2743 per
3665 2687 3845 2728 enun-

2232 2772 2509 2827 tiationem
2540 2772 2690 2827 verbi
2724 2772 2881 2841 huius
2928 2770 3232 2827 vindicatur
3270 2769 3339 2824 ab
3376 2770 3572 2826 altero.
3605 2769 3657 2825 Si
3690 2770 3843 2839 quod

2233 2865 2801 2935 incomprehensibilis
2821 2874 2904 2920 est
2928 2881 2941 2917 :
2967 2878 3229 2933 nusquam
3255 2877 3386 2933 ergo
3417 2862 3539 2928 erit,
3572 2862 3709 2931 quod
3736 2878 3846 2918 nc-

2230 2970 2389 3030 gatur
2418 2959 2632 3031 attingi.
2660 2961 2718 3016 Si
2767 2959 2911 3031 quod
2961 2957 3247 3014 invisibilis
3290 2967 3407 3023 est,
3440 2965 3587 3012 caret
3616 2970 3673 3011 se
3714 2955 3841 3027 ipso

2310 3075 2391 3150 (5)
2421 3077 2512 3133 Sic
2541 3092 2645 3150 ope
2690 3076 2859 3132 nostri
2895 3076 3099 3132 codicis
3135 3074 3487 3131 restituimus.
3514 3073 3644 3130 Nam
3677 3086 3834 3132 antea

2236 3148 2513 3221 legebatur
2540 3167 2554 3203 :
2582 3148 2821 3221 Fugerit.

2333 3219 2387 3282 6)
2413 3219 2468 3275 In
2502 3218 2686 3276 nosmi
2716 3222 2854 3275 libro
2880 3236 2984 3276 non
3011 3227 3189 3291 exstat
3215 3238 3228 3273 :
3257 3218 3320 3273 In
3350 3221 3617 3291 semetipso
3643 3230 3714 3275 et.

2333 3291 2389 3363 7)
2427 3291 2657 3348 Additur
2696 3301 2787 3348 est.
2842 3293 2961 3348 Mox
3030 3290 3223 3362 legesis
3268 3303 3487 3347 wternus
3539 3308 3660 3349 cum
3726 3293 3841 3349 aliis

2234 3380 2394 3429 mss.,
2429 3381 2534 3418 non
2562 3366 2889 3420 immortalis.

2309 3436 2386 3509 (8)
2414 3434 2567 3491 Ratio
2599 3437 2836 3491 humanae
2871 3434 3211 3492 absolutionis
3233 3437 3481 3493 occurrit.

2316 3617 2395 3691 (g)
2428 3616 2676 3691 Editi,iut
2718 3628 2866 3689 pater
2907 3632 3106 3685 semper
3134 3615 3661 3691 sit:rel‘ragantibus
3711 3631 3839 3672 mss.

2242 3687 2426 3760 Neque
2446 3688 2559 3759 jam
2592 3687 2751 3746 Pater
2777 3699 2833 3745 ut
2860 3701 3011 3758 pater
3041 3697 3338 3758 spectatur.
3373 3690 3467 3745 sed
3499 3698 3556 3743 ιιι
3584 3702 3841 3745 ειτιειιιιις.

2317 3782 2397 3910 (It)
2429 3783 2587 3850 Bad.,
2620 3782 2713 3838 Er.
2756 3798 2819 3837 ac
2849 3783 3138 3837 deterioris
3188 3796 3330 3837 nota:
3389 3799 3548 3849 mss.,
3587 3800 3692 3837 una
3731 3802 3843 3839 cum

2338 3858 2386 3909 io
2428 3856 2681 3909 revelante
2711 3853 2852 3910 Filio
2875 3873 2893 3910 :
2918 3856 3061 3910 quod
3091 3862 3147 3908 et
3180 3856 3231 3909 in
3266 3862 3532 3910 postrema
3560 3858 3691 3910 edit.
3721 3855 3842 3910 Par.

2247 3853 2386 3910 Filio
2428 3856 2681 3909 revelante
2711 3853 2893 3921 Filio;
2918 3856 3061 3925 quod
3091 3862 3147 3908 et
3180 3856 3231 3909 in
3266 3862 3532 3924 postrema
3560 3858 3691 3911 edit.
3721 3855 3842 3911 Par.

2247 3929 2385 3981 male
2423 3928 2729 3982 restitutum
2760 3937 2896 3981 erat.
2938 3929 3050 3981 lloc
3092 3926 3234 3981 enim
3283 3927 3387 3983 sibi
3417 3930 3531 3983 vult
3556 3947 3569 3984 :
3595 3944 3704 3982 non
3741 3928 3843 3984 alia

2242 4001 2311 4125 {le
2337 3999 2513 4083 .Patre
2558 4000 2876 4066 sentiamus,
2904 4015 3063 4069 quam
3107 4015 3226 4069 qua:
3260 3999 3428 4054 Filius
3477 4000 3543 4055 de
3589 4015 3656 4055 eo
3685 4015 3842 4055 reve-

2264 4081 2397 4125 avit.

2264 4070 2397 4125 avit.

2244 4238 2295 4292 di
2313 4165 2378 4240 (ἱ)
2413 4164 2520 4220 Pro
2545 4165 2845 4221 sentiendns
2871 4174 2969 4231 est,
2996 4164 3160 4221 habet
3192 4181 3293 4221 ms.
3326 4164 3451 4222 Vat.
3484 4165 3631 4234 bas.,
3654 4169 3720 4222 de
3746 4185 3847 4240 quo

2280 4250 2436 4292 tclunt
2464 4248 2556 4292 est.

2280 4250 2436 4292 ictum
2464 4250 2556 4292 est.

2246 4406 2260 4418 ι
2317 4333 2391 4408 (j)
2428 4333 2629 4389 Omnes
2670 4349 2799 4390 mss.
2846 4348 2955 4388 uno
3002 4342 3230 4404 excepto
3275 4331 3527 4389 omittunt
3569 4332 3623 4388 in
3667 4346 3852 4391 semet.

2240 4422 2377 4460 ιυδο.

2264 4425 2397 4559 μᾶ)
2428 4486 2485 4540 ln
2509 4500 2667 4552 mss.,
2696 4496 2942 4542 aeternus.

2168 4581 2221 4642 D
2318 4578 2389 4648 (ι)
2424 4578 2545 4631 Par.
2589 4593 2710 4633 cum
2738 4579 2974 4649 antiquis
3002 4576 3175 4646 libris,
3211 4578 3401 4632 rationi
3424 4576 3668 4633 humana:
3694 4579 3854 4633 abso-

2251 4649 2457 4703 lutionis
2487 4650 2726 4705 occurrit.
2770 4650 2822 4703 In
2854 4665 2985 4704 mss.
3019 4660 3194 4705 tamen
3222 4649 3444 4704 Carnut.
3469 4658 3524 4705 et
3557 4651 3724 4706 Corb.
3760 4667 3860 4721 pro

2250 4722 2437 4794 rationi
2483 4721 2882 4794 superscripsit,
2914 4721 3149 4794 secunda
3199 4736 3424 4787 manus,
3468 4723 3604 4775 ratio
3639 4738 3659 4777 :
3689 4738 3857 4794 quam

2251 4793 2535 4847 lectionem
2583 4794 2635 4847 in
2687 4793 3077 4862 posterioribus
3127 4808 3257 4847 mss.
3306 4795 3631 4862 exscriptam
3680 4797 3859 4851 Secuti

2249 4873 2375 4918 sunt
2416 4864 2570 4936 Bad,
2616 4864 2708 4919 Er.
2748 4876 2798 4936 ει
2844 4864 2992 4936 Lips.
3043 4866 3410 4936 Enieitdantur
3442 4880 3506 4919 ex
3542 4875 3860 4935 pervetusto

2247 4938 2434 5009 codice
2462 4933 2581 4990 Vat.
2611 4936 2727 4992 bas.
2775 4933 2942 5009 Porro
2977 4937 3228 4991 absolutio
3262 4935 3362 5009 hic
3408 4933 3555 4991 idem
3593 4946 3680 4992 est
3706 4940 3859 5009 quod

2248 5008 2547 5062 enuntiatio
2574 5009 2722 5063 omni
2749 5008 3098 5079 ambiguitate
3126 5008 3367 5063 absoluta
3386 5050 3400 5075 ,
3428 5023 3549 5077 quae
3576 5009 3653 5064 rei
3688 5008 3857 5066 naui.

2244 5094 2361 5133 ram
2385 5079 2531 5134 clare
2558 5093 2623 5135 ac
2646 5080 2902 5134 distincte
2929 5081 3217 5150 exprimat.

2317 5169 2413 5244 (ni)
2441 5170 2497 5244 id
2528 5180 2643 5244 est,
2672 5171 2882 5227 videtur
2910 5187 3232 5242 repugnare,
3260 5180 3320 5227 ut
3366 5171 3597 5244 idipsum
3623 5173 3726 5230 sibi
3761 5176 3860 5234 det

2243 5242 2400 5304 esse.
2420 5242 2576 5297 simul
2605 5253 2660 5299 et
2687 5243 2934 5314 accipiat.

2317 5332 2397 5403 (η)
2428 5332 2483 5388 ln
2515 5350 2615 5390 ms.
2651 5335 2763 5389 bas.
2803 5335 2919 5390 Vat.
2946 5376 2962 5401 ,
2990 5348 3109 5389 ante
3154 5351 3250 5405 pro
3284 5339 3430 5393 alter.
3466 5338 3523 5394 ln
3553 5342 3859 5399 vetustiore

2245 5405 2400 5480 Colb.
2426 5418 2481 5460 et
2500 5406 2692 5480 (Germ.
2714 5423 2760 5480 a
2782 5416 2849 5462 te.
2884 5407 3163 5463 Malletnus
3193 5425 3224 5461 a
3250 5427 3305 5463 se
3327 5426 3346 5464 :
3377 5411 3497 5480 quia
3526 5412 3644 5466 scil.
3682 5416 3859 5469 verbo

2246 5477 2552 5531 immortalis
2586 5476 2921 5548 signiﬁcatur
2959 5493 3105 5552 mors
3132 5490 3382 5547 tanquam
3397 5476 3609 5552 aliquid
3635 5488 3719 5537 cui
3756 5485 3864 5540 Pa-

2248 5560 2329 5605 ter
2352 5564 2419 5604 ex
2446 5560 2635 5625 natura
2661 5565 2756 5603 sua
2785 5566 2890 5603 non
2916 5553 2985 5604 sit
3008 5551 3277 5625 obnoxius
3299 5568 3312 5605 :
3337 5551 3667 5625 proinde-que
3692 5557 3736 5610 si
3763 5572 3861 5612 so~

2247 5626 2355 5674 lum
2387 5622 2533 5674 vocis
2562 5636 2754 5679 sonum
2777 5633 3009 5688 spectas,
3035 5634 3228 5691 pnetcr
3258 5623 3467 5678 Patrem
3494 5622 3703 5681 videtur
3726 5644 3861 5685 esse

2248 5693 2361 5761 ipsa
2389 5708 2533 5765 l_ll0l‘8
2560 5708 2587 5743 ει
2615 5693 2837 5765 quaille
2868 5693 3154 5747 vindicatur
3176 5711 3196 5759 ;
3227 5710 3322 5764 pro
3347 5711 3453 5765 quo
3476 5698 3639 5753 verbo
3662 5700 3714 5753 in
3739 5715 3850 5756 uis.

2245 5764 2361 5819 bas.
2399 5763 2516 5840 Vat.
2550 5774 2656 5840 est,
2692 5764 2947 5840 vincatur,
2979 5765 3110 5840 etin
3141 5763 3436 5840 vetuStiore
3463 5767 3673 5840 Remig.
3705 5771 3855 5826 indi-

2243 5845 2392 5890 catur
2420 5837 2484 5890 de
2511 5836 2696 5891 altera.
2727 5835 3025 5892 Retinenda
3056 5836 3216 5893 lectio
3244 5840 3476 5907 vulgata.
