4040 6328
192 318 262 377 57
1395 312 1483 369 DE
1522 309 1901 371 TRINITATE
1940 311 2144 368 LIBER
2186 313 2249 368 Il.
3426 309 3497 368 58

192 429 452 503 quidquid
486 444 590 486 non
620 445 684 489 e~
697 420 800 484 stat
825 429 892 485 ad
921 430 1118 486 visum.
1139 428 1329 485 Deﬁcit
1354 444 1484 499 ergo
1515 428 1567 484 in
1598 442 1796 483 nuncu-
1822 429 1876 489 Α
1902 426 2034 483 Etsi
2067 431 2187 498 quis
2222 430 2358 486 forte
2402 430 2766 503 intelligentia:
2805 444 2916 487 sum
2947 429 3248 502 imputabit,
3276 445 3502 503 genera-

194 524 411 594 patione
437 524 707 580 confessio
724 566 738 591 ,
763 531 827 586 et
849 522 1108 595 quidquid
1139 521 1269 577 illud
1297 536 1607 577 sermonum
1645 529 1797 590 apta-

193 618 360 683 bitur,
393 618 559 674 Deum
589 626 646 674 ut
676 627 781 685 est,
805 623 1154 689 qtra.“tusque
1190 625 1295 681 est,
1324 631 1429 670 non
1456 614 1538 685 (1)
1578 614 1798 683 eloque-

196 722 303 767 tur.
329 709 575 766 Perfecta
604 712 828 766 scientia
849 719 954 776 est,
980 711 1057 767 sic
1084 710 1248 764 Deum
1270 708 1431 776 scire,
1460 717 1520 763 ut
1545 708 1671 763 licet
1694 723 1798 762 non

196 806 580 877 ignorabilem,
615 818 794 861 tamen
839 805 1253 860 inenarrabilem
1295 803 1453 858 scias.
1485 800 1799 858 Credendus

196 912 315 967 est,
347 899 726 972 intelligendus
752 911 873 967 est,
906 898 1212 956 adorandus
1256 906 1372 965 est;
1406 906 1462 954 et
1500 897 1584 952 his
1612 896 1799 952 ofﬁciis

196 994 550 1066 eloquentius.

270 1089 326 1146 8.
353 1086 528 1144 Filius
556 1089 683 1160 quid
706 1090 792 1155 sit,
825 1088 950 1160 quid
971 1104 1073 1144 non
1099 1088 1267 1145 sit.—
1291 1087 1477 1143 Evecti
1502 1084 1569 1142 de
1600 1086 1801 1156 impor-

200 1182 372 1238 tuosis
404 1182 538 1238 locis
569 1183 620 1237 in
652 1183 817 1236 altum
848 1182 1063 1238 turbato
1094 1182 1227 1235 mari
1256 1195 1466 1246 sumus,
1494 1187 1551 1235 et
1587 1194 1685 1235 nec
1716 1194 1803 1234 re-

197 1276 384 1347 gredi,
421 1291 522 1332 nec
551 1275 801 1347 progredi
844 1276 961 1331 sine
1004 1274 1244 1346 periculo
1285 1275 1445 1330 licet:
1473 1275 1588 1344 plus
1619 1281 1798 1328 tamen

198 1369 532 1426 difﬁcultatis
583 1371 633 1425 in
684 1370 1007 1427 emetiendis
1051 1379 1151 1435 est,
1200 1385 1360 1439 quam
1405 1369 1659 1425 emensis.
1704 1368 1803 1423 Est

198 1464 362 1521 Pater
388 1473 448 1520 ut
476 1472 579 1531 est,
610 1474 742 1521 etut
767 1473 848 1521 est
869 1479 991 1520 esse
1019 1463 1322 1520 credendus
1339 1472 1441 1519 est.
1472 1461 1578 1534 32
1608 1460 1799 1517 Filium

202 1573 360 1614 mens
376 1567 757 1615 constet-natur
776 1560 1063 1631 attingere,
1087 1567 1142 1614 et
1166 1557 1398 1628 trepidat
1420 1556 1594 1612 omnis
1620 1568 1801 1610 sermo

199 1667 263 1708 se
310 1652 558 1722 prodere.
608 1654 702 1708 Est
744 1653 887 1708 enim
932 1652 1217 1724 progenies
1265 1649 1519 1721 ingeniti,
1552 1664 1689 1703 unus
1734 1662 1798 1701 ex

201 1762 333 1815 uno,
358 1762 518 1803 verus
544 1761 571 1800 a
598 1762 747 1813 vero,
774 1746 926 1801 vivus
951 1760 980 1799 a
1010 1745 1150 1808 vivo,
1176 1742 1449 1815 perfectus
1478 1758 1507 1795 a
1537 1741 1797 1812 perfecto,

1905 523 2063 579 tionis
2120 523 2278 595 hujus
2324 536 2719 585 sacramentum
2762 542 2867 583 non
2918 540 3076 596 posse
3108 539 3168 581 se
3218 525 3498 596 consequi,

1903 632 2026 674 cum
2059 616 2127 691 (ι)
2162 626 2341 674 tamen
2370 628 2423 673 et
2451 617 2615 674 Pater
2642 619 2711 675 sit
2739 619 2984 676 absolute
3015 618 3094 694 (5)
3124 618 3427 675 intellectus
3447 626 3502 674 et

1904 711 2111 775 Filius;
2138 711 2342 779 majore
2369 710 2507 765 istud
2526 710 2756 766 dolorea
2788 729 2871 767 me
2889 713 3071 768 audiet
3101 710 3354 784 ignorari.
3388 711 3502 782 Ego

1905 802 2109 870 nescio,
2146 818 2252 857 non
2295 802 2543 873 requiro;
2571 811 2625 857 et
2665 803 2990 860 consolabor
3038 819 3125 860 me
3164 815 3363 860 tamen.
3396 805 3502 859 Ar-

1904 897 2150 968 rhangeli
2189 896 2460 963 nesciunt,
2488 898 2663 968 angeli
2696 912 2803 952 non
2835 898 3145 967 audierunt,
3169 898 3364 955 saecula
3398 913 3502 955 non

1905 1001 2120 1060 tenent,
2153 991 2413 1064 propheta
2446 1007 2552 1047 non
2591 993 2780 1058 sensit,
2814 992 3093 1064 apostolus
3135 1010 3240 1048 nou
3274 994 3505 1049 interro-

1903 1086 2068 1158 gavit,
2097 1083 2237 1141 ﬁlius
2266 1085 2380 1157 ipse
2404 1099 2511 1141 non
2536 1084 2723 1142 edidit.
2756 1085 2940 1142 Cesset
2963 1085 3118 1141 dolor
3138 1088 3501 1158 querelarum.

1903 1177 2020 1233 Non
2054 1188 2127 1242 te,
2158 1178 2400 1249 quisquis
2431 1192 2490 1235 es
2525 1180 2614 1250 qui
2655 1180 2771 1234 hmc
2794 1178 2874 1253 (4)
2903 1180 3176 1250 requires,
3207 1195 3400 1236 revoco
3449 1182 3501 1236 in

1905 1272 2197 1337 excelsum,
2224 1272 2330 1345 33
2360 1273 2531 1328 nonin
2550 1272 2955 1343 amplitudinem
2973 1274 3155 1341 tendo,
3175 1289 3278 1329 non
3296 1273 3505 1331 deduco

1906 1366 1958 1421 in
1990 1365 2312 1436 profundum
2346 1383 2360 1418 :
2394 1382 2573 1422 nonne
2599 1367 2974 1438 aequanimiter
2992 1367 3263 1439 ignorabis
3286 1367 3505 1423 Creato—

1907 1459 1983 1514 ris
2033 1460 2397 1525 nativitatem,
2448 1461 2703 1530 ignorans
2752 1461 3016 1532 originem
3066 1460 3507 1517 creaturae?Hoc

1904 1556 2095 1611 saltem
2136 1555 2373 1628 requiro,
2407 1558 2647 1613 Sentisne
2686 1566 2739 1612 te
2782 1555 3138 1627 genitum,~et
3175 1571 3293 1627 qua:
3338 1573 3401 1611 ex
3453 1567 3508 1612 te

1905 1660 2233 1721 generentur
2272 1648 2565 1720 intelligis?
2594 1649 2709 1705 Non
2738 1666 2925 1721 qtnero
2952 1664 3169 1705 sensum
3198 1649 3339 1706 unde
3371 1649 3506 1704 hau-

1904 1742 2073 1808 seris,
2108 1743 2270 1797 vitam
2322 1741 2465 1797 unde
2505 1743 2729 1797 sortitus
2777 1744 2882 1809 sis,
2911 1742 3320 1814 intelligentiam
3360 1741 3504 1799 unde

201 1840 419 1897 virtutis
468 1841 669 1907 virtus,
713 1839 993 1910 sapientia:
1042 1839 1333 1909 sapientia,
1365 1837 1530 1907 gloria
1580 1834 1765 1907 gloriae
1788 1876 1802 1901 ,
1836 1840 1882 1900 Β
1919 1836 2144 1905 adeptus
2175 1836 2251 1891 sis
2278 1878 2292 1902 ,
2321 1836 2481 1906 quale
2520 1846 2604 1892 est
2649 1836 2797 1906 quod
2828 1837 2881 1892 in
2919 1846 2969 1892 te
3014 1838 3088 1892 sit
3126 1835 3282 1902 odor,
3317 1849 3511 1891 sensus

202 1934 381 2005 imago
429 1933 717 1989 invisibilis
767 1934 895 2000 llei,
928 1934 1098 1987 forma
1143 1930 1311 2002 patris
1352 1929 1593 1998 ingeniti.
1636 1930 1805 1994 Quam

201 2036 385 2083 autem
415 2027 731 2096 progeniem
764 2026 1106 2097 opinahimnr
1133 2024 1393 2095 unigeniti
1416 2024 1484 2077 ab
1529 2023 1812 2092 ingenito?

209 2118 426 2175 Clamat
455 2122 601 2174 enim
639 2134 786 2189 saepe
828 2133 1055 2173 utiniero
1087 2116 1247 2172 Pater
1288 2115 1353 2170 de
1381 2115 1535 2171 ccelis
1565 2132 1577 2168 :
1608 2114 1713 2169 Hic
1743 2124 1815 2168 est

207 2214 353 2283 [ilius
374 2229 515 2267 meus
545 2211 782 2277 dilectus,
812 2210 887 2282 (a)
916 2212 968 2264 in
992 2227 1091 2280 quo
1122 2210 1245 2265 bene
1272 2209 1556 2279 complacui
1587 2207 1811 2281 (Matth.

205 2321 293 2373 ιιι,
324 2306 434 2376 17).
462 2304 580 2360 Νοιι
630 2315 715 2360 est
758 2303 1050 2370 abscissio,
1083 2314 1173 2357 aut
1202 2302 1396 2356 divisio
1424 2319 1437 2354 :
1469 2302 1815 2371 irnpassibilis

203 2407 295 2453 est
324 2397 465 2452 enim
517 2397 607 2452 ille
634 2397 725 2468 qui
763 2396 968 2467 genuit,
1001 2407 1051 2450 et
1094 2395 1268 2464 imago
1302 2393 1579 2447 invisibilis
1612 2394 1701 2448 Dei
1733 2400 1817 2447 est

205 2491 307 2548 ille
342 2494 431 2563 qui
472 2501 630 2547 natus
664 2504 782 2557 est;
812 2502 865 2546 et
911 2498 1135 2545 testatur
1166 2506 1179 2543 :
1216 2488 1348 2555 Quia
1382 2487 1539 2542 Pater
1564 2488 1615 2541 in
1646 2503 1741 2554 me,
1768 2498 1816 2541 et

205 2603 306 2660 ego
333 2588 384 2639 :‘n
408 2584 566 2640 Patre
595 2584 775 2657 (Joan.
806 2601 862 2653 ιε,
894 2583 1009 2655 58).
1046 2582 1161 2639 Non
1184 2592 1264 2638 est
1296 2581 1632 2652 assumptio:
1657 2595 1815 2637 verus

209 2679 360 2734 enim
398 2679 539 2733 lilius
584 2678 675 2732 Dei
701 2686 805 2744 est,
836 2686 889 2733 et
933 2677 1169 2731 clamat:
1201 2676 1297 2741 Qui
1333 2691 1412 2728 me
1437 2674 1583 2739 vidit,
1616 2673 1737 2728 vidit
1768 2682 1816 2728 et

212 2773 431 2828 Patrem
461 2770 641 2845 (Joan.
674 2788 781 2836 xw,
812 2768 889 2842 9).
925 2770 1031 2826 Sed
1056 2784 1228 2840 neque
1249 2784 1371 2824 esse
1396 2778 1447 2822 ul
1475 2774 1668 2823 caetera
1697 2766 1816 2838 jus-

211 2881 311 2921 sus
334 2877 450 2923 est:
474 2880 703 2935 namque
721 2863 1037 2935 Unigenitus
1059 2878 1119 2917 ex
1148 2878 1257 2917 uno
1280 2873 1383 2927 est,
1408 2871 1463 2916 et
1490 2861 1540 2915 in
1568 2875 1627 2915 se
1658 2860 1818 2915 habet

212 2960 405 3024 vitam,
430 2969 487 3013 ιιι
514 2958 677 3013 habet
703 2957 754 3011 in
784 2970 843 3012 se
866 2956 1028 3010 vitam
1058 2955 1148 3011 ille
1175 2955 1263 3026 qui
1297 2953 1506 3024 genuit;
1531 2952 1599 3006 ait
1631 2953 1772 3007 enim
1801 2970 1815 3006 :

219 3052 364 3107 Sicut
405 3051 552 3106 habet
596 3050 755 3105 Pater
783 3052 936 3103 vitam
974 3050 1028 3102 in
1069 3050 1369 3117 semetipso,
1398 3048 1467 3099 ita
1507 3046 1647 3100 dedit
1681 3043 1818 3099 Filio

214 3144 404 3199 habere
444 3145 597 3199 vitam
642 3144 694 3198 in
742 3143 1009 3215 semetipso
1052 3140 1229 3214 (Joan.
1268 3155 1319 3207 v,
1353 3138 1466 3210 26).
1497 3138 1603 3194 Sed
1647 3152 1819 3209 neque

1915 1932 2087 1993 visus,
2118 1931 2366 1995 auditus;
2396 1945 2543 1988 certe
2573 1948 2732 1988 nemo
2758 1930 2900 2003 quod
2934 1931 3059 1987 facit
3089 1932 3298 1987 nescit:
3324 1944 3510 2001 quaero

1915 2023 2058 2078 unde
2082 2025 2180 2078 ista
2206 2024 2273 2079 iis
2294 2039 2430 2094 quos
2454 2039 2681 2095 generes
2714 2024 3013 2095 indulgeas,
3035 2023 3267 2095 qualiter
3287 2038 3506 2079 sensum

1919 2115 2146 2182 inseras,
2171 2116 2359 2172 oculos
2392 2118 2656 2173 accendas
2675 2160 2689 2184 ,
2719 2133 2813 2173 cor
2844 2118 3051 2189 alﬁgas.
3086 2118 3233 2184 Hzec,
3257 2118 3303 2174 si
3332 2128 3507 2190 potes,

1917 2226 2130 2267 enarra.
2157 2211 2333 2268 [labes
2356 2227 2484 2283 ergo
2506 2211 2586 2285 (5)
2612 2229 2732 2285 quae
2762 2212 2958 2277 nescis,
2976 2225 3029 2269 et
3057 2212 3243 2269 tribuis
3257 2228 3375 2284 quae
3402 2227 3510 2266 non

1918 2304 2173 2374 intelligis
2205 2304 2619 2374 aequanimiter
2661 2306 2941 2377 imperitus
2974 2306 3027 2361 in
3061 2306 3187 2372 tuis,
3219 2305 3514 2362 insolenter

1919 2397 1970 2451 in
2005 2399 2097 2452 Dei
2127 2398 2288 2453 rebus
2316 2399 2551 2468 ignarus.

1990 2490 2078 2545 i0.
2114 2487 2389 2544 Generatio
2418 2489 2512 2543 Dei
2543 2491 2633 2561 qui
2660 2491 2743 2562 pie
2768 2500 2815 2545 et
2839 2508 2941 2563 quo
2964 2494 3134 2563 fructu
3160 2492 3508 2563 investigatur.

1916 2612 1987 2623 —-
2017 2583 2153 2638 Audi
2185 2583 2348 2654 igitur
2387 2583 2601 2638 Patrem
2636 2585 2951 2654 ingenitum,
3007 2585 3132 2641 audi
3181 2586 3513 2655 unigenitum

1918 2676 2152 2742 Filium;
2203 2677 2325 2731 audi
2356 2694 2370 2729 :
2405 2675 2565 2731 Pater
2593 2678 2759 2748 major
2789 2694 2867 2731 me
2890 2688 2964 2732 est
2992 2676 3182 2751 (Joan.
3216 2694 3326 2746 xlv,
3354 2676 3469 2751 28)
3501 2696 3517 2745 ;

1917 2773 2042 2828 audi
2069 2791 2082 2827 :
2112 2771 2225 2845 Ego
2246 2783 2291 2826 et
2315 2772 2475 2828 Pater
2500 2787 2658 2825 unum
2686 2788 2861 2825 sumus
2888 2770 3068 2844 (Joan.
3090 2788 3146 2837 ιι,
3174 2773 3278 2844 50)
3306 2788 3320 2838 ;
3353 2772 3474 2827 andi
3501 2789 3515 2826 :

1921 2866 2025 2934 Qui
2050 2882 2128 2920 me
2151 2866 2298 2932 vidit,
2323 2865 2449 2920 vidit
2478 2875 2525 2919 et
2553 2864 2762 2918 Patrem
2806 2864 2825 2937 (
2847 2864 3005 2919 Joan.
3036 2880 3151 2931 xw,
3203 2866 3235 2921 9
3260 2866 3277 2934 )
3305 2882 3319 2930 ;
3353 2865 3475 2921 audi
3503 2882 3516 2919 :

1918 2958 2082 3015 Pater
2118 2961 2173 3014 in
2195 2976 2276 3013 me
2317 2970 2411 3024 est,
2463 2969 2509 3013 et
2538 2976 2631 3031 ego
2689 2960 2745 3012 in
2792 2958 2949 3013 Patre
2981 2958 3181 3030 (Joan.
3246 2974 3299 3026 κ,
3366 2958 3432 3012 58
3460 2956 3518 3031 );

1920 3056 2042 3110 audi
2078 3072 2091 3109 :
2123 3053 2237 3125 Ego
2265 3054 2328 3108 de
2377 3053 2534 3108 Patre
2576 3054 2709 3107 exivi
2738 3053 2937 3126 (Joan.
2985 3068 3094 3117 xvr,
3136 3052 3253 3122 28)
3286 3068 3300 3117 ;
3337 3052 3416 3124 (g)
3442 3061 3518 3118 et,

1928 3148 2028 3215 Qui
2056 3157 2131 3203 est
2158 3149 2213 3201 in
2236 3147 2352 3200 sinu
2381 3145 2558 3200 Patris
2582 3161 2602 3212 ;
2625 3156 2698 3208 et,
2731 3145 2915 3199 Omnia
2945 3160 3058 3213 qua:
3103 3144 3250 3198 habet
3290 3141 3369 3214 (h)
3416 3141 3523 3197 Pa-

215 3255 342 3309 pJI‘S
370 3239 542 3293 Patris
573 3237 649 3310 (b)
702 3238 753 3292 in
805 3235 942 3291 Filio
983 3244 1066 3291 est
1094 3251 1108 3300 ;
1141 3242 1368 3290 testatur
1416 3233 1557 3287 enim
1611 3231 1814 3286 Filius:

1926 3257 2022 3309 ter,
2054 3242 2137 3315 (6)
2168 3240 2382 3297 tradidit
2438 3238 2625 3308 Filio;
2677 3251 2750 3304 et,
2798 3239 2961 3293 Vitam
3012 3237 3182 3293 Filius
3235 3239 3289 3291 in
3335 3247 3522 3292 semeb

218 3332 411 3385 Omnia
449 3346 564 3400 qua:
594 3329 771 3384 Patris
795 3340 935 3395 sunt,
969 3345 1079 3383 mea
1108 3337 1225 3383 sunt
1255 3328 1435 3400 (Joan.
1469 3343 1579 3390 xvr,
1610 3328 1733 3395 15):
1767 3336 1819 3381 et

214 3442 433 3482 rursum
461 3444 473 3479 :
503 3424 568 3480 Et
617 3442 727 3481 mea
773 3425 944 3479 omnia
998 3433 1085 3477 tua
1120 3432 1259 3490 sunt,
1294 3433 1339 3476 et
1377 3432 1465 3476 tua
1498 3438 1608 3476 mea
1635 3418 1816 3495 (Joan.

216 3535 329 3576 xvu
352 3563 365 3579 .
409 3519 530 3591 10);
561 3530 616 3574 et
647 3536 659 3573 :
694 3518 775 3592 (‘2)
811 3517 880 3591 (ε)
918 3517 1260 3585 Qua'cumque
1296 3515 1441 3570 habet
1472 3514 1650 3577 Pater,
1680 3513 1821 3568 dedit

218 3612 405 3680 Filio;
437 3624 661 3668 testatur
704 3621 760 3668 et
787 3610 1081 3680 Apostolus
1110 3628 1121 3663 :
1155 3608 1290 3677 Quia
1322 3610 1375 3663 in
1416 3610 1527 3678 ipso
1568 3605 1821 3661 inhabitat

215 3714 385 3761 omnis
424 3707 685 3777 plenitudo
730 3706 1010 3760 divinitatis
1040 3704 1375 3775 corporaliter
1398 3700 1617 3774 (Coloss.
1652 3716 1713 3766 tl,
1736 3699 1818 3771 9).

216 3804 404 3873 Neque
449 3812 638 3858 natura
668 3801 826 3857 habet
854 3800 1032 3855 omnia
1073 3815 1216 3865 esse,
1248 3800 1324 3871 (ιι)
1347 3799 1487 3869 quod
1514 3799 1687 3867 portio
1717 3805 1819 3853 est.

217 3898 498 3954 Perfectus
529 3905 706 3950 autem
739 3910 765 3949 a
799 3894 1036 3964 perfecto
1064 3903 1146 3947 est
1172 3909 1185 3945 :
1211 3894 1334 3961 quia
1370 3891 1460 3963 qui
1506 3891 1664 3947 habet
1706 3906 1823 3945 om-

220 3993 345 4059 nia,
377 3993 522 4046 dedit
559 3992 761 4045 Omnia.
792 3988 976 4059 Neque
1012 3986 1406 4042 existimandus
1457 3997 1539 4040 est
1585 4000 1689 4040 non
1730 3984 1825 4040 de-

220 4088 403 4141 diSse.
433 4085 556 4155 quia
586 4084 815 4147 habent;
850 4082 934 4135 vel
964 4095 1072 4135 non
1114 4078 1334 4146 habere,
1371 4078 1493 4146 quia
1523 4077 1749 4133 dederit.

296 4179 354 4234 9.
392 4178 513 4233 Filii
544 4175 638 4230 Dei
665 4174 921 4247 generatio
953 4183 1157 4243 captum
1194 4172 1475 4224 humanum
1504 4179 1729 4239 superat.
1758 4198 1830 4209 —

224 4273 438 4329 llabent
475 4268 544 4344 (ε)
593 4269 753 4341 igitur
775 4265 1068 4322 nativitatis
1091 4263 1248 4333 hujus
1280 4269 1505 4333 uterque
1535 4268 1825 4317 secretum.

295 4433 686 4501 (l)Loquetur.
990 4498 1017 4501 _
1196 4500 1201 4501 ν
1258 4498 1284 4501 Α
1350 4496 1445 4501 *ω
1541 4463 1545 4467 -

416 4496 756 4580 Quoscumque
795 4502 942 4580 habet
982 4498 1140 4580 Pater
1167 4498 1306 4554 dedit
1338 4496 1522 4553 Filio:
1566 4496 1826 4554 exhiben-

219 4575 320 4636 tur
342 4571 499 4633 verba
529 4579 642 4632 lnec
673 4571 725 4631 in
754 4574 936 4639 editis,
966 4572 1059 4628 sed
1091 4571 1144 4626 in
1174 4585 1276 4626 ms.
1305 4582 1494 4625 nostro
1521 4585 1626 4624 non
1657 4586 1824 4640 appa-

217 4663 380 4711 rent;
410 4665 506 4704 nec
533 4647 749 4703 aliunde
777 4656 929 4701 eruta
960 4645 1226 4709 videntur,
1258 4658 1419 4713 quam
1447 4658 1512 4696 ex
1541 4642 1697 4697 .loan.
1730 4658 1821 4709 ιιι,

215 4728 317 4792 ΞΓ),
348 4723 435 4776 ubi
471 4722 627 4792 hodie
659 4721 736 4774 sic
763 4720 1027 4792 legimus:
1054 4713 1211 4770 Pater
1237 4712 1376 4768 dedit
1401 4712 1570 4767 omnia
1595 4713 1647 4767 in
1668 4730 1825 4769 manu

215 4788 335 4871 ejus
366 4794 441 4866 (id
473 4803 554 4848 est
584 4791 754 4861 Filii).
782 4788 1031 4844 Concinit
1054 4802 1264 4858 graecus
1291 4795 1489 4841 textus.

273 4932 372 5060 ι(η)
405 4931 567 5059 lligiti,
590 4932 644 4985 in
665 4946 764 4999 quo
796 4928 921 4982 mihi
944 4926 1089 4990 bene,
1118 4937 1251 4991 etc.,
1285 4921 1648 4978 renitentibus
1679 4932 1829 4978 vele-

292 5022 379 5059 ius
432 5022 444 5058 ι
488 5020 581 5056 l'lS.

215 5020 379 5063 Γιιιιιε
411 5020 581 5059 ιιυνιε.

295 5100 373 5170 (b)
408 5097 501 5150 Ms.
538 5096 651 5170 has.
684 5093 805 5149 Vat.
837 5108 958 5148 cum
1016 5088 1205 5155 Carn.,
1262 5105 1382 5159 pars
1431 5085 1607 5142 Patris
1661 5085 1832 5143 Filius

213 5183 295 5228 est
322 5187 343 5225 .'
368 5188 471 5223 non
502 5169 664 5222 male.

295 5266 374 5333 (ε)
410 5263 520 5317 Neu
566 5269 751 5316 extant
804 5261 939 5333 tunc,
973 5257 1323 5333 Quaecumque
1351 5253 1498 5308 habet
1527 5251 1709 5321 Pater,
1743 5254 1832 5308 de-

215 5330 309 5393 dit
331 5330 492 5397 Filio,
524 5335 624 5388 nisi
659 5335 709 5387 in
737 5330 970 5401 vulgatis
996 5344 1049 5385 et
1080 5330 1292 5383 duobus
1324 5341 1453 5380 mss.

294 5409 381 5482 (ά)
407 5405 528 5463 Sola
560 5403 727 5461 editio
752 5398 896 5468 Pati,
928 5402 1191 5473 proportio
1221 5409 1289 5453 est
1320 5415 1338 5452 :
1369 5398 1520 5452 male.

299 5502 376 5574 (ε)
404 5502 733 5574 lteposuerat
764 5495 1031 5574 _Lips_ins_,
1062 5492 1256 5574 habet,
1289 5488 1677 5574 reluctantibus
1714 5487 1835 5541 aliis

224 5561 404 5630 libris.
441 5561 538 5626 Hic
579 5561 867 5638 reSpieitur
901 5568 1027 5638 illud
1056 5563 1283 5638 Christi,
1327 5561 1716 5638 Pat_re_m_nenw
1743 5577 1827 5612 no-

222 5651 294 5702 vit
324 5644 427 5698 nisi
456 5640 502 5696 F
505 5643 643 5702 ilius,
674 5631 833 5710 neque
865 5637 1065 5692 Filium
1084 5636 1199 5708 quia
1227 5637 1367 5690 novit
1391 5635 1491 5689 nisi
1525 5631 1701 5698 Pater,
1721 5640 1828 5687 etc.

301 5736 379 5808 tr)
412 5734 558 5791 Unus
582 5730 765 5808 (codex
801 5730 1139 5808 Colb.,_eum_
1170 5737 1289 5808 tunc
1335 5737 1524 5808 tamen.
1559 5724 1677 5808 Mos
1703 5722 1832 5808 editi

227 5794 372 5864 cuii;
394 5804 783 5861 recentioribus
812 5818 941 5857 mss.
971 5794 1354 5871 intelligendus.
1394 5802 1547 5852 Itect.
1584 5798 1633 5871 in
1664 5794 1835 5871 tribus

232 5882 399 5938 [ιοιιιι
449 5878 654 5932 u‘ecnon
693 5874 941 5943 Cornuti,
974 5873 1090 5926 Vat.
1126 5869 1276 5939 host,
1312 5870 1534 5935 Germ,
1570 5869 1799 5922 Sdrltolt.
1822 5904 1835 5931 ,

1853 4777 1909 4838 D

1922 3338 2035 3410 ipso
2088 3336 2256 3397 habet,
2288 3336 2419 3389 sicut
2452 3344 2498 3388 et
2528 3332 2689 3388 Pater
2719 3334 2866 3387 habet
2909 3334 2963 3386 in
3003 3333 3276 3401 semetipso
3331 3330 3522 3402 (Joan.

1921 3447 1977 3497 ν,
2008 3430 2102 3501 26)
2127 3447 2141 3497 ;
2170 3429 2295 3486 audi
2318 3429 2509 3485 Filium
2539 3430 2848 3501 imaginem,
2873 3428 3209 3500 Sapientiam,
3243 3428 3519 3495 virtutem,

1920 3523 2147 3595 gloriam
2193 3521 2285 3577 Dei
2319 3538 2332 3574 :
2384 3532 2436 3577 et
2465 3522 2701 3593 in'tellige
2733 3521 2811 3591 (7)
2842 3521 2905 3591 (i)
2934 3522 3355 3591 proclamantem
3398 3519 3524 3588 Spi-

1922 3617 2085 3671 ritum
2133 3622 2376 3670 sanctum
2427 3632 2441 3669 :
2490 3614 2883 3671 Generatiouem
2936 3616 3048 3686 ejus
3100 3614 3214 3684 quis
3269 3612 3528 3668 enarrabit

1922 3707 1943 3778 (
1973 3707 2100 3763 Esa.
2132 3723 2245 3772 LIII,
2299 3709 2332 3763 8
2363 3707 2429 3779 )?
2479 3715 2543 3767 et.
2581 3708 2803 3778 obiurga
2858 3706 3139 3762 Dominum
3193 3714 3477 3760 testantem
3509 3719 3525 3758 :

1929 3799 2096 3855 Nemo
2114 3801 2248 3853 novit
2272 3797 2321 3851 F
2326 3800 2471 3854 ilium
2495 3801 2592 3854 nisi
2625 3798 2796 3863 Pater,
2825 3815 2988 3868 neque
3016 3796 3225 3851 Patrem
3248 3798 3360 3869 quis
3389 3796 3527 3849 novit

1927 3896 2025 3950 nisi
2067 3891 2261 3960 Filius,
2294 3904 2341 3948 et
2370 3895 2452 3947 cui
2515 3893 2728 3947 voluerit
2779 3890 2953 3946 Filius
3007 3891 3234 3945 revelare
3283 3888 3522 3959 (Matth.

1931 4005 2002 4054 ιιι,
2032 3988 2103 4042 27
2137 4006 2151 4042 :
2184 3998 2237 4042 et
2264 3987 2441 4041 insere
2470 3995 2522 4041 te
2549 3987 2600 4039 in
2637 3987 2736 4038 hoc
2766 3992 3060 4046 secretum,
3085 3991 3141 4034 et
3190 3982 3331 4035 inter
3363 3996 3525 4034 unum

1937 4082 2231 4151 ingenitum
2259 4080 2446 4145 Deum,
2479 4090 2533 4134 et
2564 4095 2726 4133 unum
2757 4076 3087 4146 unigenitum
3116 4075 3305 4137 Deum,
3332 4089 3531 4129 arcano

1937 4184 1991 4229 te
2021 4174 2364 4244 inopinabilis
2388 4172 2680 4230 nativitatis
2710 4173 2990 4241 imn‘nerge.
3015 4168 3217 4242 Incipe,
3250 4183 3532 4240 procurro,

1941 4268 2170 4336 persiste
2202 4285 2216 4321 :
2248 4267 2348 4322 etsi
2392 4285 2497 4325 non
2534 4277 2920 4340 perventurum
2953 4266 3142 4330 sciam,
3188 4275 3366 4320 tamen
3409 4277 3533 4334 gra-

2005 4430 2084 4498 (5)
2115 4429 2507 4501 lnlelligendus.

2006 4503 2087 4578 (4)
2113 4505 2368 4578 Requiris-

2005 4575 2088 4643 (5)
2124 4575 2273 4643 Quod
2294 4576 2479 4631 nescis.

2006 4646 2087 4718 (ti)
2120 4646 2297 4702 Dedit.

2007 4714 2086 4795 (7)
2117 4720 2219 4775 Per
2240 4719 2541 4790 pmphetam
2568 4717 2871 4772 clamantem
2894 4714 3148 4788 Spiritum
3168 4721 3424 4769 sanetum.

1937 4922 2173 4994 Remig.,
2206 4921 2517 4994 intellectus.
2556 4917 2880 4974 Luculenter
2917 4917 3060 4994 enim
3104 4915 3318 4994 Patrem
3351 4926 3407 4994 _et
3435 4916 3528 4971 Fi-

1935 4997 2063 5051 liqu
2092 4988 2347 5065 przedicat
2371 4993 2743 5065 Evangeltum,
2768 4989 3009 5059 quamvis
3031 4988 3405 5065 generationis
3421 5005 3537 5049 mo,-

1934 5071 2060 5123 dum
2092 5061 2328 5122 'silentio
2375 5073 2534 5134 tegat.
2571 5061 2755 5134 Itaque
2802 5071 3048 5117 tenemus
3084 5076 3229 5127 rem,
3263 5061 3532 5116 nescimus

1933 5141 2151 5195 modum
2162 5181 2175 5193 .

2007 5210 2240 5285 (ςῂᾉΜεςΓ
2274 5224 2383 5285 uno
2408 5210 2788 5285 exceptonnon
2822 5205 3023 5285 habent
3051 5247 3065 5269 ,
3121 5214 3190 5266 et,
3223 5203 3326 5285 Qui
3366 5213 3439 5258 est
3477 5204 3531 5256 in

1934 5275 2279 5339 sinu'Pa‘lris.
2310 5281 2406 5335 Hic
2434 5275 2583 5334 locus
2610 5280 2767 5333 aliter
2797 5276 3019 5331 all‘ertur
3051 5292 3199 5346 num.
3225 5275 3315 5329 23.

2014 5358 2094 5425 (Ιι)
2125 5354 2322 5409 Vocem
2372 5351 2526 5425 Pater
2571 5350 2825 5404 omittunt
2873 5345 3113 5425 plerique
3141 5363 3288 5425 _n_t_ss.
3332 5345 3534 5425 Deinde

1938 5417 2037 5493 pro
2066 5417 2231 5490 Filio,
2284 5440 2416 5480 utSs.
2456 5423 2571 5478 Vat.
2619 5424 2732 5477 bas.
2786 5434 2841 5477 et
2870 5417 3330 5493 Carmeshihent
3381 5417 3528 5493 mihi.

1944 5488 2098 5553 llunc
2145 5488 2318 5552 locum
2372 5512 2476 5549 non
2524 5495 2692 5550 semel
2743 5493 2921 5547 laudat
2975 5491 3238 5545 Hilarius:
3292 5496 3347 5542 at
3393 5488 3535 5544 unde

1944 5571 2147 5635 laudet,
2181 5573 2464 5623 incertum.
2496 5566 2674 5621 Videri
2706 5574 2888 5634 posset
2935 5561 3061 5616 illud
3083 5561 3281 5635 Matth.
3309 5576 3361 5615 ιιι
3384 5602 3397 5623 ,
3427 5560 3531 5616 ‘25:

1947 5633 2142 5697 Omnia
2179 5642 2303 5695 mihi
2325 5641 2516 5695 tradita
2542 5648 2660 5693 sunt
2705 5633 2738 5690 ὰ
2779 5635 2961 5700 Patre,
3014 5633 3097 5687 vel
3127 5648 3194 5688 ex
3222 5648 3385 5688 sensu
3419 5646 3537 5688 tan-

1943 5727 2054 5770 ιιιιιι
2080 5713 2164 5768 vel
2195 5728 2259 5767 ex
2306 5713 2559 5782 singulari
2585 5709 2833 5782 versione
2880 5720 3216 5782 memorare,
3266 5706 3367 5761 nisi
3400 5706 3535 5761 intra

1945 5788 2040 5842 lib.
2071 5800 2144 5847 v1,
2179 5801 2233 5839 ιι.
2261 5783 2354 5851 2‘2,
2387 5779 2441 5838 et
2469 5782 2597 5836 alibi
2635 5779 2914 5835 nobiscum
2941 5780 3291 5851 consentiret.

2021 5856 2084 5929 (i)
2120 5858 2192 5914 Ita
2220 5848 2350 5912 mss.
2381 5858 2450 5909 At
2475 5852 2607 5910 editi
2636 5888 2652 5920 ,
2684 5859 2778 5919 per
2806 5848 3110 5921 prophetam
3135 5850 3456 5904 clamantem:
