4040 6328
518 317 587 375 59
1729 315 1974 375 SANCTI
2016 312 2275 373 IllLARll
2315 311 2625 373 EPISCOPI
3791 320 3867 375 (0

517 434 734 491 tulabor
781 433 1170 508 profecturum.
1201 433 1301 503 Qui
1333 432 1477 489 enim
1531 433 1616 505 pie
1666 432 1877 489 inﬁnita
1932 445 2116 503 perse-
2142 430 2347 495 Atiam
2373 429 2516 486 enim
2565 429 2660 488 Dei
2699 430 3144 503 reprobaverunt.
3202 433 3448 491 Scribam
3503 451 3631 509 ergo
3697 438 3857 507 legis

520 530 727 603 quitur,
761 529 862 587 etsi
890 545 998 586 non
1060 529 1338 600 contingat
1388 527 1699 600 aliquando,
1748 536 1928 583 tamen
1960 527 2123 597 protl-

518 625 629 682 ciet
671 624 1006 698 prodeundo.
1050 623 1171 683 Stat
1222 623 1277 680 in
1329 624 1431 680 hoc
1475 624 1556 697 (a)
1611 620 1969 695 intelligentia
2016 620 2124 678 ﬁne

522 719 835 776 verborum.

596 813 683 869 11.
719 811 846 867 Filii
863 822 1072 867 natura.
1096 809 1250 866 Fidei
1288 810 1603 883 oﬂirinm.-—-
1631 809 1725 865 Est
1748 808 1921 865 Filius
1952 807 2025 879 (b)
2059 807 2127 865 ab

526 922 593 963 co
656 918 809 980 patre
862 907 951 978 qui
1012 915 1122 975 est,
1158 907 1463 977 unigenitus
1496 905 1562 961 ab
1619 904 1876 975 ingenito,
1933 917 2124 973 proge-

520 1003 638 1058 nies
669 1018 696 1056 a
730 1010 976 1071 parente,
1010 1002 1165 1057 vivus
1192 1017 1219 1056 a
1248 1001 1389 1056 vivo.
1425 999 1495 1056 Ut
1524 998 1668 1055 Patri
1695 999 1802 1053 vita
1835 997 1887 1053 iu
1927 1005 2127 1053 semet-

519 1096 656 1164 ipso,
712 1095 783 1149 ita
818 1104 872 1150 et
898 1092 1039 1150 Filio
1083 1093 1209 1150 data
1256 1103 1336 1149 est
1383 1092 1490 1148 vita
1535 1092 1588 1148 in
1645 1091 1961 1162 semetipso.
1996 1089 2127 1146 Per-

520 1187 692 1243 fectus
727 1204 756 1243 a
789 1189 1048 1258 perfecto,
1084 1189 1209 1260 quia
1238 1197 1383 1243 totus
1409 1204 1437 1243 a
1466 1196 1619 1256 toto;
1654 1202 1759 1241 non
1813 1184 2008 1242 divisio
2031 1194 2124 1241 aut

521 1280 794 1349 diseissio,
829 1280 952 1351 quia
983 1281 1053 1353 (ε)
1084 1283 1221 1337 alter
1244 1283 1297 1336 in
1329 1280 1525 1348 altero,
1580 1289 1633 1335 et
1664 1277 1940 1351 plenitudo
1985 1276 2122 1334 divi-

522 1376 709 1432 nitatis
741 1376 793 1432 in
824 1375 965 1432 Filio
1009 1386 1110 1432 est.
1172 1374 1742 1446 lncomprchcnsibilis
1799 1375 1867 1430 ab
1915 1375 2124 1429 incom-

523 1468 916 1541 prehensibili;
966 1470 1113 1525 novit
1160 1471 1302 1525 enim
1336 1486 1532 1539 nemo,
1586 1469 1688 1524 nisi
1740 1467 1994 1523 invicem.
2039 1465 2125 1523 ln—

523 1564 751 1621 visibilis
792 1565 861 1619 ab
892 1562 1181 1619 invisibili:
1212 1562 1322 1636 3!.
1346 1564 1467 1633 quia
1510 1564 1687 1633 imago
1717 1561 1809 1617 Dei
1842 1560 2137 1643 invisibilis

522 1665 608 1712 est
636 1675 651 1723 ;
680 1669 731 1713 et
764 1658 885 1729 quia
919 1657 1009 1727 qui
1039 1656 1171 1711 vidit
1220 1656 1439 1719 Filium,
1465 1655 1598 1711 vidit
1627 1665 1680 1710 et
1706 1656 1944 1711 Patrem.
1973 1656 2126 1710 Alius

523 1751 591 1805 ab
610 1751 727 1806 alio
759 1768 773 1819 ;
817 1751 937 1822 quia
970 1760 1122 1821 pater
1152 1759 1204 1807 et
1238 1750 1381 1806 ﬁlius
1415 1766 1428 1804 :
1462 1764 1569 1805 non
1612 1758 1797 1805 natura
1830 1749 2125 1805 divinitatis

2228 527 2508 584 consulam
2535 527 2572 582 ?'
2588 525 2693 583 Sed
2724 528 2934 600 ignorat
2963 546 2978 596 ;
3010 530 3135 601 quia
3166 529 3215 585 ei
3244 545 3376 585 crux
3423 530 3624 592 Christi
3678 547 3864 589 scan-

2225 619 2407 676 dalum
2445 628 2548 676 est.
2582 618 2851 677 Hortabor
2877 619 3017 678 forte
3044 638 3141 678 vos
3177 622 3471 680 connivere
3520 635 3574 680 et
3621 634 3858 692 tacere,

2227 714 2349 785 quia
2394 711 2461 769 ad
2492 713 2901 771 venerationem
2932 715 3067 771 satis
3095 715 3167 771 sit
3195 716 3311 787 ejus
3337 716 3426 788 qui
3474 717 3857 788 przedicatur,

2226 807 2470 878 leprosos
2515 808 2837 863 emundatos
2883 806 3071 876 fuisse,
3104 809 3296 864 surdos
3342 809 3578 877 audisse,
3607 810 3863 866 claudos

2224 904 2551 970 cucurrisse,
2601 904 2927 975 paralyticos
2956 903 3287 972 constitisse,
3317 918 3491 960 caecos
3525 905 3604 975 (5)
3646 905 3855 960 lumen

2225 998 2525 1068 recepisse,
2580 1013 2782 1053 catcum
2853 996 2923 1052 ab
2982 1007 3134 1053 utero
3181 999 3368 1054 oculos
3423 1008 3848 1064 consecutum,

2227 1090 2501 1147 daemonas
2556 1090 2789 1164 fugatos,
2862 1101 3097 1162 aegrotos
3169 1089 3505 1159 revaluisse,
3580 1102 3854 1148 mortuos

2227 1186 2482 1242 vixisse?
2532 1186 2640 1243 Sed
2713 1185 2831 1243 haec
2902 1186 3139 1243 haeretici
3192 1187 3535 1258 conﬁtentur,
3596 1196 3654 1245 et
3720 1203 3859 1259 ier-

2227 1288 2377 1337 eunt.

2306 1374 2393 1430 15.
2423 1371 2618 1428 Eadem
2644 1372 2888 1447 piscatori
2915 1373 3158 1430 revelata.
3190 1373 3415 1430 Verbum
3441 1384 3514 1430 est
3542 1391 3575 1429 α
3606 1384 3859 1447 tempore

2228 1469 2552 1525 liberum.—
2572 1469 2894 1539 Exspecmte
2925 1469 3107 1540 itaque
3145 1467 3275 1524 nihil
3304 1468 3483 1525 minus
3514 1469 3853 1525 claudorutn

2226 1579 2409 1629 cursu,
2433 1578 2701 1619 cwcorum
2728 1560 2867 1630 visu,
2919 1561 3042 1634 fuga
3075 1561 3405 1631 daemonum,
3434 1563 3539 1617 vita
3589 1573 3856 1619 mortuo-

2223 1672 2362 1712 rum.
2391 1655 2470 1726 (4)
2501 1654 2756 1711 Consistit
2780 1656 2923 1712 enim
2960 1671 3194 1724 mecum,
3239 1656 3291 1711 in
3338 1657 3700 1728 patrocinium
3736 1657 3859 1712 edi-

2230 1758 2403 1807 tarum
2426 1752 2671 1821 superius
2701 1749 3102 1817 difﬁcultatum,
3134 1751 3366 1821 piscator
3380 1765 3565 1822 egens,
3583 1751 3663 1824 (5)
3689 1750 3857 1823 igna-

522 1842 625 1896 alia
672 1848 725 1896 et
755 1843 900 1909 alia;
934 1843 1057 1912 quia
1084 1841 1244 1897 ambo
1271 1857 1458 1899 unum.
1492 1843 1632 1897 licus
1663 1857 1691 1896 a
1717 1842 1847 1908 Deo,
1897 1842 1965 1897 ab
2012 1855 2119 1896 uno
2149 1835 2196 1897 B
2224 1859 2336 1912 rus,
2394 1844 2659 1909 indoctus,
2711 1844 2959 1898 manibus
3010 1844 3117 1899 lino
3168 1841 3245 1915 (6)
3307 1854 3623 1916 occupatus,
3681 1855 3846 1900 veste

526 1934 765 2005 ingenito
796 1934 906 1989 Deo
945 1948 1083 1988 unus
1140 1934 1446 2005 unigenitus
1494 1934 1668 2000 Deus;
1718 1948 1824 1988 non
1876 1932 1949 1989 dii
1993 1931 2121 2004 duo,

524 2028 618 2083 scd
645 2042 783 2083 unus
813 2027 881 2083 ab
906 2043 1046 2097 uno;
1078 2043 1185 2084 non
1227 2028 1449 2100 ingeniti
1481 2028 1609 2093 duo,
1660 2028 1782 2100 quia
1840 2037 1996 2084 natus
2041 2038 2126 2085 est

526 2121 595 2177 ab
624 2122 808 2176 innato
834 2139 849 2189 ;
878 2122 1015 2177 alter
1043 2122 1111 2177 ab
1140 2122 1312 2177 altero
1344 2111 1482 2178 nihil
1532 2122 1810 2190 tlili'erens,
1843 2122 1965 2194 quia
2014 2123 2123 2178 vita

541 2216 777 2271 viventis
842 2216 894 2270 in
945 2216 1068 2270 vivo
1116 2225 1220 2271 est.
1293 2215 1419 2272 Haec
1465 2216 1533 2271 de
1592 2225 1782 2272 natura
1829 2216 2126 2272 divinitatis

531 2310 611 2380 (1)
636 2307 931 2380 attigimus,
957 2324 1061 2364 non
1086 2324 1350 2364 summam
1378 2308 1743 2381 intelligemus
1761 2309 2125 2378 comprehen-

525 2401 740 2470 dentes,
769 2400 1237 2473 sedintelligentes
1264 2418 1386 2459 esse
1408 2400 1974 2473 incomprehensibilia
2006 2417 2125 2473 qua:

525 2495 833 2566 loquamur.
859 2495 1075 2550 Nullum
1101 2511 1251 2566 ergo,
1286 2494 1368 2567 (‘2)
1401 2496 1559 2557 dicis,
1593 2493 1831 2550 ofﬁcium
1864 2506 1948 2551 est
1978 2495 2123 2563 ﬁdei,

524 2590 571 2645 si
630 2588 760 2643 nihil
809 2589 1008 2659 poterit
1052 2588 1463 2660 comprehendi.
1515 2590 1687 2645 Immo
1735 2589 1837 2645 huc
1887 2590 2124 2646 cilicium

523 2678 660 2737 ﬁdes
709 2681 1045 2753 proﬁteatur,
1096 2682 1150 2739 id
1195 2683 1340 2740 unde
1388 2683 1654 2755 qua=ritur
1710 2684 2127 2757 incomprehen-

523 2775 682 2831 sibile
706 2775 806 2829 sibi
830 2790 951 2831 esse
993 2789 1053 2832 se
1088 2776 1251 2833 scire.

596 2869 683 2924 12.
713 2868 989 2926 Generatio
1018 2870 1145 2927 Filii
1170 2871 1298 2941 Dei,
1330 2873 1507 2947 ignota
1554 2874 1871 2946 sapientibus
1922 2876 2121 2944 mundi,

521 2963 704 3019 scribis
730 2965 888 3037 legis,
932 2967 1200 3022 miraculis
1230 2984 1332 3022 non
1361 2969 1485 3023 satis
1507 2970 1741 3038 probata.
1773 2969 2127 3042 —Superest

518 3057 587 3114 de
640 3058 992 3115 inenarrabili
1040 3062 1390 3131 generatione
1457 3061 1579 3117 Filii
1636 3062 1814 3121 adhuc
1879 3064 2123 3136 aliquid,

520 3150 688 3207 immo
718 3152 923 3224 aliquid
978 3152 1108 3209 illud
1161 3153 1338 3211 adhuc
1377 3163 1546 3211 totum
1581 3160 1684 3212 est.
1714 3156 1931 3226 Aﬂstno,
1970 3156 2125 3213 dill'c—

2228 1936 2409 2002 uvida,
2440 1935 2666 2006 pedibus
2709 1935 2838 1991 limo
2862 1936 3085 2002 oblitus,
3119 1944 3261 1990 totus
3288 1951 3317 1990 e
3341 1937 3481 1991 navi.
3509 1936 3758 2007 Qurcrite
3786 1947 3843 1994 et

2229 2031 2529 2101 iutclligite,
2552 2026 2617 2103 (Γ)
2635 2038 2810 2084 utrum
2833 2028 3136 2085 mirabilius
3161 2028 3411 2102 lucrit(7)
3436 2040 3678 2084 mortuos
3696 2029 3850 2086 exci-

2230 2132 2395 2190 tasse,
2416 2140 2481 2178 au
2499 2123 2747 2194 imperito
2760 2122 3039 2178 scientiam
3065 2122 3323 2178 doctrina:
3349 2122 3504 2177 istius
3535 2122 3845 2179 intimasse.

2228 2217 2319 2273 Ait
2348 2216 2490 2273 enim
2521 2235 2533 2271 :
2575 2215 2683 2291 35
2719 2213 2784 2269 In
2811 2216 3063 2289 principio
3087 2226 3195 2271 erat
3233 2214 3447 2270 Verbum
3476 2215 3657 2288 (Joau.
3693 2233 3734 2282 ι,
3772 2216 3843 2287 1).

2227 2307 2363 2378 Quid
2388 2320 2468 2365 est
2483 2309 2647 2376 istud,
2673 2310 2727 2363 in
2744 2310 3000 2381 principio
3012 2309 3158 2365 erat?
3179 2309 3548 2365 Transcuntur
3567 2320 3843 2381 tempora,

2230 2404 2310 2479 (8)
2334 2404 2408 2480 (gl
2444 2405 2885 2460 transmittuntur
2914 2405 3131 2471 suacula,
3166 2404 3424 2460 tolluntur
3453 2412 3661 2460 aetates.
3693 2400 3844 2461 Pone

2227 2501 2443 2573 aliquod
2467 2500 2606 2572 quod
2634 2499 2780 2555 voles
2799 2508 2885 2553 tua
2916 2499 3168 2571 opinione
3188 2497 3507 2568 principium
3526 2515 3539 2551 :
3556 2513 3663 2552 nou
3686 2507 3843 2553 tenes

2231 2602 2498 2665 tempore,
2522 2603 2627 2647 erat
2658 2592 2800 2647 enim
2831 2589 2973 2646 unde
3004 2594 3285 2645 tractatur.
3319 2587 3548 2659 Respice
3584 2587 3651 2642 ad
3682 2604 3843 2641 mun-

2227 2688 2376 2757 dum,
2429 2687 2668 2760 intellige
2697 2685 2825 2759 quiti
2870 2685 2941 2741 de
2984 2700 3051 2741 eo
3100 2685 3360 2756 scriptum
3406 2683 3519 2738 sit:
3582 2680 3653 2736 In
3693 2685 3841 2754 priu-

2228 2785 2364 2856 cipio
2390 2784 2511 2855 fecit
2533 2781 2676 2838 Deus
2707 2781 2889 2838 cwlum
2911 2792 2957 2837 et
2981 2790 3170 2836 terram
3203 2780 3223 2853 (
3252 2778 3381 2834 Cen.
3416 2795 3455 2846 t,
3481 2778 3557 2849 1).
3590 2776 3681 2833 Fit
3707 2793 3838 2849 ergo

2229 2878 2281 2935 iu
2314 2879 2578 2951 principio
2607 2878 2750 2950 quod
2790 2885 3026 2943 creatur,
3051 2885 3105 2931 et
3134 2874 3211 2948 (9)
3240 2874 3319 2949 (Ιι)
3346 2883 3505 2930 mtale
3548 2873 3838 2930 continens

2229 2975 2370 3049 quod
2400 2974 2452 3030 in
2479 2974 2743 3047 principio
2789 2972 3097 3028 continetur
3138 2979 3197 3026 ut
3236 2971 3408 3026 ﬁeret.
3454 2968 3603 3024 Meus
3654 2978 3833 3024 autem

2232 3071 2471 3142 piscator
2502 3068 2833 3133 illitteratus,
2885 3065 3157 3134 indoctus,
3187 3065 3323 3120 liber
3363 3079 3393 3118 a
3421 3071 3685 3134 tempore,
3744 3076 3835 3116 so—

2229 3163 2374 3221 lutus
2400 3178 2430 3218 a
2460 3161 2673 3218 sacculis
2699 3170 2805 3229 est,
2838 3160 2964 3215 vicit
2982 3174 3143 3216 omne
3165 3156 3522 3231 principium:
3551 3165 3652 3212 erat
3679 3157 3832 3210 enim

519 3261 632 3311 I’Ol‘,
670 3245 750 3319 (ά)
805 3248 1059 3316 hebesco,
1090 3257 1147 3306 et
1192 3249 1334 3305 unde
1375 3249 1626 3319 incipiam
1672 3252 1877 3308 lleSCiO.
1929 3250 2124 3308 Nescio
2154 3237 2199 3303 C
2232 3256 2374 3329 quod
2403 3265 2508 3325 est,
2539 3270 2717 3327 neque
2771 3254 2823 3310 in
2879 3263 3127 3324 tempore
3168 3252 3346 3323 aliquo
3395 3251 3735 3309 concluditur
3779 3259 3832 3305 ut

526 3340 671 3394 euitn
721 3340 937 3409 quando
995 3352 1152 3398 natus
1207 3342 1277 3398 sit
1330 3341 1545 3411 Filius;
1595 3353 1651 3400 et
1696 3347 1850 3403 nefas
1880 3340 2124 3403 estmihi

521 3433 737 3490 nescire
767 3434 907 3505 quod
936 3446 1096 3491 natus
1140 3435 1230 3491 sit.
1276 3435 1445 3503 Quem
1495 3439 1808 3510 imprecer?
1838 3456 1995 3510 quem
2028 3441 2129 3497 im-

522 3527 779 3598 plorent?
808 3543 872 3582 ex
904 3529 1100 3598 quibus
1131 3528 1285 3584 libris
1316 3529 1382 3584 ad
1431 3539 1702 3586 tantarum
1744 3531 2121 3592 difﬁcultatum

522 3625 923 3681 enarrationem
970 3624 1132 3681 verba
1172 3627 1550 3694 praesumam?
1603 3627 1859 3684 Evolvam
1911 3646 2126 3687 omnem

525 3717 749 3775 Gratcite
791 3718 1084 3774 scholam?
1131 3719 1236 3777 Sed
1284 3720 1390 3792 legi
1441 3736 1456 3775 :
1507 3720 1607 3777 Ubi
1651 3722 1996 3799 sapiens?(e)
2044 3723 2132 3780 ubi

523 3813 841 3881 canquisitor
876 3814 1052 3869 swculi
1083 3812 1102 3887 (
1128 3812 1150 3869 l
1180 3813 1300 3869 Cor.
1336 3829 1372 3881 ι,
1422 3814 1580 3885 20)?
1622 3815 1678 3871 In
1728 3816 1831 3872 hoc
1878 3833 2008 3889 ergo
2042 3834 2132 3875 so-

521 3906 717 3979 phistae
747 3905 935 3964 mundi
965 3916 1017 3963 et
1047 3906 1319 3979 sapientes
1346 3907 1531 3964 saeculi
1563 3909 1694 3964 muti
1726 3920 1882 3979 sunt;
1916 3912 2130 3984 sapien-

595 4048 673 4123 (i)
698 4050 1037 4123 Attingimus.

596 4120 832 4246 (ﬁzDices
841 4120 1253 4246 {moxjuwretur
1264 4123 1775 4196 incontpreltensibile
1787 4144 1895 4185 esse
1907 4144 1960 4184 se
1970 4127 2121 4186 scire.

601 4192 656 4246 l3
710 4193 907 4246 Lumen
937 4196 982 4246 vi
1024 4195 1143 4246 isse.

710 4193 907 4248 Lumen
937 4192 1143 4250 vidisse.

704 4265 1209 4411 gitiégtxi‘nisﬂeron.
1242 4338 1487 4407 legimus.
1509 4355 1613 4395 non
1636 4341 1927 4411 ignotus,ut
1943 4352 2127 4401 antea.

526 4404 835 4478 Nam‘paulo
856 4418 975 4477 post
1000 4410 1239 4475 sequitur
1263 4427 1275 4461 :
1296 4404 1520 4477 piscator
1534 4404 2123 4475 illittérutus;indoctus.

596 4471 926 4587 gi‘illnqnib'ns
939 4481 1045 4536 lino
1058 4471 1336 4551 occupatis.
1347 4482 1568 4587 Deinde,
1578 4484 1788 4553 pedibus
1802 4471 1924 4540 limo
1937 4484 2127 4543 oblitis.
2159 4471 2210 4532 D

597 4549 679 4693 (7)
719 4550 775 4605 Μ
782 4561 1005 4608 artuum.

600 4622 655 4687 (8
731 4623 1005 4679 Trascendt

600 4626 616 4687 (
623 4622 679 4687 8)
731 4623 1168 4680 Trascenduntur.

607 4696 684 4762 (9)
712 4695 894 4751 {Etuta
920 4698 1203 4752 continens.

601 4766 715 4840 (10)
737 4767 1069 4824 Veronensis
1091 4770 1249 4838 liber,
1279 4779 1329 4824 et
1344 4781 1507 4826 sumet
1525 4771 1723 4829 sibimet
1745 4775 1884 4846 quod
1913 4775 2129 4832 liberum

601 4880 969 4960 (u)l’ar._cum
1008 4879 1324 4960 mssaColb.
1376 4893 1433 4960 et_
1459 4882 1645 4960 _Germ.
1687 4926 1714 4960 ,_
1741 4886 2123 4960 intelligentiae.

526 4953 627 5009 llic
663 4953 783 5021 pius
825 4952 1028 5007 Prmsul
1072 4956 1336 5009 rationem
1384 4954 1597 5011 videtur
1624 4957 1886 5025 reddere,
1919 4952 2030 5015 'cur
2058 4959 2124 5016 ad

526 5025 888 5098 cognitionem
915 5025 1096 5098 arcani
1122 5026 1390 5081 neminem
1413 5038 1793 5096 perventurum
1816 5046 1938 5087 esse
1959 5030 2122 5098 dicat,

532 5099 655 5167 quia
685 5095 940 5151 videlicet
984 5095 1422 5167 investigationis
1461 5099 1605 5155 illius
1638 5102 1756 5157 ﬁnis
1786 5103 1892 5158 erit
1927 5095 2128 5158 intelli¥

529 5170 707 5241 gentia
735 5168 1056 5241 verborum,
1102 5179 1222 5237 puta
1253 5170 1394 5239 quod
1447 5170 1498 5225 in
1530 5171 1640 5226 Deo
1672 5174 1743 5229 sit
1764 5189 1925 5229 verus
1966 5175 2128 5230 Pater

529 5238 585 5297 ét
611 5256 771 5296 verus
802 5238 972 5311 Filius
998 5239 1235 5311 ejusdem
1263 5257 1383 5295 cum
1410 5242 1569 5298 Patre
1592 5254 1829 5301 naturai:
1862 5247 1954 5301 sed
1988 5246 2127 5302 ultra

528 5314 779 5386 progredi
812 5310 884 5386 ad
905 5310 1274 5386 generationis
1304 5313 1520 5386 modum
1555 5332 1661 5371 non
1707 5319 1944 5374 dabitur.

607 5385 679 5455 (b)
717 5385 833 5450 En,
862 5382 1013 5452 Lips.
1045 5394 1100 5456 et
1126 5384 1248 5439 Par.
1283 5383 1344 5437 ab
1367 5402 1424 5439 eo
1449 5388 1538 5453 qui
1563 5388 1717 5443 Pater
1739 5400 1847 5456 est;
1870 5391 2127 5446 obniten-

530 5457 674 5533 tihus
701 5458 819 5512 aliis
849 5456 1021 5513 libris.
1056 5455 1203 5533 idem
1234 5456 1485 5533 loquendi
1522 5460 1713 5533 modus
1739 5455 1998 5533 deinceps
2028 5479 2132 5517 siu-

538 5528 666 5601 pius
681 5538 919 5601 recurret
941 5570 957 5595 ,
981 5536 1035 5601 et
1064 5526 1203 5583 aliud
1233 5528 1360 5601 quid
1392 5540 1568 5585 sonat.
1598 5532 1662 5586 ν.
1697 5533 1789 5588 lib.
1822 5550 1880 5589 ut
1900 5577 1914 5601 ,
1938 5526 2002 5589 ἠ.
2034 5535 2128 5590 2%.

606 5598 677 5668 (c)
707 5600 834 5655 Mss.
858 5599 982 5656 Vat.
1016 5600 1132 5656 bas.
1166 5610 1221 5657 et
1258 5598 1480 5656 Carnut.
1517 5604 1650 5659 alter
1678 5606 1740 5659 ab
1780 5598 1977 5663 altero:
2027 5609 2129 5663 mi-

539 5681 639 5727 nus
671 5672 825 5727 bene.

609 5742 689 5814 (ιι)
715 5742 816 5823 Alii
848 5756 979 5798 mss.
1007 5744 1206 5823 habent
1236 5746 1495 5816 erubesco,
1528 5747 1618 5803 alii
1656 5749 1877 5823 tabesco,
1908 5768 1973 5808 ex
2005 5753 2127 5823 qui-

534 5815 637 5871 bus
676 5815 1026 5892 conﬁrmatur
1068 5820 1381 5892 conjectura
1428 5815 1611 5876 ucstra
1659 5815 1944 5892 legendum
2005 5815 2129 5884 esse

536 5902 690 5945 num.
720 5888 775 5957 5,
803 5887 856 5943 in
886 5904 1035 5945 sensu
1057 5887 1199 5949 tabes
1225 5900 1297 5948 est
1320 5933 1337 5963 ,
1364 5907 1472 5951 non
1510 5893 1647 5952 labes
1676 5887 1771 5952 est.

2228 3348 2455 3421 coeperit
2482 3390 2497 3412 ,
2536 3347 2677 3419 quod
2723 3356 2841 3404 erat
2889 3346 3068 3422 potius
3099 3347 3153 3402 in
3201 3346 3481 3418 principio,
3520 3360 3677 3418 quam
3734 3346 3823 3401 [lc-

2232 3442 2341 3498 bat.

2305 3536 2391 3593 11.
2446 3532 2571 3590 Νοη
2618 3543 2692 3591 est
2733 3543 2901 3590 tamen
2948 3535 3258 3591 solitarium.
3302 3565 3375 3577 --
3417 3533 3525 3590 Sed
3569 3531 3835 3589 excidisse

2234 3632 2373 3688 forte
2403 3631 2470 3688 ab
2506 3630 2694 3687 ordine
2725 3629 3018 3701 propositae
3058 3629 3457 3686 distributionis
3506 3628 3834 3698 piscatorem

2235 3734 2485 3781 nostrum
2516 3722 3017 3795 deprehendemus:
3054 3722 3287 3779 Verbum
3319 3723 3464 3779 enim
3497 3731 3735 3790 tempore
3770 3719 3835 3774 li-

2234 3810 2463 3887 beravit,
2493 3817 2610 3891 (lO)
2643 3817 2707 3891 (i)
2734 3828 2788 3873 et
2818 3833 2975 3873 suum
3027 3826 3109 3872 est
3147 3817 3389 3888 sibique,
3438 3816 3578 3887 quod
3603 3815 3839 3871 liberum

2234 3923 2337 3981 est,
2392 3920 2448 3968 et
2493 3910 2794 3967 solitarium
2844 3919 2900 3967 et
2953 3909 3334 3982 obtemperans
3386 3906 3606 3966 nemini.
3653 3907 3841 3964 Aures

2229 4068 2304 4113 est
2335 4072 2354 4112 :
2381 4052 2523 4121 quod
2580 4055 2632 4110 in
2664 4053 2808 4111 idem
2838 4052 3050 4110 recidit.
3084 4053 3217 4108 Nam
3252 4053 3296 4107 si
3345 4050 3578 4109 Verbum
3617 4064 3647 4105 a
3693 4057 3844 4104 tem-

2230 4144 2364 4200 pore
2396 4129 2627 4200 liberum,
2663 4136 2773 4200 est,
2821 4140 3163 4200 consequens
3190 4124 3436 4200 videtur,
3480 4122 3843 4200 (θυοδ-’ξαίνει

2230 4193 2429 4258 sibimet
2451 4202 2584 4270 quod
2613 4199 2830 4254 liberum
2858 4208 2956 4267 est,
2989 4193 3040 4253 id
3072 4206 3154 4254 est
3175 4198 3255 4252 sui
3276 4196 3413 4268 juris
3439 4210 3561 4270 esse
3586 4193 3686 4270 sibi
3711 4195 3843 4248 vin-

2232 4265 2554 4335 dicabit,'et
2581 4271 2881 4326 solitarium
2935 4265 3059 4325 esse
3109 4265 3337 4340 atque'a
3386 4266 3602 4323 nemine
3632 4265 3844 4340 depen-

2232 4345 2388 4400 dens.
2423 4344 2593 4410 Quam
2638 4343 2852 4413 quidem
2874 4339 3249 4413 ,objectionem
3279 4341 3437 4413 diluit
3462 4354 3530 4413 ex
3576 4339 3842 4413 subncxis

2234 4409 2478 4486 Apostoli
2512 4409 2790 4486 verbis,et
2844 4412 3065 4486 Verbum
3119 4424 3225 4486 crat
3268 4410 3409 4486 apud
3445 4409 3638 4486 _l_)eu_ut.
3671 4409 3844 4464 Aures

2237 4480 2530 4558 erigamus,
2574 4480 2778 4556 inquit,
2822 4495 2926 4541 etc.
2981 4483 3237 4558 Tametsi
3260 4480 3402 4539 enim
3445 4481 3689 4558 Verbum
3723 4493 3843 4534 erat

2238 4553 2364 4616 ante
2392 4553 2771 4629 tempus,'erot
2811 4564 2991 4613 tamen
3033 4556 3175 4624 apud
3196 4555 3474 4629 Deum;et
3514 4555 3598 4629 qui
3637 4553 3779 4629 abest
3811 4570 3843 4609 α

2237 4643 2464 4701 tempore
2482 4625 2628 4698 {non
2667 4629 2903 4701 abesto!)
2934 4639 3160 4701 auctore.
3192 4628 3267 4684 lta
3305 4642 3535 4701 namque
3564 4627 3617 4681 in
3645 4625 3842 4701 eodem

2238 4698 2487 4773 legimus.
2537 4702 2778 4760 Habetur
2816 4700 2903 4757 hic
2949 4702 3001 4757 in
3043 4700 3237 4766 eodem,
3274 4698 3461 4756 codice
3498 4714 3679 4767 erans,
3716 4699 3844 4753 loco

2235 4784 2329 4835 τοῦ
2360 4778 2445 4847 qui
2476 4784 2605 4833 erat.

2303 4887 2379 4959 (e)
2404 4888 2461 4944 ln
2493 4888 2731 4959 vulgatis
2758 4885 2976 4959 aduttur
3016 4885 3104 4941 hic
3130 4885 3214 4940 ubi
3241 4883 3449 4959 scriba?
3478 4882 3619 4955 quod
3644 4881 3846 4959 melius

2231 4949 2385 5017 abest
2411 4977 2440 5015 a
2470 4949 2905 5030 mssisiquidem
2949 4959 3140 5013 scribae
3180 4957 3398 5013 nomine
3438 4949 3548 5011 non
3578 4949 3797 5025 gentilis
3826 4998 3842 5023 ,

2230 5033 2326 5090 sed
2360 5032 2491 5102 legis
2520 5032 2709 5087 doctor
2737 5031 3092 5101 signiﬁcatur.

2307 5103 2375 5175 (Ῑ)
2396 5096 2491 5158 liic
2508 5096 2913 5173 vulg.adjic'iunt
2929 5101 3325 5175 circumspicite:
3338 5096 3479 5175 qu_o_d
3494 5100 3645 5154 abest
3659 5113 3690 5152 a
3705 5114 3846 5156 mss.

2396 5168 2708 5250 Complures
2726 5168 2861 5250 inss.
2887 5191 3005 5250 cum
3032 5168 3160 5228 BadQ
3172 5214 3185 5236 ,
3203 5172 3376 5250 _l_3r._e_t
3400 5168 3542 5250 [:ips.
3560 5180 3844 5250 transcen-

2235 5241 2448 5306 duiitur.
2481 5241 2602 5303 Mox
2647 5248 2697 5302 in
2728 5246 2959 5318 vulgatis
2990 5262 3119 5318 pone
3160 5241 3740 5318 aliguid._Couci_t_tnius
3788 5244 3845 5298 in

2230 5338 2363 5379 mss.
2396 5320 2602 5390 aliquod
2624 5360 2637 5380 .
2666 5320 2786 5375 scil.
2823 5312 3171 5389 principium.
3227 5313 3428 5371 Deinde
3474 5314 3527 5369 in
3559 5312 3683 5369 Vat.
3716 5313 3840 5370 bas.

2232 5411 2337 5452 ms.
2361 5436 2373 5454 ,
2402 5392 2724 5458 Opinatione,
2758 5406 2864 5447 non
2896 5390 3155 5459 opinione.

2305 5464 2384 5537 (It)
2426 5464 2555 5519 Bad.
2586 5456 3102 5537 tetatemgcontinens.
3137 5459 3412 5537 Editioues
3449 5456 3848 5537 aliae_,__¢rtatem

2233 5529 2452 5596 continet
2476 5552 2495 5591 :
2517 5551 2548 5591 e
2570 5550 2700 5589 mss.
2724 5535 2814 5588 alii
2839 5534 3056 5599 habent,
3079 5541 3253 5587 wrotes
3277 5530 3520 5595 continet,
3543 5529 3633 5584 alii
3662 5540 3850 5585 anates

2236 5607 2622 5675 continent,alii
2648 5615 2796 5662 (etate
2824 5607 3108 5661 continens.
3145 5602 3339 5660 Verius
3365 5609 3478 5659 tres
3507 5600 3848 5675 antiquiores

2237 5693 2387 5740 (etate
2437 5672 2710 5736 contines:
2745 5678 2886 5749 quod
2926 5676 3212 5748 opponitur
3270 5675 3515 5746 proxime
3563 5672 3721 5728 dietis
3771 5674 3847 5731 de

2237 5756 2451 5813 Verbo:
2485 5770 2587 5807 non
2617 5762 2753 5807 tenes
2785 5761 3027 5823 tempore.

2316 5824 2575 5901 (i)”Ap‘ud
2617 5824 2764 5901 Lips.
2796 5832 2853 5881 et
2887 5817 3044 5890 Ῥείη,
3075 5830 3122 5874 et
3150 5821 3305 5901 sumit
3333 5819 3433 5875 sibi
3452 5817 3598 5901 _quod
3626 5817 3849 5901 liberum

2235 5911 2286 5962 et
2313 5889 2600 5961 solitarium
2620 5906 2667 5957 et
2684 5889 3038 5975 obtemperans
3074 5893 3266 5953 nemini
3292 5901 3410 5953 est:
3449 5891 3507 5952 in
3542 5905 3648 5951 ms.
3674 5889 3847 5951 Cori).
