4040 6328
3523 235 3551 243 νη
3578 236 3589 242 -

212 377 275 435 01
1453 372 1539 429 ΠΕ
1578 366 1956 429 TRINITA'I‘E
1996 362 2202 428 LIBER
2240 372 2307 430 11.
3447 367 3513 425 ϐῒ

211 500 485 569 erigamus
514 496 567 552 in
588 505 803 552 czetera.
839 496 957 549 Ait:
990 491 1058 549 Et
1092 491 1309 547 Verbum
1342 500 1450 546 erat
1477 491 1618 561 apud
1641 488 1807 544 Deum
1836 495 1890 556 Α
1989 490 2077 545 16.
2113 488 2224 545 Nec
2273 489 2414 545 lcedit
2447 488 2925 547 unitatemDei.-——
2947 486 3053 544 Sed
3087 483 3295 557 trepido
3325 486 3374 540 in
3411 486 3518 540 dic-

216 591 409 663 (Joan.
455 605 494 657 t,
537 591 563 645 l
592 588 634 661 ).
663 588 779 645 Jam
812 587 930 643 sine
979 585 1243 657 principio
1296 594 1380 641 est
1424 581 1569 655 apud
1617 582 1815 651 Deum,

211 683 354 755 quod
381 690 502 739 erat
552 691 676 738 ante
714 679 1061 753 principium.
1111 678 1210 736 Est
1248 693 1378 749 ergo
1421 672 1499 752 (a)
1547 675 1634 748 qui
1675 684 1814 745 erat,

210 778 352 851 apud
405 775 625 833 Deum:
668 787 722 833 et
759 777 851 849 qui
904 776 1057 832 abest
1108 791 1138 830 a
1182 772 1506 846 cognitionis
1551 780 1814 843 tempore,

210 886 319 928 non
349 871 501 927 abest
526 872 595 925 ab
623 878 865 927 auctore.
920 869 1165 926 Piscator
1209 878 1396 925 noster
1444 865 1616 923 evasit
1660 882 1675 921 :
1720 864 1818 922 sed

209 966 348 1022 forte
389 964 614 1020 haerebit
655 966 707 1020 in
736 965 971 1021 caneris.

287 1059 375 1115 15.
425 1061 504 1116 An
555 1060 623 1116 sit
678 1077 833 1116 sonus
897 1060 1035 1116 uocis
1081 1061 1239 1129 juxta
1286 1056 1591 1113 Hebionem.
1669 1053 1827 1111 Vocis

210 1168 339 1211 sano
365 1171 472 1211 non
502 1156 738 1229 congruit
793 1163 926 1212 erat.
968 1152 1186 1210 Verbum
1212 1152 1356 1209 Deus
1404 1163 1498 1209 est.
1528 1182 1601 1193 -—
1631 1147 1708 1223 (i)
1740 1150 1828 1205 Di-

221 1265 315 1307 ces
365 1252 508 1306 enim
571 1268 584 1306 :
634 1248 870 1307 Verbum
914 1264 1082 1306 sonus
1112 1249 1261 1305 vocis
1305 1258 1407 1314 est,
1450 1258 1504 1305 et
1532 1245 1827 1303 enuntiatio

211 1346 589 1418 negotiorum,
641 1354 696 1401 et
746 1345 980 1401 elocutio
1048 1343 1455 1416 cogitationum.
1512 1342 1626 1398 Hoc
1678 1338 1820 1411 apud

211 1438 383 1495 Deum
436 1446 573 1503 erat,
605 1448 659 1493 et
689 1436 743 1493 in
775 1438 1041 1509 principio
1089 1445 1206 1492 erat
1250 1453 1264 1490 :
1324 1436 1448 1506 quia
1500 1449 1681 1491 sermo
1730 1448 1823 1489 co-

210 1532 489 1605 gitationis
510 1539 749 1602 arternus
786 1540 889 1598 est,
907 1546 1031 1586 cum
1060 1530 1148 1602 qui
1184 1529 1393 1611 cogitat
1444 1528 1515 1584 sit
1566 1535 1824 1584 aeternus.

219 1623 299 1695 (Ξ)
330 1620 652 1694 ReSpondeo
691 1621 790 1678 tibi
815 1622 1033 1679 interim
1061 1636 1157 1693 pro
1183 1621 1448 1694 piscatore
1477 1636 1597 1685 meo
1620 1621 1826 1691 paucis,

213 1717 343 1772 dum
373 1716 681 1773 videbimus
707 1716 978 1788 quomodo
1014 1717 1369 1771 rusticitatem
1401 1730 1553 1771 suam
1581 1716 1700 1786 ipse
1728 1713 1823 1770 de-

214 1809 421 1866 fendat.
450 1802 645 1867 Sermo
674 1811 727 1866 in
756 1820 947 1866 natura
971 1809 1134 1866 habet
1156 1819 1349 1866 utesse
1372 1811 1564 1882 possit,
1590 1823 1824 1880 sequens

212 1915 394 1960 autem
416 1902 467 1959 ei
490 1912 572 1959 est
598 1912 656 1960 ut
678 1902 877 1970 fuerit;
905 1914 988 1959 est
1008 1918 1139 1958 vero
1189 1912 1394 1957 tantum
1432 1917 1555 1957 cum
1580 1901 1816 1957 auditur.
1849 1895 1894 1956 B

214 1992 289 2053 Et
319 1996 593 2068 quomodo
629 1998 685 2052 in
713 1996 965 2068 principio
997 2006 1126 2061 erat,
1153 1994 1296 2065 quod
1328 2008 1503 2064 neque
1524 2003 1650 2050 ante
1686 2003 1821 2048 teut-

214 2103 341 2160 pus,
370 2103 545 2159 neque
585 2097 710 2157 post
750 2097 965 2157 tempus
1017 2085 1142 2142 est?
1168 2085 1235 2141 Et
1261 2085 1447 2142 nescio
1485 2101 1550 2139 an
1582 2085 1666 2141 vel
1706 2084 1823 2155 ipso

217 2196 346 2237 esse
375 2181 622 2252 possitin
645 2189 895 2251 tempore
921 2198 935 2235 :
969 2180 1302 2251 loquentium
1333 2180 1476 2234 enint
1516 2186 1696 2236 sortito
1731 2193 1825 2233 nc—

214 2288 328 2343 que
354 2282 436 2328 Cal.
479 2278 606 2328 aute
654 2287 813 2344 quam
867 2271 1174 2342 loquantur,
1224 2280 1277 2326 et
1323 2286 1446 2326 cum
1474 2272 1637 2327 locuti
1666 2278 1825 2327 erunt

212 2379 326 2420 non
362 2366 501 2432 erit;
536 2365 590 2420 in
620 2380 687 2420 eo
713 2377 892 2421 autem
918 2366 1034 2434 ipso
1058 2363 1166 2437 36
1191 2362 1333 2434 quod
1356 2363 1667 2435 loquuntur,
1695 2362 1821 2418 dum

212 2460 432 2527 liniunt,
460 2459 569 2530 jam
602 2474 710 2515 non
737 2460 842 2515 erit
872 2459 921 2515 id
965 2459 1106 2514 unde
1136 2467 1438 2528 ccepcrunt.
1490 2456 1617 2513 liceo
1648 2474 1677 2511 a
1707 2472 1817 2523 me,

210 2564 275 2608 nt
322 2553 389 2607 ab
419 2567 523 2607 uno
553 2568 619 2608 ex
643 2552 876 2608 caeteris.
901 2549 1009 2608 Sed
1042 2552 1280 2623 piscator
1309 2551 1467 2605 aliter
1495 2566 1590 2620 pro
1621 2567 1680 2606 se
1706 2568 1719 2604 :
1758 2558 1812 2606 et

211 2646 524 2718 objurgabit
564 2654 617 2702 te
647 2647 813 2717 prius,
846 2660 943 2701 cur
989 2646 1324 2717 negligenter
1370 2644 1629 2702 audieris.
1687 2644 1822 2701 Nam

205 2744 320 2800 etsi
357 2740 681 2798 sententiam
712 2740 938 2811 primam
982 2740 1131 2796 rudis
1176 2739 1393 2794 auditor
1422 2738 1720 2794 amiseras:
1756 2738 1824 2795 In

207 2834 472 2908 principio
504 2843 612 2890 erat
669 2831 932 2900 Verbum,
986 2830 1056 2888 de
1093 2832 1342 2902 sequenti
1385 2830 1511 2903 quid
1549 2832 1821 2903 quereris,

212 2930 287 2987 Et
322 2928 546 2987 Verbum
576 2938 682 2985 erat
711 2929 850 3002 apud
878 2928 1080 2983 Deum?
1132 2926 1404 2999 Numquid
1456 2926 1726 2990 audieras,
1760 2922 1824 2983 in

220 3024 337 3080 Deo
388 3025 465 3096 (et
508 3038 618 3079 non
664 3020 805 3093 apud
856 3018 1157 3090 Deum),ut
1183 3034 1488 3077 sermonem
1528 3019 1825 3075 reconditre

211 3117 561 3189 cogitationis
591 3116 867 3186 acciperes
906 3114 929 3169 ἲ
957 3122 1049 3168 aut
1077 3112 1344 3169 fefellerat
1370 3112 1667 3181 rusticum,
1693 3111 1823 3183 quid

212 3221 365 3269 esset
419 3210 497 3284 (5)
528 3209 607 3284 (b)
667 3210 808 3267 inter
873 3209 1053 3265 inesse
1092 3214 1147 3264 et
1196 3206 1388 3264 adesse
1428 3207 1725 3263 momenti?
1762 3206 1818 3263 Id

1922 592 1997 653 to,
2033 592 2087 639 et
2130 599 2217 640 me
2254 582 2492 640 insolens
2546 601 2727 641 sermo
2781 590 3109 638 commovet.
3172 577 3394 635 Audio:
3453 570 3519 633 fit

1921 678 2065 736 Deus
2109 687 2220 734 erat
2263 676 2505 746 Verbum,
2548 676 2625 751 (ά)
2664 678 2749 733 cui
2796 685 2962 731 unum
3017 674 3186 731 Deum
3243 671 3517 743 propheta:

1922 772 2322 829 nuntiaverunt.
2372 771 2477 828 Sed
2536 786 2602 826 ne
2670 785 2774 841 quo
2832 770 2971 825 ultra
3042 766 3327 837 trepidatio
3393 780 3514 821 mea

1923 866 2172 939 progredi
2198 865 2386 935 possit,
2404 863 2570 922 redde
2593 863 2921 922 sacramenti
2944 864 3073 918 tanti
3099 864 3331 935 piscator
3360 873 3513 917 mens

1923 961 2406 1034 dispensationem,
2435 969 2492 1017 et
2521 960 2665 1017 refer
2686 959 2751 1015 ad
2801 975 2963 1014 unum
2994 959 3173 1013 omnia
3225 958 3340 1013 sine
3389 972 3523 1012 cou-

1927 1056 2165 1121 tumelia,
2193 1054 2311 1111 sine
2338 1054 2648 1120 abolitione,
2685 1055 2800 1109 sine
2826 1061 3092 1124 tempore.
3124 1053 3211 1107 Ait
3235 1069 3249 1107 :
3270 1050 3383 1105 Hoc
3408 1059 3522 1105 erat

1923 1149 1976 1206 in
1996 1149 2247 1226 principio
2270 1147 2407 1219 apud
2433 1147 2616 1203 Deum.
2642 1146 2772 1202 Cum
2800 1146 3018 1201 hocerat
3043 1145 3095 1198 in
3115 1143 3389 1215 principio,
3413 1159 3518 1197 non

1925 1252 2141 1300 tenetur
2163 1244 2217 1298 in
2250 1253 2522 1314 tempore;
2554 1257 2677 1297 cum
2704 1241 2843 1297 Deus
2888 1247 2991 1306 est,
3036 1254 3140 1294 non
3186 1236 3420 1293 refertur
3455 1236 3520 1292 ad

1926 1354 2152 1405 vocem;
2182 1354 2302 1394 cum
2335 1349 2415 1393 est
2440 1337 2579 1408 apud
2604 1332 2770 1391 Deum
2792 1336 2864 1407 (e)
2895 1326 3029 1390 nihil
3070 1349 3170 1389 nec
3201 1331 3510 1394 oli'enditttr,

1928 1452 2030 1493 nec
2054 1436 2325 1492 aufertur:
2358 1450 2480 1489 nam
2515 1449 2614 1488 nec
2658 1431 2907 1488 aboletur
2944 1431 2997 1485 in
3034 1429 3262 1484 alterum
3294 1434 3348 1481 et
3386 1425 3524 1496 apud

1930 1546 2093 1586 unum
2122 1529 2420 1602 ingenitum
2461 1526 2660 1596 Deum,
2691 1542 2757 1583 ex
2804 1541 2911 1597 quo
2938 1525 3054 1596 ipse
3099 1537 3238 1578 unus
3283 1518 3528 1592 unigeni-

1930 1633 2014 1681 tus
2065 1623 2205 1679 Deus
2233 1634 2335 1689 est,
2378 1622 2718 1694 praedicatur.

2003 1720 2091 1776 i7.
2120 1716 2344 1791 Tempus
2390 1715 2453 1771 ob
2488 1732 2545 1772 eo
2576 1724 2666 1778 est,
2712 1725 2913 1783 tempus
2939 1708 3527 1782 quid.—-Expectamus

1930 1815 2104 1870 adhuc
2126 1831 2152 1866 a
2180 1824 2249 1876 te.
2276 1813 2529 1884 piscator,
2550 1806 2936 1879 plenitudinem
2954 1804 3138 1862 Verbi.
3168 1804 3527 1875 Eratquidcm

1926 1912 1976 1965 in
2019 1907 2303 1982 principio,
2336 1904 2429 1962 sed
2476 1904 2650 1976 potuit
2678 1917 2783 1958 non
2839 1916 2961 1956 esse
3009 1908 3133 1956 ante
3183 1897 3527 1968 principium.

1925 2002 2102 2058 Etiam
2142 2002 2230 2058 hic
2263 2001 2354 2056 tibi
2384 1998 2583 2071 aliquid
2618 2013 2713 2069 pro
2767 1997 3035 2067 piscatore
3088 2007 3210 2049 meo
3256 1988 3473 2063 profero
3503 2005 3517 2044 :

1925 2094 2078 2166 Quod
2108 2104 2245 2162 erat,
2272 2110 2377 2148 non
2406 2092 2581 2164 potuit
2638 2106 2743 2146 non
2797 2087 3009 2155 fuisse;
3061 2095 3169 2141 erat
3225 2083 3368 2139 enim
3424 2096 3529 2137 non

1930 2184 2092 2242 habet
2117 2186 2169 2241 in
2215 2192 2458 2256 tempore
2510 2199 2615 2238 nou
2662 2183 2848 2238 fuisse.
2879 2180 2989 2238 Sed
3019 2178 3147 2251 quid
3177 2192 3273 2250 pro
3304 2190 3363 2232 se
3392 2174 3532 2231 ille?

1930 2283 2117 2338 Omnia
2148 2299 2237 2353 per
2266 2298 2379 2336 eum
2426 2284 2561 2351 [acta
2582 2288 2700 2333 sunt
2731 2274 2921 2352 (Ibid.,
2946 2276 2980 2331 ’5
3008 2274 3048 2346 ).
3110 2276 3252 2345 lirgo
3281 2271 3361 2346 (4)
3390 2271 3458 2343 if)
3489 2271 3530 2325 si

1927 2374 2066 2431 nihil
2090 2375 2209 2429 sine
2241 2371 2333 2428 illo
2378 2383 2501 2439 est;
2546 2387 2641 2443 per
2671 2385 2831 2441 quem
2887 2367 3139 2423 universa
3196 2363 3299 2439 37
3355 2379 3535 2433 coepe-

1925 2478 2055 2526 runt
2079 2485 2094 2535 ;
2128 2477 2183 2524 et
2212 2467 2264 2521 in
2283 2465 2549 2521 inliuitum
2573 2474 2676 2528 est,
2705 2479 2799 2534 per
2819 2478 2977 2533 quem
3010 2458 3151 2532 quod
3178 2470 3437 2514 estomnc
3465 2456 3535 2511 sit

1926 2564 2147 2620 factum.
2184 2559 2261 2635 (g)
2286 2559 2520 2630 Tempus
2546 2559 2689 2613 enim
2718 2565 2800 2611 est
2825 2554 3006 2626 spatii,
3037 2567 3142 2607 non
3175 2550 3229 2607 in
3259 2551 3412 2614 loco,
3437 2547 3533 2605 sed

1926 2657 1981 2713 in
2012 2665 2169 2711 aetate
2188 2653 2456 2709 manentis
2480 2649 2777 2723 signiﬁcata
2806 2647 3126 2703 moderatio.
3160 2645 3366 2700 Etcum
3387 2642 3452 2698 ab
3469 2659 3534 2698 eo

1926 2749 2125 2815 omnia,
2147 2762 2233 2803 res
2257 2746 2399 2814 nulla
2414 2761 2517 2801 non
2537 2744 2603 2799 ah
2624 2758 2689 2798 eo
2714 2758 2726 2795 :
2748 2751 2800 2799 et
2821 2741 3021 2798 idcirco
3040 2749 3249 2810 tempus
3270 2736 3336 2792 ab
3350 2751 3416 2793 co
3430 2743 3532 2791 est.

2001 2843 2092 2900 18.
2120 2840 2346 2897 Verbum
2374 2857 2475 2895 non
2497 2850 2569 2894 est
2596 2834 3089 2893 solitarium—Sed
3120 2833 3317 2889 dicitur
3344 2830 3437 2887 tibi
3466 2830 3535 2886 ab

1929 2934 2135 3005 aliquo,
2170 2935 2405 3007 piscator
2436 2949 2589 2989 meus
2609 2949 2626 2990 :
2649 2930 2883 2987 Nimium
2911 2929 3090 2986 facilis
3118 2938 3170 2985 et
3192 2927 3535 3000 promiscuus
3583 2929 3590 2939 '

1928 3028 2015 3084 hic
2042 3027 2211 3095 fuisti;
2244 3026 2417 3081 Omnia
2432 3042 2521 3096 per
2536 3042 2649 3080 eum
2670 3028 2811 3097 facta
2826 3032 2945 3077 sunt
2973 3037 3080 3077 non
3109 3020 3273 3076 habet
3293 3019 3532 3075 modum.

1929 3121 2027 3178 Est
2054 3121 2344 3194 ingenitus,
2374 3118 2467 3190 qui
2521 3119 2692 3174 laetus
2734 3133 2763 3171 a
2798 3116 3015 3172 nemine
3054 3122 3179 3170 est:
3212 3120 3297 3169 est
3339 3121 3394 3168 et
3420 3113 3536 3183 ipse

1928 3217 2145 3289 genitus
2173 3216 2240 3271 ab
2268 3214 2471 3270 innato.
2499 3212 2629 3269 Sine
2662 3210 2981 3281 exceptione
3030 3214 3158 3263 sunt
3205 3206 3380 3260 omnia
3409 3247 3424 3273 ,
3482 3210 3537 3260 et

212 3306 389 3372 enim,
416 3303 557 3375 (μιοά
610 3304 663 3360 in
713 3302 978 3374 Ρῖῖηοίρὶο
1027 3309 1164 3369 erat,
1208 3312 1317 3357 non
1346 3300 1399 3356 in
1453 3300 1628 3357 altero
1679 3316 1823 3366 esse.
1851 3297 1899 3360 C
1933 3307 2065 3365 nihil
2091 3305 2234 3379 quod
2267 3317 2417 3363 extra
2445 3305 2515 3360 sit
2545 3303 2947 3375 derelinquunt.
2981 3301 3089 3358 Sed
3117 3299 3243 3355 dum
3278 3297 3413 3354 nihil
3459 3299 3539 3353 ul-

214 3402 317 3460 sed
340 3418 464 3458 cum
507 3401 683 3457 altero
723 3398 1070 3471 praedicatur.
1106 3397 1213 3454 Sed
1245 3397 1313 3452 de
1349 3396 1719 3467 superioribus
1744 3397 1823 3451 ni-

213 3498 295 3554 hil
322 3512 501 3562 sumo,
535 3497 1009 3570 (c)consequeutia
1048 3497 1148 3552 sibi
1183 3495 1393 3562 adsint;
1433 3503 1632 3551 statum
1665 3492 1827 3551 Verbi

213 3598 275 3646 et
327 3603 521 3645 nomen
570 3600 847 3660 exspecta.
902 3589 1041 3645 Dicit
1093 3604 1372 3660 namque:
1408 3587 1474 3642 Et
1522 3585 1664 3644 Deus
1717 3597 1829 3645 erat

220 3678 473 3738 Verbum.
531 3680 723 3738 Cessat
760 3697 927 3739 sonus
983 3683 1170 3749 vocis,
1217 3690 1272 3738 et
1314 3682 1658 3754 cogitationis
1707 3683 1824 3738 elo-

215 3776 428 3848 quium.
466 3774 700 3832 Verbum
733 3776 837 3832 hoc
862 3794 950 3833 res
971 3788 1079 3840 eSt,
1113 3793 1218 3833 non
1248 3791 1447 3845 sonus;
1480 3785 1691 3848 natura,
1717 3792 1825 3834 non

212 3883 433 3938 sermo;
469 3870 639 3938 Deus,
672 3887 777 3928 non
809 3871 1038 3931 inanitas
1059 3883 1162 3929 est.

320 4012 378 4156 ἐξ
415 4009 776 4156 ἵίἓῗὶδηάεὸο.
807 4082 1039 4156 Exinde,
1069 4084 1191 4139 dum
1211 4082 1462 4156 uidemus.

298 4152 379 4225 ('3')
421 4152 565 4209 Inter
592 4172 699 4210 esse
715 4197 729 4221 ,
758 4166 804 4209 et
831 4155 961 4210 inter
987 4157 1152 4209 inesse
1176 4164 1225 4210 et
1250 4155 1425 4211 adesse
1448 4155 1707 4211 momenti.

297 4227 378 4301 (4)
420 4228 484 4283 Si
500 4242 605 4283 non
633 4234 810 4283 exstat
837 4228 891 4282 in
919 4225 1119 4283 Veron.

217 4380 270 4425 et
301 4376 466 4423 sumet
508 4367 707 4423 sibimet
741 4366 878 4435 quod
917 4364 1165 4432 liberant,
1198 4372 1304 4421 etc.
1340 4364 1560 4422 Rectius
1604 4364 1656 4422 in
1706 4364 1827 4423 aliis

218 4442 412 4504 libris,
444 4446 504 4493 ut
538 4441 589 4494 in
630 4447 798 4494 textu.
831 4437 1159 4508 Proponitur
1192 4437 1334 4493 enim
1376 4436 1679 4508 obiectum:
1711 4437 1766 4493 Si
1796 4452 1824 4493 a

219 4526 471 4582 tempore
498 4510 724 4582 liberum
755 4520 871 4577 est,
909 4510 992 4565 sui
1015 4509 1151 4578 juris
1181 4517 1299 4576 est,
1332 4509 1385 4565 in
1414 4524 1477 4564 se
1500 4519 1585 4565 est
1618 4516 1671 4565 et
1698 4510 1827 4565 soli-

218 4580 423 4640 tarium
443 4625 457 4647 ,
490 4599 589 4637 nec
619 4580 686 4638 ab
723 4583 828 4636 alio
860 4583 1056 4650 pendet
1081 4600 1094 4637 :
1123 4582 1187 4635 ad
1217 4582 1359 4653 quod
1387 4596 1511 4637 mox
1543 4586 1826 4654 responsio

215 4664 312 4713 est
330 4696 349 4723 ,
375 4672 479 4709 non
503 4654 642 4709 abest
667 4655 729 4709 ab
754 4661 979 4709 auctore.

302 4726 382 4801 (τι)
422 4727 527 4781 Pro
547 4727 801 4801 quierat,
835 4728 884 4780 in
910 4726 1132 4801 vetustis
1155 4725 1433 4801 codicibus
1457 4723 1636 4801 Coll»,
1667 4725 1821 4783 Rem.

215 4798 517 4857 ac'Germ.
563 4799 757 4868 legitur
795 4813 965 4852 eruns.
998 4798 1165 4852 Abest
1204 4798 1365 4853 etiam
1413 4799 1690 4853 relativum
1740 4800 1827 4868 qui

214 4889 248 4927 a
300 4872 523 4925 (Iarnut.
558 4870 760 4925 Deinde
800 4871 940 4937 apud
984 4869 1117 4925 Bnd.
1167 4879 1222 4924 et
1261 4868 1355 4924 Er.
1387 4880 1433 4924 et
1469 4871 1591 4940 quia
1639 4870 1829 4926 abesto

213 4942 522 5000 conditione
542 4941 783 5011 temporis
807 4957 825 4995 :
843 4941 1081 5067 pessime
1102 4941 1222 5013 quia
1248 4957 1342 5011 pro
1360 4941 1466 5007 qui.
1482 4939 1645 5011 ’Apud
1677 4940 1824 5010 Lips.

213 5025 279 5067 et.
312 5016 438 5067 Par.
469 5027 567 5067 nec
598 5030 703 5067 non
732 5013 783 5067 in
808 5029 834 5065 a
864 5016 1010 5067 ittuot
1038 5029 1166 5067 mss.
1195 5023 1239 5066 et
1263 5014 1347 5067 aui
1368 5012 1506 5066 abest
1527 5030 1558 5067 a
1583 5024 1824 5067 temuore.

212 5025 279 5073 et
312 5016 438 5085 Par.
469 5027 567 5068 nec
598 5030 703 5068 non
732 5013 783 5067 in
808 5012 1010 5082 aliqum,
1038 5012 1166 5068 mss.
1195 5023 1239 5066 et
1263 5014 1347 5085 qui
1368 5012 1506 5066 abest
1527 5030 1558 5067 a
1583 5024 1826 5085 tempore.

214 5090 281 5143 In
313 5084 539 5141 Carnut.
589 5100 690 5140 tus.
724 5103 755 5138 a
798 5085 1086 5154 cognitione
1133 5085 1394 5154 temporis.
1431 5085 1679 5154 Legimus
1707 5102 1827 5141 cum

213 5158 442 5216 duobus
481 5158 635 5213 Colb.
657 5198 672 5221 ,
708 5156 893 5212 Germ.
926 5171 988 5211 ac
1016 5156 1249 5210 Sorbon.
1282 5173 1316 5210 a
1363 5157 1666 5228 cognitionis
1706 5168 1830 5211 tem-

214 5246 391 5303 pore,
438 5229 688 5303 hocest,
730 5245 759 5282 a
794 5229 1035 5303 quolibet
1074 5237 1318 5303 tempore
1355 5228 1497 5303 quod
1538 5230 1829 5299 excogitari

213 5300 405 5359 valeat
430 5318 442 5351 :
473 5302 596 5371 quia
622 5309 705 5354 est
728 5308 848 5353 ante
876 5300 1018 5370 quod
1041 5300 1189 5355 voles
1224 5310 1309 5353 tua
1338 5301 1593 5369 opinione
1625 5316 1825 5370 ponere

212 5373 576 5450 principium.
627 5371 931 5450 Aliquando
978 5372 1137 5426 etiam
1206 5372 1474 5450 placuerat
1524 5388 1556 5426 a
1604 5382 1826 5450 tempore

216 5443 572 5511 randitionis,
625 5444 777 5515 quasi
817 5458 847 5498 a
898 5453 1140 5515 tempore
1194 5443 1337 5515 quod
1383 5444 1543 5499 rebus
1598 5443 1827 5502 conditis

214 5522 502 5577 congruit.

298 5588 381 5664 (b)
417 5589 477 5645 In
518 5587 954 5664 vulgatistinter
987 5604 1095 5664 esse
1132 5596 1181 5643 et
1225 5588 1361 5644 inter
1398 5586 1574 5664 inesse
1610 5596 1659 5643 et
1701 5588 1833 5643 inter

215 5658 414 5721 adesse
440 5658 683 5716 momenti
709 5677 728 5715 :
757 5660 993 5716 abundat
1034 5662 1303 5725 interesse,
1346 5674 1448 5731 nec
1491 5658 1686 5716 habent
1735 5675 1832 5731 po-

217 5738 403 5792 tiores
432 5747 563 5788 mss.
598 5731 828 5787 Hilarius
857 5742 1036 5787 autem
1061 5732 1316 5789 observat
1344 5730 1577 5787 Verbum
1608 5748 1714 5787 ttou
1738 5730 1831 5787 so-

215 5809 341 5864 lum
366 5806 543 5860 inesse
569 5805 621 5859 in
654 5805 834 5872 Patre,
868 5805 1084 5861 velutin
1108 5804 1399 5877 principio;
1419 5802 1514 5859 sed
1535 5813 1589 5859 et
1613 5804 1829 5875 adesse,

213 5877 377 5952 apud
407 5891 814 5952 qucmsemper
848 5878 967 5933 fuit.

307 5947 384 6023 (e)
423 5948 543 6006 Vat.
574 5948 692 6008 bas.
714 5946 910 6021 codex,
940 5965 1054 6008 cum
1074 5949 1353 6023 sequentia,
1379 5948 1597 6010 duobus
1627 5950 1826 6011 verbis.

1886 3420 1891 3424 ’
1934 3415 2011 3458 tra
2039 3400 2223 3458 dicere
2250 3401 2532 3465 audemus,
2564 3408 2657 3455 aut
2701 3396 2845 3454 forte
2870 3396 2996 3452 dum
3033 3396 3215 3451 dicere
3262 3394 3533 3458 molimur,

1931 3494 2009 3570 (5)
2041 3494 2122 3569 (h)
2167 3510 2394 3551 occurre
2421 3512 2433 3549 :
2460 3491 2527 3549 Et
2558 3497 2669 3549 sine
2697 3509 2758 3547 eo
2786 3495 2978 3565 factum
3004 3500 3091 3546 est
3138 3490 3286 3545 nihil.
3337 3488 3537 3543 Reddi-

1929 3592 2055 3648 disti
2126 3603 2447 3656 auctorem,
2512 3605 2633 3644 cum
2690 3587 2895 3644 socium
2938 3585 3217 3659 professus
3270 3599 3350 3638 es.
3400 3581 3533 3637 Cum

1930 3690 2074 3743 enim
2134 3686 2265 3740 nihil
2314 3685 2424 3739 sine
2480 3700 2573 3750 eo,
2637 3681 2878 3752 intelligo
2951 3695 3058 3736 non
3134 3679 3342 3744 solum;
3413 3678 3534 3748 quia

1928 3780 2066 3835 alius
2092 3788 2176 3835 est
2226 3794 2324 3851 per
2370 3794 2530 3850 quem
2553 3820 2566 3844 ,
2600 3775 2738 3833 alius
2760 3774 2842 3848 (ti)
2870 3785 2951 3830 est
2980 3774 3099 3830 sine
3128 3788 3233 3842 quo
3267 3790 3278 3826 :
3310 3782 3536 3842 utroque

1927 3872 2252 3931 discernitur
2296 3872 2617 3945 significatio
2664 3879 2720 3926 et
2769 3867 3179 3926 iutervenientis
3206 3876 3260 3922 et
3303 3863 3531 3936 agentis.

2004 4012 2085 4085 (ὅ)
2117 4010 2395 4066 Librarius
2420 4018 2605 4064 noster
2634 4008 2783 4077 prius
2807 4007 3100 4073 scripserat
3127 4014 3398 4085 occurret,
3424 4018 3534 4057 ma-

1928 4077 2024 4155 gis'
2056 4077 2179 4155 apte
2207 4090 2265 4155 et
2299 4096 2543 4155 conuerte
2583 4095 2745 4150 quam
2786 4093 2996 4155 occurre
3033 4094 3061 4155 :_
3096 4077 3408 4132 emendavit
3449 4091 3534 4132 se-

1930 4150 2106 4211 cunda
2120 4152 2233 4224 sed
2262 4151 2479 4220 antiqua
2510 4165 2719 4222 manus,
2750 4150 2970 4205 occurrit
3004 4150 3178 4224 plane.

2005 4225 2082 4302 (6)
2114 4220 2207 4280 Est
2229 4224 2513 4280 omittitur.

1929 4365 2067 4424 Aliis
2100 4365 2245 4423 favet
2282 4364 2412 4423 illud
2442 4363 2538 4421 lib.
2570 4380 2673 4431 νη,
2707 4380 2763 4420 n.
2802 4360 2914 4418 22:
2947 4360 3095 4416 Adsit
3138 4360 3235 4415 sibi
3261 4360 3447 4417 divina:
3474 4361 3537 4415 de

1931 4456 1985 4495 se
2011 4440 2276 4495 sententiae
2303 4437 2669 4494 testimonium.

2006 4508 2084 4584 (ιι)
2126 4511 2268 4584 Editi
2287 4553 2301 4577 ,
2326 4527 2511 4566 cum...
2538 4507 2903 4584 nuntiaveriut.
2922 4506 3235 4579 Elegantius
3264 4520 3395 4561 mss.
3419 4507 3503 4560 cui
3519 4547 3534 4572 ,

1927 4582 2072 4651 etc'.,'
2094 4583 2237 4655 quod
2265 4585 2333 4638 de
2358 4599 2417 4639 se
2442 4584 2583 4655 dicit
2603 4582 2854 4637 llilarius.

2001 4649 2192 4730 (e)__ln_
2216 4656 2478 4730 vulgatis.
2506 4654 2639 4730 nihil
2679 4669 2769 4709 nec
2809 4651 3302 4730 confunditur,_nec
3333 4649 3537 4717 con/er-

1930 4724 2310 4783 turl'Verbnm
2342 4727 2693 4799 confunditur
2722 4733 2911 4799 exstat
2945 4731 3147 4799 tantum
3191 4724 3242 4777 in
3282 4737 3389 4799 uno
3429 4737 3533 4778 ms.

1931 4800 2083 4856 Colb.
2112 4802 2181 4854 At
2207 4800 2258 4853 in
2287 4794 2501 4853 ett-teris
2520 4838 2535 4864 ,
2566 4797 2695 4852 nihil
2716 4813 2807 4851 nec
2831 4794 3131 4862 offenditur,
3157 4811 3247 4848 nec
3268 4794 3537 4863 aufertur:

1932 4887 2053 4940 qua:
2087 4871 2192 4925 duo
2224 4870 2382 4925 verba
2414 4871 2479 4924 ad
2509 4871 2613 4925 alia
2644 4869 2750 4924 duo
2789 4869 3097 4937 superiora,
3129 4867 3237 4940 sine
3276 4876 3538 4940 contume-

1934 4937 2024 5006 lia,
2054 4944 2165 4997 sine
2191 4941 2464 4996 abolitione
2500 4942 2743 5011 apposite
2774 4940 3099 4996 referuntur.
3136 4937 3301 4992 i’orro
3342 4938 3394 5011 in
3428 4952 3534 5011 vo-

1933 5015 2085 5071 cibus
2126 5014 2257 5069 nihil
2297 5031 2418 5077 nee,
2466 5008 2573 5068 non
2619 5012 2821 5081 duplex
2863 5013 3073 5081 negatio
3105 5018 3219 5076 est,
3252 5008 3356 5081 sed
3391 5008 3536 5079 pleo-

1934 5101 2151 5141 nasutus
2190 5084 2393 5156 Ggaccis
2425 5082 2633 5156 ipsique
2668 5078 2871 5139 Hilario
2905 5078 3205 5156 latitiliaris.
3251 5078 3403 5136 Hune
3441 5094 3536 5156 ca-

1935 5173 2061 5213 vere
2088 5152 2462 5227 mss.RemigI
2481 5152 2769 5211 etTheod.
2793 5157 2883 5226 qui
2914 5171 3013 5224 pro
3056 5154 3189 5209 nihil
3223 5170 3312 5208 nec
3334 5196 3348 5218 ,
3378 5152 3531 5227 enhi-

1934 5229 2063 5285 bent
2094 5229 2225 5284 nihil
2265 5230 2319 5283 in
2350 5225 2427 5285 eo;
2460 5229 2514 5283 Si
2548 5230 2670 5300 quis
2710 5225 2859 5282 malit
2899 5228 3029 5282 nihil
3074 5243 3165 5300 nec
3205 5225 3538 5300 confunditur

1933 5318 2027 5357 nec
2047 5304 2311 5370 aufertur,
2342 5296 2722 5372 propter'illud
2754 5300 2849 5355 lib.
2880 5315 2952 5355 vtt
2975 5340 2992 5367 ,
3025 5317 3078 5353 n.
3115 5298 3178 5353 21
3211 5314 3224 5351 :
3252 5296 3374 5372 lVon
3417 5313 3537 5350 con-

1933 5375 2168 5444 funditur
2197 5369 2368 5444 itaque
2393 5369 2481 5429 aut
2509 5372 2741 5429 aboletur
2766 5382 2982 5439 natura;
3014 5386 3108 5441 per
3131 5386 3228 5425 nos
3254 5369 3431 5423 liccat.

2026 5468 2093 5543 (Ι)
2138 5470 2463 5540 Particulatn
2507 5471 2553 5526 si
2595 5469 2844 5525 addimus
2894 5468 3212 5593 auctqlqitate
3268 5466 3537 5537 potiorum

2026 5558 2065 5593 s.
2101 5540 2223 5593 Mox
2253 5544 2440 5593 vocula
2473 5553 2520 5593 et
2547 5558 2645 5593 nro
2672 5542 2823 5593 etiam
2851 5543 3035 5593 nonitu
3074 5576 3088 5591 .

1933 5540 2081 5597 mss.
2101 5540 2223 5599 Mox
2253 5544 2440 5598 vocula
2473 5553 2520 5599 et
2547 5558 2645 5614 pro
2672 5542 2823 5597 etiam
2851 5540 3088 5611 ponitur.

2009 5636 2085 5712 (g)
2108 5636 2267 5712 Solus
2294 5636 2425 5712 Vat.
2459 5637 2573 5691 bas.
2604 5635 2798 5701 codex,
2830 5633 3052 5712 Tempus
3090 5633 3407 5712 enimAspatii
3439 5651 3538 5712 non

1935 5709 1990 5763 in
2016 5704 2127 5764 loco
2156 5710 2246 5763 sed
2286 5710 2340 5763 in
2379 5718 2530 5764 a'tate
2570 5715 2738 5761 manet
2775 5704 3040 5760 moderata
3078 5706 3406 5779 signiﬁcatio.
3440 5706 3538 5763 Cui

1936 5782 2207 5838 consentit
2234 5779 2457 5838 Carnut.
2488 5780 2540 5836 in
2564 5778 2778 5835 duobus
2808 5780 3096 5849 postremis
3123 5778 3323 5837 verbis.

2034 5874 2089 5947 h)
2114 5875 2278 5941 Editi,
2308 5872 2798 5947 occurrit,_occurrit
2821 5874 3008 5947 plane;
3039 5883 3092 5929 et
3108 5889 3263 5947 mox,
3294 5872 3535 5939 Piscator

1942 5945 2216 6005 reddidisti
2242 5964 2256 6005 :
2279 5945 2676 6017 refragantibus
2703 5948 2976 6005 veteribus
3000 5946 3168 6004 libris.
