4040 6328
508 330 582 390 65
1715 332 1966 392 SANCTI
2006 331 2267 391 HILARII
2307 332 2614 391 EPISCOPI
3769 333 3847 393 64

584 448 673 507 19.
706 449 830 507 Non
858 459 1055 507 tantum
1075 450 1242 524 adfuit
1269 450 1479 524 facienti
1498 452 1692 519 omnia,
1719 451 1809 506 sed
1828 460 1873 508 et
1901 451 2117 524 fecit.—
2143 454 2193 513 Α
2224 450 2406 526 (Joan.
2428 469 2481 516 v,
2505 450 2624 525 26).
2657 451 2816 519 llinc,
2843 451 3012 508 Nemo
3036 453 3172 508 novit
3190 452 3385 509 Filium
3405 453 3507 509 nisi
3535 451 3717 523 Pater,
3745 473 3845 511 nc-

508 542 617 601 Sed
648 544 728 620 (l)
752 545 1085 621 (a)sollieito
1126 546 1195 604 de
1238 557 1483 615 auctore,
1516 546 1607 619 qui
1655 561 1795 602 unus
1845 546 2116 617 ingenitus

511 656 621 714 est,
652 656 720 697 ne
750 642 802 696 in
831 655 897 697 eo
924 639 1067 710 quod
1099 641 1273 695 omnia
1299 640 1530 706 diceres,
1564 638 1695 694 nihil
1735 648 1881 694 esset
1922 653 2119 710 excep-

511 748 648 806 tum,
676 734 884 793 solvisti
913 745 1117 790 metum
1165 733 1432 791 dicendo:
1468 733 1536 789 Et
1574 735 1683 789 sine
1721 749 1779 789 eo
1820 728 2014 804 factum
2043 741 2118 787 est

516 830 669 888 nihil.
695 827 897 885 Verum
921 825 1227 884 Confundor
1253 836 1308 883 et
1337 827 1524 882 turbor
1550 826 1606 883 in
1636 842 1723 895 eo,
1761 827 1904 899 quod
1926 827 2037 880 sine
2060 841 2118 880 eo

515 928 712 997 factum
743 932 816 978 est
844 922 998 978 nihil.
1023 922 1120 978 Est
1144 937 1273 993 ergo
1293 921 1495 992 aliquid
1519 937 1614 992 per
1634 922 1863 991 alterum
1892 921 2115 990 factum,

514 1015 656 1089 quod
684 1025 863 1071 tamen
897 1030 1004 1070 non
1033 1013 1105 1069 sit
1126 1014 1243 1070 sine
1273 1029 1338 1069 eo
1362 1012 1559 1071 factum
1587 1031 1601 1071 :
1633 1023 1687 1069 et
1716 1014 1765 1069 si
1789 1013 1989 1085 aliquid
2025 1030 2120 1084 per

510 1111 766 1175 alterum,
794 1105 870 1181 (ἓ)
907 1106 1035 1162 licet
1064 1122 1170 1163 non
1199 1106 1315 1161 sine
1336 1121 1439 1173 eo;
1467 1105 1576 1177 jam
1606 1120 1709 1160 non
1739 1120 1836 1176 per
1863 1120 1985 1160 eum
2006 1121 2120 1159 om-

516 1203 636 1269 nia;
685 1201 811 1272 quia
841 1199 987 1254 aliud
1012 1207 1096 1255 est
1125 1198 1339 1264 fecisse,
1369 1197 1515 1253 aliud
1543 1208 1628 1255 est
1656 1198 2012 1254 intervenisse
2036 1197 2119 1253 fa-

516 1295 702 1352 cienti.
734 1293 851 1349 Non
883 1292 1057 1348 habeo
1087 1292 1198 1359 hic,
1229 1290 1465 1362 piscator
1488 1306 1664 1358 meus,
1702 1298 1761 1346 ut
1789 1291 1840 1345 in
1865 1291 2080 1346 cmteris
2102 1329 2120 1359 ,

517 1390 662 1461 quod
684 1405 749 1445 ex
790 1404 911 1445 meo
941 1388 1210 1458 proferam
1238 1403 1253 1453 ;
1288 1402 1317 1442 a
1346 1398 1437 1442 tuo
1471 1386 1654 1441 statim
1685 1385 2120 1457 respondendum

521 1494 627 1551 est,
677 1482 863 1538 Omnia
912 1498 1003 1553 per
1041 1498 1156 1536 eum
1192 1481 1330 1552 facta
1378 1488 1514 1534 sunt.
1575 1478 1781 1535 Sentio.
1831 1478 2126 1548 Apostolus

520 1581 665 1637 enim
688 1580 769 1652 (5)
784 1580 968 1635 docuit
996 1596 1009 1633 :
1036 1577 1275 1633 Visibilia
1294 1585 1340 1632 et
1362 1574 1657 1644 invisibilia,
1677 1573 1779 1629 sive
1791 1572 2009 1636 Tltroni,
2024 1575 2128 1629 sive

520 1673 933 1740 Dominationes,
961 1672 1066 1727 sive
1091 1669 1422 1741 Principatus
1441 1712 1457 1737 ,
1484 1672 1590 1725 sive
1622 1667 1929 1735 Potestates,
1955 1668 2128 1721 omnia

517 1786 613 1843 per
632 1770 821 1840 ipsum,
855 1767 978 1822 etin
1004 1767 1115 1836 ipso
1147 1763 1373 1839 (Coloss.
1400 1780 1439 1827 ι.
1473 1760 1586 1836 l6).

2220 562 2318 616 que
2370 545 2584 602 Patrem
2616 546 2694 617 (6)
2718 547 2816 601 nisi
2848 545 2893 599 F
2896 547 3016 601 ilius
3046 546 3260 619 (Mattlt.
3297 564 3348 603 XI
3373 590 3386 615 ,
3424 548 3542 616 27).
3576 550 3741 617 Hinc,
3774 550 3846 608 In

2217 643 2330 708 ipso
2375 642 2625 696 inhabitat
2674 642 2840 696 omnis
2882 642 3147 713 plenitudo
3178 643 3465 698 divinitatis
3494 648 3847 716 corporaliter

2222 733 2447 809 (Coloss.
2479 752 2539 802 ll,
2564 735 2645 807 9).

2290 828 2381 883 2i.
2428 827 2573 882 Verbi
2593 829 2853 899 generatio
2876 826 3104 883 humana
3132 829 3331 885 ratione
3352 848 3454 886 non
3477 834 3683 902 capitur
3705 848 3726 897 ;
3761 842 3844 889 te-

2222 920 2393 975 nenda
2414 921 2571 993 igitur
2593 921 2716 992 fide.
2748 951 2821 963 —
2849 920 2972 975 llmc
2997 921 3102 975 vita
3135 922 3231 976 lux
3262 922 3539 978 hominum
3569 934 3673 986 est,
3710 924 3836 981 lucc

2223 994 2319 1067 lux
2346 1014 2599 1068 tenebras
2624 1013 2954 1068 illuminans.
2981 1013 3048 1069 Et
3072 1023 3128 1068 ut
3156 1015 3640 1085 itupossihilitatem
3664 1033 3848 1089 gene-

2224 1106 2451 1160 rationis
2487 1106 2605 1175 ejus
2630 1106 2949 1162 enarranda:
2986 1106 3284 1162 secundum
3310 1108 3628 1179 prophetam
3656 1111 3849 1182 pisca-

2226 1208 2309 1253 tor
2331 1199 2703 1255 Consolaretur
2729 1199 2879 1272 (lisa.
2904 1215 3016 1265 ιιιι,
3047 1200 3124 1271 8);
3142 1201 3359 1273 adjecit,
3394 1201 3462 1256 Et
3490 1204 3714 1259 tenebrre
3730 1222 3850 1260 eam

2227 1310 2329 1349 non
2358 1295 2856 1365 comprehenderunt
2887 1296 3064 1368 (Jonn.
3098 1314 3135 1363 ι,
3160 1299 3237 1367 4).
3264 1297 3440 1355 Cessit
3475 1314 3659 1357 sermo
3684 1314 3845 1357 natu‘

2227 1404 2326 1455 rae,
2365 1396 2419 1442 et
2446 1404 2550 1444 n0n
2588 1388 2748 1444 habet
2786 1406 2891 1458 quo
2920 1401 3201 1457 excurrat;
3234 1401 3289 1448 et
3320 1403 3495 1448 tamen
3529 1393 3635 1451 hoc
3663 1397 3849 1465 pisca-

2230 1486 2316 1534 tor
2344 1480 2446 1536 i5te
2476 1481 2743 1535 recubans
2776 1482 2827 1536 in
2861 1482 3073 1538 Domini
3110 1492 3298 1555 pectus
3336 1486 3565 1557 accepit.
3609 1489 3735 1543 Non
3765 1498 3849 1545 est

2231 1572 2332 1628 iste
2354 1572 2537 1628 saeculi
2563 1587 2763 1639 sermo;
2798 1576 2922 1646 quia
2947 1575 3015 1631 de
3045 1592 3147 1647 qua
3172 1578 3370 1647 agitur,
3403 1594 3510 1633 non
3534 1580 3727 1635 szecnli
3758 1595 3847 1637 res

2230 1674 2335 1720 est.
2365 1665 2568 1719 Edatur
2597 1665 2824 1736 aliquid,
2861 1669 2904 1721 si
2938 1668 2988 1721 in
3021 1668 3415 1738 signiﬁratione
3441 1670 3732 1726 verborum
3763 1687 3849 1727 rc-

2234 1758 2398 1830 periri
2434 1768 2615 1830 potest
2654 1761 2790 1815 ultra
2824 1778 2983 1832 quam
3030 1762 3234 1818 dictum
3268 1764 3337 1818 sit
3368 1782 3381 1817 :
3413 1772 3467 1820 et
3492 1766 3536 1818 si
3569 1780 3676 1836 qua
3720 1775 3847 1820 sunt

590 1862 684 1917 20.
721 1860 822 1929 Qui
850 1860 1026 1915 omnia
1050 1862 1104 1914 in
1131 1858 1298 1914 Verbo
1318 1867 1510 1913 creata.
1548 1856 1771 1913 Verbum
1796 1873 1897 1911 non
1926 1873 2129 1912 succes-
2156 1847 2204 1908 B
2232 1853 2334 1906 alia
2359 1855 2621 1924 exposita:
2649 1868 2678 1907 a
2728 1854 2887 1911 nobis
2933 1863 3142 1910 natura:
3171 1859 3391 1911 nomina
3413 1898 3427 1922 ,
3471 1857 3841 1926 proferantur.

518 1956 643 2024 sive,
667 1954 759 2010 sed
784 1953 1039 2011 nascendo
1062 1958 1342 2025 perfectum
1363 1951 1769 2007 existit.—Cum
1798 1965 1929 2021 ergo
1953 1950 2126 2004 omnia

523 2064 617 2120 per
663 2048 871 2120 ipsum,
914 2046 1141 2102 subveni
1197 2055 1252 2101 et
1304 2059 1529 2111 enarra,
1563 2043 1689 2115 quid
1731 2058 1838 2099 non
1892 2044 2009 2098 sine
2059 2057 2126 2098 eo

530 2141 624 2215 (4)
655 2140 853 2196 factum
879 2142 968 2196 sit.
1003 2139 1077 2213 (b)
1112 2139 1263 2207 Quod
1300 2141 1488 2212 factum
1518 2147 1593 2194 est
1628 2139 1681 2193 in
1704 2154 1781 2206 eo,
1824 2138 1925 2192 vita
1954 2137 2025 2210 (e)
2055 2146 2127 2192 est

533 2232 717 2311 (Joan.
752 2250 790 2299 ι.
828 2232 908 2306 4).
946 2233 1059 2288 lloc
1089 2232 1251 2305 igitur
1275 2248 1383 2288 non
1405 2233 1524 2289 sine
1553 2247 1641 2299 eo,
1671 2232 1815 2303 quod
1845 2232 1897 2287 in
1921 2247 1987 2287 eo
2012 2231 2125 2286 lac-

525 2337 637 2383 tum
660 2337 744 2384 est
775 2345 788 2382 :
818 2342 941 2382 nam
971 2326 1021 2381 id
1040 2326 1182 2398 quod
1206 2325 1257 2381 in
1276 2342 1342 2382 eo
1356 2326 1555 2381 factum
1573 2334 1679 2393 est,
1703 2324 1867 2381 etiam
1885 2339 1980 2396 per
2001 2339 2124 2380 eum

516 2422 719 2477 lacttuu
737 2429 839 2476 est.
860 2420 1053 2475 Omnia
1071 2419 1215 2475 enim
1232 2435 1327 2491 per
1341 2422 1512 2490 ipsum
1528 2427 1584 2474 et
1607 2420 1657 2474 in
1674 2418 1789 2489 ipso
1810 2427 1986 2472 creata
2002 2424 2129 2471 sunt

527 2510 753 2580 (Coloss.
780 2527 817 2576 ι,
859 2509 971 2583 16).
1002 2510 1057 2564 In
1089 2511 1206 2581 ipso
1225 2521 1402 2566 autem
1446 2517 1661 2577 creata,
1710 2509 1833 2579 quia
1871 2509 2129 2564 nasceba-

534 2616 620 2661 tur
633 2615 846 2661 creator
867 2602 1143 2661 Deus.Sed
1158 2604 1317 2660 etiam
1350 2618 1418 2659 ex
1449 2602 1550 2658 hoc
1570 2602 1689 2657 sine
1702 2617 1767 2657 eo
1782 2601 1911 2657 nihil
1929 2601 2125 2657 factum

526 2714 628 2766 est,
651 2702 791 2769 quod
808 2704 859 2759 in
882 2717 947 2760 eo
968 2701 1162 2758 factum
1186 2711 1289 2769 est,
1309 2703 1431 2773 quia
1456 2714 1686 2756 nascens
1707 2699 1847 2755 Deus
1864 2700 1967 2755 vita
1982 2707 2126 2754 erat:

526 2804 581 2852 et
618 2793 698 2868 (rt)
726 2797 814 2866 qui
847 2797 952 2853 vita
984 2804 1120 2862 erat,
1146 2809 1252 2850 non
1284 2804 1465 2865 postea
1505 2809 1663 2864 quam
1690 2801 1774 2848 est
1802 2802 1978 2855 natus,
2021 2790 2131 2863 38

530 2886 760 2945 ellectus
785 2889 1029 2954 estvita;
1060 2904 1165 2943 non
1221 2888 1364 2941 enim
1394 2886 1446 2941 in
1492 2901 1557 2942 co
1587 2884 1730 2939 aliud
1775 2893 1859 2939 est
1886 2881 1960 2954 (e)
1990 2884 2128 2951 quod

526 2991 709 3036 natum
768 2991 871 3046 est,
902 2989 957 3035 et
1009 2965 1152 3034 aliud
1182 2988 1264 3035 est
1287 2978 1425 3049 quod
1459 2988 1616 3033 natus
1642 2977 1868 3046 accepit.
1894 2974 2009 3030 Non
2038 2972 2133 3028 ba-

527 3070 657 3128 heut
710 3075 851 3129 inter
890 3088 950 3129 se
982 3081 1192 3143 tempus
1231 3083 1285 3128 et
1311 3071 1564 3126 nativitas
1595 3079 1648 3125 et
1678 3068 1972 3140 profectus.
2022 3065 2129 3122 Sed

528 3166 659 3223 nihil
723 3167 802 3239 (ὅ)
833 3168 951 3223 sine
1007 3182 1067 3222 se
1092 3165 1253 3222 ﬁebat
1281 3182 1346 3221 ex
1398 3165 1462 3220 iis
1508 3180 1628 3236 qua:
1675 3163 1728 3218 in
1783 3179 1849 3219 eo
1900 3161 2124 3229 ﬁebant,

2230 1945 2362 2013 Qure
2385 1948 2430 1999 si
2461 1961 2566 2000 non
2586 1955 2734 2013 sunt,
2761 1946 2924 2001 immo
2950 1948 3073 2017 quia
3105 1963 3209 2003 non
3234 1960 3381 2014 sunt;
3412 1949 3673 2005 miremur
3701 1949 3842 2007 hanc

2231 2040 2283 2095 in
2317 2041 2584 2107 piscatore
2623 2039 2948 2107 doctrinam,
2989 2050 3043 2095 et
3073 2040 3125 2096 in
3155 2056 3221 2097 eo
3248 2043 3325 2115 (ῃ)
3351 2042 3564 2113 eloquia
3591 2044 3684 2098 Dei
3717 2060 3843 2100 sen-

2229 2139 2426 2189 tiamus
2460 2152 2472 2187 :
2506 2132 3014 2205 confessionemque
3057 2135 3232 2190 Patris
3257 2145 3312 2192 et
3342 2136 3498 2202 Filii,
3530 2137 3763 2207 ingeniti
3791 2149 3840 2194 et

2232 2225 2491 2296 unigeniti
2523 2225 2974 2293 inenarrabilem,
3008 2235 3063 2281 et
3100 2227 3451 2284 excedentem
3490 2230 3837 2300 complexum

2231 2335 2446 2375 omnem
2484 2329 2538 2375 et
2567 2320 2839 2375 sermonis
2868 2332 2923 2376 et
2948 2335 3171 2387 sensus,
3205 2332 3483 2377 teneamus
3507 2330 3670 2394 atque
3702 2325 3837 2378 ado-

2233 2429 2414 2470 remus
2453 2432 2466 2468 :
2523 2421 2577 2467 et
2624 2412 2679 2468 in
2724 2413 2953 2468 Domino
2997 2414 3160 2481 Jesu,
3211 2414 3463 2486 exemplo
3500 2413 3749 2481 Joannis,
3783 2425 3838 2471 ut

2233 2507 2349 2563 hare
2390 2507 2659 2579 possimus
2687 2506 2889 2563 sentire
2916 2518 2969 2563 et
3000 2507 3259 2579 colloqui,
3293 2509 3623 2565 accubemus
3651 2509 3832 2585 (Joan.

2231 2617 2350 2667 xm,
2382 2602 2500 2673 ‘25).

2303 2694 2394 2749 22.
2429 2694 2803 2751 ΙΙωνριὶεονιιηι
2842 2704 2978 2751 artes
3027 2705 3206 2750 contra
3254 2695 3409 2766 ﬁdem
3456 2712 3620 2753 vanae.
3678 2698 3835 2756 Fides

2232 2804 2337 2843 una
2366 2790 2520 2844 uincit
2543 2807 2714 2845 omnes
2746 2789 2985 2844 hwreses.
3018 2820 3089 2830 —
3117 2788 3474 2846 Commendat
3498 2800 3683 2846 autem
3710 2792 3833 2848 fidei

2234 2881 2395 2953 hujus
2416 2883 2798 2954 integritatem,
2825 2892 2876 2937 et
2891 2883 3198 2954 evangeliea
3216 2883 3531 2949 auctoritas,
3552 2894 3835 2955 etaposto-

2233 2975 2330 3030 lien
2355 2976 2465 3048 39
2493 2975 2761 3040 doctrina,
2793 2984 2847 3031 et
2870 2975 3430 3046 circumstrepentium
3464 2978 3703 3050 undique
3729 2981 3834 3035 ha:-

2233 3068 2524 3123 retieorum
2560 3069 2637 3140 ('7)
2673 3066 2754 3141 (ll)
2785 3068 2956 3123 otiosa
2996 3068 3371 3124 fraudulentia.
3404 3071 3522 3128 Stat
3560 3073 3702 3126 enim
3734 3073 3835 3131 hoc

2234 3160 2642 3217 fundamentum
2694 3162 2931 3218 validum
2993 3173 3048 3219 et
3090 3163 3367 3219 immotum
3419 3165 3677 3222 adversus
3717 3183 3836 3222 om-

522 3262 645 3332 quia
698 3263 803 3317 vita
847 3271 931 3317 est
1001 3260 1209 3332 (supple
1262 3262 1330 3331 is)
1380 3260 1434 3315 in
1483 3275 1589 3334 quo
1637 3259 1855 3324 liebaut,
1885 3267 1938 3313 et
1990 3258 2130 3313 Deus
2156 3250 2202 3315 C
2237 3270 2334 3311 nes
2360 3266 2572 3324 ventos,
2609 3256 2855 3325 pluvias,
2912 3265 3220 3324 torrentes,
3250 3274 3353 3313 non
3386 3258 3602 3315 ﬂatibus
3635 3262 3833 3333 pellen-

529 3355 621 3425 qtti
674 3369 702 3408 a
761 3354 873 3410 Deo
917 3363 1074 3409 natus
1132 3362 1258 3419 est,
1341 3368 1449 3408 non
1511 3362 1693 3422 postea
1762 3366 1920 3422 quam
1975 3357 2133 3405 natus

529 3456 613 3503 est
638 3489 652 3513 ,
699 3445 769 3519 (ι’)
826 3447 918 3502 sed
952 3446 1225 3502 nascendo
1269 3446 1410 3502 Deus
1451 3446 1674 3502 exstitit.
1708 3443 1947 3499 NaScens
1983 3444 2129 3501 enim

530 3555 559 3595 a
594 3542 809 3597 vivente
860 3542 1053 3606 vivus,
1106 3557 1135 3596 a
1163 3555 1292 3597 vero
1320 3556 1503 3607 verus,
1555 3556 1582 3592 ιι
1626 3529 1869 3611 perfecto
1921 3538 2131 3609 perfec-

530 3643 649 3700 tus,
689 3650 795 3688 non
848 3634 967 3690 sine
1012 3642 1281 3705 potestate
1332 3633 1627 3689 nativitatis
1678 3648 1793 3689 suae
1844 3641 1999 3688 natus
2024 3642 2126 3699 est,

530 3727 862 3782 nativitatem
898 3727 1145 3784 videlicet
1174 3743 1327 3783 suam
1359 3745 1464 3784 non
1505 3739 1690 3799 postea
1726 3726 2001 3794 sentiens,
2036 3727 2128 3781 sed

529 3834 589 3875 se
622 3819 789 3875 Deum
843 3821 894 3876 in
938 3837 1004 3878 eo
1046 3822 1163 3892 ipso
1193 3821 1335 3893 quod
1366 3822 1504 3878 Deus
1546 3836 1613 3876 ex
1674 3821 1784 3877 Deo
1811 3820 2133 3876 nascebatur

528 3913 851 3985 intelligens.
887 3914 999 3970 Hoc
1020 3915 1328 3986 unigenitus
1358 3915 1426 3971 ab
1448 3915 1685 3986 ingenito
1712 3931 1725 3968 :
1761 3913 1895 3976 hoc,
1950 3912 2063 3986 Ego
2089 3922 2134 3967 et

532 4005 694 4062 Pater
719 4025 876 4062 unum
900 4026 1077 4065 sumus
1101 4008 1281 4078 (Joan.
1314 4024 1369 4076 χ,
1394 4008 1488 4080 50)
1524 4026 1537 4062 :
1572 4007 1676 4065 hoc
1706 4008 1762 4063 in
1790 4005 2136 4063 confessione

534 4099 711 4155 Patris
734 4109 791 4158 et
828 4101 947 4158 Filii
980 4103 1121 4158 Deus
1148 4117 1286 4157 unus
1319 4120 1331 4155 :
1363 4102 1465 4157 hoc
1497 4101 1654 4157 Pater
1685 4101 1739 4157 in
1767 4099 1927 4167 Filio,
1956 4108 2013 4156 et
2040 4098 2133 4155 Fi-

535 4193 637 4248 lius
668 4193 720 4248 in
753 4195 932 4251 Patre.
962 4195 1135 4261 Hinc,
1185 4197 1288 4264 Qui
1326 4213 1407 4250 me
1445 4196 1606 4262 vidit,
1651 4196 1776 4250 vidit
1823 4206 1869 4250 et
1927 4193 2131 4250 Patrem

529 4285 713 4359 (Joan.
744 4303 866 4355 xw,
910 4288 987 4357 9).
1023 4290 1178 4357 lliuc,
1215 4289 1404 4344 Omnia
1429 4306 1541 4351 ante
1584 4288 1732 4344 habet
1772 4289 1962 4354 Pater,
1992 4290 2133 4344 dedit

535 4376 678 4433 Filio
700 4376 884 4451 (Joan.
913 4396 1025 4446 xvr,
1054 4381 1165 4451 l5).
1199 4381 1351 4447 Hinc,
1375 4382 1522 4437 Sicut
1550 4381 1698 4436 liabet
1728 4381 1886 4437 Pater
1910 4383 2063 4436 vitam
2080 4385 2135 4437 in

529 4472 834 4545 semetipso,
876 4472 948 4527 ita
978 4473 1117 4528 dedit
1169 4471 1311 4529 Filio
1342 4474 1493 4528 vitam
1551 4474 1737 4528 habere
1772 4475 1824 4527 in
1869 4475 2136 4547 semetipso

601 4600 681 4671 (l)
713 4601 959 4667 Solliciti,
989 4617 1147 4672 teque
1173 4601 1331 4658 bene.

601 4672 683 4744 (2)
716 4674 859 4757 lleie
896 4676 1256 4757 interponitur
1287 4678 1503 4746 factum.
1549 4673 1745 4732 Postea
1783 4674 2136 4748 supprimitur

532 4755 603 4799 est
634 4756 760 4801 ante
787 4755 1134 4800 intervenisse.

607 4815 686 4959 (ὅ)
714 4817 946 4871 Additur
977 4814 1199 4871 Paulus.

607 4888 662 4959 (4
720 4888 940 4943 Factum
968 4897 1060 4942 est.

606 4888 685 4959 (4)
720 4888 940 4943 Factum
968 4897 1060 4942 est.

709 4962 978 5090 iiingitcliee
1001 5038 1186 5088 nostro
1206 5034 1517 5107 adiungitur
1549 5056 1563 5094 :
1592 5038 1706 5110 quis
1733 5038 1890 5106 novit,
1923 5037 2019 5094 sed
2049 5051 2137 5093 se-

604 5150 681 5227 (a)
709 5151 784 5227 Ita
800 5152 1087 5227 (eleganter
1106 5158 1324 5227 optimae
1344 5167 1484 5212 uota:
1504 5173 1634 5212 mss.
1659 5158 1818 5212 tacita
1836 5170 1967 5211 voce
1991 5154 2142 5220 mihi,

533 5222 650 5277 scil.
680 5225 876 5279 solvisti
897 5239 1106 5282 ntetum.
1140 5222 1209 5284 λι
1235 5231 1287 5284 in
1319 5231 1550 5299 vulgatis
1574 5229 1851 5283 sollicitor.

566 5386 576 5397 .
607 5314 687 5383 (b)
720 5315 968 5397 Lips.__e_t
996 5317 1114 5371 Par.
1150 5334 1265 5387 poSt
1294 5321 1387 5397 E_r_._
1424 5320 1509 5375 hic
1536 5320 1757 5383 addunt,
1782 5318 1918 5388 quod
1948 5320 2140 5385 factum

532 5390 617 5451 sit,
661 5399 856 5455 praeter
881 5390 1037 5445 (idem
1065 5399 1303 5448 veterum
1336 5392 1618 5446 librorum.

604 5482 677 5551 (e)
703 5481 942 5554 (Rursum
973 5483 1059 5543 hic
1095 5485 1224 5539 editi
1257 5483 1619 5551 praeferebant
1644 5485 1747 5538 vita
1794 5494 1902 5539 erat
1928 5500 1947 5539 :
1975 5497 2134 5554 repu-

532 5552 819 5626 gttantihus
849 5572 979 5611 mss.
1027 5568 1083 5610 ιιι
1110 5567 1165 5611 et
1190 5556 1282 5611 lib.
1316 5572 1354 5622 I,
1386 5571 1441 5609 ll.
1468 5556 1555 5609 10.
1580 5556 1915 5626 Quamquam
1948 5571 2008 5609 ex
2041 5552 2134 5611 se-

534 5624 828 5695 quentibus
854 5628 1114 5695 suspicari
1160 5628 1285 5684 licet
1311 5628 1449 5683 hane
1477 5624 1993 5682 lectionem'ﬂilario
2026 5643 2133 5683 non

531 5690 708 5770 fuisse
729 5690 1045 5770 inauditam.
1083 5701 1401 5757 Ambrosius
1428 5714 1643 5770 quoque
1676 5699 1767 5754 lib.
1800 5715 1857 5754 ιιι
1886 5699 1956 5754 de
2004 5698 2137 5756 Fide

529 5777 580 5818 c.
612 5763 666 5829 6,
698 5767 845 5835 legit,
876 5768 974 5821 vita
1003 5782 1094 5824 est.

604 5854 685 5927 (ά)
713 5856 784 5911 lta
819 5857 1072 5915 meliores
1104 5878 1233 5917 mss.
1267 5862 1333 5917 At
1367 5861 1517 5929 editi,
1548 5871 1594 5919 et
1618 5862 1738 5929 quia
1765 5862 1868 5915 vita
1894 5870 2021 5916 erat.

2238 3349 2391 3417 dum,
2423 3366 2528 3406 non
2562 3350 2854 3405 stillicidiis
2882 3352 3298 3423 penetrandum,
3334 3368 3438 3407 non
3469 3354 3824 3409 inundationi-

2241 3445 2337 3500 bus
2366 3446 2428 3518 (i)
2453 3445 2807 3502 subluendum
2842 3444 3032 3519 (Math.
3062 3462 3132 3501 vu
3157 3488 3172 3513 ,
3195 3446 3326 3515 ‘25):
3357 3456 3412 3502 et
3441 3448 3704 3517 optimum
3730 3456 3826 3513 est,

2237 3540 2498 3613 quidquid
2529 3553 2556 3590 a
2598 3541 2841 3612 plurimis
2874 3534 3240 3606 incnrsatum‘,
3278 3556 3306 3594 a
3340 3542 3485 3595 nullo
3515 3551 3693 3596 tamen
3741 3558 3833 3611 po-

2239 3636 2366 3690 terit
2405 3635 2632 3705 impelli.
2682 3633 2752 3690 Ut
2795 3643 2974 3689 autem
3016 3634 3263 3705 qua-dam
3316 3635 3834 3690 medicamentorum

2237 3743 2436 3799 genera
2480 3736 2608 3784 sunt
2639 3729 2707 3781 ita
2740 3734 3085 3797 comparata,
3137 3736 3194 3781 ut
3233 3742 3337 3781 non
3382 3727 3608 3797 singulis
3634 3736 3836 3782 tantum

2236 3821 2646 3891 tegritudinibus
2678 3820 2824 3875 utilia
2869 3821 3010 3889 sint,
3061 3818 3154 3875 sed
3183 3821 3432 3876 omnibus
3470 3821 3525 3876 in
3552 3836 3838 3877 commune

2237 3916 2598 3980 medeantur,
2656 3913 2991 3983 habeantque
3039 3914 3091 3968 in
3152 3929 3211 3969 se
3263 3915 3513 3969 virtutem
3571 3916 3841 3984 generalis

2237 4008 2427 4064 auxilii
2460 4024 2474 4061 :
2510 4007 2580 4061 ita
2610 4015 2663 4061 et
2686 4006 2820 4061 lides
2846 4005 3110 4061 catholica
3142 4021 3247 4061 non
3274 4004 3561 4061 adversum
3603 4008 3840 4078 singulas

2240 4117 2441 4178 pestes,
2477 4102 2569 4160 sed
2590 4113 2774 4158 contra
2805 4117 2994 4158 omnes
3015 4102 3234 4158 morbos
3256 4118 3411 4173 opem
3433 4102 3659 4158 medela:
3691 4117 3843 4158 com-

2242 4201 2421 4257 munis
2466 4198 2748 4269 impertit,
2806 4214 2910 4251 non
2966 4197 3288 4252 inﬁrmanda
3323 4213 3545 4267 genere,
3578 4213 3684 4253 non
3725 4198 3845 4253 vin-

2243 4294 2414 4349 cenda
2440 4308 2685 4359 numero,
2712 4307 2816 4346 non
2846 4290 3159 4347 diversitate
3191 4289 3422 4346 fallenda
3449 4307 3463 4356 ;
3494 4290 3590 4346 sed
3619 4307 3725 4346 una
3754 4303 3845 4345 at-

2243 4402 2349 4458 que
2396 4387 2585 4442 eadem
2636 4386 2923 4442 adversum
2974 4385 3182 4455 singula
3228 4385 3519 4455 omniaque
3569 4385 3843 4441 consistit.

2245 4478 2494 4550 Magnum
2539 4485 2624 4533 est
2652 4479 2826 4542 enim;
2861 4475 2941 4552 (8)
2973 4485 3052 4533 tot
3078 4476 3133 4532 in
3162 4492 3223 4532 ea
3257 4492 3360 4532 una
3405 4474 3647 4531 remedia
3687 4490 3843 4544 esse,

2164 4607 2416 4681 Deunda
2455 4609 2793 4667 recensione.
2825 4608 3131 4666 Concordat
3172 4608 3397 4681 Vulgata
3450 4617 3635 4665 nostra
3684 4619 3849 4681 atque

2242 4679 2466 4737 Griecus
2494 4690 2692 4737 textus.

2312 4753 2388 4823 (7)
2434 4753 2510 4808 Ita
2554 4754 2778 4825 legimus
2807 4751 2861 4807 in
2887 4762 3073 4811 nostro
3103 4752 3271 4820 libro;
3298 4752 3553 4808 secundis
3578 4753 3726 4808 curis
3746 4768 3846 4824 ap-

2240 4827 2475 4895 positum
2498 4834 2605 4892 est,
2635 4827 2833 4880 odiosa.

2237 4967 2292 5020 ά.
2317 4894 2395 4968 (8)
2426 4897 2480 4951 ln
2505 4898 2865 4953 auterioribus
2891 4897 3243 4964 editionibus,
3273 4906 3345 4950 tot
3380 4896 3435 4952 in
3464 4912 3567 4952 una
3593 4912 3654 4952 ea
3682 4913 3852 4954 rente-

2276 4985 2327 5020 ια
2354 4985 2479 5020 esse.

2276 4985 2327 5023 ια
2354 4985 2479 5024 €888.

2319 5150 2393 5222 (e)
2423 5151 2587 5217 Editi,
2611 5151 2748 5219 quod
2769 5161 2918 5207 natus
2944 5162 3018 5206 est
3048 5171 3060 5207 :
3093 5152 3479 5209 dissidentibus
3506 5168 3638 5207 mss.

2283 5226 2388 5347 l(f)
2416 5223 2470 5277 lu
2497 5238 2601 5278 ms.
2631 5223 2758 5279 Vat.
2792 5224 2905 5280 bas.
2930 5224 3018 5280 hic
3036 5224 3306 5295 adjicitur,
3330 5228 3545 5298 effectus
3559 5234 3633 5279 est
3671 5224 3854 5283 Deus:

2303 5309 2535 5347 ossema.

2303 5309 2535 5350 ossema.

2339 5310 2363 5345 s
2522 5336 2535 5349 .

2246 5309 2548 5439 $293033.
2578 5366 2696 5439 has.
2736 5367 2907 5423 codex
2936 5382 3057 5423 cum
3088 5368 3258 5425 altero
3281 5368 3455 5424 Vatie.
3490 5377 3546 5424 et
3591 5369 3849 5439 Carnut.,

2244 5437 2585 5503 eloquentiam
2618 5437 2731 5493 Dei.

2315 5507 2397 5580 (Ιι)
2444 5509 2498 5563 ln
2523 5510 2751 5580 volgatis
2782 5512 2982 5566 odiosa.
3028 5512 3217 5581 Aptius
3268 5514 3317 5565 iu
3352 5528 3490 5569 mss.
3528 5513 3711 5567 otiosa.
3746 5514 3852 5582 Qui

2242 5590 2423 5635 autem
2453 5582 2626 5637 otiosa
2659 5593 2710 5637 et
2732 5583 2907 5637 inanis
2935 5586 3026 5643 sit.
3055 5587 3311 5638 continuo
3337 5585 3666 5639 declaratur.

2311 5650 2376 5722 (i)
2403 5652 2644 5721 Quatuor
2677 5670 2809 5709 mss.
2850 5655 3170 5710 solvendum.
3215 5654 3407 5719 Corlt.,
3447 5656 3614 5715 l’rat.,
3655 5656 3850 5723 Faue,

2239 5724 2611 5780 subr'uendum.
2643 5726 3003 5783 Retinendum
3031 5739 3113 5783 est
3153 5728 3513 5793 subluendmn,
3545 5739 3604 5781 ut
3631 5739 3854 5784 eoostat

2240 5810 2303 5850 ex
2331 5810 2456 5884 cap.
2490 5797 2524 5854 6
2551 5798 2603 5854 in
2629 5798 2818 5855 Matth.
2842 5816 2898 5856 n.
2925 5802 2980 5866 6,
3011 5810 3068 5855 et
3095 5815 3159 5854 ex
3188 5810 3342 5856 tract.
3388 5803 3439 5855 in
3473 5801 3609 5870 psal.
3658 5815 3848 5869 uvtu,

2240 5883 2295 5920 lt.
2330 5884 2385 5920 ὁ.
