4040 6328
206 298 277 355 55
334 356 345 365 κ
1451 299 1537 356 DE
1576 293 1821 355 TRlNlT.

1929 295 1954 352 ὲ
1994 295 2195 356 LIBER
2228 300 2290 360 ΙΙ.
3455 301 3525 369 δα

202 424 334 485 quot
363 413 535 469 morbi
563 422 728 477 sunt;
763 420 819 469 et
849 412 1072 469 totidem
1101 412 1343 469 veritatis
1362 427 1485 470 esse
1507 413 1807 481 doctrinas,
1835 408 1889 470 A
1914 413 2056 483 quod
2084 411 2331 470 Christus
2359 415 2638 486 proprium
2668 415 2771 473 sibi
2797 423 3003 487 patrem
3038 415 3205 471 Deum
3229 415 3521 481 confitens,

203 506 483 576 quotidem
545 515 704 563 erunt
761 506 936 562 studia
984 505 1256 561 falsitatis.
1308 503 1710 561 Contrahantur
1752 506 1804 561 in

206 616 372 656 unum
398 601 617 656 nomina
646 593 1058 668 luereticorutn,
1089 608 1145 655 et
1192 614 1384 655 omnes
1435 600 1635 655 scholge
1682 614 1810 670 pro-

202 695 364 751 deant
396 712 410 749 :
443 694 663 751 audiant
703 711 864 749 unum
899 695 1195 765 ingenitum
1231 694 1396 750 Deum
1444 702 1653 765 patrem
1687 734 1703 760 ,
1756 700 1810 748 et

204 805 371 843 unum
391 788 720 860 unigenitum
747 786 837 841 Dei
862 786 1027 841 tilium
1059 784 1275 855 perfecti
1298 785 1466 856 patris
1498 784 1807 857 progeniem

204 882 533 953 perfectam;
579 898 687 937 non
716 898 809 953 per
838 880 1250 935 diminutionem
1276 880 1551 950 genitum,
1593 895 1701 935 non
1744 895 1811 934 ex

202 974 378 1031 solido
395 974 731 1046 partealiqua
761 975 1023 1040 decisum,
1054 973 1145 1029 sed
1177 974 1355 1028 omnia
1392 972 1699 1036 habentem,
1727 987 1814 1044 ge-

203 1070 388 1124 nuisse
412 1067 486 1142 (a)
500 1069 680 1124 omnia
698 1076 1181 1132 consecutummon
1197 1080 1262 1121 ex
1279 1065 1618 1121 derivatione
1640 1050 1813 1120 ﬂuxu-

203 1176 269 1217 vc
290 1160 600 1225 deductum,
616 1160 709 1215 sed
732 1176 798 1214 ex
825 1159 1073 1213 omnibus
1099 1170 1262 1228 atque
1287 1159 1338 1213 in
1356 1157 1605 1214 omnibus
1627 1170 1813 1213 natum

201 1254 273 1310 ab
299 1270 385 1323 eo,
409 1257 500 1326 qui
527 1253 582 1309 in
602 1254 849 1310 omnibus
877 1254 926 1309 in
950 1254 1143 1324 quibus
1173 1262 1257 1308 est
1284 1268 1406 1309 esse
1438 1270 1542 1309 non
1569 1252 1813 1320 desinat;

202 1350 435 1406 liberum
487 1367 517 1405 a
560 1358 831 1421 tempore,
864 1348 1096 1405 solutum
1148 1363 1177 1402 a
1217 1349 1460 1414 sarculis,
1518 1364 1616 1420 per
1654 1365 1813 1419 quem

201 1446 385 1500 onmia
407 1444 547 1500 facta
570 1443 647 1518 (ι)
676 1453 836 1500 sunt:
860 1460 1033 1514 neque
1055 1444 1196 1499 enim
1227 1458 1348 1500 eSse
1375 1444 1428 1499 in
1455 1442 1816 1518 his(szeculis)

204 1538 403 1608 potuit,
424 1554 541 1608 quae
563 1538 630 1593 ab
659 1538 775 1608 ipso
798 1547 926 1593 sunt
959 1538 1219 1592 institttta.
1253 1537 1377 1593 [hec
1415 1537 1482 1593 de
1514 1538 1817 1609 Evangeliis

201 1629 465 1687 Catholica
496 1639 551 1685 et
586 1630 882 1700 apestolica
915 1629 1184 1686 confessio
1213 1636 1314 1684 est.

276 1723 367 1777 2’».
405 1720 719 1778 Testimonia
745 1734 925 1777 contra
962 1720 1271 1787 Sabellium,
1303 1730 1478 1775 contra
1508 1719 1813 1785 llcbionem,

1910 507 2173 578 aequalem
2198 524 2258 565 se
2291 509 2398 564 Deo
2432 507 2619 565 fecerit
2652 528 2665 564 :
2695 519 2749 565 et
2778 526 2882 565 una
2909 526 3031 565 cum
3065 511 3129 563 iis
3151 508 3393 575 audiant,
3430 507 3525 564 Vel

1911 602 2148 675 aperibus
2171 604 2296 656 meis
2329 602 2540 667 credite,
2576 603 2696 673 quia
2726 602 2883 659 Pater
2914 604 2967 659 in
2998 621 3097 670 me,
3127 613 3175 658 et
3199 621 3290 678 ego
3323 604 3378 659 in
3411 602 3522 657 Pa.

1912 705 1985 749 tre
2013 694 2196 767 (Joan.
2225 712 2315 753 xiv
2339 737 2355 765 ,
2400 694 2516 767 28).
2551 695 2724 752 Unum
2778 697 2940 768 igitur
2971 697 3074 754 hoc
3115 706 3200 753 est
3246 694 3524 753 immobile

1916 787 2325 846 fundamentum
2356 833 2371 859 ,
2420 807 2524 846 una
2574 789 2690 847 hmc
2734 790 2859 846 felix
2892 792 3011 847 tidei
3065 804 3215 863 petra
3247 792 3389 848 Petri
3430 807 3527 849 ore

1912 885 2181 951 confessa,
2212 883 2291 939 Tu
2320 901 2371 941 es
2395 883 2564 939 Filius
2595 883 2689 939 Dei
2708 885 2806 939 rivi
2830 884 3044 952 (Matth.
3090 901 3204 952 XVI,
3236 886 3344 960 17),
3379 894 3528 940 tanta

1916 977 1967 1031 in
1997 993 2055 1033 se
2086 977 2361 1033 sustinens
2390 986 2706 1049 argumenta
2738 972 3015 1044 veritatis,
3052 987 3265 1047 quanta:
3306 993 3528 1049 perver-

1914 1069 2132 1125 sitatum
2182 1070 2511 1142 quaestiones
2551 1077 2607 1126 et
2652 1067 2993 1125 infidelitatis
3023 1070 3309 1127 calumnia:
3340 1086 3524 1128 move-

1917 1163 2137 1220 buntur.

1986 1262 2079 1318 24.
2112 1260 2239 1328 Qua:
2258 1271 2445 1317 nostra:
2467 1262 2648 1319 salutis
2674 1278 2831 1317 causa
2861 1258 3093 1319 Christus
3122 1263 3419 1331 susceperit.
3454 1291 3525 1305 --

1916 1355 2035 1411 Jam
2076 1355 2130 1409 in
2171 1356 2383 1411 caeteris
2433 1356 2764 1428 dispensatio
2801 1355 3091 1410 voluntatis
3138 1364 3374 1424 paternae
3416 1364 3523 1414 est.

1917 1447 2103 1519 Virgo.
2140 1455 2195 1503 et
2219 1456 2425 1519 partus,
2458 1460 2512 1505 et
2539 1464 2764 1520 corpus;
2797 1458 3022 1519 postque
3044 1463 3172 1503 crux
3200 1489 3215 1515 ,
3245 1462 3412 1513 mors,
3443 1447 3527 1501 iu-

1917 1538 2040 1607 feri,
2057 1540 2203 1596 salus
2218 1552 2397 1597 nostra
2416 1550 2515 1598 est.
2539 1541 2765 1596 Humani
2782 1539 2934 1616 (lites
2951 1544 3071 1595 citat
3093 1539 3208 1595 eod.
3235 1557 3353 1595 can.
3376 1539 3524 1597 Eccl.

1917 1636 2074 1691 Rom.
2105 1651 2153 1689 ε.
2187 1634 2250 1691 41
2284 1634 2315 1708 )
2350 1637 2492 1693 enim
2542 1638 2760 1708 generis
2797 1652 2954 1692 causa
2989 1636 3080 1692 Dei
3111 1636 3250 1692 [ilius
3280 1649 3525 1692 natusex

1921 1730 2130 1800 virgine
2157 1740 2241 1785 est
2265 1739 2319 1785 et
2342 1730 2412 1803 (e)
2441 1730 2645 1802 Spiritu
2674 1740 2885 1798 sancto,
2916 1731 3033 1802 ipso
3055 1731 3155 1787 sibi
3186 1731 3237 1785 in
3272 1730 3372 1786 hac
3396 1744 3526 1800 ope-

205 1829 384 1874 contra
410 1818 650 1873 Arianos.
686 1817 843 1871 Petra
870 1816 1012 1872 Petri
1042 1816 1615 1888 confessum—Patrem
1645 1825 1699 1871 el
1722 1815 1809 1870 Fi-
1841 1806 1889 1868 B
1917 1826 2125 1880 ratione
2156 1824 2484 1888 famulante;
2518 1833 2572 1880 et
2601 1840 2697 1880 sua
2724 1866 2739 1891 ,
2774 1823 2867 1880 Dei
2901 1823 3151 1880 videlicet
3183 1823 3525 1880 inumbrante

205 1913 358 1982 lium,
387 1912 434 1968 si
465 1912 626 1969 audet
646 1894 951 1981 ,‘Sahellius
979 1911 1228 1967 eumdem
1261 1911 1611 1981 praedicel,et
1632 1911 1705 1980 (b)
1731 1911 1811 1981 ip-

204 2029 327 2069 sum
375 2012 526 2067 illum
585 2025 708 2066 esse
757 2010 846 2079 qui
904 2019 1193 2078 utrumque
1231 2010 1304 2063 sit
1338 2020 1714 2079 nuncupatus;
1756 2018 1813 2065 ut

205 2117 331 2157 cum
360 2117 424 2156 eo
453 2115 593 2157 unus
617 2102 690 2155 sit
713 2101 896 2170 ambo,
928 2117 1035 2156 non
1067 2113 1253 2155 unum.
1283 2096 1484 2154 Audiet
1521 2099 1702 2152 statim
1747 2097 1815 2155 de

209 2193 522 2263 Evangeliis
553 2209 659 2247 non
686 2192 855 2248 semel
889 2208 1066 2263 neque
1097 2192 1315 2257 iterum,
1345 2190 1441 2245 sed
1476 2190 1813 2262 frequenter,

211 2283 317 2338 llic
358 2297 432 2340 est
472 2287 614 2355 [ilius
660 2304 802 2342 meus
848 2286 1101 2354 dilectus,
1152 2286 1207 2340 in
1238 2302 1339 2355 quo
1374 2282 1496 2338 bene
1527 2284 1816 2355 complacui

208 2376 369 2450 (Mat.
403 2394 532 2445 xvu,
560 2376 636 2451 5).
664 2381 880 2446 Audiet,
901 2379 1060 2434 Pater
1084 2384 1252 2453 major
1280 2396 1357 2433 me
1382 2389 1458 2434 est
1485 2376 1665 2451 (Joan.
1698 2392 1813 2445 xiv,

204 2472 327 2543 2o).
360 2473 600 2540 Audiet,
652 2473 765 2546 Ego
811 2474 940 2529 vado
969 2474 1038 2527 ad
1067 2473 1275 2528 Patrem
1303 2472 1552 2545 (Ibidem,
1584 2469 1706 2544 l2);
1738 2479 1813 2538 et,

206 2565 369 2622 Pater
396 2569 591 2641 gratias
622 2568 712 2622 tibi
739 2586 839 2642 ago
866 2567 1044 2639 (Joan.
1078 2583 1158 2635 XI,
1189 2568 1284 2638 4|)
1311 2583 1326 2633 ;
1358 2575 1431 2633 et,
1464 2563 1543 2639 (2)
1576 2564 1818 2635 Cleri/ica

207 2676 311 2727 me,
345 2660 503 2715 Pater
518 2659 695 2730 (Joan.
721 2678 857 2729 xvu,
885 2662 941 2733 5)
965 2678 980 2728 ;
1000 2659 1201 2733 wet,
1226 2658 1305 2714 Tu
1334 2677 1386 2715 es
1408 2656 1580 2714 Filius
1600 2657 1698 2713 Dei
1724 2658 1820 2712 vivi

207 2751 427 2825 (Matth.
473 2770 580 2821 xw,
613 2755 727 2826 i7).
756 2756 1026 2825 Subrepat
1057 2756 1264 2809 Ilehion
1287 2795 1302 2821 ,
1350 2750 1422 2826 (c)
1469 2751 1679 2806 initium
1708 2750 1821 2805 lilio

211 2846 312 2902 Dei
340 2864 405 2903 ex
434 2848 601 2902 Maria
624 2848 955 2914 concedens,
986 2861 1042 2904 et
1072 2845 1307 2903 Verbum
1344 2862 1374 2899 a
1422 2844 1612 2900 diebus
1642 2842 1822 2898 carnis

208 2942 537 3014 intelligens.
574 2942 654 3017 (3)
685 2945 931 3016 Relegat,
966 2942 1156 3009 Pater,
1189 2941 1420 3011 clariﬁca
1458 2956 1537 2994 me
1568 2938 1709 3010 apud
1745 2947 1821 2992 te-

214 3038 485 3107 metipsum
514 3055 575 3093 ea
604 3038 859 3107 claritate,
900 3054 1053 3107 quam
1085 3036 1239 3090 habui
1268 3034 1409 3106 apud
1433 3044 1479 3087 te
1511 3033 1651 3104 prius
1670 3047 1824 3104 quant

211 3132 435 3186 mundus
456 3143 582 3187 esset
605 3132 937 3206 (Joan.xv1t,
968 3132 1062 3203 5);
1093 3140 1169 3198 et,
1197 3129 1264 3185 In
1293 3130 1546 3202 principio
1565 3139 1670 3182 erat
1703 3125 1826 3180 Ver-

1912 1919 2129 1983 virtute,
2164 1918 2408 1988 corporis
2448 1918 2552 1973 sibi
2580 1918 2733 1974 initia
2759 1921 3039 1987 conserit,
3070 1926 3125 1974 et
3153 1917 3377 1974 exordia
3405 1933 3525 1973 ear-

1916 2011 2000 2064 nis
2020 2010 2284 2076 instituit;
2310 2022 2366 2066 ut
2391 2010 2554 2067 homo
2578 2013 2750 2068 iactus
2780 2027 2843 2067 ex
2881 2009 3088 2083 virgine
3110 2020 3355 2066 naturam
3380 2010 3433 2066 in
3464 2024 3525 2065 se

1917 2101 2096 2157 carnis
2120 2104 2408 2173 acciperet,
2438 2118 2637 2174 perque
2658 2103 2817 2173 hujus
2837 2102 3185 2159 admixtionis
3209 2102 3525 2160 societatem

1917 2196 2309 2252 sanctiﬁcatum
2350 2196 2403 2251 in
2434 2211 2501 2252 eo
2532 2197 2766 2252 universi
2797 2197 3014 2267 generis
3044 2197 3261 2252 humani
3287 2195 3357 2269 (Ῑ)
3406 2212 3530 2252 cor-

1920 2305 2020 2360 pus
2042 2290 2332 2346 exsisteret
2365 2308 2377 2342 :
2413 2298 2469 2344 ut
2492 2289 2947 2361 quemadmodmn
2974 2306 3163 2346 omnes
3184 2291 3238 2346 in
3264 2306 3324 2346 se
3350 2306 3444 2362 per
3477 2289 3530 2348 id

1918 2383 2061 2455 quod
2093 2399 2412 2455 corporeum
2442 2399 2502 2440 se
2526 2399 2648 2440 esse
2674 2383 2843 2439 voluit
2876 2384 3244 2441 conderentur
3268 2426 3283 2451 ,
3315 2384 3387 2440 ita
3414 2399 3534 2440 rur-

1920 2490 2038 2531 sum
2063 2477 2115 2531 in
2147 2488 2341 2531 ornnes
2379 2477 2495 2547 ipse
2522 2492 2618 2545 per
2639 2476 2691 2531 id
2725 2475 2867 2548 quod
2901 2476 3017 2547 ejus
3040 2487 3124 2533 est
3150 2476 3422 2533 invisibile
3446 2490 3533 2531 re-

1920 2568 2170 2625 ferretur.
2203 2568 2298 2624 Dei
2326 2569 2487 2638 igitur
2508 2569 2686 2638 imago
2710 2568 2994 2625 invisibilis
3011 2568 3274 2640 pudorem
3298 2568 3522 2624 lmmani

1921 2662 2132 2720 exordii
2174 2679 2280 2720 non
2309 2664 2599 2728 recusavit,
2627 2671 2683 2719 et
2710 2678 2805 2733 per
2825 2664 3261 2734 conceptionem,
3292 2673 3528 2734 partum,

1922 2758 2402 2839 vagitunigcunas,
2451 2772 2640 2814 omnes
2671 2765 2879 2812 natura:
2928 2762 3129 2813 nostra:
3174 2755 3533 2813 contumelias

1926 2852 2339 2907 transcucurrit.

2000 2940 2106 3015 41
2132 2943 2224 2998 25.
2262 2942 2414 3011 Quod
2436 2943 2564 2997 nihil
2585 2943 2796 3016 dignum
2833 2942 3113 3015 rependere
3147 2944 3428 3000 valeamus.
3462 2972 3535 2986 --

1928 3035 2067 3102 ρυίά
2101 3035 2318 3091 tandem
2345 3035 2568 3106 dignum
2591 3052 2618 3088 a
2652 3037 2808 3091 nobis
2836 3044 2997 3091 tanta:
3021 3036 3349 3107 dignationis
3374 3035 3538 3092 allec-

1931 3129 2006 3184 tui
2049 3128 2420 3200 rependetur?
2459 3127 2842 3185 Inenarrahilis
2878 3144 2907 3184 a
2956 3129 3069 3185 Deo
3110 3129 3336 3200 originis
3401 3143 3538 3185 unus

209 3224 357 3292 bum,
390 3233 435 3280 et
477 3224 692 3280 Verbum
730 3236 838 3281 erat
866 3227 1006 3299 apud
1035 3222 1204 3279 Deum
1229 3266 1243 3289 ,
1294 3233 1340 3279 et
1369 3222 1513 3277 Deus
1546 3231 1657 3275 erat
1695 3220 1819 3275 γεγε
1848 3199 1895 3265 C
1930 3223 2236 3293 unigenitus
2269 3222 2440 3290 Deus,
2471 3221 2525 3277 in
2548 3222 2853 3292 corpusculi
2875 3221 3094 3277 humani
3124 3223 3349 3278 formam
3375 3238 3537 3279 sanc-

209 3318 336 3372 bum
361 3317 542 3390 (Joan.
569 3336 607 3386 ι,
638 3322 726 3393 1);
758 3329 833 3387 et,
866 3320 1052 3375 Omnia
1085 3337 1174 3391 per
1200 3336 1316 3373 eum
1343 3321 1483 3390 facta
1503 3327 1624 3371 sunt
1656 3313 1817 3387 (Ibid.

207 3413 309 3487 5);
340 3424 413 3482 et,
440 3414 505 3470 In
538 3417 730 3471 mundo
752 3426 882 3480 erat,
908 3427 952 3470 et
968 3415 1191 3469 mundus
1213 3430 1306 3485 per
1334 3414 1501 3481 ipsum
1534 3412 1702 3482 {actus
1725 3419 1822 3477 est,

210 3519 260 3564 et
278 3510 500 3563 mundus
517 3527 631 3566 eum
650 3528 752 3565 non
766 3508 1203 3583 coyovit(lbid.,
1229 3507 1344 3581 10).
1365 3508 1609 3562 Existant
1631 3502 1709 3578 (ιι)
1727 3519 1825 3558 no-

209 3605 340 3661 velli
374 3607 727 3677 apostolatus,
783 3606 877 3661 sed
935 3606 1003 3661 ab
1050 3604 1389 3671 antichristo,
1420 3601 1822 3672 praedicatores,

208 3697 364 3755 omni
391 3702 715 3755 contumelia
743 3700 834 3755 Dei
864 3700 1029 3754 tilium
1056 3698 1342 3753 illudcntes
1368 3712 1381 3748 :
1406 3691 1555 3765 et”)
1583 3692 1825 3759 audiant,

212 3794 332 3868 figo
371 3795 434 3849 de
462 3793 620 3849 Patre
648 3795 780 3849 exivi
812 3794 993 3858 (Joan.
1033 3808 1147 3860 xw,
1173 3790 1299 3862 28);
1331 3800 1404 3857 et,
1444 3786 1614 3843 Filius
1636 3789 1689 3841 in
1719 3784 1831 3840 Pa-

217 3889 321 3943 tris
350 3889 466 3942 sinu
489 3886 666 3960 (Joan.
695 3904 730 3956 ι,
765 3887 888 3958 18);
934 3895 1021 3954 et,
1054 3885 1164 3958 Ego
1198 3894 1243 3939 et
1277 3884 1432 3938 Pater
1467 3899 1628 3937 unum
1656 3898 1833 3937 sumus

209 3980 398 4056 (Joan.
436 3998 491 4045 χ.
522 3981 654 4053 50);
688 3992 761 4048 et,
798 3980 910 4053 Ego
940 3981 992 4035 in
1017 3978 1258 4045 Patre,et
1283 3976 1441 4031 Pater
1467 3977 1521 4031 in
1541 3992 1619 4031 me
1651 3974 1833 4048 (Joan.

207 4090 326 4139 xw,
373 4076 485 4145 ll).
520 4075 588 4129 Et
637 4083 910 4145 postremo
951 4088 1056 4127 una
1100 4086 1225 4128 cum
1254 4069 1455 4127 Judmis
1492 4070 1834 4135 irascantur,

401 4190 686 4333 sufﬁit/ica.
738 4261 814 4317 Ita
851 4269 905 4318 el
947 4261 999 4316 in
1051 4257 1241 4317 Graeco
1294 4267 1443 4314 testu
1471 4274 1484 4313 :
1516 4252 1729 4322 δόξασόν
1756 4277 1819 4329 με

209 4333 396 4410 (.loan.
420 4350 548 4402 xvtt,
578 4333 653 4407 5).

285 4454 365 4529 (ᾳ)
395 4456 521 4529 Post
547 4456 781 4529 genuisse
809 4454 1025 4529 additur
1052 4453 1104 4508 in
1138 4468 1250 4529 uno
1266 4451 1540 4529 tns.Colb.
1575 4448 1823 4529 genitum.

1931 3327 1998 3372 tae
2021 3316 2255 3389 Virginis
2284 3323 2439 3371 utero
2468 3316 2708 3371 insertus
2736 3315 3027 3371 accrescit.
3060 3315 3165 3385 Qui
3204 3321 3385 3372 omnia
3409 3332 3543 3374 con-

1930 3413 2094 3476 tinet,
2127 3421 2182 3467 et
2205 3412 2345 3465 intra
2374 3425 2534 3479 quem
2566 3416 2623 3465 et
2653 3424 2750 3480 per
2794 3425 2955 3479 quem
2998 3420 3192 3466 cuncta
3227 3420 3394 3479 sunt,
3430 3411 3536 3468 hu-

1930 3506 2073 3559 mani
2126 3514 2309 3575 partus
2342 3503 2457 3575 lege
2489 3502 2793 3574 profertur,
2837 3512 2894 3558 et
2919 3503 2987 3558 ad
3016 3503 3170 3575 cujus
3216 3520 3402 3561 vocem
3435 3507 3542 3561 Ar-

1933 3595 2183 3667 changeli
2222 3606 2386 3667 atque
2421 3595 2611 3666 Angcli
2645 3605 2920 3663 tremunt,
2975 3596 3171 3652 coelum
3220 3605 3280 3654 et
3318 3610 3461 3655 terra
3488 3607 3544 3656 et

1938 3690 2121 3744 omnia
2169 3687 2353 3743 mundi
2387 3686 2549 3758 hujus
2595 3686 2677 3760 (5)
2729 3689 2806 3760 (g)
2843 3689 3191 3745 resolvuntur
3240 3690 3543 3759 elementa,

1936 3782 2116 3853 vagitu
2168 3779 2409 3836 infantia:
2440 3780 2678 3836 auditur.
2737 3781 2841 3850 Qui
2889 3782 3176 3838 invisibilis
3225 3792 3280 3839 et
3334 3782 3544 3839 incom-

1938 3876 2322 3949 prehensibilis
2362 3886 2475 3940 est,
2510 3892 2618 3930 non
2653 3876 2800 3944 visu,
2828 3892 2992 3932 sensu
3014 3916 3030 3942 ,
3079 3886 3329 3948 tactuque
3357 3875 3546 3933 mode-

1940 3972 2179 4037 randus,
2213 3969 2368 4026 cunis
2412 3979 2496 4025 est
2526 3969 2834 4025 obvolutus.
2885 3969 3010 4023 llaec
3059 3968 3105 4023 si
3150 3971 3269 4039 quis
3325 3969 3543 4040 indigna

1947 4065 2055 4121 Deo
2087 4062 2323 4130 recolet,
2378 4071 2527 4115 tanto
2584 4076 2644 4116 se
2690 4060 2912 4129 majoris
2948 4060 3200 4117 beneﬁcii
3247 4060 3542 4119 obnoxium

2010 4181 2064 4246 (3
2104 4178 2331 4252 ‘Relegat
2364 4193 2582 4232 ntecunt.

2010 4182 2088 4324 (4)
2118 4251 2364 4324 Audierit.
2488 4298 2494 4303 .

2029 4251 2085 4307 4)
2118 4251 2364 4306 Audierit.
2488 4298 2494 4303 .

2032 4322 2087 4397 5)
2114 4322 2471 4395 Resolventur,
2496 4329 2681 4378 noster
2708 4336 2829 4378 cum
2864 4322 2987 4381 aliis
3010 4339 3148 4381 mss.

1938 4444 2083 4501 tiane
2113 4443 2420 4500 universam
2451 4443 2505 4498 in
2529 4458 2592 4498 ea
2610 4444 2870 4499 tenuisse.
2895 4444 3045 4500 [laud
3073 4444 3304 4503 absimili
3334 4445 3545 4510 ratione

294 4515 370 4598 (b)
399 4528 521 4583 Vat.
547 4515 687 4583 "bas.
723 4528 893 4583 codex
920 4568 936 4594 ,
969 4527 1139 4598 ipsum
1186 4523 1283 4581 sibi
1310 4540 1417 4579 esse
1442 4540 1460 4578 :
1487 4515 1595 4579 non
1627 4523 1822 4592 placet.
1853 4520 1909 4582 D
1932 4517 2045 4598 Leo
2070 4516 2452 4598 papa.Serm._t
2475 4515 2544 4598 de
2569 4515 2867 4598 Epiphania
2894 4521 2977 4572 ait
2996 4516 3268 4598 Christum
3296 4531 3542 4598 naturam

292 4597 368 4673 (τ)
392 4600 447 4654 lu
470 4599 598 4656 edit.
625 4616 772 4654 onme
790 4599 1012 4654 initiuut.
1047 4597 1213 4653 Abest
1239 4612 1386 4651 omne
1412 4612 1442 4650 a
1474 4611 1604 4651 mss.
1630 4608 1821 4665 quant-

216 4673 303 4728 κίε
327 4681 502 4728 exstet
524 4688 674 4728 num.
706 4673 759 4727 4.

295 4764 376 4837 (d)
411 4766 627 4833 Excusi,
656 4764 745 4820 sed
775 4763 869 4820 sub
898 4762 1218 4837 antichristo.
1242 4759 1465 4837 Carnut.
1497 4758 1670 4837 codex
1704 4772 1827 4837 cum

214 4830 332 4893 uno
356 4830 554 4905 L‘olb.,
606 4830 788 4892 novelli
827 4835 1049 4909 apostoli
1094 4836 1188 4909 sub
1227 4832 1571 4909 antichristh
1609 4830 1830 4884 Rectius

212 4911 338 4976 alii,
365 4902 551 4965 novelli
583 4902 925 4980 apostolatus,
954 4906 1132 4980 seddab
1163 4905 1487 4980 antichristo,
1521 4902 1574 4957 itl
1597 4912 1702 4980 est,
1727 4916 1833 4980 _no-

213 4973 425 5038 vellum
455 4973 816 5052 apostolatum
844 4995 949 5052 non
973 4995 1001 5031 τι
1026 4975 1387 5052 Chris_to_,__sed
1412 4976 1479 5029 ab
1508 4973 1829 5052 antichristo

211 5042 552 5110 obtinentes.
582 5051 735 5121 Quod
758 5051 1109 5108 confirmatur
1136 5049 1217 5102 his
1240 5048 1335 5103 lib.
1367 5052 1439 5121 vi,
1473 5062 1527 5121 ῃ.
1553 5046 1621 5101 37
1645 5063 1668 5121 _:
1695 5042 1831 5121 Mihi
1869 5076 1876 5084 -

211 5138 277 5179 tu
302 5126 475 5192 hodie,
505 5117 625 5180 novi
644 5125 960 5191 apostolatus
988 5123 1210 5176 mendax
1236 5118 1598 5183 sacerdotium,
1639 5117 1829 5188 ingeris

214 5195 487 5254 Christum
510 5213 570 5252 ex
592 5196 754 5251 nihilo
782 5206 1087 5250 creaturam.

298 5292 375 5363 (e)
406 5291 664 5359 Spiritum
706 5300 954 5363 sanctum
996 5286 1085 5342 hic
1113 5285 1349 5363 Verbum
1375 5283 1557 5363 ipsum
1601 5278 1829 5363 intelligi

216 5351 571 5419 manifestum
604 5372 688 5417 est
732 5377 799 5417 ex
856 5357 1329 5427 subsequentibus.
1375 5351 1511 5409 liinc
1556 5368 1673 5416 cap.
1708 5351 1742 5405 2
1773 5351 1829 5406 in

217 5434 418 5491 Matth.
450 5452 503 5488 n.
523 5434 579 5501 5,
604 5435 804 5488 diserte
829 5431 1021 5501 legitur
1040 5426 1289 5485 Christus
1328 5444 1392 5483 ex
1419 5426 1633 5481 muliere
1652 5434 1825 5491 nutus,

220 5524 321 5579 per
361 5505 577 5561 Verbum
606 5522 725 5559 caro
755 5508 943 5576 factus.

303 5601 376 5672 (Γ)
406 5599 504 5656 Hic
525 5609 583 5674 et
619 5599 744 5654 alibi
792 5598 994 5674 sentire
1040 5594 1251 5652 videtur
1296 5592 1530 5674 Hilarius
1552 5588 1828 5674 Christum

220 5664 340 5729 non
356 5664 712 5746 singularem,
736 5670 830 5727 sed
854 5668 1169 5746 universam
1185 5666 1401 5746 generis
1431 5664 1648 5746 humani
1673 5672 1829 5717 natu-

221 5761 345 5802 ram
375 5734 751 5818 assumpsisse.
777 5748 865 5807 At,
908 5751 967 5796 ut
993 5757 1059 5796 ex
1084 5734 1347 5818 subiiexis
1367 5735 1557 5818 liquet,
1596 5734 1700 5789 hoc
1734 5748 1829 5804 pu-

222 5818 341 5875 tius
387 5809 579 5887 sensit;
610 5831 733 5872 eum
770 5825 975 5870 natura:
1009 5812 1166 5868 unius
1192 5825 1255 5867 ac
1276 5809 1562 5879 singularis
1601 5821 1822 5878 suscep-

1932 4587 2185 4645 iiniversw
2206 4587 2541 4661 humanitatis
2579 4590 2986 4661 assmupsjsse:
3018 4596 3076 4644 et
3112 4590 3365 4661 vulgatus
3387 4592 3541 4651 Titus

1934 4661 2243 4719 Bostrensis
2266 4662 2320 4715 in
2343 4659 2473 4715 Luc.
2501 4672 2623 4728 cap.
2652 4657 2731 4734 d2
2765 4678 2777 4712 :
2811 4657 2917 4714 Per
2942 4677 3123 4734 massa:
3143 4657 3335 4734 nostra:
3362 4665 3545 4734 primi-

1937 4735 2039 4788 tias
2061 4734 2352 4787 universam
2373 4740 2613 4785 naturam
2642 4730 2923 4785 humanam
2942 4732 3193 4788 induisse.
3223 4730 3372 4789 Hinc'
3403 4736 3542 4795 Gre-

1934 4804 2120 4877 gorius
2145 4802 2305 4877 Nyss.
2335 4803 2443 4877 Or.
2466 4801 2677 4877 catech.
2707 4818 2757 4857 c.
2790 4802 2936 4877 52,3
2969 4803 3312 4877 Theodoreto
3335 4808 3541 4867 relatus

1936 4874 2067 4933 dial.
2101 4874 2401 4949 nt,‘d_ocet_
2434 4874 2556 4928 ideo
2597 4889 2697 4929 nos
2722 4889 2846 4928 cum
2873 4874 3091 4931 Christo
3132 4880 3497 4938 resurrexisse
3521 4922 3538 4949 ,

1935 4951 2060 5019 quia
2080 4963 2190 5019 non
2220 4945 2450 5008 aliunde.
2470 4961 2637 5019 quam
2665 4961 2729 5019 ea:
2756 4961 2927 5000 massa
2959 4957 3136 5002 nostra
3160 4989 3176 5015 ,
3224 4960 3333 5003 erat
3385 4945 3539 5009 homo

1932 5016 2021 5091 qui
2064 5018 2231 5091 Deum
2279 5016 2500 5091 suscepit
2522 5018 2678 5091 ,__qui
2724 5034 2815 5087 per
2838 5021 3261 5091 resurrectionem
3285 5024 3541 5081 exaltatus

1935 5086 2030 5147 est.
2067 5089 2314 5153 Perinde,
2348 5086 2523 5159 inquit.
2550 5086 2708 5152 ibid.,
2726 5086 2798 5143 ac
2825 5089 2869 5142 si
2905 5092 3143 5146 universa
3171 5101 3359 5148 natura
3379 5112 3541 5151 unum

1932 5161 2197 5232 quoddam
2235 5169 2365 5216 esset
2392 5160 2605 5226 animal,
2635 5160 2789 5215 unius
2820 5163 2980 5231 partis
3010 5167 3314 5219 resurrectio
3361 5167 3417 5220 in
3459 5178 3541 5221 to-

1933 5231 2044 5289 tum
2074 5242 2323 5304 penetrat.
2352 5233 2427 5287 lla
2445 5231 2801 5305 Ambrosius,
2829 5234 2922 5289 lib.
2954 5249 3006 5289 tv
3025 5235 3094 5290 de
3121 5234 3274 5304 Fide,
3299 5252 3418 5305 cap.
3448 5238 3533 5305 tO,

1935 5322 2036 5362 nos
2065 5303 2118 5361 in
2146 5307 2365 5361 Christo
2392 5303 2457 5359 ad
2477 5304 2754 5378 dexteram
2779 5305 2953 5359 Patris
2982 5310 3175 5363 sedere
3203 5303 3421 5378 enarrat
3447 5303 3540 5378 per

1933 5380 2163 5452 corporis
2204 5377 2469 5452 unitatem.
2503 5375 2638 5431 ilinc
2668 5376 2966 5452 illustratur
3000 5388 3266 5447 quatenus
3301 5375 3540 5437 Hilarius

1936 5448 2058 5505 cum
2089 5449 2338 5504 Patribus
2366 5448 2487 5503 aliis
2513 5459 2718 5504 asserat
2748 5448 3021 5504 Christum
3064 5459 3268 5505 natura:
3290 5492 3304 5514 ,
3334 5452 3542 5509 sancti-

1937 5524 2082 5596 tatis,
2111 5521 2524 5596 resurrectionis
2550 5535 2616 5596 ac
2636 5521 2823 5596 gloriae
2837 5536 2962 5596 sine
2993 5520 3220 5596 nosjatn
3247 5524 3538 5596 participes

1934 5593 2200 5667 eﬂ‘ecisse.
2243 5592 2374 5649 Vide
2399 5591 2453 5648 in
2482 5591 2681 5649 Adnot.
2716 5591 2785 5647 ad
2828 5591 3037 5647 Comm.
3083 5593 3136 5648 in
3165 5592 3353 5651 Matth.
3393 5591 3454 5652 οξ
3480 5596 3537 5667 2,

1934 5682 2087 5723 num.
2113 5666 2168 5723 ὅ.

2007 5761 2085 5836 (g)
2114 5758 2174 5818 In
2210 5759 2457 5834 pluribus
2478 5770 2610 5816 mss.
2641 5754 2980 5812 resolventur.
