4040 6328
562 410 633 469 75
1768 389 2011 454 SANCTI
2050 386 2306 448 HiLARll
2356 383 2665 445 EPISCOPI
3824 377 3887 434 76

567 526 804 600 Spiritus
829 521 909 596 (α)
937 519 1199 587 hauserit,
1221 514 1442 574 habebit
1469 511 1685 586 quidem
1712 520 1960 567 naturam
1988 508 2157 566 Deum
2186 517 2242 579 Α
2335 503 2578 575 ﬁrmitate
2625 500 2978 566 moderantur,
3023 496 3115 555 sed
3159 493 3443 553 secundum
3498 493 3888 568 omnipotentis

564 617 920 691 intelligendi.
953 616 1047 672 sed
1074 613 1256 670 lumen
1288 610 1535 668 scientia:
1556 622 1664 663 non
1694 605 1934 661 habebit.
1970 603 2161 659 Munus

566 723 748 771 autem
800 708 941 783 quod
991 708 1046 765 in
1095 705 1314 763 Christo
1362 713 1466 769 est,
1520 715 1681 757 omne
1724 697 1977 756 omnibus
2018 703 2165 767 patet

2340 601 2543 656 virtutis
2566 597 2873 671 inﬁnitatem
2899 596 3216 667 expendunt.

2343 722 2394 778 1.
2415 719 2614 777 Filium
2639 720 2694 774 in
2713 716 2893 786 Patre,
2927 725 2972 771 et
3001 716 3245 786 uicissim,
3277 731 3454 771 sensus
3481 713 3753 769 humanus
3781 727 3880 767 non

566 824 732 868 unum
756 825 769 861 ²
791 814 847 863 θι
873 803 1018 878 q‘md
1049 803 1250 874 “biq‘w
1280 815 1391 856 "0“
1418 797 1593 864 δθθθίι
1620 796 1672 850 in
1693 801 1898 849 “mum
1928 789 2088 888 da"?!
2110 789 2164 842 in
2268 815 2426 888 capit.
2449 845 2519 855 —
2546 811 2721 870 Affert
2748 782 3437 882 plerisque‘obscuritatem
3471 821 3659 863 sermo
3693 804 3881 861 Domi-

566 911 825 975 quantum
857 900 978 972 quis
1007 896 1088 970 (1)
1132 896 1280 952 volet
1324 906 1572 957 sumere;
1606 890 1659 945 in
1692 895 1898 943 tantum
1943 881 2165 949 residet,

565 1000 620 1055 in
650 1006 909 1069 quantum
940 993 1064 1065 quis
1089 990 1237 1046 volet
1262 984 1583 1059 promereri.
1615 982 1727 1039 Hoc
1751 992 1923 1049 usque
1953 976 2006 1031 in
2037 989 2169 1031 con-
2243 996 2252 1005 -

562 1066 983 1149 summatiouem
1026 1081 1214 1140 saeculi
1258 1078 1561 1144 nobiscum,
1588 1073 1695 1130 hoc
1745 1066 2168 1142 exspectationis

564 1197 767 1243 nostra:
779 1182 1051 1246 solatium,
1074 1178 1197 1245 hoc,
1228 1176 1284 1231 in
1306 1174 1571 1231 donorum
1599 1162 2007 1241 operationibus
2023 1160 2171 1215 futu-

560 1296 638 1337 ras
658 1278 771 1349 spei
797 1275 988 1347 pignus
1015 1280 1100 1329 est
1125 1271 1229 1328 hoe
1250 1268 1511 1325 utentium
1538 1266 1744 1328 lumen,
1778 1259 1864 1314 hic
1908 1252 2170 1349 splendor

568 1347 876 1430 animorum
907 1377 1007 1425 est.
1041 1366 1138 1423 Hic
1167 1379 1298 1437 ergo
1329 1361 1563 1434 Spiritus
1586 1364 1805 1413 sanctus
1834 1347 2174 1423 expetendus

578 1477 684 1535 est,
716 1461 1109 1538 promerendus
1150 1467 1256 1525 est,
1295 1457 1372 1531 (ὁ)
1417 1463 1473 1512 et
1499 1453 1756 1521 deinceps
1777 1453 2174 1521 praceptorum

584 1560 691 1618 tida
720 1568 880 1633 atque
908 1552 1290 1616 observatione
1320 1547 1656 1607 retinendus.

1054 1713 1166 1790 ω
1200 1711 1407 1773 Lmen
1433 1704 1753 1766 TERTIUS.

582 1846 857 1913 [Eternam
892 1848 1047 1908 Verbi
1089 1847 1463 1922 generationem
1490 1839 1751 1906 adstruit,
1802 1848 1983 1907 eosque
2006 1839 2186 1887 retun-

2269 911 2348 978 ni,
2378 925 2499 966 cum
2520 907 2683 964 dicit:
2710 904 2826 977 Ego
2840 905 2893 959 in
2922 901 3098 972 Patre,
3124 912 3173 959 et
3194 902 3353 958 Pater
3372 902 3426 956 in
3446 918 3527 957 me
3554 897 3751 974 (Joan.
3782 913 3888 965 xiv,

2273 1004 2385 1078 11),
2401 1013 2573 1061 etnon
2592 1001 2898 1069 immerito;
2926 1010 3116 1056 natura
3142 999 3285 1055 enim
3301 995 3683 1067 intelligentiae
3697 994 3889 1049 huma-

2272 1116 2357 1157 nae
2390 1101 2653 1156 rationem
2680 1096 2811 1153 dicti
2856 1096 3011 1152 istius
3044 1109 3154 1150 non
3200 1094 3365 1163 capit.
3398 1090 3626 1147 Videtur
3654 1102 3891 1158 namque

2274 1208 2385 1249 non
2420 1206 2580 1264 posse
2615 1187 2777 1257 ellici,
2808 1196 2867 1243 ut
2888 1184 3031 1259 quod
3052 1184 3105 1241 in
3136 1185 3305 1240 altero
3330 1184 3418 1251 sit,
3451 1196 3603 1254 atque
3631 1180 3693 1235 id
3724 1179 3890 1251 ipsum

2274 1295 2426 1343 extra
2470 1285 2697 1340 alterunt
2737 1281 2838 1349 sit;
2868 1289 3071 1338 etcum
3112 1291 3337 1335 necesse
3369 1275 3440 1332 sit
3466 1290 3554 1341 ea,
3578 1273 3652 1330 de
3689 1272 3885 1345 quibus

2281 1378 2480 1449 agitur,
2530 1391 2637 1431 non
2661 1373 2907 1429 solitaria
2934 1371 3035 1427 sibi
3063 1385 3208 1438 esse,
3239 1382 3523 1424 numerum
3549 1363 3618 1439 (e)
3654 1379 3728 1420 ac
3773 1372 3875 1419 sta—

2275 1478 2391 1527 tum
2448 1479 2628 1525 tamen
2653 1482 2833 1533 suum,
2890 1465 2943 1521 in
2984 1480 3089 1536 quo
3139 1463 3267 1529 sint,
3324 1462 3735 1521 conservautla,
3791 1471 3886 1513 non

2284 1578 2446 1636 posse
2468 1578 2528 1618 se
2553 1562 2786 1617 invicem
2808 1559 3091 1616 continere
3113 1598 3129 1627 ,
3154 1566 3213 1613 ut
3231 1556 3320 1629 qui
3340 1554 3543 1627 aliquid
3568 1553 3724 1611 aliud
3760 1554 3889 1610 intra

2280 1673 2342 1715 se
2381 1656 2598 1725 habeat,
2627 1663 2791 1727 atque
2824 1652 2903 1727 (ιι)
2945 1652 3018 1712 ita
3062 1658 3280 1712 maneat
3309 1663 3648 1722 manensque
3682 1662 3890 1719 semper

2282 1752 2545 1819 exterior,
2568 1749 2618 1806 ei
2648 1749 2911 1817 vicissim,
2939 1762 3098 1820 quem
3136 1746 3276 1801 intra
3314 1760 3373 1802 se
3415 1744 3635 1813 habeat,
3670 1751 3883 1800 maneat

2284 1859 2439 1916 teque
2466 1857 2683 1914 semper
2711 1840 2957 1897 interior.
2987 1838 3117 1895 Haec
3145 1837 3363 1909 quidem
3385 1852 3581 1894 sensus
3610 1837 3886 1895 hominum
3968 1873 3983 1881 ρ

651 1948 726 2005 dit
785 1946 871 2018 qui
924 1921 1152 1999 humana
1194 1941 1438 1995 adversus
1493 1934 1639 1991 illam
1685 1929 1883 1986 ratione
1926 1927 2176 1982 nituntur.

2297 1954 2393 1995 non
2423 1945 2806 2009 consequetur,
2833 1949 2936 1991 nec
2960 1930 3267 2003 exemplum
3294 1931 3514 2004 aliquod
3550 1931 3724 1987 rebus
3762 1929 3889 1986 divi.

673 2042 748 2097 Ac
772 2041 940 2115 primo
981 2038 1185 2111 quidem
1212 2036 1319 2091 hac
1341 2031 1469 2087 Filii
1494 2028 1665 2094 verba,
1696 2024 1812 2098 Ego
1835 2020 1887 2078 in
1915 2020 2100 2088 Patre,
2124 2027 2181 2074 et

647 2136 809 2193 Pater
851 2136 907 2190 in
952 2148 1061 2200 tne,
1090 2130 1176 2187 ubi
1215 2143 1389 2186 sensus
1438 2121 1651 2179 humani
1698 2126 1904 2191 captum
1933 2128 2180 2186 superare

648 2226 1035 2293 demonstrauit,
1090 2240 1154 2279 ex
1202 2222 1316 2293 ipsa
1368 2216 1761 2287 Scripturarum
1815 2210 1879 2266 de
1929 2205 2087 2261 Patre
2129 2214 2179 2259 et

662 2321 798 2378 Filio
827 2320 1061 2377 doctrina
1117 2316 1402 2372 luculenter
1449 2309 1695 2383 explicat.
1727 2304 1925 2361 Deinde
1958 2317 2022 2358 ex
2049 2300 2181 2353 mira

658 2431 801 2487 aqua:
838 2416 892 2469 in
931 2413 1108 2469 uinum
1145 2409 1493 2472 conversione,
1539 2414 1588 2459 et
1628 2418 1691 2457 ea:
1721 2400 1942 2470 quinque
1987 2408 2180 2468 panum

654 2508 1001 2575 incrementis,
1038 2504 1222 2560 evincit
1264 2501 1428 2556 multa
1477 2497 1646 2552 Deum
1693 2510 1861 2565 posse,
1903 2491 1957 2545 in
2001 2488 2182 2561 quibus

606 2650 609 2653 λ
659 2602 862 2672 deﬁciat
889 2601 1131 2655 humance
1158 2595 1340 2652 mentis
1369 2592 1521 2648 acies.
1546 2588 1682 2645 Tum
1705 2590 1928 2661 affertur
1956 2586 2181 2639 humana

652 2696 806 2761 ratio,
858 2710 960 2766 qua
1006 2692 1203 2749 nullam
1236 2704 1300 2744 ea:
1346 2686 1455 2741 Deo
1508 2682 1820 2739 natiuitatem
1871 2696 1979 2735 esse
2036 2693 2185 2750 posse

651 2787 988 2855 contendunt,
1020 2786 1293 2856 multisque
1336 2780 1632 2850 exploditur
1670 2795 1683 2831 :
1737 2775 1793 2832 1⁸
1843 2775 1964 2848 quia
2013 2782 2185 2827 ortum

653 2882 800 2937 habet
848 2897 909 2935 ex
965 2880 1192 2933 humana
1239 2874 1512 2949 sapientia,
1560 2886 1714 2943 quam
1762 2884 1815 2923 se
1862 2865 2185 2938 perditurum

655 2972 800 3029 Deus
830 2971 1141 3046 prapheticis
1166 2976 1215 3025 et
1242 2965 1538 3042 apostolicis
1560 2962 1787 3018 oraculis
1825 2959 2182 3017 declaraverit.

657 3068 716 3124 2°
750 3068 882 3136 Quia
921 3076 1128 3139 praestat
1169 3064 1349 3119 audire
1386 3060 1665 3126 Christum,
1697 3058 1765 3113 ad
1796 3057 1890 3111 hoc
1922 3055 2180 3110 hominem

662 3165 897 3236 factum;
951 3172 1008 3216 ut
1035 3176 1203 3216 rerum
1232 3158 1521 3212 divinarum
1553 3153 1696 3209 nobis
1727 3152 1865 3206 testis
1898 3159 2027 3205 esset
2056 3146 2184 3223 (llic

654 3258 1023 3331 expenduntur
1072 3254 1242 3321 verba,
1275 3251 1455 3323 quibus
1494 3245 1885 3321 dispensationis
1914 3259 2021 3299 sua:
2059 3260 2186 3316 Opus

2284 2034 2372 2090 nis
2390 2031 2723 2103 comparatio
2748 2028 2982 2085 humana
3007 2025 3321 2099 praestabit:
3350 2024 3446 2082 sed
3473 2023 3617 2095 quod
3639 2022 3887 2080 inintelli-

2284 2126 2451 2201 gibile
2478 2135 2562 2181 est
2605 2121 2834 2191 homini,
2873 2122 2985 2178 Deo
3022 2135 3145 2178 esse
3188 2118 3447 2192 possibile
3494 2126 3598 2174 est.
3631 2116 3750 2174 lloc
3795 2131 3884 2171 non

2283 2237 2315 2277 a
2356 2236 2441 2277 me
2478 2220 2548 2275 ita
2578 2217 2780 2274 dictum
2794 2217 2883 2283 sit,
2905 2224 2961 2271 ut
3003 2214 3069 2271 ad
3097 2213 3366 2271 rationem
3412 2209 3541 2267 dicti
3570 2209 3644 2284 (e)
3676 2224 3743 2267 ea
3789 2220 3885 2265 tau-

2287 2321 2397 2370 tum
2416 2307 3124 2380 suiliciatauctoritas,quod
3141 2326 3172 2363 a
3195 2308 3302 2363 Deo
3324 2305 3527 2363 dictum
3549 2305 3639 2359 sit.
3667 2303 3885 2373 Cognos-

2286 2403 2513 2460 cendnm
2544 2404 2724 2474 itaque
2748 2410 2912 2472 atque
2972 2397 3382 2471 intelligendum
3414 2407 3493 2454 est
3540 2394 3668 2468 quid
3700 2392 3901 2471 δοίη

2282 2498 2417 2556 illud
2445 2515 2458 2552 :
2489 2495 2604 2570 Ego
2620 2498 2673 2551 in
2706 2493 2884 2558 Patre,
2909 2504 2957 2548 et
2978 2491 3135 2547 Pater
3160 2493 3344 2559 inme;
3369 2491 3413 2546 si
3443 2499 3624 2546 tamen
3654 2502 3885 2560 compre-

2286 2591 2527 2649 hendere
2579 2588 2683 2646 hoc
2731 2588 2802 2643 ita
2841 2596 2902 2642 ut
2930 2596 3013 2643 est
3061 2583 3394 2642 valebimus:
3447 2594 3506 2639 ut
3535 2582 3680 2657 quod
3712 2590 3884 2637 natura

2284 2699 2464 2741 rerum
2496 2682 2607 2754 pati
2636 2698 2742 2737 non
2770 2694 2930 2753 posse
2960 2679 3321 2748 existimatur,
3348 2676 3402 2735 id
3423 2675 3624 2734 divinae
3659 2673 3883 2732 veritatis

2295 2782 2434 2838 ratio
2464 2786 2848 2851 consequatur.

2358 2875 2413 2930 2.
2473 2872 2687 2947 Cognito
2723 2871 2877 2927 Patre
2907 2879 2952 2928 et
2982 2867 3122 2925 Filio
3140 2870 3296 2944 juxta
3321 2867 3625 2938 Scripturas
3651 2907 3667 2933 ,
3697 2862 3883 2936 [acilius

2286 2968 2418 3025 illud
2441 2968 2737 3039 percipitur.
2764 2965 2903 3035 Quid
2930 2962 3108 3020 Pater.
3132 2993 3201 3003 —
3222 2963 3401 3033 Atque
3424 2970 3483 3016 ut
3503 2959 3717 3019 facilius
3744 2955 3882 3013 intel-

2285 3062 2562 3136 ligentiam
2595 3060 2933 3116 difﬁcillima:
2959 3059 3114 3115 istius
3145 3056 3461 3128 quaestionis
3490 3053 3751 3126 consequi
3775 3065 3881 3122 pos-

2288 3157 2479 3224 simus,
2508 3155 2655 3228 prius
2683 3154 2901 3211 Patrem
2946 3162 3000 3209 et
3040 3151 3236 3207 Filium
3265 3148 3562 3207 secundum
3593 3146 3879 3204 divinarum

2299 3250 2699 3319 Scripturarum
2728 3246 3027 3303 doctrinam
3057 3243 3309 3317 cognosci
3340 3258 3371 3299 a
3399 3241 3556 3300 nobis
3586 3248 3810 3312 oportet,
3832 3242 3881 3290 ut

656 3362 702 3407 et
740 3350 957 3422 alliciam
994 3348 1252 3420 exposuit,
1284 3362 1345 3398 ac
1386 3359 1558 3399 veram
1607 3358 1670 3398 ea:
1707 3340 1819 3395 Deo
1866 3339 2182 3395 nativitatem
2211 3330 2257 3396 C
2289 3343 2357 3401 de
2409 3342 2642 3414 cognitis
2689 3357 2753 3398 ac
2806 3339 3161 3397 familiaribus
3222 3337 3522 3395 absolutior
3578 3349 3758 3392 sermo
3804 3333 3877 3387 sit.

659 3459 805 3499 suam
849 3438 1022 3497 multis
1062 3437 1378 3511 argumentis
1409 3443 1644 3491 testatum
1674 3430 1837 3506 fecit).
1872 3431 1930 3486 3°
1962 3430 2099 3500 Quia
2124 3446 2188 3485 ne

663 3534 1084 3608 conspicabilium
1111 3530 1315 3603 quidem
1346 3528 1537 3583 Christi
1566 3534 1846 3599 gestorum,
1879 3524 2021 3579 illius
2050 3539 2099 3579 υ.
2130 3541 2184 3596 g.

660 3629 728 3683 ad
758 3628 1035 3699 discipulos
1073 3623 1251 3697 januis
1279 3622 1468 3677 clausis
1510 3620 1768 3691 ingressu,
1797 3616 2187 3689 intelligentiam

666 3720 999 3791 assequimur.
1038 3715 1103 3771 4°
1133 3715 1364 3786 Denique
1411 3712 1533 3783 quia
1557 3727 1617 3766 ea
1639 3719 1715 3768 est
1742 3709 1925 3765 mentis
1951 3710 2192 3764 humanm

672 3824 877 3882 natura,
908 3822 962 3867 ut
1003 3827 1122 3867 cum
1162 3819 1331 3865 creata
1377 3808 1742 3879 etimperfecta
1787 3804 1875 3871 sit,
1920 3803 2191 3872 concipere

662 3923 764 3963 non
792 3906 956 3961 valeat
981 3903 1259 3977 perfectum
1280 3910 1327 3957 et
1369 3899 1663 3955 Creatorem
1703 3914 1876 3952 suum.
1916 3896 2190 3951 Postremo

662 4000 911 4057 laudatur
938 3999 1141 4071 sapiens
1168 3994 1390 4052 stultitia
1414 3992 1668 4065 ﬁdelium,
1699 3991 1793 4063 qui
1817 3989 1914 4046 sibi
1955 3988 2192 4060 difﬁdunt

661 4106 715 4153 ut
742 4096 851 4153 Deo
888 4094 1118 4161 credant,
1159 4107 1251 4147 nec
1286 4089 1464 4145 divina
1494 4103 1556 4143 ea:
1597 4085 1822 4159 propria:
1854 4084 2072 4140 rationis
2101 4085 2189 4139 in-

665 4258 847 4334 (i)__ln
894 4271 1015 4334 ms._
1049 4254 1202 4322 uolet,
1247 4250 1344 4309 sed
1383 4248 1598 4317 eadem,
1640 4257 1701 4305 ut.
1726 4247 1959 4315 videtur,
2001 4260 2194 4304 manus

596 4328 805 4390 addidit
823 4328 1057 4385 uoluerit.

597 4524 603 4537 ι
674 4495 751 4570 (a)
771 4495 840 4570 in
858 4492 1068 4549 duobus
1086 4501 1215 4545 mss.
1234 4485 1413 4554 Coib.,
1433 4482 1645 4550 Germ.,
1665 4479 1855 4548 Corb.,
1874 4477 2018 4533 Prat.
2032 4519 2047 4546 ,
2068 4487 2201 4545 etc.,

600 4580 850 4714 “uiguit.
908 4650 1011 4693 ms.
1061 4628 1481 4701 Silvae-majoris
1533 4624 1748 4681 additur
1800 4623 1919 4691 hic,
1969 4621 2201 4677 adorano

605 4717 701 4769 dus
730 4721 824 4768 est.

688 4765 772 4855 (ei
791 4765 1059 4855 Addimus
1086 4776 1263 4855 hicnac
1301 4781 1486 4829 statum
1500 4768 1834 4855 auctoritate
1861 4765 2203 4855 mssa'l‘clll...

608 4839 761 4913 colui
790 4870 855 4909 ac
899 4852 1128 4910 sumo".
1165 4850 1340 4904 Status
1368 4844 1585 4899 nomine
1629 4840 1987 4913 substantiam
2015 4839 2208 4913 intelli-

611 4910 685 4999 éit
709 4910 1075 4999 Tertullia-nus
1101 4929 1286 4976 contra
1311 4919 1567 4999 Praxeam
1592 4930 1644 4966 n.
1745 4913 1833 4967 ubi
1858 4912 1925 4967 de
1946 4910 2211 4999 Trinitatis

610 4983 712 5054 :‘Ju:
747 4998 869 5053 Tres
911 5003 1079 5049 autem
1126 5009 1227 5045 non
1255 5000 1409 5055 statu,
1435 4988 1522 5042 sed
1554 4984 1717 5056 gradu
1741 5000 1760 5039 :
1790 4996 1844 5039 et
1879 4983 2038 5052 paulo
2064 4989 2208 5056 post,

610 5071 765 5125 unius
793 5078 961 5122 autem
987 5064 1306 5125 substantia,
1336 5054 1488 5114 artius
1514 5054 1698 5123 status,
1723 5056 1877 5110 unius
1918 5054 2207 5121 potestatis.

616 5147 685 5199 At
713 5143 799 5196 hic
838 5140 1014 5210 potius
1053 5132 1317 5210 existendi
1372 5132 1634 5210 rationem
1684 5143 1747 5183 ac
1773 5128 1963 5209 .situm
1990 5133 2203 5210 Isonat.

614 5198 735 5271 Mox
761 5198 983 5268 verbum
1015 5208 1295 5270 continere,
1326 5203 1529 5273 regitur
1555 5216 1585 5255 a
1608 5200 1888 5270 superiore
1917 5198 2137 5251 videtur.

688 5305 766 5380 (tl)
786 5304 920 5380 Tres
943 5316 1071 5380 mss.
1090 5296 1442 5380 recentiores,
1465 5303 1611 5364 atque
1625 5301 1765 5346 extra
1788 5299 2022 5380 mallent:
2050 5288 2213 5372 male:

618 5360 732 5434 "de
751 5360 903 5431 [enim
932 5372 1034 5428 sibi
1080 5370 1194 5423 vult
1219 5386 1232 5422 :
1261 5367 1473 5422 videtur
1499 5360 1604 5418 non
1641 5378 1798 5434 posse
1827 5361 1990 5425 efﬁci,
2032 5368 2093 5434 nt
2122 5360 2211 5431 qui

624 5431 769 5504 aliud
817 5456 953 5502 intra
982 5460 1040 5499 se
1070 5442 1249 5508 habet,
1278 5437 1420 5509 quod
1458 5431 1675 5506 semper
1704 5435 1783 5509 sic
1823 5442 2035 5509 maneat
2070 5431 2211 5487 intra

625 5537 704 5586 se,
737 5536 834 5575 nec
879 5527 1074 5572 statum
1120 5504 1413 5586 mutetiita
1453 5509 1531 5586 sit_
1568 5504 1805 5586 exterior
1826 5504 1875 5560 ei
1917 5504 2020 5572 rei,
2049 5518 2209 5574 quam

625 5578 762 5646 intra
787 5605 846 5646 se
882 5590 1037 5643 habet
1070 5595 1125 5642 ut
1152 5585 1198 5640 ei
1226 5580 1461 5638 vicissim
1491 5578 1559 5633 sit
1584 5578 1828 5632 interior.

700 5642 769 5735 (e)
788 5642 857 5715 in
884 5642 1091 5735 duobus
1115 5672 1245 5712 mss.
1275 5671 1336 5735 ea
1358 5664 1542 5707 tamen.
1572 5648 1630 5733 in
1659 5648 1778 5702 aliis
1808 5642 1979 5709 libris;
2005 5663 2066 5700 ea
2095 5654 2210 5700 tan-

627 5720 774 5788 tum}
804 5730 946 5802 quod
974 5727 1422 5802 subsequentibus
1457 5720 2074 5802 magiscons‘entanen‘nt
2102 5728 2207 5772 est.

628 5807 752 5860 llaec
773 5787 839 5859 ab
871 5801 1070 5856 liilario
1092 5787 1328 5869 prchitts
1345 5798 1509 5869 dicta,
1538 5787 1708 5869 Fusius
1730 5790 1977 5869 edisserit
1999 5787 2210 5869 Augus:

624 5860 1187 5946 tinusepist.cxs.ubi
1218 5860 1592 5946 Consentium,
1623 5863 1746 5946 ﬁdei
1777 5870 1981 5946 totum,
2010 5860 2206 5946 rationi

620 5931 757 6005 nihil
785 5931 1172 6004 c'oncedentem
1206 5957 1310 5998 non
1336 5931 1599 6013 probans,
1628 5935 1705 5995 ait
1729 5950 1880 5993 num.
1912 5934 1945 5990 4
1978 5949 1991 5989 :
2026 5931 2205 5988 Monet

2297 3436 2597 3492 Alternitas
2667 3434 2865 3503 Patris,
2934 3442 2990 3499 ut
3072 3433 3211 3489 libro
3282 3433 3559 3489 anteriore
3643 3425 3878 3485 tractavi-

2293 3543 2435 3591 mus,
2479 3525 2562 3600 (2)
2619 3524 2691 3600 (f)
2740 3526 2927 3596 locos,
2960 3537 3225 3596 tempora,
3272 3523 3528 3596 speciem,
3566 3529 3624 3580 et
3651 3515 3882 3594 quidquid

2293 3622 2426 3680 illud
2473 3620 2711 3676 humano
2756 3635 2919 3676 sensu
2967 3618 3181 3688 concipi
3225 3621 3448 3688 poterit,
3491 3614 3727 3671 excedit.
3783 3611 3883 3683 Ipse

2295 3725 2448 3772 extra
2479 3714 2660 3769 omnia
2695 3714 2749 3770 e1
2780 3712 2833 3767 in
2874 3710 3150 3774 omnibus,
3188 3709 3413 3781 cupiens
3457 3708 3711 3764 niva
3736 3712 3785 3763 et
3810 3716 3885 3758 ca-

2298 3808 2527 3880 piendus
2551 3822 2582 3862 a
2608 3805 2845 3873 nemine,
2877 3819 2986 3859 non
3016 3817 3236 3859 accessu
3267 3803 3565 3859 decessuve
3586 3797 3880 3861 mutabilis;

2298 3900 2392 3957 sed
2427 3897 2715 3956 invisibilis
2751 3907 2855 3967 est,
2898 3895 3487 3969 incomprehensibilis,
3537 3896 3751 3968 plenus,
3777 3906 3885 3964 per-

2300 3994 2498 4062 lectus,
2547 4001 2806 4059 aeternus,
2838 3989 2918 4062 (g)
2959 4005 3069 4046 non
3101 3989 3319 4046 aliunde
3351 3988 3482 4060 quid
3526 4003 3767 4056 sums,
3804 3981 3887 4041 sed

2302 4086 2369 4143 ad
2393 4086 2445 4141 id
2476 4084 2618 4157 quod
2648 4085 2720 4141 ita
2749 4092 2932 4141 manet
2957 4084 3061 4141 sibi
3091 4083 3212 4156 ipse
3238 4082 3534 4141 sufﬁciens.

2373 4248 2457 4324 (2)
2483 4249 2699 4307 Locum.

2313 4476 2580 4560 apostolus
2634 4474 2822 4560 Petrus
2872 4481 3076 4560 paratos
3103 4490 3197 4560 nos
3233 4488 3362 4560 esse.
3394 4472 3575 4560 debere
3603 4474 3671 4529 ad
3698 4489 3891 4543 respon-

2312 4545 2506 4604 sionem
2525 4549 2661 4601 omni
2679 4548 2910 4617 poscenti
2937 4563 3030 4601 nos
3058 4547 3306 4601 rationem
3328 4545 3392 4599 de
3406 4546 3511 4616 ﬁde
3529 4557 3580 4617 et
3602 4562 3691 4617 spe
3712 4556 3888 4617 nostra.

2313 4620 2383 4675 Et
2403 4636 2550 4674 num.
2580 4620 2649 4674 ὃς
2678 4618 2822 4672 Absit
2858 4635 3093 4685 namque,
3118 4628 3174 4671 ut
3203 4618 3367 4672 hocin
3391 4618 3535 4673 nobis
3554 4616 3695 4673 Deus
3721 4616 3890 4682 oderit,

2231 4689 2288 4756 Ι)
2312 4693 2364 4746 in
2394 4709 2494 4763 quo
2534 4690 2873 4763 nosreliquis
2905 4690 3248 4763 animantibus
3287 4688 3673 4746 excellentiores
3697 4686 3889 4743 creavit.

2310 4760 2518 4844 Quibus
2563 4762 2790 4844 aliisque
2820 4760 3093 4844 llonsentii
3119 4777 3361 4844 errorem
3402 4761 3893 4844 delpellqiuttideiqu-e

2312 4831 2745 4905 intelligentiam,
2770 4831 2839 4884 ad
2868 4850 3020 4903 quam
3046 4835 3180 4888 ratio
3205 4848 3324 4888 vera
3354 4833 3609 4903 perducit,
3642 4833 3766 4903 ﬁdes
3789 4832 3894 4883 ani-

2314 4923 2455 4962 mum
2476 4914 2762 4979 prteparat,
2786 4907 3199 4979 praeponendam
3221 4907 3399 4971 docet,
3416 4921 3486 4979 ‘n.
3511 4906 3545 4960 6
3566 4915 3620 4959 et
3640 4909 3697 4979 8,
3724 4918 3895 4972 quam-

2314 4980 2401 5035 vis
2455 4975 2631 5032 tameu
2664 4976 2984 5031 rationabile
3027 4986 3353 5046 prmeeptmn
3388 4975 3477 5044 sit,
3508 4986 3565 5030 ut
3614 4976 3685 5029 ad
3725 4987 3895 5044 magna

2316 5052 2574 5122 quaedam,
2605 5062 2719 5119 qua:
2742 5049 2856 5117 capi
2882 5048 3108 5122 nondum
3136 5058 3368 5122 possunt,
3397 5049 3524 5118 ﬁdes
3546 5048 3798 5118 pra’cedat
3824 5060 3896 5122 ra-

2317 5118 2525 5177 tionem.
2558 5118 2703 5187 Imb,
2737 5122 2926 5191 inquit,
2961 5136 3015 5174 n.
3051 5118 3221 5175 5:’Si
3262 5119 3364 5175 hoc
3393 5127 3716 5191 praeceptum
3755 5118 3896 5191 ratior

2320 5195 2489 5248 nabile
2516 5200 2610 5259 est,
2645 5190 2994 5261 proculdubio
3020 5190 3484 5263 quantulacumque
3510 5190 3663 5253 ratio,
3686 5205 3795 5261 qua:
3810 5190 3897 5242 hoc

2321 5264 2613 5337 persuadet,
2639 5264 2942 5337 etiam‘ipsa
2970 5262 3220 5337 antecedit
3257 5262 3441 5337 ﬁdem.
3464 5262 3816 5337 Fidemqenim
3839 5271 3895 5313 ea

2320 5334 2577 5407 praecedit
2606 5337 2761 5407 ratio,
2793 5334 2904 5389 Deo
2935 5334 3051 5407 scil.
3085 5338 3174 5405 qui
3210 5349 3308 5389 nec
3332 5335 3446 5407 lalli
3478 5350 3579 5390 nec
3609 5335 3786 5407 fallere
3804 5346 3895 5404 p0-

2322 5405 2445 5473 test,
2478 5406 2806 5462 credendum
2836 5420 2976 5461 esse.
3014 5406 3163 5460 Hanc
3194 5405 3432 5473 regulam
3463 5407 3515 5460 in
3547 5405 3790 5461 omnibus
3814 5417 3895 5457 se-

2319 5490 2473 5536 cutus
2511 5488 2594 5535 est
2621 5477 2876 5538 Hilarius,
2923 5477 3097 5547 primo
3130 5479 3218 5531 Dei
3259 5477 3417 5532 dictis
3445 5478 3747 5535 ﬁrmissime
3782 5488 3895 5530 cre-

2321 5552 2475 5615 dens,
2504 5566 2566 5605 ac
2594 5560 2702 5604 tum
2723 5547 2846 5602 ﬁdei
2874 5563 2985 5603 suae
3003 5548 3264 5605 rationem
3290 5549 3518 5607 reddere
3540 5565 3646 5605 non
3670 5556 3896 5607 contem-

2320 5638 2474 5679 nens.
2514 5620 2720 5677 \’idesis
2742 5619 2833 5674 lib.
2859 5635 2975 5686 vm,
3006 5635 3152 5675 num.
3180 5635 3219 5687 t,
3248 5628 3353 5676 etc.

2396 5715 2463 5789 (Γ)
2501 5716 2675 5781 Editi,
2718 5716 2925 5789 locant;
2966 5717 3390 5788 repugnantibus
3437 5733 3568 5775 mss.
3630 5718 3719 5774 Sic
3752 5722 3805 5772 et
3845 5712 3894 5768 in

2319 5787 2455 5858 psal.
2488 5804 2753 5856 cxxxvut,
2781 5805 2835 5845 ιι.
2869 5787 2960 5857 18,
2993 5787 3169 5846 Patris
3198 5797 3387 5845 natura
3412 5789 3617 5849 dicitur
3645 5790 3777 5845 ultra
3794 5800 3894 5841 om-

2321 5876 2409 5915 nes
2437 5861 2574 5915 locos
2602 5875 2745 5917 esse.

2390 5930 2466 6004 (g)
2498 5932 2573 5988 Ita
2603 5947 2733 5989 mss.
2766 5933 2833 5989 At
2859 5932 3008 6003 editi,
3038 5948 3143 5990 non
3170 5933 3386 5990 aliunde
3422 5934 3560 6005 quod
3580 5944 3653 5994 est
3681 5943 3888 5991 sumens.
