4040 6328
220 368 291 431 77
1408 372 1497 429 DE
1537 364 1903 430 TRINITATE
1942 370 2146 429 LIBER
2186 373 2275 430 lli.
2886 389 2890 393 ‘
3452 383 3519 439 78

291 494 346 558 5,
385 491 551 548 Filius
576 490 702 562 quid
717 489 1194 548 nascendoaPatre
1223 491 1435 563 accepit.
1460 489 1597 556 Quid
1609 505 1823 544 nascen-
1851 492 1905 554 Α
1931 486 2001 562 (c)
2032 497 2091 545 ut
2111 489 2214 545 scit
2259 488 2349 562 qui
2381 489 2590 561 genuit.
2620 488 2774 561 Quod
2820 489 2873 546 in
2927 488 3086 547 Patre
3111 501 3217 560 est,
3241 490 3343 549 hoc
3379 502 3432 550 ct
3464 497 3515 550 in

226 586 296 641 do
322 586 376 646 in
393 601 546 641 came
568 601 661 658 pro
690 585 834 639 nobis
858 583 1386 657 assumpserit.-—llic
1405 581 1819 654 ergoingenitus

216 690 348 733 ante
365 694 527 733 omne
556 684 770 749 tempus
795 693 862 735 ex
888 692 947 734 se
976 676 1148 733 ﬁlium
1176 676 1380 746 genuit,
1406 692 1513 731 nun
1545 690 1611 730 ex
1639 674 1817 745 aliqua

150 816 155 819 .
218 770 532 843 subjaccnte
555 771 659 847 δι
692 771 936 837 materia,
958 770 1090 843 quia
1113 784 1205 840 per
1226 768 1423 826 Filium
1453 768 1633 823 omnia
1668 783 1683 833 ;
1708 782 1818 823 non

224 879 296 921 ex
330 863 522 931 nihilo,
546 864 671 936 quia
691 879 756 920 ex
776 878 837 919 se
871 862 1035 917 lilium
1058 861 1137 932 (α)
1158 877 1173 916 :
1193 876 1298 916 non
1330 870 1389 916 ut
1412 870 1620 931 partum
1649 902 1664 927 ,
1693 860 1818 931 quia

219 956 352 1015 nihil
382 957 434 1011 in
468 954 578 1013 Deo
604 955 938 1013 demutabile
962 962 1055 1011 aut
1084 968 1308 1011 vacuum
1334 962 1448 1020 est;
1473 969 1579 1010 non
1610 960 1817 1024 partem

218 1050 301 1104 sui
347 1048 431 1104 vel
481 1048 709 1111 divisam
742 1048 825 1105 vel
871 1046 1158 1103 discissam
1208 1046 1290 1103 vel
1330 1055 1652 1112 extensam;
1696 1044 1819 1117 quia

225 1142 294 1197 im
304 1141 577 1212 passibilis
601 1152 653 1197 et
678 1141 1035 1210 incorporeus
1057 1139 1199 1195 Deus
1220 1148 1324 1207 est,
1351 1140 1465 1193 haec
1484 1145 1664 1194 autem
1689 1154 1818 1211 pas-

217 1233 390 1289 sionis
419 1241 476 1288 et
504 1232 687 1288 carnis
732 1241 877 1299 sunt,
928 1239 1007 1299 et,
1047 1230 1345 1289 secundum
1395 1230 1738 1301 Apostolum,
1767 1230 1822 1285 in

217 1324 427 1381 Christo
470 1325 723 1382 inhabitat
760 1324 926 1379 omnis
966 1322 1229 1397 plenitudo
1274 1323 1555 1381 divinitatis
1578 1339 1821 1394 corpora-

214 1416 340 1475 liter
387 1415 613 1490 (Coloss.
638 1432 697 1487 ιι,
732 1415 811 1491 9).
866 1415 975 1472 Sed
1003 1414 1665 1489 incomprehensibiliter,
1708 1418 1823 1470 ine-

214 1512 589 1582 narrabiliter,
633 1520 761 1575 ante
796 1527 957 1568 omne
994 1519 1211 1583 tempus
1236 1519 1289 1567 et
1315 1509 1533 1577 saecula,
1564 1508 1821 1581 Unigeni-

217 1616 332 1663 tum
363 1621 426 1661 ex
453 1604 535 1660 bis
560 1620 680 1677 qua:
705 1605 938 1677 ingenita
966 1606 1016 1658 in
1045 1621 1104 1662 se
1131 1612 1288 1661 erant
1305 1602 1633 1676 procreavit,
1662 1619 1823 1661 omne

218 1697 365 1769 quod
401 1699 543 1754 Deus
573 1709 657 1757 est
678 1715 774 1769 per
801 1698 1120 1754 charitatem
1153 1708 1315 1769 atque
1345 1695 1601 1752 virtutem
1634 1695 1833 1751 nativi—

224 1792 319 1851 tati
357 1792 475 1862 ejus
510 1793 860 1864 impertiens:
909 1806 973 1848 ac
1008 1792 1085 1847 sic
1127 1792 1196 1848 ab
1241 1789 1501 1863 ingenito,
1560 1787 1822 1860 perfecto,

1924 578 2064 636 Filio
2084 591 2193 648 est;
2227 581 2367 653 quod
2409 581 2461 636 in
2492 582 2750 652 ingenito,
2782 581 2885 638 hoc
2914 593 2969 638 et
3007 584 3059 639 in
3084 584 3395 656 unigenito;
3432 589 3483 642 al
3504 615 3519 628 ο

1922 680 2005 725 ter
2033 669 2100 726 ab
2126 671 2323 740 altero,
2351 681 2406 728 et
2433 680 2660 742 uterque
2705 689 2902 741 unum;
2936 690 3042 730 non
3088 675 3194 733 duo
3224 694 3385 745 unus,
3419 679 3515 736 sed

1920 763 2058 819 alius
2083 765 2134 820 in
2163 765 2291 833 alio,
2315 766 2440 836 quia
2475 782 2579 820 non
2610 766 2752 821 aliud
2785 766 2836 821 in
2856 767 2961 841 52
2980 776 3241 841 utroque;
3271 769 3431 825 Pater
3460 773 3513 828 in

1922 855 2081 925 Filio,
2129 860 2252 930 quia
2297 874 2364 916 ex
2391 874 2456 915 eo
2484 860 2887 927 Filius;Filius
2924 864 2978 918 in
3008 863 3190 935 Patre,
3235 868 3359 938 quia
3409 883 3514 923 non

1921 949 2143 1007 aliunde
2164 950 2308 1022 quod
2354 949 2550 1019 Filius;
2580 952 2893 1025 unigenitus
2915 954 2967 1008 in
3002 953 3260 1027 ingenito,
3285 957 3406 1028 quia
3450 960 3518 1015 ab

1923 1045 2164 1117 ingenito
2193 1045 2521 1117 unigenitns.
2552 1044 2628 1101 Ita
2660 1046 2714 1113 in
2745 1061 2805 1102 se
2842 1046 3111 1114 invicem;
3145 1049 3266 1117 quia
3293 1059 3353 1105 ut
3395 1066 3519 1106 om-

1924 1138 2011 1194 nia
2038 1138 2092 1194 in
2124 1137 2367 1210 ingenito
2399 1150 2549 1210 patre
2580 1138 2815 1210 perfecta
2849 1148 2993 1205 sunt,
3020 1141 3092 1196 ita
3119 1143 3297 1198 omnia
3322 1144 3372 1198 in
3407 1144 3519 1201 ﬁlio

1924 1231 2201 1303 unigenito
2228 1231 2460 1303 perfecta
2484 1240 2630 1287 sunt.
2658 1232 2781 1287 llaec
2809 1230 2862 1287 in
2894 1231 3033 1288 Filio
3056 1241 3111 1289 et
3137 1234 3295 1290 Patre
3322 1237 3518 1304 unitas,

1927 1324 2043 1380 lure
2071 1326 2259 1392 virtus,
2281 1324 2399 1380 haec
2420 1327 2677 1391 cbaritas,
2695 1328 2775 1397 (ά)
2795 1325 2913 1384 haec
2932 1342 3076 1399 spes,
3097 1328 3213 1386 haec
3234 1328 3388 1397 ﬁdes,
3408 1330 3523 1388 haec

1926 1419 2146 1486 veritas,
2179 1421 2286 1488 via,
2321 1421 2450 1491 vita,
2482 1436 2586 1476 non
2627 1422 2944 1478 calumniari
2987 1423 3055 1479 de
3082 1424 3370 1481 virtutibus
3408 1427 3522 1483 suis

1928 1513 2061 1579 Deo,
2095 1529 2195 1570 nec
2222 1512 2293 1588 (e)
2337 1531 2432 1584 per
2460 1522 2732 1572 secretum
2764 1531 2828 1572 ac
2872 1524 3194 1587 potestatem
3227 1520 3525 1577 nativitatis

1928 1607 2240 1663 obtrectare
2304 1607 2473 1675 Filio;
2525 1607 2666 1663 Patri
2717 1609 2955 1682 ingenito
2998 1610 3132 1666 nihil
3184 1626 3521 1683 comparare,

1931 1698 2277 1771 Unigenitum
2293 1700 2360 1755 ab
2378 1715 2444 1756 eo
2466 1716 2566 1759 nec
2588 1710 2694 1757 tem
2704 1717 2834 1773 pore
2851 1716 2953 1760 nec
2972 1705 3171 1761 'virtute
3192 1705 3523 1777 discernere,

1892 1861 1897 1865 ψ
1931 1789 2102 1849 Deum
2134 1790 2302 1846 ﬁlium
2333 1792 2460 1864 quia
2490 1807 2556 1849 ex
2588 1793 2700 1851 Deo
2721 1801 2807 1850 est
2835 1794 3106 1852 confiteri.

213 1897 535 1956 mternoque
564 1886 748 1959 Patre,
783 1884 1094 1957 unigenitus
1116 1892 1172 1939 et
1199 1882 1468 1953 perfectus
1507 1891 1561 1937 et
1589 1891 1822 1936 mternus
1853 1898 1902 1958 Β
2002 1883 2056 1938 5.
2087 1881 2186 1938 Dei
2209 1885 2437 1955 potentia
2480 1902 2535 1940 se
2562 1886 2717 1958 gestis
2747 1888 2999 1943 ostendit:
3029 1905 3249 1961 quorum
3276 1893 3411 1947 ratio
3443 1890 3526 1948 la-

214 1989 301 2035 est
327 1978 522 2034 Filius.
566 1979 636 2033 Ea
677 1983 878 2040 autem,
908 1974 989 2047 (ι)
1018 1974 1095 2048 (b)
1132 1990 1249 2044 quae
1278 1975 1325 2029 ei
1369 1981 1493 2028 sunt
1525 1971 1823 2027 secundum

214 2086 421 2141 corpus
478 2062 620 2145 qu'od
669 2069 979 2138 assumpsit,
1030 2065 1285 2122 bonitatis
1314 2067 1432 2136 ejus
1474 2064 1541 2119 ad
1596 2064 1823 2121 salutem

222 2171 470 2219 nostram
527 2160 780 2217 voluntas
806 2170 911 2215 est.
955 2159 1244 2215 invisibilis
1286 2158 1430 2212 enim
1480 2165 1535 2212 et
1577 2156 1828 2228 incorpo-

216 2270 347 2311 reus
369 2265 423 2312 et
442 2242 1028 2324 incomprehensibilis.
1054 2260 1240 2320 utpote
1266 2266 1296 2306 a
1312 2250 1423 2306 Deo
1445 2250 1678 2322 genitus,
1710 2259 1822 2306 tan«

211 2357 332 2404 tum
374 2348 425 2402 in
457 2362 517 2403 se
542 2357 596 2403 et
626 2348 869 2401 materiae
890 2356 942 2401 et
963 2344 1285 2401 humilitatis
1315 2344 1539 2414 recepit,
1564 2353 1824 2416 quantum

215 2441 275 2495 in
313 2439 469 2496 nobis
491 2450 608 2495 erat
635 2439 846 2496 virtutis
880 2439 947 2495 ad
988 2438 1393 2509 intelligendum
1419 2454 1478 2494 se
1502 2449 1557 2496 et
1583 2440 1826 2495 sentien-

210 2532 349 2593 dum
367 2531 819 2599 etcontuendum;
847 2530 1194 2591 imbecillitati
1211 2541 1407 2587 nostra:
1429 2531 1602 2603 potius
1621 2530 1828 2587 obtem-

214 2640 440 2697 perans,
466 2639 626 2695 quam
667 2624 736 2683 de
768 2624 853 2679 bis
894 2624 947 2679 in
983 2622 1178 2693 quibus
1232 2635 1348 2679 erat
1385 2624 1499 2694 ipse
1548 2622 1823 2680 deﬁciens.

292 2718 347 2775 4.
403 2714 517 2783 Qua
539 2717 736 2773 ratione
762 2716 827 2771 sit
844 2716 898 2772 in
931 2713 1193 2770 Patre.—
1212 2714 1378 2786 Igitur
1404 2716 1627 2788 perfecti
1659 2716 1828 2787 patris

216 2811 497 2881 perfectus
527 2811 689 2879 ﬁlius,
720 2818 775 2866 et
813 2807 1037 2879 ingeniti
1078 2809 1169 2863 Dei
1204 2807 1474 2875 unigenita
1513 2811 1823 2881 progenies,

214 2907 312 2978 qui
358 2906 427 2961 ab
454 2920 519 2962 eo
568 2904 659 2976 qui
713 2902 876 2958 habet
925 2902 1104 2957 omnia
1145 2900 1353 2971 accepit
1395 2902 1598 2970 omnia,
1632 2902 1772 2957 Deus
1798 2916 1828 2955 a

219 2999 361 3064 Deo,
395 2996 622 3070 Spiritus
660 3011 690 3050 a
721 2994 938 3066 Spiritu,
974 2995 1152 3047 lumen
1179 3009 1208 3047 a
1240 2992 1464 3060 lumine,
1494 2993 1831 3049 conﬁdenter

216 3092 296 3145 ait
322 3108 335 3139 τ
364 3087 525 3145 Pater
557 3088 610 3151 in
638 3103 740 3153 me,
772 3096 820 3141 et
850 3102 941 3157 ego
967 3085 1020 3141 in
1059 3083 1220 3138 Patre
1247 3082 1429 3156 (Joan.
1455 3101 1510 3151 Χ,
1540 3083 1633 3155 38)
1660 3102 1672 3138 :
1706 3084 1831 3153 quia

217 3192 279 3237 ut
307 3180 523 3252 spiritus
547 3178 727 3247 Pater,
748 3177 819 3232 ita
833 3186 889 3232 et
920 3174 1091 3231 Filius
1116 3174 1382 3251 Spiritus;
1411 3186 1467 3230 ut
1488 3174 1631 3231 Deus
1651 3174 1857 3251 Pater,

1931 1980 2052 2028 teat.
2086 1972 2255 2029 Homo
2307 1992 2411 2030 non
2466 1977 2605 2047 capit
2652 1977 2741 2051 qui
2784 1994 2920 2049 aqua
2958 1979 3013 2034 in
3053 1980 3229 2037 vinum
3298 1985 3362 2038 sit
3405 2000 3529 2038 cono

1928 2079 2170 2121 oersa.—
2192 2067 2330 2124 Sunt
2370 2069 2669 2126 istiusmodi
2704 2070 2759 2127 in
2811 2071 2921 2128 Deo
2959 2083 3279 2146 potestates,
3300 2091 3529 2148 quarum

1931 2173 2053 2213 cum
2110 2159 2249 2216 ratio
2290 2161 2659 2234 intelligentia:
2708 2172 2908 2221 nostra:
2951 2166 3529 2238 incomprehensibilis

1931 2260 2034 2319 est,
2070 2249 2204 2307 ﬁdes
2233 2259 2412 2308 tamen
2437 2269 2532 2326 per
2560 2256 2839 2312 veritatem
2867 2256 3173 2315 efﬁcientite
3204 2260 3269 2332 (Γ)
3292 2262 3345 2316 in
3368 2261 3530 2317 abso-

1933 2343 2047 2400 luto
2084 2355 2189 2401 est.
2219 2345 2331 2402 Nec
2368 2348 2471 2404 ltoc
2506 2349 2559 2403 in
2600 2349 2933 2421 spiritalibus
2974 2360 3204 2423 tantum,
3235 2353 3331 2410 sed
3367 2355 3532 2411 etiam

1932 2438 1985 2491 in
2017 2438 2394 2508 corporalibus
2435 2439 2944 2512 deprehendemus;
2978 2459 3083 2500 non
3126 2445 3194 2501 ad
3238 2447 3535 2504 nativitatis

1931 2526 2263 2602 exemplum,
2281 2533 2376 2588 sed
2392 2533 2458 2589 ad
2482 2534 2893 2593 admirationem
2918 2538 3038 2594 facti
3070 2538 3423 2612 intelligibilis
3444 2557 3534 2597 osa

1934 2632 2146 2682 tensum
2169 2626 2266 2698 (g).
2292 2625 2607 2698 Nuptiarum
2630 2628 2719 2686 die
2754 2631 2936 2686 vinum
2969 2632 3023 2686 in
3045 2630 3268 2689 Galiltca
3299 2648 3363 2689 ex
3391 2648 3530 2706 aqua

1934 2718 2131 2775 factum
2156 2729 2239 2777 est
2259 2716 2437 2794 (Joan.
2456 2737 2514 2791 ιι,
2537 2721 2595 2794 9)
2617 2742 2629 2780 :
2650 2725 2908 2796 numquid
2929 2737 3291 2798 consequetur
3310 2737 3403 2785 aut
3421 2744 3538 2787 ser-

1937 2828 2026 2867 mo
2062 2821 2248 2869 noster
2276 2822 2373 2870 aut
2403 2830 2618 2885 sensus,
2667 2816 2861 2889 quibus
2902 2818 3077 2875 modis
3108 2830 3300 2876 natura
3343 2822 3533 2878 demu-

1939 2914 2044 2959 tala
2070 2906 2160 2972 sit,
2189 2912 2252 2959 ut
2274 2921 2426 2978 aquae
2457 2908 2775 2977 simplicitas
2801 2909 3084 2978 defecerit,
3117 2912 3226 2967 vini
3249 2926 3412 2985 sapor
3444 2928 3540 2968 na-

1940 3009 2024 3052 tus
2053 2998 2159 3052 sit?
2188 2997 2305 3053 Non
2346 3000 2632 3069 permixtio
2670 2999 2791 3066 fuit,
2843 3002 2939 3057 sed
2970 3002 3209 3069 creatiu;
3237 3014 3289 3059 et
3332 3006 3539 3060 creatio

1939 3105 2045 3145 non
2090 3107 2121 3146 a
2148 3106 2209 3147 se
2236 3103 2436 3162 empta,
2469 3091 2563 3148 sed
2594 3108 2661 3147 ex
2699 3093 2805 3148 alio
2844 3093 2898 3148 in
2934 3094 3082 3151 aliud
3114 3096 3398 3153 existens:
3427 3113 3536 3152 non

1943 3198 2039 3254 per
2066 3182 2483 3249 transfusionem
2531 3183 2761 3255 potioris
2793 3184 3067 3242 obtinetur
3097 3187 3237 3258 quod
3272 3188 3538 3245 inﬁrmius

214 3274 295 3331 ita
341 3283 399 3328 et
454 3270 624 3328 Filius
672 3265 852 3337 Detis;
886 3279 945 3323 ut
987 3269 1169 3323 lumen
1218 3266 1398 3333 Pater,
1432 3267 1500 3322 ita
1543 3277 1598 3323 et
1665 3267 1833 3322 Filius
1861 3301 1907 3365 Ο
1940 3284 2045 3344 ρει,
2077 3274 2173 3332 sed
2196 3275 2446 3332 aboletur
2472 3275 2617 3347 quod
2647 3285 2784 3345 erat,
2805 3288 2860 3333 et
2890 3278 3033 3349 quod
3061 3294 3166 3335 non
3195 3288 3313 3336 erat
3340 3280 3526 3351 erepit.

226 3367 436 3427 lumen.
492 3363 569 3420 Es
629 3364 693 3420 iis
743 3376 912 3434 ergo,
975 3378 1095 3434 quae
1163 3360 1215 3415 in
1276 3360 1454 3427 Patre,
1507 3370 1631 3416 sunt
1671 3376 1731 3416 ea
1777 3360 1830 3416 in

217 3458 419 3533 quibus
470 3466 555 3512 est
622 3454 813 3522 Filius,
870 3454 921 3510 id
984 3466 1099 3521 est,
1171 3469 1238 3508 ex
1289 3460 1401 3508 toto
1463 3454 1620 3509 Patre
1687 3461 1829 3509 totus

220 3553 396 3610 Filius
440 3561 598 3609 natus
625 3559 741 3614 est;
776 3564 881 3606 non
911 3547 1147 3614 aliunde,
1180 3547 1304 3619 quia
1350 3545 1481 3602 nihil
1511 3556 1636 3603 ante
1664 3562 1823 3618 quam

217 3645 426 3713 Filius;
470 3660 579 3700 non
635 3659 701 3697 ex
760 3640 947 3707 nihilo,
994 3643 1116 3710 quia
1171 3655 1236 3695 cx
1310 3640 1417 3697 Deo
1468 3638 1663 3707 Filius;
1718 3655 1823 3695 non

218 3740 275 3796 in
322 3749 496 3811 parte,
520 3739 642 3812 quia
683 3735 964 3809 plenitudo
1004 3734 1221 3791 deitatis
1264 3735 1316 3790 in
1352 3734 1502 3802 ﬁlio;
1550 3750 1727 3807 neque
1770 3736 1824 3790 in

225 3836 523 3910 aliquibus,
552 3833 675 3907 quia
704 3832 758 3889 in
786 3831 1068 3889 omnibus:
1095 3830 1190 3887 sed
1222 3840 1278 3886 ut
1305 3830 1477 3886 voluit
1506 3829 1595 3903 qui
1626 3830 1821 3903 potuit,

1936 3369 2179 3441 Sponsus
2213 3368 2383 3424 tristis
2408 3378 2511 3435 est,
2538 3368 2739 3425 familia
2764 3372 3032 3438 turbatur,
3064 3373 3379 3429 solemnitas
3405 3389 3539 3446 nup-

1934 3461 2079 3517 tialis
2109 3462 2337 3517 convivii
2365 3462 2715 3533 periclitatur.
2739 3461 2897 3519 Jesus
2926 3475 3148 3537 rogatur
3173 3482 3187 3521 :
3223 3482 3327 3521 non
3348 3481 3539 3523 exsur-

1933 3555 2029 3623 git,
2049 3561 2141 3608 aut
2161 3553 2347 3619 instat,
2365 3552 2458 3608 sed
2486 3552 2817 3624 quiescentis
2833 3554 2950 3626 ejus
2977 3556 3079 3612 hoc
3097 3571 3232 3628 opus
3255 3568 3358 3614 est.
3381 3559 3536 3630 Aqua

1934 3645 2143 3719 bydriis
2191 3644 2511 3713 infunditur,
2546 3646 2729 3702 vinum
2757 3646 3018 3705 calicibus
3044 3649 3322 3717 hauritur;
3355 3649 3540 3707 infun-

1932 3739 2110 3797 dentis
2140 3740 2382 3797 scientiae
2412 3754 2604 3797 sensus
2630 3755 2737 3797 non
2769 3744 3024 3798 convenit
3062 3743 3381 3800 ltaurientis.
3433 3745 3535 3813 Qui

1934 3831 2267 3903 infuderunt,
2294 3832 2501 3889 hauriri
2529 3848 2723 3905 aquam
2752 3833 3106 3903 existimant;
3131 3836 3223 3907 qui
3254 3835 3534 3905 hauriunt,

301 4014 382 4092 (i)
412 4016 539 4086 Qnte
567 4016 678 4087 ejus
706 4024 858 4083 sunt;
885 4023 941 4071 ct
967 4028 1114 4081 mox,
1137 4023 1191 4068 ut
1221 4012 1345 4084 pote‘
1378 4010 1440 4068 ab
1484 4029 1546 4068 eo
1575 4014 1796 4085 genitus,
1832 4029 1940 4073 non
1964 4034 1995 4071 α
2024 4014 2137 4071 Deo
2162 4017 2379 4089 genitus.

298 4181 374 4251 (τι)
407 4178 626 4237 Addunt
656 4179 743 4236 hic
771 4178 878 4235 duo
898 4192 1029 4234 mss.
1053 4177 1269 4248 genuit:
1291 4173 1434 4247 quod
1457 4175 1509 4229 in
1537 4174 1658 4229 aliis
1677 4174 1827 4231 libris

222 4252 698 4328 probareticctur.

296 4328 379 4397 (ὸ)
409 4324 734 4397 ιηᾼγυιειιιὶε,
761 4321 1008 4397 quaeejus
1042 4328 1195 4397 sunt;
1227 4328 1279 4373 et
1310 4326 1657 4397 tnox,_t_ttpot_e
1679 4317 1739 4372 ab
1766 4334 1823 4372 eo

221 4389 638 4475 genitas._blagis
661 4389 830 4466 placet
856 4389 932 4461 ei,
954 4403 1006 4448 et
1033 4389 1160 4457 Deo,
1188 4406 1309 4446 cum
1339 4406 1440 4446 ms.
1471 4389 1589 4446 Vat.
1620 4389 1735 4445 bas.
1769 4400 1825 4446 et

223 4467 397 4520 {altera
426 4467 577 4520 Coll).

220 4472 580 4614 dllfcljulsd‘i'tli;
601 4537 721 4592 Par.
755 4536 820 4590 ad
847 4534 1194 4617 Nivellianam
1234 4549 1514 4601 expressa,
1544 4544 1601 4589 ut
1626 4533 1692 4616 sit
1728 4533 1824 4658 Ζιιὶ

222 4613 422 4658 munit-
456 4612 732 4658 mendose.
766 4608 863 4658 Hic
885 4607 1169 4658 resnicuur
1194 4606 1348 4658 illud.
1378 4604 1545 4658 Nemo
1572 4618 1707 4658 novtt
1781 4622 1824 4658 t-

221 4604 424 4686 μιιίιὶἱι,
456 4612 732 4686 mendose.
765 4608 863 4665 Hic
884 4607 1169 4686 respicitur
1194 4606 1348 4686 illud,
1378 4604 1553 4686 Nemo
1572 4605 1707 4686 novit
1728 4604 1825 4686 Fif

164 4676 167 4677 ⁷
221 4676 378 4747 liam,
411 4676 513 4743 nisi
545 4681 725 4744 Pater,
757 4689 861 4738 etc.
892 4676 1026 4733 cum
1080 4679 1322 4747 proxime
1351 4678 1429 4733 ait
1472 4677 1724 4743 Hilarius,
1765 4684 1823 4729 at

223 4727 392 4813 sati.
413 4727 513 4822 ῖίιῑξ
535 4727 725 4826 ,ςοῖξῇιξ
745 4727 1428 4826 suasatissatis:
1445 4727 1609 4826 .113;
1627 4727 1637 4730 '
1652 4727 1724 4801 et
1769 4727 1825 4826 gs.

222 4844 353 4899 cap.
387 4818 561 4899 16,7iit
612 4822 796 4879 Matth.
839 4838 894 4877 ιι.
926 4822 981 4889 4,
1014 4818 1190 4899 Patris
1217 4818 1702 4899 voluntati‘l‘i‘ilium
1740 4820 1821 4899 vi-

1930 4185 2028 4244 tas,
2062 4185 2166 4233 etc.
2200 4176 2340 4233 Tum
2371 4175 2574 4233 indicat
2593 4189 2654 4233 se
2684 4177 2880 4234 Filium
2913 4178 3130 4237 volente
3157 4178 3317 4239 Patre
3344 4192 3528 4242 natum

1929 4249 1995 4304 ad
2043 4250 2146 4311 hoc
2188 4257 2396 4304 tantum
2428 4249 2745 4319 prmdicare,
2795 4267 2864 4307 ne
2896 4252 3094 4307 invitus
3126 4252 3284 4315 Pater
3316 4264 3369 4313 et
3414 4273 3523 4314 non

1926 4321 2323 4394 s_ine_passi_one
2347 4336 2476 4394 eum
2501 4325 2753 4392 genuisse
2776 4324 3138 4394 existimetur.
3165 4325 3281 4394 Qua
3314 4328 3523 4386 ratione

1925 4390 2308 4470 Cyrilluilib.
2339 4408 2412 4448 vn
2437 4390 2734 4470 Thesauri:
2762 4393 3030 4470 Licetnon
3059 4412 3125 4452 ea:
3154 4390 3412 4454 uoluntate
3442 4418 3529 4470 ge-

1924 4462 2091 4535 nuerit
2117 4462 2169 4517 F
2169 4466 2335 4530 ilium,
2364 4481 2467 4519 non
2502 4474 2666 4520 tamen
2692 4467 2884 4521 invitus
2908 4466 3059 4523 habet
3085 4486 3199 4523 eum
3219 4484 3240 4535 ,'
3261 4471 3366 4524 vult
3389 4462 3526 4526 envim

1934 4534 2128 4590 Filiam
2152 4548 2199 4591 et
2229 4547 2400 4591 amat:
2432 4537 2562 4592 sicut
2577 4539 2713 4607 quod
2733 4538 2897 4593 bonus
2921 4550 2967 4594 et
2990 4534 3276 4596 misericors
3299 4543 3385 4603 sit,
3410 4544 3527 4598 licet

1932 4623 2033 4679 non
2048 4609 2228 4663 habeat
2248 4609 2563 4679 prseredente
2588 4611 2844 4665 voluntate
2864 4623 2909 4665 et
2937 4611 3199 4679 electione,
3234 4629 3335 4669 non
3358 4623 3526 4670 tamen

1929 4678 2118 4754 invitus
2149 4681 2256 4754 licet:
2296 4680 2444 4735 habet
2467 4723 2484 4754 ,
2516 4680 2645 4754 uult
2643 4683 2778 4754 enim
2797 4682 2852 4736 id
2878 4699 2987 4742 esse
3024 4678 3288 4754 quodest.
3317 4683 3520 4741 Eadem

1932 4748 2043 4806 fere
2069 4752 2263 4822 repetit
2300 4754 2427 4807 dial.
2455 4748 2491 4805 2
2512 4752 2577 4807 dc
2603 4750 2799 4811 Trinit.

2006 4821 2084 4894 (tt)
2131 4821 2283 4897 Apud
2322 4823 2444 4897 Par.
2490 4822 2760 4897 omittitur
2808 4826 2917 4879 [nec
2958 4841 3092 4897 spes.
3127 4824 3249 4882 Mox
3296 4828 3523 4885 verbum

224 4891 391 4958 deiur
421 4898 708 4967 subjicere,
751 4905 871 4967 lum_
891 4903 948 4947 ut
986 4891 1075 4959 sit,
1106 4901 1215 4946 tum
1245 4900 1303 4967 ut
1336 4892 1560 4967 aequalis
1599 4891 1696 4967 ipsi
1728 4891 1815 4967 sit.
1845 4899 1903 4960 1)
1926 4891 2231 4967 calumniari
2259 4895 2733 4967 positumrvidetur
2775 4911 2871 4964 pro
2902 4891 3223 4954 imminuere
3251 4909 3306 4954 et
3331 4900 3517 4956 detra-

221 4970 434 5029 Contra
457 4960 784 5025 AtltanaSins
836 4963 931 5020 Or.
964 4978 1026 5030 ιι,
1055 4971 1202 5017 cont.
1231 4960 1329 5018 Ar.
1362 4960 1417 5033 ι).
1449 4963 1579 5025 353,
1615 4964 1713 5017 hoc
1742 4961 1823 5033 ine

226 5056 316 5101 ter
337 5052 575 5098 creatam
620 5053 733 5093 rem
778 5045 833 5092 et
861 5036 1054 5091 Filium
1084 5032 1379 5090 discrimen
1427 5034 1631 5100 statuit,
1677 5032 1819 5103 quod

226 5115 325 5173 hic
360 5116 432 5170 sit
472 5110 747 5183 prepriutn
802 5116 1053 5183 patorum.
1086 5106 1404 5183 substantia:
1441 5120 1685 5183 germen,
1731 5105 1820 5183 illa

224 5202 367 5245 vero
392 5173 521 5256 quid
549 5173 885 5241 extraneum,
911 5177 1057 5256 quod
1095 5192 1162 5256 ei:
1190 5173 1375 5256 Patris
1398 5177 1821 5256 voluntate._cui

225 5260 325 5317 ille
355 5249 461 5312 utin
493 5255 758 5323 subiacet,
788 5251 1061 5323 pendeat;
1088 5250 1154 5305 Τὸ
1179 5251 1269 5322 μέν
1289 5249 1486 5321 ποίημα
1513 5251 1604 5304 οὐκ
1632 5249 1822 5323 ἀνάγκη

231 5332 318 5387 ἀεὶ
345 5325 491 5386 εἶναι’
524 5317 612 5382 «ire
768 5317 1006 5399 βούλετᾳι
1031 5317 1334 5399 Septiciane;
1373 5317 1661 5399 ἐργάζετριι*
1685 5317 1746 5399 ῖό
1769 5317 1825 5399 δὲ

278 5407 459 5474 mea:
491 5401 551 5455 οὐ
585 5393 837 5474 βοῖυᾷξήόει.
870 5393 1312 5474 ὐπρᾉειτάιη-ᾇλλά
1350 5393 1443 5474 τῆς
1481 5394 1659 5474 obuia;
1689 5393 1829 5447 ἔστὶν

292 5463 454 5535 ιὸιι-ἡς.
482 5463 659 5526 δίοέι
676 5469 910 5537 Cyrilius
934 5464 1028 5521 lib.
1055 5480 1129 5520 vn
1156 5468 1183 5520 Ἰ
1203 5465 1414 5537 hesauri
1439 5480 1455 5518 :
1502 5463 1835 5537 ilnhnatttra-

237 5550 378 5603 tibus
423 5543 568 5598 nulla
598 5535 837 5610 praecedit
860 5539 1114 5610 voluntas,
1145 5553 1261 5609 qua:
1295 5536 1548 5610 lacuaria
1573 5535 1643 5610 iis
1668 5535 1835 5588 solum

238 5618 416 5682 habet,
440 5630 553 5686 qua!
577 5607 698 5675 sunt
713 5620 861 5686 extra
887 5607 1220 5686 deliberantis
1230 5607 1587 5686 substantiam.
1618 5608 1689 5686 ῥι
1712 5621 1837 5686 sett-

236 5676 468 5753 ωειιὶκίιί
518 5699 673 5743 suam
725 5681 843 5752 ipse
894 5680 1132 5753 explicat
1160 5677 1584 5753 Hilariusl.__de
1624 5676 1829 5750 Synod.

240 5749 302 5819 rt.
337 5760 429 5823 58,
462 5756 549 5815 ubi
568 5749 947 5829 primumcum
968 5749 1272 5829 Athanasio
1291 5761 1346 5829 et
1371 5749 1575 5829 Cyrillo
1604 5749 1837 5829 consen-

244 5836 390 5889 tiens
417 5820 614 5900 'ponii,
649 5824 895 5900 Omnibus
940 5824 1182 5900 creaturis
1223 5820 1560 5900 substantiam
1599 5820 1837 5900 voluntas

243 5904 349 5962 Dei
377 5892 579 5959 att-alit:
609 5899 696 5954 sed
719 5905 957 5952 naturam
989 5893 1129 5951 Filio
1149 5894 1356 5950 dedit...
1386 5893 1612 5965 perfecta
1653 5892 1837 5947 nativi-

1924 4963 2056 5041 bere
2090 4965 2199 5020 Deo
2237 4965 2546 5041 aliquidde
2584 4963 2825 5041 potentia
2880 4983 2996 5023 sua.
3035 4968 3152 5025 Jam
3189 4969 3414 5041 legimus
3465 4974 3519 5028 in

1924 5037 2060 5114 psal.
2090 5051 2324 5114 CX_XXVII_.
2359 5055 2411 5091 n.
2443 5038 2544 5092 ‘16:
2576 5037 2631 5091 in
2662 5040 2918 5114 calumnia
2951 5037 3274 5114 vestis,_pr6,
3306 5044 3527 5114 quando

1923 5110 2044 5179 quis
2085 5110 2197 5165 vult
2221 5107 2437 5164 auferre
2478 5117 2721 5165 vestem:
2752 5121 2806 5165 et
2840 5111 2935 5166 lib.
2967 5127 2998 5167 ι
3033 5113 3100 5168 dc
3130 5107 3280 5171 Trin.
3316 5107 3369 5168 ιί.
3426 5114 3520 5179 28.

1925 5178 2105 5261 legere
2122 5191 2202 5235 est
2229 5181 2281 5235 in
2312 5180 2428 5263 ipsa
2452 5182 2619 5235 trunci
2637 5183 2870 5252 corporis
2891 5184 3161 5256 calumnia,
3189 5201 3310 5257 pro,
3327 5186 3379 5241 in
3405 5178 3522 5257 ipsa

1925 5266 2073 5307 auris
2101 5261 2490 5322 amputatitme.

1998 5342 2070 5417 (ei
2099 5342 2154 5397 Id
2179 5351 2287 5411 est,
2314 5353 2533 5414 propter
2571 5356 2840 5402 secretum
2889 5361 2952 5402 ac
2980 5356 3299 5417 potestatem
3328 5348 3525 5405 nativi-

1942 5415 2085 5478 tatis,
2107 5430 2219 5487 quo
2247 5431 2353 5470 non
2375 5427 2627 5487 penetrat
2655 5434 2810 5475 mens
2835 5415 3090 5474 humana.

2013 5511 2083 5583 (f)
2110 5510 2222 5567 Hoc
2258 5520 2362 5575 est.
2407 5512 2545 5568 ratio
2593 5526 2776 5570 nostra
2817 5524 2968 5569 certo
3009 5513 3236 5584 percipit
3278 5514 3528 5573 eﬁ'cctnm

1942 5596 2062 5637 esse
2088 5597 2123 5656 e
2139 5584 2270 5652 Deo,
2294 5585 2537 5656 quamvis
2554 5601 2660 5641 non
2687 5585 3110 5654 comprehendat
3127 5588 3399 5655 quomodo
3422 5588 3533 5647 fac-

1944 5660 2054 5708 tum
2083 5655 2173 5717 sit,
2198 5666 2288 5711 aut
2316 5657 2477 5713 etiam
2509 5673 2609 5729 qua
2640 5658 2853 5711 ratione
2883 5657 2996 5711 ﬁeri
3029 5663 3284 5727 potuerit.

2012 5745 2090 5819 (9)
2120 5745 2218 5807 Μερ
2247 5745 2402 5805 (ἶοῙῘὺ
2448 5763 2570 5803 cum
2598 5746 2809 5819 Gerus.
2840 5757 2914 5811 et!
2957 5754 3235 5808 ostensum.
3269 5752 3407 5817 Mox,
3454 5769 3538 5809 re-

1942 5815 2312 5894 stituitnus__ex
2358 5835 2490 5879 mss.
2547 5819 2601 5873 ia
2627 5815 2867 5889 Galilao,
2905 5821 2991 5877 ubi
3033 5822 3305 5894 vulgatum
3339 5815 3457 5880 erat
3486 5826 3542 5880 in

1946 5884 2090 5946 Cana
2121 5884 2370 5946 Galilazaz.
