  <div class='ocr_page' id='page_1' title='image "/cluster/home/n/w/nwhite01/storage/ocr_20150623/10/hvd.32044015471279/045.png"; bbox 0 0 4040 6328; ppageno 0'>
   <div class='ocr_carea' id='block_1_1' title="bbox 539 296 3857 390">
    <p class='ocr_par' dir='ltr' id='par_1_1' title="bbox 539 296 3857 390">
     <span class='ocr_line' id='line_1_1' title="bbox 539 296 3857 390; baseline -0.008 -9"><span class='ocrx_word' id='word_1_1' title='bbox 539 331 610 390; x_wconf 90' lang='lat'><strong>79</strong></span> <span class='ocrx_word' id='word_1_2' title='bbox 1744 309 1989 370; x_wconf 65' lang='lat' dir='ltr'><strong>SANCTI</strong></span> <span class='ocrx_word' id='word_1_3' title='bbox 2042 304 2300 367; x_wconf 77' lang='lat' dir='ltr'><strong>HILARII</strong></span> <span class='ocrx_word' id='word_1_4' title='bbox 2355 304 2661 364; x_wconf 83' lang='lat' dir='ltr'><strong>EPISCOPI</strong></span> <span class='ocrx_word' id='word_1_5' title='bbox 3778 296 3857 356; x_wconf 86' lang='lat'><strong>80</strong></span> 
     </span>
    </p>
   </div>
   <div class='ocr_carea' id='block_1_2' title="bbox 541 416 3850 509">
    <p class='ocr_par' dir='ltr' id='par_1_2' title="bbox 541 416 3850 509">
     <span class='ocr_line' id='line_1_2' title="bbox 541 416 3850 509; baseline -0.012 0"><span class='ocrx_word' id='word_1_6' title='bbox 541 456 726 509; x_wconf 84' lang='lat' dir='ltr'><strong>vinum</strong></span> <span class='ocrx_word' id='word_1_7' title='bbox 757 450 990 507; x_wconf 87' lang='lat' dir='ltr'><strong>infusum</strong></span> <span class='ocrx_word' id='word_1_8' title='bbox 1019 443 1388 505; x_wconf 75' lang='lat' dir='ltr'><strong>arbitrantur;</strong></span> <span class='ocrx_word' id='word_1_9' title='bbox 1418 444 1654 509; x_wconf 79' lang='lat' dir='ltr'><strong>tempus,</strong></span> <span class='ocrx_word' id='word_1_10' title='bbox 1688 432 1830 505; x_wconf 88' lang='lat' dir='ltr'><strong>quod</strong></span> <span class='ocrx_word' id='word_1_11' title='bbox 1875 433 1927 487; x_wconf 91' lang='lat' dir='ltr'><strong>in</strong></span> <span class='ocrx_word' id='word_1_12' title='bbox 1956 429 2135 486; x_wconf 92' lang='lat' dir='ltr'><strong>medio</strong></span> <span class='ocrx_word' id='word_1_13' title='bbox 2161 431 2215 493; x_wconf 78' lang='grc' dir='ltr'><strong>Α</strong></span> <span class='ocrx_word' id='word_1_14' title='bbox 2242 427 2490 482; x_wconf 84' lang='lat' dir='ltr'><strong>humanae</strong></span> <span class='ocrx_word' id='word_1_15' title='bbox 2518 438 2783 492; x_wconf 84' lang='lat' dir='ltr'><strong>errorem,</strong></span> <span class='ocrx_word' id='word_1_16' title='bbox 2819 431 2870 479; x_wconf 87' lang='lat' dir='ltr'><strong>et</strong></span> <span class='ocrx_word' id='word_1_17' title='bbox 2915 423 3095 480; x_wconf 88' lang='lat' dir='ltr'><strong>sciens</strong></span> <span class='ocrx_word' id='word_1_18' title='bbox 3138 436 3205 479; x_wconf 91' lang='lat' dir='ltr'><strong>eo</strong></span> <span class='ocrx_word' id='word_1_19' title='bbox 3256 434 3426 493; x_wconf 89' lang='lat' dir='ltr'><strong>usque</strong></span> <span class='ocrx_word' id='word_1_20' title='bbox 3471 416 3850 475; x_wconf 85' lang='lat' dir='ltr'><strong>inﬁdelitatem</strong></span> 
     </span>
    </p>
   </div>
   <div class='ocr_carea' id='block_1_3' title="bbox 541 531 2141 620">
    <p class='ocr_par' dir='ltr' id='par_1_3' title="bbox 541 531 2141 620">
     <span class='ocr_line' id='line_1_3' title="bbox 541 531 2141 620; baseline -0.016 -15"><span class='ocrx_word' id='word_1_21' title='bbox 541 560 646 617; x_wconf 89' lang='lat' dir='ltr'><strong>est,</strong></span> <span class='ocrx_word' id='word_1_22' title='bbox 684 547 763 620; x_wconf 80' lang='grc' dir='ltr'><strong>(ι)</strong></span> <span class='ocrx_word' id='word_1_23' title='bbox 796 543 871 618; x_wconf 86' lang='lat' dir='ltr'><strong>(a)</strong></span> <span class='ocrx_word' id='word_1_24' title='bbox 922 558 1027 598; x_wconf 90' lang='lat' dir='ltr'><strong>non</strong></span> <span class='ocrx_word' id='word_1_25' title='bbox 1058 537 1272 610; x_wconf 88' lang='lat' dir='ltr'><strong>prolicit</strong></span> <span class='ocrx_word' id='word_1_26' title='bbox 1302 546 1361 590; x_wconf 88' lang='lat' dir='ltr'><strong>ut</strong></span> <span class='ocrx_word' id='word_1_27' title='bbox 1398 531 1625 604; x_wconf 84' lang='lat' dir='ltr'><strong>liquoris</strong></span> <span class='ocrx_word' id='word_1_28' title='bbox 1654 540 1841 584; x_wconf 86' lang='lat' dir='ltr'><strong>natura</strong></span> <span class='ocrx_word' id='word_1_29' title='bbox 1871 535 1925 583; x_wconf 90' lang='lat' dir='ltr'><strong>et</strong></span> <span class='ocrx_word' id='word_1_30' title='bbox 1953 541 2141 582; x_wconf 86' lang='lat' dir='ltr'><strong>nasca-</strong></span> 
     </span>
    </p>
   </div>
   <div class='ocr_carea' id='block_1_4' title="bbox 543 624 2141 710">
    <p class='ocr_par' dir='ltr' id='par_1_4' title="bbox 543 624 2141 710">
     <span class='ocr_line' id='line_1_4' title="bbox 543 624 2141 710; baseline -0.017 -12"><span class='ocrx_word' id='word_1_31' title='bbox 543 654 631 699; x_wconf 91' lang='lat' dir='ltr'><strong>tur</strong></span> <span class='ocrx_word' id='word_1_32' title='bbox 651 652 705 694; x_wconf 88' lang='lat' dir='ltr'><strong>et</strong></span> <span class='ocrx_word' id='word_1_33' title='bbox 735 646 937 710; x_wconf 81' lang='lat' dir='ltr'><strong>pereat.</strong></span> <span class='ocrx_word' id='word_1_34' title='bbox 974 634 1132 689; x_wconf 76' lang='lat' dir='ltr'><strong>Ratio</strong></span> <span class='ocrx_word' id='word_1_35' title='bbox 1169 629 1293 685; x_wconf 90' lang='lat' dir='ltr'><strong>facti</strong></span> <span class='ocrx_word' id='word_1_36' title='bbox 1317 636 1372 684; x_wconf 89' lang='lat' dir='ltr'><strong>et</strong></span> <span class='ocrx_word' id='word_1_37' title='bbox 1402 626 1574 681; x_wconf 90' lang='lat' dir='ltr'><strong>visum</strong></span> <span class='ocrx_word' id='word_1_38' title='bbox 1619 624 1906 677; x_wconf 86' lang='lat' dir='ltr'><strong>frustratur</strong></span> <span class='ocrx_word' id='word_1_39' title='bbox 1934 630 1989 674; x_wconf 91' lang='lat' dir='ltr'><strong>et</strong></span> <span class='ocrx_word' id='word_1_40' title='bbox 2017 636 2141 673; x_wconf 83' lang='lat' dir='ltr'><strong>seu-</strong></span> 
     </span>
    </p>
   </div>
   <div class='ocr_carea' id='block_1_5' title="bbox 541 718 2141 792">
    <p class='ocr_par' dir='ltr' id='par_1_5' title="bbox 541 718 2141 792">
     <span class='ocr_line' id='line_1_5' title="bbox 541 718 2141 792; baseline -0.018 0"><span class='ocrx_word' id='word_1_41' title='bbox 541 751 700 792; x_wconf 89' lang='lat' dir='ltr'><strong>sum:</strong></span> <span class='ocrx_word' id='word_1_42' title='bbox 738 734 906 787; x_wconf 83' lang='lat' dir='ltr'><strong>virtus</strong></span> <span class='ocrx_word' id='word_1_43' title='bbox 954 736 1134 783; x_wconf 88' lang='lat' dir='ltr'><strong>tamen</strong></span> <span class='ocrx_word' id='word_1_44' title='bbox 1182 723 1276 778; x_wconf 91' lang='lat' dir='ltr'><strong>Dei</strong></span> <span class='ocrx_word' id='word_1_45' title='bbox 1306 721 1360 776; x_wconf 91' lang='lat' dir='ltr'><strong>in</strong></span> <span class='ocrx_word' id='word_1_46' title='bbox 1400 718 1484 774; x_wconf 90' lang='lat' dir='ltr'><strong>his</strong></span> <span class='ocrx_word' id='word_1_47' title='bbox 1524 732 1643 788; x_wconf 71' lang='lat' dir='ltr'><strong>qua:</strong></span> <span class='ocrx_word' id='word_1_48' title='bbox 1675 724 1801 769; x_wconf 86' lang='lat' dir='ltr'><strong>sunt</strong></span> <span class='ocrx_word' id='word_1_49' title='bbox 1842 723 1994 784; x_wconf 88' lang='lat' dir='ltr'><strong>gesta</strong></span> <span class='ocrx_word' id='word_1_50' title='bbox 2018 725 2141 765; x_wconf 80' lang='lat' dir='ltr'><strong>sen-</strong></span> 
     </span>
    </p>
   </div>
   <div class='ocr_carea' id='block_1_6' title="bbox 545 832 693 885">
    <p class='ocr_par' dir='ltr' id='par_1_6' title="bbox 545 832 693 885">
     <span class='ocr_line' id='line_1_6' title="bbox 545 832 693 885; baseline -0.041 0"><span class='ocrx_word' id='word_1_51' title='bbox 545 832 693 885; x_wconf 89' lang='lat' dir='ltr'><strong>titur.</strong></span> 
     </span>
    </p>
   </div>
   <div class='ocr_carea' id='block_1_7' title="bbox 613 900 2142 995">
    <p class='ocr_par' dir='ltr' id='par_1_7' title="bbox 613 900 2142 995">
     <span class='ocr_line' id='line_1_7' title="bbox 613 900 2142 995; baseline -0.016 -20"><span class='ocrx_word' id='word_1_52' title='bbox 613 919 720 995; x_wconf 78' lang='lat'><strong>53</strong></span> <span class='ocrx_word' id='word_1_53' title='bbox 747 917 800 974; x_wconf 89' lang='lat'><strong>6.</strong></span> <span class='ocrx_word' id='word_1_54' title='bbox 830 916 933 970; x_wconf 85' lang='lat' dir='ltr'><strong>Aut</strong></span> <span class='ocrx_word' id='word_1_55' title='bbox 963 911 1215 982; x_wconf 84' lang='lat' dir='ltr'><strong>quomodo</strong></span> <span class='ocrx_word' id='word_1_56' title='bbox 1256 907 1477 979; x_wconf 85' lang='lat' dir='ltr'><strong>quinque</strong></span> <span class='ocrx_word' id='word_1_57' title='bbox 1519 920 1677 976; x_wconf 85' lang='lat' dir='ltr'><strong>panes</strong></span> <span class='ocrx_word' id='word_1_58' title='bbox 1709 900 2040 957; x_wconf 77' lang='lat' dir='ltr'><strong>excreverint.</strong></span> <span class='ocrx_word' id='word_1_59' title='bbox 2069 925 2142 938; x_wconf 90' lang='lat'>—</span> 
     </span>
    </p>
   </div>
   <div class='ocr_carea' id='block_1_8' title="bbox 539 989 2138 1080">
    <p class='ocr_par' dir='ltr' id='par_1_8' title="bbox 539 989 2138 1080">
     <span class='ocr_line' id='line_1_8' title="bbox 539 989 2138 1080; baseline -0.017 -10"><span class='ocrx_word' id='word_1_60' title='bbox 539 989 654 1070; x_wconf 73' lang='lat' dir='ltr'><strong>Sed</strong></span> <span class='ocrx_word' id='word_1_61' title='bbox 669 989 725 1068; x_wconf 75' lang='lat' dir='ltr'><strong>et</strong></span> <span class='ocrx_word' id='word_1_62' title='bbox 753 1010 820 1065; x_wconf 88' lang='lat' dir='ltr'><strong>de</strong></span> <span class='ocrx_word' id='word_1_63' title='bbox 846 1008 1084 1080; x_wconf 89' lang='lat' dir='ltr'><strong>quinque</strong></span> <span class='ocrx_word' id='word_1_64' title='bbox 1113 1001 1339 1074; x_wconf 82' lang='lat' dir='ltr'><strong>panibus</strong></span> <span class='ocrx_word' id='word_1_65' title='bbox 1375 1014 1482 1054; x_wconf 90' lang='lat' dir='ltr'><strong>non</strong></span> <span class='ocrx_word' id='word_1_66' title='bbox 1512 996 1790 1053; x_wconf 86' lang='lat' dir='ltr'><strong>dissimilis</strong></span> <span class='ocrx_word' id='word_1_67' title='bbox 1812 992 1935 1049; x_wconf 89' lang='lat' dir='ltr'><strong>facti</strong></span> <span class='ocrx_word' id='word_1_68' title='bbox 1964 989 2138 1047; x_wconf 60' lang='lat' dir='ltr'><strong>admic</strong></span> 
     </span>
    </p>
   </div>
   <div class='ocr_carea' id='block_1_9' title="bbox 534 1086 2139 1174">
    <p class='ocr_par' dir='ltr' id='par_1_9' title="bbox 534 1086 2139 1174">
     <span class='ocr_line' id='line_1_9' title="bbox 534 1086 2139 1174; baseline -0.016 -11"><span class='ocrx_word' id='word_1_69' title='bbox 534 1105 676 1163; x_wconf 86' lang='lat' dir='ltr'><strong>ratio</strong></span> <span class='ocrx_word' id='word_1_70' title='bbox 695 1112 781 1160; x_wconf 88' lang='lat' dir='ltr'><strong>est</strong></span> <span class='ocrx_word' id='word_1_71' title='bbox 811 1101 1029 1174; x_wconf 79' lang='lat' dir='ltr'><strong>(Matth.</strong></span> <span class='ocrx_word' id='word_1_72' title='bbox 1063 1113 1178 1164; x_wconf 76' lang='lat' dir='ltr'><strong>xw,</strong></span> <span class='ocrx_word' id='word_1_73' title='bbox 1205 1095 1318 1169; x_wconf 76' lang='lat'><strong>17).</strong></span> <span class='ocrx_word' id='word_1_74' title='bbox 1351 1091 1707 1149; x_wconf 88' lang='lat' dir='ltr'><strong>Iucrementis</strong></span> <span class='ocrx_word' id='word_1_75' title='bbox 1737 1103 1945 1151; x_wconf 84' lang='lat' dir='ltr'><strong>eorum,</strong></span> <span class='ocrx_word' id='word_1_76' title='bbox 1980 1086 2139 1154; x_wconf 90' lang='lat' dir='ltr'><strong>quiu-</strong></span> 
     </span>
    </p>
   </div>
   <div class='ocr_carea' id='block_1_10' title="bbox 538 1181 2143 1269">
    <p class='ocr_par' dir='ltr' id='par_1_10' title="bbox 538 1181 2143 1269">
     <span class='ocr_line' id='line_1_10' title="bbox 538 1181 2143 1269; baseline -0.013 -16"><span class='ocrx_word' id='word_1_77' title='bbox 538 1213 644 1269; x_wconf 88' lang='lat' dir='ltr'><strong>que</strong></span> <span class='ocrx_word' id='word_1_78' title='bbox 668 1195 896 1251; x_wconf 87' lang='lat' dir='ltr'><strong>millium</strong></span> <span class='ocrx_word' id='word_1_79' title='bbox 922 1193 1158 1247; x_wconf 84' lang='lat' dir='ltr'><strong>virorum</strong></span> <span class='ocrx_word' id='word_1_80' title='bbox 1189 1197 1244 1244; x_wconf 91' lang='lat' dir='ltr'><strong>et</strong></span> <span class='ocrx_word' id='word_1_81' title='bbox 1273 1184 1746 1243; x_wconf 82' lang='lat' dir='ltr'><strong>innumerabilium</strong></span> <span class='ocrx_word' id='word_1_82' title='bbox 1771 1181 2055 1237; x_wconf 85' lang='lat' dir='ltr'><strong>mulierum</strong></span> <span class='ocrx_word' id='word_1_83' title='bbox 2078 1193 2143 1233; x_wconf 87' lang='lat' dir='ltr'><strong>ac</strong></span> 
     </span>
    </p>
   </div>
   <div class='ocr_carea' id='block_1_11' title="bbox 537 1274 2136 1364">
    <p class='ocr_par' dir='ltr' id='par_1_11' title="bbox 537 1274 2136 1364">
     <span class='ocr_line' id='line_1_11' title="bbox 537 1274 2136 1364; baseline -0.016 -15"><span class='ocrx_word' id='word_1_84' title='bbox 537 1304 829 1364; x_wconf 83' lang='lat' dir='ltr'><strong>puerorum</strong></span> <span class='ocrx_word' id='word_1_85' title='bbox 859 1288 1028 1343; x_wconf 89' lang='lat' dir='ltr'><strong>fames</strong></span> <span class='ocrx_word' id='word_1_86' title='bbox 1052 1286 1285 1340; x_wconf 80' lang='lat' dir='ltr'><strong>vincitur</strong></span> <span class='ocrx_word' id='word_1_87' title='bbox 1310 1300 1323 1336; x_wconf 90' lang='lat'><strong>:</strong></span> <span class='ocrx_word' id='word_1_88' title='bbox 1352 1281 1484 1352; x_wconf 89' lang='lat' dir='ltr'><strong>fttgit</strong></span> <span class='ocrx_word' id='word_1_89' title='bbox 1507 1278 1697 1335; x_wconf 91' lang='lat' dir='ltr'><strong>oculos</strong></span> <span class='ocrx_word' id='word_1_90' title='bbox 1726 1290 1919 1332; x_wconf 89' lang='lat' dir='ltr'><strong>sensus</strong></span> <span class='ocrx_word' id='word_1_91' title='bbox 1947 1274 2136 1341; x_wconf 83' lang='lat' dir='ltr'><strong>neStri,</strong></span> 
     </span>
    </p>
   </div>
   <div class='ocr_carea' id='block_1_12' title="bbox 539 1369 2144 1459">
    <p class='ocr_par' dir='ltr' id='par_1_12' title="bbox 539 1369 2144 1459">
     <span class='ocr_line' id='line_1_12' title="bbox 539 1369 2144 1459; baseline -0.015 -15"><span class='ocrx_word' id='word_1_92' title='bbox 539 1387 724 1459; x_wconf 90' lang='lat' dir='ltr'><strong>operis</strong></span> <span class='ocrx_word' id='word_1_93' title='bbox 774 1380 1149 1453; x_wconf 78' lang='lat' dir='ltr'><strong>intelligentia.</strong></span> <span class='ocrx_word' id='word_1_94' title='bbox 1205 1379 1456 1447; x_wconf 83' lang='lat' dir='ltr'><strong>Quinque</strong></span> <span class='ocrx_word' id='word_1_95' title='bbox 1504 1388 1671 1445; x_wconf 87' lang='lat' dir='ltr'><strong>panes</strong></span> <span class='ocrx_word' id='word_1_96' title='bbox 1733 1369 2034 1425; x_wconf 68' lang='lat' dir='ltr'><strong>offeruntur</strong></span> <span class='ocrx_word' id='word_1_97' title='bbox 2088 1374 2144 1421; x_wconf 89' lang='lat' dir='ltr'><strong>et</strong></span> 
     </span>
    </p>
   </div>
   <div class='ocr_carea' id='block_1_13' title="bbox 536 1465 2142 1552">
    <p class='ocr_par' dir='ltr' id='par_1_13' title="bbox 536 1465 2142 1552">
     <span class='ocr_line' id='line_1_13' title="bbox 536 1465 2142 1552; baseline -0.014 -14"><span class='ocrx_word' id='word_1_98' title='bbox 536 1483 878 1552; x_wconf 83' lang='lat' dir='ltr'><strong>franguntur,</strong></span> <span class='ocrx_word' id='word_1_99' title='bbox 907 1476 1208 1546; x_wconf 89' lang='lat' dir='ltr'><strong>subrepunt</strong></span> <span class='ocrx_word' id='word_1_100' title='bbox 1236 1468 1699 1544; x_wconf 67' lang='lat' dir='ltr'><strong>praefringentium</strong></span> <span class='ocrx_word' id='word_1_101' title='bbox 1727 1465 1976 1521; x_wconf 89' lang='lat' dir='ltr'><strong>manibus</strong></span> <span class='ocrx_word' id='word_1_102' title='bbox 1996 1476 2142 1535; x_wconf 68' lang='lat' dir='ltr'><strong>quae-</strong></span> 
     </span>
    </p>
   </div>
   <div class='ocr_carea' id='block_1_14' title="bbox 537 1554 2143 1642">
    <p class='ocr_par' dir='ltr' id='par_1_14' title="bbox 537 1554 2143 1642">
     <span class='ocr_line' id='line_1_14' title="bbox 537 1554 2143 1642; baseline -0.016 -11"><span class='ocrx_word' id='word_1_103' title='bbox 537 1575 662 1631; x_wconf 88' lang='lat' dir='ltr'><strong>dam</strong></span> <span class='ocrx_word' id='word_1_104' title='bbox 708 1571 1130 1642; x_wconf 83' lang='lat' dir='ltr'><strong>lragmentorum</strong></span> <span class='ocrx_word' id='word_1_105' title='bbox 1174 1562 1607 1636; x_wconf 82' lang='lat' dir='ltr'><strong>procreationes.</strong></span> <span class='ocrx_word' id='word_1_106' title='bbox 1648 1557 1765 1613; x_wconf 88' lang='lat' dir='ltr'><strong>Non</strong></span> <span class='ocrx_word' id='word_1_107' title='bbox 1810 1554 2143 1612; x_wconf 89' lang='lat' dir='ltr'><strong>imminuitur</strong></span> 
     </span>
    </p>
   </div>
   <div class='ocr_carea' id='block_1_15' title="bbox 536 1645 2143 1737">
    <p class='ocr_par' dir='ltr' id='par_1_15' title="bbox 536 1645 2143 1737">
     <span class='ocr_line' id='line_1_15' title="bbox 536 1645 2143 1737; baseline -0.015 -13"><span class='ocrx_word' id='word_1_108' title='bbox 536 1667 682 1725; x_wconf 87' lang='lat' dir='ltr'><strong>unde</strong></span> <span class='ocrx_word' id='word_1_109' title='bbox 720 1661 1115 1737; x_wconf 71' lang='lat' dir='ltr'><strong>prmfringitur;</strong></span> <span class='ocrx_word' id='word_1_110' title='bbox 1162 1669 1217 1714; x_wconf 87' lang='lat' dir='ltr'><strong>ct</strong></span> <span class='ocrx_word' id='word_1_111' title='bbox 1259 1666 1436 1711; x_wconf 85' lang='lat' dir='ltr'><strong>tamen</strong></span> <span class='ocrx_word' id='word_1_112' title='bbox 1488 1667 1702 1721; x_wconf 84' lang='lat' dir='ltr'><strong>semper</strong></span> <span class='ocrx_word' id='word_1_113' title='bbox 1748 1645 2143 1719; x_wconf 76' lang='lat' dir='ltr'><strong>prtefringentis</strong></span> 
     </span>
    </p>
   </div>
   <div class='ocr_carea' id='block_1_16' title="bbox 537 1737 2142 1825">
    <p class='ocr_par' dir='ltr' id='par_1_16' title="bbox 537 1737 2142 1825">
     <span class='ocr_line' id='line_1_16' title="bbox 537 1737 2142 1825; baseline -0.013 -11"><span class='ocrx_word' id='word_1_114' title='bbox 537 1772 756 1815; x_wconf 90' lang='lat' dir='ltr'><strong>manum</strong></span> <span class='ocrx_word' id='word_1_115' title='bbox 799 1753 1100 1825; x_wconf 87' lang='lat' dir='ltr'><strong>fragmenta</strong></span> <span class='ocrx_word' id='word_1_116' title='bbox 1148 1756 1435 1819; x_wconf 89' lang='lat' dir='ltr'><strong>occupant.</strong></span> <span class='ocrx_word' id='word_1_117' title='bbox 1486 1744 1702 1800; x_wconf 83' lang='lat' dir='ltr'><strong>Fallunt</strong></span> <span class='ocrx_word' id='word_1_118' title='bbox 1746 1748 2016 1797; x_wconf 87' lang='lat' dir='ltr'><strong>momenta</strong></span> <span class='ocrx_word' id='word_1_119' title='bbox 2061 1737 2142 1794; x_wconf 82' lang='lat' dir='ltr'><strong>vi-</strong></span> 
     </span>
    </p>
   </div>
   <div class='ocr_carea' id='block_1_17' title="bbox 2247 511 3852 590">
    <p class='ocr_par' dir='ltr' id='par_1_17' title="bbox 2247 511 3852 590">
     <span class='ocr_line' id='line_1_17' title="bbox 2247 511 3852 590; baseline -0.009 -15"><span class='ocrx_word' id='word_1_120' title='bbox 2247 528 2620 590; x_wconf 85' lang='lat' dir='ltr'><strong>prorupturatn</strong></span> <span class='ocrx_word' id='word_1_121' title='bbox 2672 532 2814 581; x_wconf 85' lang='lat' dir='ltr'><strong>esse,</strong></span> <span class='ocrx_word' id='word_1_122' title='bbox 2870 527 2927 570; x_wconf 93' lang='lat' dir='ltr'><strong>ut</strong></span> <span class='ocrx_word' id='word_1_123' title='bbox 2972 516 3074 571; x_wconf 86' lang='lat' dir='ltr'><strong>sibi</strong></span> <span class='ocrx_word' id='word_1_124' title='bbox 3120 515 3189 571; x_wconf 90' lang='lat' dir='ltr'><strong>de</strong></span> <span class='ocrx_word' id='word_1_125' title='bbox 3227 514 3319 570; x_wconf 91' lang='lat' dir='ltr'><strong>Dei</strong></span> <span class='ocrx_word' id='word_1_126' title='bbox 3369 513 3531 569; x_wconf 87' lang='lat' dir='ltr'><strong>rebus</strong></span> <span class='ocrx_word' id='word_1_127' title='bbox 3582 511 3852 582; x_wconf 86' lang='lat' dir='ltr'><strong>judicium</strong></span> 
     </span>
    </p>
   </div>
   <div class='ocr_carea' id='block_1_18' title="bbox 2247 600 3855 682">
    <p class='ocr_par' dir='ltr' id='par_1_18' title="bbox 2247 600 3855 682">
     <span class='ocr_line' id='line_1_18' title="bbox 2247 600 3855 682; baseline -0.006 -18"><span class='ocrx_word' id='word_1_128' title='bbox 2247 618 2618 682; x_wconf 58' lang='lat' dir='ltr'><strong>pra‘sumeret,</strong></span> <span class='ocrx_word' id='word_1_129' title='bbox 2676 600 2953 663; x_wconf 79' lang='lat' dir='ltr'><strong>audaciam</strong></span> <span class='ocrx_word' id='word_1_130' title='bbox 3002 617 3241 663; x_wconf 79' lang='lat' dir='ltr'><strong>nostram</strong></span> <span class='ocrx_word' id='word_1_131' title='bbox 3292 621 3504 671; x_wconf 73' lang='lat' dir='ltr'><strong>eat-um,</strong></span> <span class='ocrx_word' id='word_1_132' title='bbox 3541 602 3609 659; x_wconf 89' lang='lat' dir='ltr'><strong>de</strong></span> <span class='ocrx_word' id='word_1_133' title='bbox 3653 602 3855 674; x_wconf 83' lang='lat' dir='ltr'><strong>quibus</strong></span> 
     </span>
    </p>
   </div>
   <div class='ocr_carea' id='block_1_19' title="bbox 2244 700 3302 777">
    <p class='ocr_par' dir='ltr' id='par_1_19' title="bbox 2244 700 3302 777">
     <span class='ocr_line' id='line_1_19' title="bbox 2244 700 3302 777; baseline -0.003 -18"><span class='ocrx_word' id='word_1_134' title='bbox 2244 705 2625 777; x_wconf 78' lang='lat' dir='ltr'><strong>ambigeretur,</strong></span> <span class='ocrx_word' id='word_1_135' title='bbox 2662 719 2842 759; x_wconf 91' lang='lat' dir='ltr'><strong>rerum</strong></span> <span class='ocrx_word' id='word_1_136' title='bbox 2867 704 2994 758; x_wconf 91' lang='lat' dir='ltr'><strong>vicit</strong></span> <span class='ocrx_word' id='word_1_137' title='bbox 3019 700 3302 772; x_wconf 77' lang='lat' dir='ltr'><strong>exemplis.</strong></span> 
     </span>
    </p>
   </div>
   <div class='ocr_carea' id='block_1_20' title="bbox 2315 790 3855 868">
    <p class='ocr_par' dir='ltr' id='par_1_20' title="bbox 2315 790 3855 868">
     <span class='ocr_line' id='line_1_20' title="bbox 2315 790 3855 868; baseline -0.008 -13"><span class='ocrx_word' id='word_1_138' title='bbox 2315 800 2369 855; x_wconf 89' lang='lat'><strong>8.</strong></span> <span class='ocrx_word' id='word_1_139' title='bbox 2405 797 2653 852; x_wconf 87' lang='lat' dir='ltr'><strong>Humana</strong></span> <span class='ocrx_word' id='word_1_140' title='bbox 2690 798 2823 852; x_wconf 85' lang='lat' dir='ltr'><strong>ratio</strong></span> <span class='ocrx_word' id='word_1_141' title='bbox 2850 809 3028 852; x_wconf 89' lang='lat' dir='ltr'><strong>contra</strong></span> <span class='ocrx_word' id='word_1_142' title='bbox 3057 795 3432 868; x_wconf 84' lang='lat' dir='ltr'><strong>generationem</strong></span> <span class='ocrx_word' id='word_1_143' title='bbox 3465 791 3559 847; x_wconf 78' lang='lat' dir='ltr'><strong>Dei</strong></span> <span class='ocrx_word' id='word_1_144' title='bbox 3601 790 3855 862; x_wconf 82' lang='lat' dir='ltr'><strong>reproba-</strong></span> 
     </span>
    </p>
   </div>
   <div class='ocr_carea' id='block_1_21' title="bbox 2246 887 3853 960">
    <p class='ocr_par' dir='ltr' id='par_1_21' title="bbox 2246 887 3853 960">
     <span class='ocr_line' id='line_1_21' title="bbox 2246 887 3853 960; baseline -0.006 -13"><span class='ocrx_word' id='word_1_145' title='bbox 2246 903 2347 948; x_wconf 89' lang='lat' dir='ltr'><strong>tur.</strong></span> <span class='ocrx_word' id='word_1_146' title='bbox 2371 923 2442 933; x_wconf 94' lang='lat'>—</span> <span class='ocrx_word' id='word_1_147' title='bbox 2467 892 2604 949; x_wconf 91' lang='lat' dir='ltr'><strong>Sunt</strong></span> <span class='ocrx_word' id='word_1_148' title='bbox 2641 892 2783 947; x_wconf 86' lang='lat' dir='ltr'><strong>enim</strong></span> <span class='ocrx_word' id='word_1_149' title='bbox 2824 891 3009 960; x_wconf 85' lang='lat' dir='ltr'><strong>plures</strong></span> <span class='ocrx_word' id='word_1_150' title='bbox 3046 889 3228 945; x_wconf 63' lang='lat' dir='ltr'><strong>saeculi</strong></span> <span class='ocrx_word' id='word_1_151' title='bbox 3268 887 3581 960; x_wconf 87' lang='lat' dir='ltr'><strong>prudentes,</strong></span> <span class='ocrx_word' id='word_1_152' title='bbox 3615 900 3853 956; x_wconf 89' lang='lat' dir='ltr'><strong>quorum</strong></span> 
     </span>
    </p>
   </div>
   <div class='ocr_carea' id='block_1_22' title="bbox 2245 977 3854 1059">
    <p class='ocr_par' dir='ltr' id='par_1_22' title="bbox 2245 977 3854 1059">
     <span class='ocr_line' id='line_1_22' title="bbox 2245 977 3854 1059; baseline -0.009 -16"><span class='ocrx_word' id='word_1_153' title='bbox 2245 985 2532 1059; x_wconf 88' lang='lat' dir='ltr'><strong>prudentia</strong></span> <span class='ocrx_word' id='word_1_154' title='bbox 2563 985 2677 1040; x_wconf 85' lang='lat' dir='ltr'><strong>Deo</strong></span> <span class='ocrx_word' id='word_1_155' title='bbox 2721 983 2954 1039; x_wconf 79' lang='lat' dir='ltr'><strong>stultitia</strong></span> <span class='ocrx_word' id='word_1_156' title='bbox 2996 991 3099 1047; x_wconf 73' lang='lat' dir='ltr'><strong>est,</strong></span> <span class='ocrx_word' id='word_1_157' title='bbox 3141 981 3228 1052; x_wconf 85' lang='lat' dir='ltr'><strong>qui</strong></span> <span class='ocrx_word' id='word_1_158' title='bbox 3261 996 3383 1036; x_wconf 91' lang='lat' dir='ltr'><strong>cum</strong></span> <span class='ocrx_word' id='word_1_159' title='bbox 3424 978 3648 1034; x_wconf 88' lang='lat' dir='ltr'><strong>audittnt</strong></span> <span class='ocrx_word' id='word_1_160' title='bbox 3680 977 3854 1031; x_wconf 81' lang='lat' dir='ltr'><strong>Deum</strong></span> 
     </span>
    </p>
   </div>
   <div class='ocr_carea' id='block_1_23' title="bbox 2246 1068 3853 1146">
    <p class='ocr_par' dir='ltr' id='par_1_23' title="bbox 2246 1068 3853 1146">
     <span class='ocr_line' id='line_1_23' title="bbox 2246 1068 3853 1146; baseline -0.011 -9"><span class='ocrx_word' id='word_1_161' title='bbox 2246 1096 2311 1137; x_wconf 81' lang='lat' dir='ltr'><strong>ex</strong></span> <span class='ocrx_word' id='word_1_162' title='bbox 2346 1081 2478 1145; x_wconf 90' lang='lat' dir='ltr'><strong>Deo,</strong></span> <span class='ocrx_word' id='word_1_163' title='bbox 2528 1093 2716 1133; x_wconf 87' lang='lat' dir='ltr'><strong>verum</strong></span> <span class='ocrx_word' id='word_1_164' title='bbox 2759 1092 2790 1130; x_wconf 90' lang='lat' dir='ltr'><strong>a</strong></span> <span class='ocrx_word' id='word_1_165' title='bbox 2834 1091 2985 1139; x_wconf 84' lang='lat' dir='ltr'><strong>vero.</strong></span> <span class='ocrx_word' id='word_1_166' title='bbox 3037 1072 3332 1145; x_wconf 88' lang='lat' dir='ltr'><strong>perfectum</strong></span> <span class='ocrx_word' id='word_1_167' title='bbox 3366 1068 3477 1146; x_wconf 59' lang='lat' dir='ltr'><strong>5h.</strong></span> <span class='ocrx_word' id='word_1_168' title='bbox 3514 1086 3543 1123; x_wconf 87' lang='lat' dir='ltr'><strong>a</strong></span> <span class='ocrx_word' id='word_1_169' title='bbox 3585 1069 3853 1141; x_wconf 82' lang='lat' dir='ltr'><strong>perfecto,</strong></span> 
     </span>
    </p>
   </div>
   <div class='ocr_carea' id='block_1_24' title="bbox 2246 1163 3855 1238">
    <p class='ocr_par' dir='ltr' id='par_1_24' title="bbox 2246 1163 3855 1238">
     <span class='ocr_line' id='line_1_24' title="bbox 2246 1163 3855 1238; baseline -0.008 -10"><span class='ocrx_word' id='word_1_170' title='bbox 2246 1189 2412 1229; x_wconf 89' lang='lat' dir='ltr'><strong>unum</strong></span> <span class='ocrx_word' id='word_1_171' title='bbox 2440 1172 2507 1227; x_wconf 88' lang='lat' dir='ltr'><strong>ab</strong></span> <span class='ocrx_word' id='word_1_172' title='bbox 2536 1186 2642 1225; x_wconf 88' lang='lat' dir='ltr'><strong>uno</strong></span> <span class='ocrx_word' id='word_1_173' title='bbox 2674 1182 2855 1224; x_wconf 88' lang='lat' dir='ltr'><strong>natum</strong></span> <span class='ocrx_word' id='word_1_174' title='bbox 2884 1183 3029 1233; x_wconf 81' lang='lat' dir='ltr'><strong>esse,</strong></span> <span class='ocrx_word' id='word_1_175' title='bbox 3061 1176 3330 1238; x_wconf 86' lang='lat' dir='ltr'><strong>tamquam</strong></span> <span class='ocrx_word' id='word_1_176' title='bbox 3362 1163 3711 1233; x_wconf 79' lang='lat' dir='ltr'><strong>impossibilia</strong></span> <span class='ocrx_word' id='word_1_177' title='bbox 3748 1178 3855 1216; x_wconf 81' lang='lat' dir='ltr'><strong>no—</strong></span> 
     </span>
    </p>
   </div>
   <div class='ocr_carea' id='block_1_25' title="bbox 2248 1256 3855 1338">
    <p class='ocr_par' dir='ltr' id='par_1_25' title="bbox 2248 1256 3855 1338">
     <span class='ocr_line' id='line_1_25' title="bbox 2248 1256 3855 1338; baseline -0.009 -13"><span class='ocrx_word' id='word_1_178' title='bbox 2248 1269 2332 1325; x_wconf 88' lang='lat' dir='ltr'><strong>bis</strong></span> <span class='ocrx_word' id='word_1_179' title='bbox 2384 1264 2801 1338; x_wconf 70' lang='lat' dir='ltr'><strong>prsedicantibus</strong></span> <span class='ocrx_word' id='word_1_180' title='bbox 2868 1261 3274 1328; x_wconf 89' lang='lat' dir='ltr'><strong>contradicaut,</strong></span> <span class='ocrx_word' id='word_1_181' title='bbox 3338 1256 3659 1330; x_wconf 84' lang='lat' dir='ltr'><strong>quibusdam</strong></span> <span class='ocrx_word' id='word_1_182' title='bbox 3720 1271 3855 1312; x_wconf 81' lang='lat' dir='ltr'><strong>sen-</strong></span> 
     </span>
    </p>
   </div>
   <div class='ocr_carea' id='block_1_26' title="bbox 2247 1348 3854 1418">
    <p class='ocr_par' dir='ltr' id='par_1_26' title="bbox 2247 1348 3854 1418">
     <span class='ocr_line' id='line_1_26' title="bbox 2247 1348 3854 1418; baseline -0.007 -2"><span class='ocrx_word' id='word_1_183' title='bbox 2247 1360 2535 1417; x_wconf 90' lang='lat' dir='ltr'><strong>tentiarum</strong></span> <span class='ocrx_word' id='word_1_184' title='bbox 2587 1354 2997 1414; x_wconf 89' lang='lat' dir='ltr'><strong>collectionibus</strong></span> <span class='ocrx_word' id='word_1_185' title='bbox 3041 1354 3390 1418; x_wconf 77' lang='lat' dir='ltr'><strong>inhaerentes,</strong></span> <span class='ocrx_word' id='word_1_186' title='bbox 3436 1364 3560 1405; x_wconf 91' lang='lat' dir='ltr'><strong>cum</strong></span> <span class='ocrx_word' id='word_1_187' title='bbox 3613 1348 3854 1404; x_wconf 91' lang='lat' dir='ltr'><strong>dicunt:</strong></span> 
     </span>
    </p>
   </div>
   <div class='ocr_carea' id='block_1_27' title="bbox 2253 1442 3857 1522">
    <p class='ocr_par' dir='ltr' id='par_1_27' title="bbox 2253 1442 3857 1522">
     <span class='ocr_line' id='line_1_27' title="bbox 2253 1442 3857 1522; baseline -0.008 -13"><span class='ocrx_word' id='word_1_188' title='bbox 2253 1475 2272 1509; x_wconf 84' lang='grc'><strong><em>‹</em></strong></span> <span class='ocrx_word' id='word_1_189' title='bbox 2308 1454 2463 1511; x_wconf 88' lang='lat' dir='ltr'><strong>Nasci</strong></span> <span class='ocrx_word' id='word_1_190' title='bbox 2496 1453 2630 1509; x_wconf 84' lang='lat' dir='ltr'><strong>nihil</strong></span> <span class='ocrx_word' id='word_1_191' title='bbox 2668 1449 2840 1522; x_wconf 92' lang='lat' dir='ltr'><strong>potuit</strong></span> <span class='ocrx_word' id='word_1_192' title='bbox 2879 1450 2947 1504; x_wconf 90' lang='lat' dir='ltr'><strong>ab</strong></span> <span class='ocrx_word' id='word_1_193' title='bbox 2997 1462 3125 1512; x_wconf 91' lang='lat' dir='ltr'><strong>uno,</strong></span> <span class='ocrx_word' id='word_1_194' title='bbox 3156 1447 3279 1518; x_wconf 88' lang='lat' dir='ltr'><strong>quia</strong></span> <span class='ocrx_word' id='word_1_195' title='bbox 3316 1445 3495 1501; x_wconf 89' lang='lat' dir='ltr'><strong>omnis</strong></span> <span class='ocrx_word' id='word_1_196' title='bbox 3523 1459 3589 1499; x_wconf 79' lang='lat' dir='ltr'><strong>ex</strong></span> <span class='ocrx_word' id='word_1_197' title='bbox 3639 1442 3857 1498; x_wconf 81' lang='lat' dir='ltr'><strong>duobus</strong></span> 
     </span>
    </p>
   </div>
   <div class='ocr_carea' id='block_1_28' title="bbox 2248 1538 3855 1607">
    <p class='ocr_par' dir='ltr' id='par_1_28' title="bbox 2248 1538 3855 1607">
     <span class='ocr_line' id='line_1_28' title="bbox 2248 1538 3855 1607; baseline -0.008 -4"><span class='ocrx_word' id='word_1_198' title='bbox 2248 1547 2500 1603; x_wconf 88' lang='lat' dir='ltr'><strong>nativitas</strong></span> <span class='ocrx_word' id='word_1_199' title='bbox 2523 1554 2624 1602; x_wconf 91' lang='lat' dir='ltr'><strong>est.</strong></span> <span class='ocrx_word' id='word_1_200' title='bbox 2655 1545 2772 1600; x_wconf 78' lang='lat' dir='ltr'><strong>lam</strong></span> <span class='ocrx_word' id='word_1_201' title='bbox 2801 1544 2843 1597; x_wconf 90' lang='lat' dir='ltr'><strong>si</strong></span> <span class='ocrx_word' id='word_1_202' title='bbox 2867 1543 2937 1599; x_wconf 90' lang='lat' dir='ltr'><strong>ab</strong></span> <span class='ocrx_word' id='word_1_203' title='bbox 2969 1558 3075 1597; x_wconf 91' lang='lat' dir='ltr'><strong>uno</strong></span> <span class='ocrx_word' id='word_1_204' title='bbox 3104 1551 3260 1596; x_wconf 86' lang='lat' dir='ltr'><strong>natus</strong></span> <span class='ocrx_word' id='word_1_205' title='bbox 3292 1538 3377 1595; x_wconf 93' lang='lat' dir='ltr'><strong>hic</strong></span> <span class='ocrx_word' id='word_1_206' title='bbox 3416 1538 3557 1595; x_wconf 81' lang='lat' dir='ltr'><strong>filius</strong></span> <span class='ocrx_word' id='word_1_207' title='bbox 3592 1548 3697 1603; x_wconf 89' lang='lat' dir='ltr'><strong>est,</strong></span> <span class='ocrx_word' id='word_1_208' title='bbox 3723 1552 3855 1607; x_wconf 78' lang='lat' dir='ltr'><strong>par-</strong></span> 
     </span>
    </p>
   </div>
   <div class='ocr_carea' id='block_1_29' title="bbox 2251 1633 3853 1709">
    <p class='ocr_par' dir='ltr' id='par_1_29' title="bbox 2251 1633 3853 1709">
     <span class='ocr_line' id='line_1_29' title="bbox 2251 1633 3853 1709; baseline -0.006 -14"><span class='ocrx_word' id='word_1_209' title='bbox 2251 1650 2357 1695; x_wconf 90' lang='lat' dir='ltr'><strong>tem</strong></span> <span class='ocrx_word' id='word_1_210' title='bbox 2379 1639 2496 1709; x_wconf 83' lang='lat' dir='ltr'><strong>ejus</strong></span> <span class='ocrx_word' id='word_1_211' title='bbox 2526 1638 2614 1709; x_wconf 89' lang='lat' dir='ltr'><strong>qui</strong></span> <span class='ocrx_word' id='word_1_212' title='bbox 2644 1639 2831 1708; x_wconf 90' lang='lat' dir='ltr'><strong>genuit</strong></span> <span class='ocrx_word' id='word_1_213' title='bbox 2869 1635 3077 1705; x_wconf 88' lang='lat' dir='ltr'><strong>accepit</strong></span> <span class='ocrx_word' id='word_1_214' title='bbox 3102 1652 3116 1689; x_wconf 90' lang='lat'><strong>:</strong></span> <span class='ocrx_word' id='word_1_215' title='bbox 3148 1642 3204 1688; x_wconf 89' lang='lat' dir='ltr'><strong>et</strong></span> <span class='ocrx_word' id='word_1_216' title='bbox 3229 1633 3273 1688; x_wconf 93' lang='lat' dir='ltr'><strong>si</strong></span> <span class='ocrx_word' id='word_1_217' title='bbox 3313 1645 3460 1702; x_wconf 90' lang='lat' dir='ltr'><strong>pars,</strong></span> <span class='ocrx_word' id='word_1_218' title='bbox 3501 1638 3691 1685; x_wconf 89' lang='lat' dir='ltr'><strong>neuter</strong></span> <span class='ocrx_word' id='word_1_219' title='bbox 3717 1644 3853 1701; x_wconf 85' lang='lat' dir='ltr'><strong>ergo</strong></span> 
     </span>
    </p>
   </div>
   <div class='ocr_carea' id='block_1_30' title="bbox 2249 1721 3851 1803">
    <p class='ocr_par' dir='ltr' id='par_1_30' title="bbox 2249 1721 3851 1803">
     <span class='ocr_line' id='line_1_30' title="bbox 2249 1721 3851 1803; baseline -0.007 -17"><span class='ocrx_word' id='word_1_220' title='bbox 2249 1732 2517 1803; x_wconf 83' lang='lat' dir='ltr'><strong>perlectus</strong></span> <span class='ocrx_word' id='word_1_221' title='bbox 2541 1739 2657 1796; x_wconf 88' lang='lat' dir='ltr'><strong>est;</strong></span> <span class='ocrx_word' id='word_1_222' title='bbox 2699 1729 2849 1784; x_wconf 89' lang='lat' dir='ltr'><strong>deest</strong></span> <span class='ocrx_word' id='word_1_223' title='bbox 2873 1727 3017 1783; x_wconf 90' lang='lat' dir='ltr'><strong>enim</strong></span> <span class='ocrx_word' id='word_1_224' title='bbox 3049 1728 3098 1782; x_wconf 91' lang='lat' dir='ltr'><strong>ei</strong></span> <span class='ocrx_word' id='word_1_225' title='bbox 3140 1723 3283 1781; x_wconf 90' lang='lat' dir='ltr'><strong>unde</strong></span> <span class='ocrx_word' id='word_1_226' title='bbox 3307 1724 3571 1780; x_wconf 89' lang='lat' dir='ltr'><strong>decessit:</strong></span> <span class='ocrx_word' id='word_1_227' title='bbox 3604 1737 3704 1777; x_wconf 89' lang='lat' dir='ltr'><strong>nec</strong></span> <span class='ocrx_word' id='word_1_228' title='bbox 3730 1721 3851 1792; x_wconf 89' lang='lat' dir='ltr'><strong>ple-</strong></span> 
     </span>
    </p>
   </div>
   <div class='ocr_carea' id='block_1_31' title="bbox 535 1815 3855 1917">
    <p class='ocr_par' dir='ltr' id='par_1_31' title="bbox 535 1815 3855 1917">
     <span class='ocr_line' id='line_1_31' title="bbox 535 1815 3855 1917; baseline -0.011 -13"><span class='ocrx_word' id='word_1_229' title='bbox 535 1868 653 1910; x_wconf 82' lang='lat' dir='ltr'><strong>sunt</strong></span> <span class='ocrx_word' id='word_1_230' title='bbox 681 1867 696 1916; x_wconf 86' lang='lat'><strong>;</strong></span> <span class='ocrx_word' id='word_1_231' title='bbox 729 1849 858 1904; x_wconf 90' lang='lat' dir='ltr'><strong>dum</strong></span> <span class='ocrx_word' id='word_1_232' title='bbox 885 1815 1101 1917; x_wconf 73' lang='lat' dir='ltr'><strong>plenam</strong></span> <span class='ocrx_word' id='word_1_233' title='bbox 1125 1815 1443 1913; x_wconf 78' lang='lat' dir='ltr'><strong>fragmentis</strong></span> <span class='ocrx_word' id='word_1_234' title='bbox 1471 1853 1685 1893; x_wconf 89' lang='lat' dir='ltr'><strong>manum</strong></span> <span class='ocrx_word' id='word_1_235' title='bbox 1715 1832 1978 1905; x_wconf 88' lang='lat' dir='ltr'><strong>sequeris,</strong></span> <span class='ocrx_word' id='word_1_236' title='bbox 2007 1831 2143 1886; x_wconf 85' lang='lat' dir='ltr'><strong>alte-</strong></span> <span class='ocrx_word' id='word_1_237' title='bbox 2170 1833 2218 1894; x_wconf 79' lang='grc' dir='ltr'>Β</span> <span class='ocrx_word' id='word_1_238' title='bbox 2249 1821 2435 1877; x_wconf 89' lang='lat' dir='ltr'><strong>uitudo</strong></span> <span class='ocrx_word' id='word_1_239' title='bbox 2467 1821 2520 1875; x_wconf 94' lang='lat' dir='ltr'><strong>in</strong></span> <span class='ocrx_word' id='word_1_240' title='bbox 2548 1837 2613 1877; x_wconf 88' lang='lat' dir='ltr'><strong>eo</strong></span> <span class='ocrx_word' id='word_1_241' title='bbox 2638 1820 2761 1887; x_wconf 90' lang='lat' dir='ltr'><strong>erit,</strong></span> <span class='ocrx_word' id='word_1_242' title='bbox 2790 1817 2881 1890; x_wconf 90' lang='lat' dir='ltr'><strong>qui</strong></span> <span class='ocrx_word' id='word_1_243' title='bbox 2907 1833 2971 1874; x_wconf 86' lang='lat' dir='ltr'><strong>ex</strong></span> <span class='ocrx_word' id='word_1_244' title='bbox 3000 1818 3251 1889; x_wconf 90' lang='lat' dir='ltr'><strong>portione</strong></span> <span class='ocrx_word' id='word_1_245' title='bbox 3278 1815 3584 1870; x_wconf 88' lang='lat' dir='ltr'><strong>constiterit</strong></span> <span class='ocrx_word' id='word_1_246' title='bbox 3616 1832 3629 1869; x_wconf 91' lang='lat'><strong>:</strong></span> <span class='ocrx_word' id='word_1_247' title='bbox 3659 1822 3855 1869; x_wconf 87' lang='lat' dir='ltr'><strong>neuter</strong></span> 
     </span>
    </p>
   </div>
   <div class='ocr_carea' id='block_1_32' title="bbox 534 1918 2183 2008">
    <p class='ocr_par' dir='ltr' id='par_1_32' title="bbox 534 1918 2183 2008">
     <span class='ocr_line' id='line_1_32' title="bbox 534 1918 2183 2008; baseline -0.013 -7"><span class='ocrx_word' id='word_1_248' title='bbox 534 1960 650 2001; x_wconf 89' lang='lat' dir='ltr'><strong>ram</strong></span> <span class='ocrx_word' id='word_1_249' title='bbox 682 1944 801 1999; x_wconf 88' lang='lat' dir='ltr'><strong>sine</strong></span> <span class='ocrx_word' id='word_1_250' title='bbox 828 1941 1028 1996; x_wconf 88' lang='lat' dir='ltr'><strong>damno</strong></span> <span class='ocrx_word' id='word_1_251' title='bbox 1062 1935 1329 2008; x_wconf 90' lang='lat' dir='ltr'><strong>portionis</strong></span> <span class='ocrx_word' id='word_1_252' title='bbox 1359 1950 1472 1990; x_wconf 66' lang='lat' dir='ltr'><strong>sua:</strong></span> <span class='ocrx_word' id='word_1_253' title='bbox 1505 1930 1817 1995; x_wconf 85' lang='lat' dir='ltr'><strong>conlueris;</strong></span> <span class='ocrx_word' id='word_1_254' title='bbox 1850 1928 1992 1983; x_wconf 89' lang='lat' dir='ltr'><strong>inter</strong></span> <span class='ocrx_word' id='word_1_255' title='bbox 2023 1926 2139 1981; x_wconf 60' lang='lat' dir='ltr'><strong>huic</strong></span> <span class='ocrx_word' id='word_1_256' title='bbox 2162 1918 2183 1927; x_wconf 73' lang='grc'><strong>’</strong></span> 
     </span>
    </p>
   </div>
   <div class='ocr_carea' id='block_1_33' title="bbox 534 2019 2136 2113">
    <p class='ocr_par' dir='ltr' id='par_1_33' title="bbox 534 2019 2136 2113">
     <span class='ocr_line' id='line_1_33' title="bbox 534 2019 2136 2113; baseline -0.016 -15"><span class='ocrx_word' id='word_1_257' title='bbox 534 2042 959 2113; x_wconf 87' lang='lat' dir='ltr'><strong>fragmentorum</strong></span> <span class='ocrx_word' id='word_1_258' title='bbox 1018 2032 1267 2091; x_wconf 88' lang='lat' dir='ltr'><strong>cumulus</strong></span> <span class='ocrx_word' id='word_1_259' title='bbox 1314 2037 1560 2100; x_wconf 79' lang='lat' dir='ltr'><strong>augetur.</strong></span> <span class='ocrx_word' id='word_1_260' title='bbox 1610 2023 2028 2093; x_wconf 72' lang='lat' dir='ltr'><strong>Prtefringentes</strong></span> <span class='ocrx_word' id='word_1_261' title='bbox 2083 2019 2136 2074; x_wconf 92' lang='lat' dir='ltr'><strong>in</strong></span> 
     </span>
    </p>
   </div>
   <div class='ocr_carea' id='block_1_34' title="bbox 533 2117 2139 2197">
    <p class='ocr_par' dir='ltr' id='par_1_34' title="bbox 533 2117 2139 2197">
     <span class='ocr_line' id='line_1_34' title="bbox 533 2117 2139 2197; baseline -0.017 -6"><span class='ocrx_word' id='word_1_262' title='bbox 533 2134 836 2191; x_wconf 88' lang='lat' dir='ltr'><strong>ministerio</strong></span> <span class='ocrx_word' id='word_1_263' title='bbox 857 2138 1001 2197; x_wconf 88' lang='lat' dir='ltr'><strong>sunt,</strong></span> <span class='ocrx_word' id='word_1_264' title='bbox 1015 2127 1240 2185; x_wconf 82' lang='lat' dir='ltr'><strong>edentes</strong></span> <span class='ocrx_word' id='word_1_265' title='bbox 1259 2125 1309 2178; x_wconf 92' lang='lat' dir='ltr'><strong>in</strong></span> <span class='ocrx_word' id='word_1_266' title='bbox 1329 2121 1541 2192; x_wconf 88' lang='lat' dir='ltr'><strong>negotio</strong></span> <span class='ocrx_word' id='word_1_267' title='bbox 1561 2125 1707 2183; x_wconf 89' lang='lat' dir='ltr'><strong>sunt,</strong></span> <span class='ocrx_word' id='word_1_268' title='bbox 1729 2117 2030 2171; x_wconf 88' lang='lat' dir='ltr'><strong>esurientes</strong></span> <span class='ocrx_word' id='word_1_269' title='bbox 2052 2126 2139 2167; x_wconf 85' lang='lat' dir='ltr'><strong>sa-</strong></span> 
     </span>
    </p>
   </div>
   <div class='ocr_carea' id='block_1_35' title="bbox 531 2203 2134 2290">
    <p class='ocr_par' dir='ltr' id='par_1_35' title="bbox 531 2203 2134 2290">
     <span class='ocr_line' id='line_1_35' title="bbox 531 2203 2134 2290; baseline -0.016 -6"><span class='ocrx_word' id='word_1_270' title='bbox 531 2228 635 2284; x_wconf 90' lang='lat' dir='ltr'><strong>turi</strong></span> <span class='ocrx_word' id='word_1_271' title='bbox 663 2234 810 2290; x_wconf 89' lang='lat' dir='ltr'><strong>sunt,</strong></span> <span class='ocrx_word' id='word_1_272' title='bbox 833 2221 1122 2279; x_wconf 89' lang='lat' dir='ltr'><strong>duodecim</strong></span> <span class='ocrx_word' id='word_1_273' title='bbox 1160 2216 1425 2287; x_wconf 89' lang='lat' dir='ltr'><strong>cophinos</strong></span> <span class='ocrx_word' id='word_1_274' title='bbox 1472 2211 1684 2283; x_wconf 85' lang='lat' dir='ltr'><strong>replent</strong></span> <span class='ocrx_word' id='word_1_275' title='bbox 1724 2206 1986 2279; x_wconf 76' lang='lat' dir='ltr'><strong>reliquiae.</strong></span> <span class='ocrx_word' id='word_1_276' title='bbox 2014 2203 2134 2260; x_wconf 85' lang='lat' dir='ltr'><strong>Non</strong></span> 
     </span>
    </p>
   </div>
   <div class='ocr_carea' id='block_1_36' title="bbox 528 2297 2136 2386">
    <p class='ocr_par' dir='ltr' id='par_1_36' title="bbox 528 2297 2136 2386">
     <span class='ocr_line' id='line_1_36' title="bbox 528 2297 2136 2386; baseline -0.016 -8"><span class='ocrx_word' id='word_1_277' title='bbox 528 2335 745 2386; x_wconf 83' lang='lat' dir='ltr'><strong>sensus,</strong></span> <span class='ocrx_word' id='word_1_278' title='bbox 798 2333 904 2373; x_wconf 92' lang='lat' dir='ltr'><strong>non</strong></span> <span class='ocrx_word' id='word_1_279' title='bbox 958 2315 1105 2370; x_wconf 82' lang='lat' dir='ltr'><strong>visus</strong></span> <span class='ocrx_word' id='word_1_280' title='bbox 1154 2309 1448 2382; x_wconf 86' lang='lat' dir='ltr'><strong>profectum</strong></span> <span class='ocrx_word' id='word_1_281' title='bbox 1472 2304 1547 2379; x_wconf 75' lang='grc' dir='ltr'><strong>(ὑ)</strong></span> <span class='ocrx_word' id='word_1_282' title='bbox 1600 2312 1708 2359; x_wconf 88' lang='lat' dir='ltr'><strong>tam</strong></span> <span class='ocrx_word' id='word_1_283' title='bbox 1755 2297 2136 2370; x_wconf 86' lang='lat' dir='ltr'><strong>conspicabilis</strong></span> 
     </span>
    </p>
   </div>
   <div class='ocr_carea' id='block_1_37' title="bbox 530 2393 2136 2488">
    <p class='ocr_par' dir='ltr' id='par_1_37' title="bbox 530 2393 2136 2488">
     <span class='ocr_line' id='line_1_37' title="bbox 530 2393 2136 2488; baseline -0.017 -15"><span class='ocrx_word' id='word_1_284' title='bbox 530 2412 859 2488; x_wconf 86' lang='lat' dir='ltr'><strong>operationis</strong></span> <span class='ocrx_word' id='word_1_285' title='bbox 899 2405 1225 2479; x_wconf 84' lang='lat' dir='ltr'><strong>assequitur.</strong></span> <span class='ocrx_word' id='word_1_286' title='bbox 1260 2403 1359 2459; x_wconf 88' lang='lat' dir='ltr'><strong>Est</strong></span> <span class='ocrx_word' id='word_1_287' title='bbox 1398 2400 1541 2473; x_wconf 90' lang='lat' dir='ltr'><strong>quod</strong></span> <span class='ocrx_word' id='word_1_288' title='bbox 1586 2415 1694 2454; x_wconf 90' lang='lat' dir='ltr'><strong>non</strong></span> <span class='ocrx_word' id='word_1_289' title='bbox 1742 2405 1879 2461; x_wconf 84' lang='lat' dir='ltr'><strong>erat,</strong></span> <span class='ocrx_word' id='word_1_290' title='bbox 1923 2393 2136 2448; x_wconf 89' lang='lat' dir='ltr'><strong>videtur</strong></span> 
     </span>
    </p>
   </div>
   <div class='ocr_carea' id='block_1_38' title="bbox 531 2487 2132 2582">
    <p class='ocr_par' dir='ltr' id='par_1_38' title="bbox 531 2487 2132 2582">
     <span class='ocr_line' id='line_1_38' title="bbox 531 2487 2132 2582; baseline -0.016 -16"><span class='ocrx_word' id='word_1_291' title='bbox 531 2487 675 2582; x_wconf 82' lang='lat' dir='ltr'><strong>quod</strong></span> <span class='ocrx_word' id='word_1_292' title='bbox 703 2523 812 2563; x_wconf 91' lang='lat' dir='ltr'><strong>nou</strong></span> <span class='ocrx_word' id='word_1_293' title='bbox 840 2503 1157 2573; x_wconf 87' lang='lat' dir='ltr'><strong>intelligitur</strong></span> <span class='ocrx_word' id='word_1_294' title='bbox 1187 2517 1201 2553; x_wconf 88' lang='lat'><strong>:</strong></span> <span class='ocrx_word' id='word_1_295' title='bbox 1228 2499 1399 2554; x_wconf 91' lang='lat' dir='ltr'><strong>solum</strong></span> <span class='ocrx_word' id='word_1_296' title='bbox 1428 2500 1675 2566; x_wconf 78' lang='lat' dir='ltr'><strong>superest</strong></span> <span class='ocrx_word' id='word_1_297' title='bbox 1704 2500 1761 2547; x_wconf 92' lang='lat' dir='ltr'><strong>ut</strong></span> <span class='ocrx_word' id='word_1_298' title='bbox 1793 2491 1933 2547; x_wconf 89' lang='lat' dir='ltr'><strong>Deus</strong></span> <span class='ocrx_word' id='word_1_299' title='bbox 1952 2487 2132 2543; x_wconf 89' lang='lat' dir='ltr'><strong>omnia</strong></span> 
     </span>
    </p>
   </div>
   <div class='ocr_carea' id='block_1_39' title="bbox 530 2598 992 2674">
    <p class='ocr_par' dir='ltr' id='par_1_39' title="bbox 530 2598 992 2674">
     <span class='ocr_line' id='line_1_39' title="bbox 530 2598 992 2674; baseline -0.022 -15"><span class='ocrx_word' id='word_1_300' title='bbox 530 2616 692 2674; x_wconf 89' lang='lat' dir='ltr'><strong>posse</strong></span> <span class='ocrx_word' id='word_1_301' title='bbox 718 2598 992 2655; x_wconf 88' lang='lat' dir='ltr'><strong>credatur.</strong></span> 
     </span>
    </p>
   </div>
   <div class='ocr_carea' id='block_1_40' title="bbox 604 2672 2134 2754">
    <p class='ocr_par' dir='ltr' id='par_1_40' title="bbox 604 2672 2134 2754">
     <span class='ocr_line' id='line_1_40' title="bbox 604 2672 2134 2754; baseline -0.016 -5"><span class='ocrx_word' id='word_1_302' title='bbox 604 2695 659 2749; x_wconf 87' lang='lat'><strong>7.</strong></span> <span class='ocrx_word' id='word_1_303' title='bbox 692 2691 818 2747; x_wconf 72' lang='lat' dir='ltr'><strong>Hau:</strong></span> <span class='ocrx_word' id='word_1_304' title='bbox 849 2705 950 2744; x_wconf 88' lang='lat' dir='ltr'><strong>non</strong></span> <span class='ocrx_word' id='word_1_305' title='bbox 993 2686 1073 2743; x_wconf 89' lang='lat' dir='ltr'><strong>sui</strong></span> <span class='ocrx_word' id='word_1_306' title='bbox 1111 2699 1270 2741; x_wconf 84' lang='lat' dir='ltr'><strong>causa</strong></span> <span class='ocrx_word' id='word_1_307' title='bbox 1309 2681 1409 2754; x_wconf 85' lang='lat' dir='ltr'><strong>egit</strong></span> <span class='ocrx_word' id='word_1_308' title='bbox 1451 2678 1708 2742; x_wconf 78' lang='lat' dir='ltr'><strong>Christus,</strong></span> <span class='ocrx_word' id='word_1_309' title='bbox 1746 2674 1836 2729; x_wconf 82' lang='lat' dir='ltr'><strong>sed</strong></span> <span class='ocrx_word' id='word_1_310' title='bbox 1864 2682 1921 2728; x_wconf 88' lang='lat' dir='ltr'><strong>ut</strong></span> <span class='ocrx_word' id='word_1_311' title='bbox 1950 2672 2134 2726; x_wconf 85' lang='lat' dir='ltr'><strong>Imma-</strong></span> 
     </span>
    </p>
   </div>
   <div class='ocr_carea' id='block_1_41' title="bbox 528 2766 2134 2851">
    <p class='ocr_par' dir='ltr' id='par_1_41' title="bbox 528 2766 2134 2851">
     <span class='ocr_line' id='line_1_41' title="bbox 528 2766 2134 2851; baseline -0.016 -9"><span class='ocrx_word' id='word_1_312' title='bbox 528 2803 655 2842; x_wconf 86' lang='lat' dir='ltr'><strong>num</strong></span> <span class='ocrx_word' id='word_1_313' title='bbox 693 2785 756 2839; x_wconf 87' lang='lat' dir='ltr'><strong>de</strong></span> <span class='ocrx_word' id='word_1_314' title='bbox 795 2782 895 2838; x_wconf 86' lang='lat' dir='ltr'><strong>Dei</strong></span> <span class='ocrx_word' id='word_1_315' title='bbox 935 2778 1084 2835; x_wconf 81' lang='lat' dir='ltr'><strong>rebus</strong></span> <span class='ocrx_word' id='word_1_316' title='bbox 1113 2773 1391 2851; x_wconf 85' lang='lat' dir='ltr'><strong>judicandi</strong></span> <span class='ocrx_word' id='word_1_317' title='bbox 1421 2772 1677 2840; x_wconf 84' lang='lat' dir='ltr'><strong>prnritum</strong></span> <span class='ocrx_word' id='word_1_318' title='bbox 1727 2766 2038 2822; x_wconf 86' lang='lat' dir='ltr'><strong>retunderet.</strong></span> <span class='ocrx_word' id='word_1_319' title='bbox 2063 2793 2134 2804; x_wconf 90' lang='lat'><strong><em>—</em></strong></span> 
     </span>
    </p>
   </div>
   <div class='ocr_carea' id='block_1_42' title="bbox 529 2855 2134 2939">
    <p class='ocr_par' dir='ltr' id='par_1_42' title="bbox 529 2855 2134 2939">
     <span class='ocr_line' id='line_1_42' title="bbox 529 2855 2134 2939; baseline -0.016 -4"><span class='ocrx_word' id='word_1_320' title='bbox 529 2877 649 2934; x_wconf 86' lang='lat' dir='ltr'><strong>Non</strong></span> <span class='ocrx_word' id='word_1_321' title='bbox 694 2875 893 2929; x_wconf 85' lang='lat' dir='ltr'><strong>habent</strong></span> <span class='ocrx_word' id='word_1_322' title='bbox 940 2871 1120 2939; x_wconf 86' lang='lat' dir='ltr'><strong>itaque</strong></span> <span class='ocrx_word' id='word_1_323' title='bbox 1156 2866 1331 2922; x_wconf 80' lang='lat' dir='ltr'><strong>divina</strong></span> <span class='ocrx_word' id='word_1_324' title='bbox 1373 2862 1772 2933; x_wconf 47' lang='lat' dir='ltr'><strong>adulationem,</strong></span> <span class='ocrx_word' id='word_1_325' title='bbox 1804 2872 1905 2913; x_wconf 90' lang='lat' dir='ltr'><strong>nec</strong></span> <span class='ocrx_word' id='word_1_326' title='bbox 1948 2855 2134 2911; x_wconf 89' lang='lat' dir='ltr'><strong>subest</strong></span> 
     </span>
    </p>
   </div>
   <div class='ocr_carea' id='block_1_43' title="bbox 533 2946 2132 3036">
    <p class='ocr_par' dir='ltr' id='par_1_43' title="bbox 533 2946 2132 3036">
     <span class='ocr_line' id='line_1_43' title="bbox 533 2946 2132 3036; baseline -0.017 -10"><span class='ocrx_word' id='word_1_327' title='bbox 533 2971 646 3026; x_wconf 89' lang='lat' dir='ltr'><strong>Deo</strong></span> <span class='ocrx_word' id='word_1_328' title='bbox 672 2966 738 3021; x_wconf 88' lang='lat' dir='ltr'><strong>ad</strong></span> <span class='ocrx_word' id='word_1_329' title='bbox 772 2961 1092 3036; x_wconf 86' lang='lat' dir='ltr'><strong>placendum</strong></span> <span class='ocrx_word' id='word_1_330' title='bbox 1126 2957 1529 3025; x_wconf 81' lang='lat' dir='ltr'><strong>fallendumque</strong></span> <span class='ocrx_word' id='word_1_331' title='bbox 1554 2952 1851 3008; x_wconf 87' lang='lat' dir='ltr'><strong>simulatio.</strong></span> <span class='ocrx_word' id='word_1_332' title='bbox 1886 2948 2013 3003; x_wconf 89' lang='lat' dir='ltr'><strong>lla-e</strong></span> <span class='ocrx_word' id='word_1_333' title='bbox 2039 2946 2132 3001; x_wconf 87' lang='lat' dir='ltr'><strong>lilii</strong></span> 
     </span>
    </p>
   </div>
   <div class='ocr_carea' id='block_1_44' title="bbox 527 3041 2130 3130">
    <p class='ocr_par' dir='ltr' id='par_1_44' title="bbox 527 3041 2130 3130">
     <span class='ocr_line' id='line_1_44' title="bbox 527 3041 2130 3130; baseline -0.014 -13"><span class='ocrx_word' id='word_1_334' title='bbox 527 3061 624 3117; x_wconf 87' lang='lat' dir='ltr'><strong>Dei</strong></span> <span class='ocrx_word' id='word_1_335' title='bbox 652 3072 816 3130; x_wconf 85' lang='lat' dir='ltr'><strong>opera</strong></span> <span class='ocrx_word' id='word_1_336' title='bbox 845 3071 950 3111; x_wconf 90' lang='lat' dir='ltr'><strong>non</strong></span> <span class='ocrx_word' id='word_1_337' title='bbox 974 3054 1041 3109; x_wconf 89' lang='lat' dir='ltr'><strong>de</strong></span> <span class='ocrx_word' id='word_1_338' title='bbox 1067 3051 1342 3124; x_wconf 72' lang='lat' dir='ltr'><strong>jac-lautia:</strong></span> <span class='ocrx_word' id='word_1_339' title='bbox 1372 3047 1551 3105; x_wconf 90' lang='lat' dir='ltr'><strong>studio</strong></span> <span class='ocrx_word' id='word_1_340' title='bbox 1574 3055 1700 3102; x_wconf 89' lang='lat' dir='ltr'><strong>sunt</strong></span> <span class='ocrx_word' id='word_1_341' title='bbox 1722 3041 1959 3115; x_wconf 85' lang='lat' dir='ltr'><strong>profecta</strong></span> <span class='ocrx_word' id='word_1_342' title='bbox 1989 3057 2001 3094; x_wconf 87' lang='lat'><strong>:</strong></span> <span class='ocrx_word' id='word_1_343' title='bbox 2033 3055 2130 3096; x_wconf 82' lang='lat' dir='ltr'><strong>nc-</strong></span> 
     </span>
    </p>
   </div>
   <div class='ocr_carea' id='block_1_45' title="bbox 526 3137 2130 3226">
    <p class='ocr_par' dir='ltr' id='par_1_45' title="bbox 526 3137 2130 3226">
     <span class='ocr_line' id='line_1_45' title="bbox 526 3137 2130 3226; baseline -0.012 -18"><span class='ocrx_word' id='word_1_344' title='bbox 526 3170 633 3226; x_wconf 86' lang='lat' dir='ltr'><strong>que</strong></span> <span class='ocrx_word' id='word_1_345' title='bbox 659 3151 803 3208; x_wconf 89' lang='lat' dir='ltr'><strong>enim</strong></span> <span class='ocrx_word' id='word_1_346' title='bbox 831 3148 945 3213; x_wconf 87' lang='lat' dir='ltr'><strong>ille,</strong></span> <span class='ocrx_word' id='word_1_347' title='bbox 975 3147 1059 3203; x_wconf 89' lang='lat' dir='ltr'><strong>cui</strong></span> <span class='ocrx_word' id='word_1_348' title='bbox 1090 3141 1497 3200; x_wconf 83' lang='lat' dir='ltr'><strong>innumerabilia</strong></span> <span class='ocrx_word' id='word_1_349' title='bbox 1524 3139 1689 3195; x_wconf 87' lang='lat' dir='ltr'><strong>millia</strong></span> <span class='ocrx_word' id='word_1_350' title='bbox 1720 3137 1941 3192; x_wconf 90' lang='lat' dir='ltr'><strong>millittm</strong></span> <span class='ocrx_word' id='word_1_351' title='bbox 1968 3148 2130 3206; x_wconf 85' lang='lat' dir='ltr'><strong>ange-</strong></span> 
     </span>
    </p>
   </div>
   <div class='ocr_carea' id='block_1_46' title="bbox 2245 1905 3851 1986">
    <p class='ocr_par' dir='ltr' id='par_1_46' title="bbox 2245 1905 3851 1986">
     <span class='ocr_line' id='line_1_46' title="bbox 2245 1905 3851 1986; baseline -0.006 -15"><span class='ocrx_word' id='word_1_352' title='bbox 2245 1930 2375 1986; x_wconf 89' lang='lat' dir='ltr'><strong>ergo</strong></span> <span class='ocrx_word' id='word_1_353' title='bbox 2416 1913 2687 1986; x_wconf 90' lang='lat' dir='ltr'><strong>perfectus</strong></span> <span class='ocrx_word' id='word_1_354' title='bbox 2732 1922 2838 1978; x_wconf 91' lang='lat' dir='ltr'><strong>est,</strong></span> <span class='ocrx_word' id='word_1_355' title='bbox 2879 1927 3000 1967; x_wconf 92' lang='lat' dir='ltr'><strong>cum</strong></span> <span class='ocrx_word' id='word_1_356' title='bbox 3055 1907 3440 1980; x_wconf 85' lang='lat' dir='ltr'><strong>plenitudinem</strong></span> <span class='ocrx_word' id='word_1_357' title='bbox 3482 1922 3632 1962; x_wconf 88' lang='lat' dir='ltr'><strong>suam</strong></span> <span class='ocrx_word' id='word_1_358' title='bbox 3677 1917 3732 1961; x_wconf 88' lang='lat' dir='ltr'><strong>et</strong></span> <span class='ocrx_word' id='word_1_359' title='bbox 3757 1905 3851 1978; x_wconf 86' lang='lat' dir='ltr'><strong>qui</strong></span> 
     </span>
    </p>
   </div>
   <div class='ocr_carea' id='block_1_47' title="bbox 2243 2001 3842 2078">
    <p class='ocr_par' dir='ltr' id='par_1_47' title="bbox 2243 2001 3842 2078">
     <span class='ocr_line' id='line_1_47' title="bbox 2243 2001 3842 2078; baseline -0.009 -15"><span class='ocrx_word' id='word_1_360' title='bbox 2243 2007 2491 2078; x_wconf 80' lang='lat' dir='ltr'><strong>genuerit</strong></span> <span class='ocrx_word' id='word_1_361' title='bbox 2537 2007 2768 2071; x_wconf 86' lang='lat' dir='ltr'><strong>amittat,</strong></span> <span class='ocrx_word' id='word_1_362' title='bbox 2812 2017 2912 2059; x_wconf 88' lang='lat' dir='ltr'><strong>nec</strong></span> <span class='ocrx_word' id='word_1_363' title='bbox 2957 2001 3047 2071; x_wconf 86' lang='lat' dir='ltr'><strong>qui</strong></span> <span class='ocrx_word' id='word_1_364' title='bbox 3093 2010 3247 2055; x_wconf 86' lang='lat' dir='ltr'><strong>natus</strong></span> <span class='ocrx_word' id='word_1_365' title='bbox 3284 2009 3365 2055; x_wconf 90' lang='lat' dir='ltr'><strong>est</strong></span> <span class='ocrx_word' id='word_1_366' title='bbox 3408 2010 3793 2069; x_wconf 85' lang='lat' dir='ltr'><strong>consequatur.</strong></span> <span class='ocrx_word' id='word_1_367' title='bbox 3824 2017 3842 2049; x_wconf 81' lang='grc' dir='ltr'><strong><em>ι</em></strong></span> 
     </span>
    </p>
   </div>
   <div class='ocr_carea' id='block_1_48' title="bbox 2244 2090 3849 2170">
    <p class='ocr_par' dir='ltr' id='par_1_48' title="bbox 2244 2090 3849 2170">
     <span class='ocr_line' id='line_1_48' title="bbox 2244 2090 3849 2170; baseline -0.007 -13"><span class='ocrx_word' id='word_1_368' title='bbox 2244 2102 2394 2158; x_wconf 87' lang='lat' dir='ltr'><strong>Hanc</strong></span> <span class='ocrx_word' id='word_1_369' title='bbox 2422 2100 2607 2156; x_wconf 87' lang='lat' dir='ltr'><strong>mundi</strong></span> <span class='ocrx_word' id='word_1_370' title='bbox 2650 2099 2971 2170; x_wconf 84' lang='lat' dir='ltr'><strong>sapientiam</strong></span> <span class='ocrx_word' id='word_1_371' title='bbox 3002 2097 3166 2152; x_wconf 91' lang='lat' dir='ltr'><strong>etiam</strong></span> <span class='ocrx_word' id='word_1_372' title='bbox 3198 2110 3291 2164; x_wconf 88' lang='lat' dir='ltr'><strong>per</strong></span> <span class='ocrx_word' id='word_1_373' title='bbox 3324 2094 3641 2163; x_wconf 83' lang='lat' dir='ltr'><strong>pmphetaut</strong></span> <span class='ocrx_word' id='word_1_374' title='bbox 3672 2090 3849 2163; x_wconf 86' lang='lat' dir='ltr'><strong>provi-</strong></span> 
     </span>
    </p>
   </div>
   <div class='ocr_carea' id='block_1_49' title="bbox 2241 2184 3847 2259">
    <p class='ocr_par' dir='ltr' id='par_1_49' title="bbox 2241 2184 3847 2259">
     <span class='ocr_line' id='line_1_49' title="bbox 2241 2184 3847 2259; baseline -0.009 -9"><span class='ocrx_word' id='word_1_375' title='bbox 2241 2197 2380 2252; x_wconf 90' lang='lat' dir='ltr'><strong>dens</strong></span> <span class='ocrx_word' id='word_1_376' title='bbox 2411 2196 2572 2259; x_wconf 86' lang='lat' dir='ltr'><strong>Deus,</strong></span> <span class='ocrx_word' id='word_1_377' title='bbox 2606 2195 2677 2248; x_wconf 88' lang='lat' dir='ltr'><strong>ita</strong></span> <span class='ocrx_word' id='word_1_378' title='bbox 2710 2192 2950 2256; x_wconf 86' lang='lat' dir='ltr'><strong>damnat,</strong></span> <span class='ocrx_word' id='word_1_379' title='bbox 2995 2189 3185 2244; x_wconf 90' lang='lat' dir='ltr'><strong>dicens</strong></span> <span class='ocrx_word' id='word_1_380' title='bbox 3217 2205 3229 2241; x_wconf 90' lang='lat'><strong>:</strong></span> <span class='ocrx_word' id='word_1_381' title='bbox 3264 2185 3490 2241; x_wconf 77' lang='lat' dir='ltr'><strong>Perdant</strong></span> <span class='ocrx_word' id='word_1_382' title='bbox 3538 2184 3847 2254; x_wconf 81' lang='lat' dir='ltr'><strong>sapientiam</strong></span> 
     </span>
    </p>
   </div>
   <div class='ocr_carea' id='block_1_50' title="bbox 2240 2276 3845 2363">
    <p class='ocr_par' dir='ltr' id='par_1_50' title="bbox 2240 2276 3845 2363">
     <span class='ocr_line' id='line_1_50' title="bbox 2240 2276 3845 2363; baseline -0.009 -18"><span class='ocrx_word' id='word_1_383' title='bbox 2240 2291 2593 2363; x_wconf 85' lang='lat' dir='ltr'><strong>sapientium,</strong></span> <span class='ocrx_word' id='word_1_384' title='bbox 2636 2295 2683 2341; x_wconf 86' lang='lat' dir='ltr'><strong>et</strong></span> <span class='ocrx_word' id='word_1_385' title='bbox 2710 2285 2779 2357; x_wconf 91' lang='lat' dir='ltr'><strong>(e)</strong></span> <span class='ocrx_word' id='word_1_386' title='bbox 2827 2283 3141 2339; x_wconf 85' lang='lat' dir='ltr'><strong>intellectum</strong></span> <span class='ocrx_word' id='word_1_387' title='bbox 3192 2281 3520 2351; x_wconf 84' lang='lat' dir='ltr'><strong>prudentium</strong></span> <span class='ocrx_word' id='word_1_388' title='bbox 3564 2276 3845 2349; x_wconf 82' lang='lat' dir='ltr'><strong>reprobabo</strong></span> 
     </span>
    </p>
   </div>
   <div class='ocr_carea' id='block_1_51' title="bbox 2242 2370 3847 2455">
    <p class='ocr_par' dir='ltr' id='par_1_51' title="bbox 2242 2370 3847 2455">
     <span class='ocr_line' id='line_1_51' title="bbox 2242 2370 3847 2455; baseline -0.009 -18"><span class='ocrx_word' id='word_1_389' title='bbox 2242 2380 2391 2455; x_wconf 83' lang='lat' dir='ltr'><strong>(Esa.</strong></span> <span class='ocrx_word' id='word_1_390' title='bbox 2422 2396 2571 2442; x_wconf 73' lang='grc' dir='ltr'>χχιχ.</span> <span class='ocrx_word' id='word_1_391' title='bbox 2600 2375 2712 2445; x_wconf 75' lang='lat' dir='ltr'><strong>M).</strong></span> <span class='ocrx_word' id='word_1_392' title='bbox 2741 2377 2867 2431; x_wconf 89' lang='lat' dir='ltr'><strong>ltetu</strong></span> <span class='ocrx_word' id='word_1_393' title='bbox 2893 2376 2944 2429; x_wconf 93' lang='lat' dir='ltr'><strong>in</strong></span> <span class='ocrx_word' id='word_1_394' title='bbox 2971 2372 3229 2444; x_wconf 80' lang='lat' dir='ltr'><strong>Apostolo</strong></span> <span class='ocrx_word' id='word_1_395' title='bbox 3253 2389 3266 2425; x_wconf 89' lang='lat'><strong>:</strong></span> <span class='ocrx_word' id='word_1_396' title='bbox 3300 2370 3399 2427; x_wconf 90' lang='lat' dir='ltr'><strong>Ubi</strong></span> <span class='ocrx_word' id='word_1_397' title='bbox 3416 2380 3489 2425; x_wconf 83' lang='lat' dir='ltr'><strong>est</strong></span> <span class='ocrx_word' id='word_1_398' title='bbox 3511 2370 3739 2443; x_wconf 76' lang='lat' dir='ltr'><strong>sapiens,</strong></span> <span class='ocrx_word' id='word_1_399' title='bbox 3764 2370 3847 2423; x_wconf 86' lang='lat' dir='ltr'><strong>ubi</strong></span> 
     </span>
    </p>
   </div>
   <div class='ocr_carea' id='block_1_52' title="bbox 2239 2464 3844 2543">
    <p class='ocr_par' dir='ltr' id='par_1_52' title="bbox 2239 2464 3844 2543">
     <span class='ocr_line' id='line_1_52' title="bbox 2239 2464 3844 2543; baseline -0.008 -14"><span class='ocrx_word' id='word_1_400' title='bbox 2239 2476 2429 2542; x_wconf 87' lang='lat' dir='ltr'><strong>scriba,</strong></span> <span class='ocrx_word' id='word_1_401' title='bbox 2446 2475 2531 2528; x_wconf 87' lang='lat' dir='ltr'><strong>ubi</strong></span> <span class='ocrx_word' id='word_1_402' title='bbox 2548 2471 2860 2543; x_wconf 86' lang='lat' dir='ltr'><strong>conquisitor</strong></span> <span class='ocrx_word' id='word_1_403' title='bbox 2880 2468 3036 2542; x_wconf 86' lang='lat' dir='ltr'><strong>hujus</strong></span> <span class='ocrx_word' id='word_1_404' title='bbox 3061 2467 3237 2523; x_wconf 80' lang='lat' dir='ltr'><strong>swculi</strong></span> <span class='ocrx_word' id='word_1_405' title='bbox 3253 2467 3276 2521; x_wconf 72' lang='grc' dir='ltr'><strong>ἒ)</strong></span> <span class='ocrx_word' id='word_1_406' title='bbox 3294 2464 3477 2521; x_wconf 88' lang='lat' dir='ltr'><strong>Nonne</strong></span> <span class='ocrx_word' id='word_1_407' title='bbox 3497 2466 3710 2518; x_wconf 83' lang='lat' dir='ltr'><strong>stultam</strong></span> <span class='ocrx_word' id='word_1_408' title='bbox 3728 2464 3844 2536; x_wconf 73' lang='lat' dir='ltr'><strong>fecit</strong></span> 
     </span>
    </p>
   </div>
   <div class='ocr_carea' id='block_1_53' title="bbox 2241 2555 3845 2639">
    <p class='ocr_par' dir='ltr' id='par_1_53' title="bbox 2241 2555 3845 2639">
     <span class='ocr_line' id='line_1_53' title="bbox 2241 2555 3845 2639; baseline -0.006 -19"><span class='ocrx_word' id='word_1_409' title='bbox 2241 2566 2381 2623; x_wconf 83' lang='lat' dir='ltr'><strong>Deus</strong></span> <span class='ocrx_word' id='word_1_410' title='bbox 2395 2566 2719 2639; x_wconf 84' lang='lat' dir='ltr'><strong>prudentiam</strong></span> <span class='ocrx_word' id='word_1_411' title='bbox 2737 2563 2889 2635; x_wconf 83' lang='lat' dir='ltr'><strong>hujus</strong></span> <span class='ocrx_word' id='word_1_412' title='bbox 2906 2560 3122 2615; x_wconf 87' lang='lat' dir='ltr'><strong>mundi?</strong></span> <span class='ocrx_word' id='word_1_413' title='bbox 3141 2558 3276 2614; x_wconf 83' lang='lat' dir='ltr'><strong>Nam</strong></span> <span class='ocrx_word' id='word_1_414' title='bbox 3289 2559 3407 2630; x_wconf 87' lang='lat' dir='ltr'><strong>quia</strong></span> <span class='ocrx_word' id='word_1_415' title='bbox 3418 2559 3472 2612; x_wconf 87' lang='lat' dir='ltr'><strong>in</strong></span> <span class='ocrx_word' id='word_1_416' title='bbox 3482 2557 3739 2629; x_wconf 79' lang='lat' dir='ltr'><strong>sapientia</strong></span> <span class='ocrx_word' id='word_1_417' title='bbox 3751 2555 3845 2611; x_wconf 87' lang='lat' dir='ltr'><strong>Dei</strong></span> 
     </span>
    </p>
   </div>
   <div class='ocr_carea' id='block_1_54' title="bbox 2242 2651 3843 2737">
    <p class='ocr_par' dir='ltr' id='par_1_54' title="bbox 2242 2651 3843 2737">
     <span class='ocr_line' id='line_1_54' title="bbox 2242 2651 3843 2737; baseline -0.008 -17"><span class='ocrx_word' id='word_1_418' title='bbox 2242 2682 2346 2720; x_wconf 85' lang='lat' dir='ltr'><strong>non</strong></span> <span class='ocrx_word' id='word_1_419' title='bbox 2390 2664 2624 2737; x_wconf 87' lang='lat' dir='ltr'><strong>cognovit</strong></span> <span class='ocrx_word' id='word_1_420' title='bbox 2665 2662 2890 2716; x_wconf 83' lang='lat' dir='ltr'><strong>mundus</strong></span> <span class='ocrx_word' id='word_1_421' title='bbox 2929 2675 3019 2729; x_wconf 57' lang='grc' dir='ltr'><strong>μέν</strong></span> <span class='ocrx_word' id='word_1_422' title='bbox 3058 2656 3384 2728; x_wconf 84' lang='lat' dir='ltr'><strong>prudentiam</strong></span> <span class='ocrx_word' id='word_1_423' title='bbox 3425 2651 3620 2722; x_wconf 87' lang='lat' dir='ltr'><strong>Deum,</strong></span> <span class='ocrx_word' id='word_1_424' title='bbox 3653 2654 3843 2725; x_wconf 83' lang='lat' dir='ltr'><strong>placuit</strong></span> 
     </span>
    </p>
   </div>
   <div class='ocr_carea' id='block_1_55' title="bbox 2240 2746 3840 2827">
    <p class='ocr_par' dir='ltr' id='par_1_55' title="bbox 2240 2746 3840 2827">
     <span class='ocr_line' id='line_1_55' title="bbox 2240 2746 3840 2827; baseline -0.007 -16"><span class='ocrx_word' id='word_1_425' title='bbox 2240 2755 2352 2811; x_wconf 91' lang='lat' dir='ltr'><strong>Deo</strong></span> <span class='ocrx_word' id='word_1_426' title='bbox 2384 2772 2471 2827; x_wconf 83' lang='lat' dir='ltr'><strong>per</strong></span> <span class='ocrx_word' id='word_1_427' title='bbox 2500 2754 2772 2810; x_wconf 75' lang='lat' dir='ltr'><strong>stultitiam</strong></span> <span class='ocrx_word' id='word_1_428' title='bbox 2800 2750 3185 2824; x_wconf 69' lang='lat' dir='ltr'><strong>prmdicationis</strong></span> <span class='ocrx_word' id='word_1_429' title='bbox 3213 2750 3381 2804; x_wconf 86' lang='lat' dir='ltr'><strong>salvos</strong></span> <span class='ocrx_word' id='word_1_430' title='bbox 3412 2748 3583 2819; x_wconf 80' lang='lat' dir='ltr'><strong>facere</strong></span> <span class='ocrx_word' id='word_1_431' title='bbox 3628 2746 3840 2801; x_wconf 83' lang='lat' dir='ltr'><strong>creden-</strong></span> 
     </span>
    </p>
   </div>
   <div class='ocr_carea' id='block_1_56' title="bbox 2241 2839 3839 2922">
    <p class='ocr_par' dir='ltr' id='par_1_56' title="bbox 2241 2839 3839 2922">
     <span class='ocr_line' id='line_1_56' title="bbox 2241 2839 3839 2922; baseline -0.008 -17"><span class='ocrx_word' id='word_1_432' title='bbox 2241 2862 2314 2905; x_wconf 82' lang='lat' dir='ltr'><strong>les</strong></span> <span class='ocrx_word' id='word_1_433' title='bbox 2343 2868 2361 2905; x_wconf 92' lang='lat'><strong>:</strong></span> <span class='ocrx_word' id='word_1_434' title='bbox 2388 2851 2630 2922; x_wconf 88' lang='lat' dir='ltr'><strong>quoniam</strong></span> <span class='ocrx_word' id='word_1_435' title='bbox 2658 2846 2832 2901; x_wconf 82' lang='lat' dir='ltr'><strong>Jutfwi</strong></span> <span class='ocrx_word' id='word_1_436' title='bbox 2862 2846 3011 2915; x_wconf 83' lang='lat' dir='ltr'><strong>signa</strong></span> <span class='ocrx_word' id='word_1_437' title='bbox 3041 2851 3233 2913; x_wconf 82' lang='lat' dir='ltr'><strong>petunt,</strong></span> <span class='ocrx_word' id='word_1_438' title='bbox 3261 2851 3307 2896; x_wconf 89' lang='lat' dir='ltr'><strong>et</strong></span> <span class='ocrx_word' id='word_1_439' title='bbox 3337 2839 3505 2895; x_wconf 62' lang='lat' dir='ltr'><strong>Graeci</strong></span> <span class='ocrx_word' id='word_1_440' title='bbox 3534 2840 3839 2909; x_wconf 85' lang='lat' dir='ltr'><strong>sapientiam</strong></span> 
     </span>
    </p>
   </div>
   <div class='ocr_carea' id='block_1_57' title="bbox 2239 2932 3837 3016">
    <p class='ocr_par' dir='ltr' id='par_1_57' title="bbox 2239 2932 3837 3016">
     <span class='ocr_line' id='line_1_57' title="bbox 2239 2932 3837 3016; baseline -0.009 -17"><span class='ocrx_word' id='word_1_441' title='bbox 2239 2954 2515 3016; x_wconf 71' lang='lat' dir='ltr'><strong>quierunt:</strong></span> <span class='ocrx_word' id='word_1_442' title='bbox 2546 2960 2637 2997; x_wconf 89' lang='lat' dir='ltr'><strong>nos</strong></span> <span class='ocrx_word' id='word_1_443' title='bbox 2660 2952 2829 2995; x_wconf 78' lang='lat' dir='ltr'><strong>autem</strong></span> <span class='ocrx_word' id='word_1_444' title='bbox 2856 2937 3197 3011; x_wconf 75' lang='lat' dir='ltr'><strong>prtedicamus</strong></span> <span class='ocrx_word' id='word_1_445' title='bbox 3216 2933 3477 2989; x_wconf 85' lang='lat' dir='ltr'><strong>Christum</strong></span> <span class='ocrx_word' id='word_1_446' title='bbox 3506 2932 3837 3003; x_wconf 66' lang='lat' dir='ltr'><strong>cruciﬁxum,</strong></span> 
     </span>
    </p>
   </div>
   <div class='ocr_carea' id='block_1_58' title="bbox 2237 3026 3837 3109">
    <p class='ocr_par' dir='ltr' id='par_1_58' title="bbox 2237 3026 3837 3109">
     <span class='ocr_line' id='line_1_58' title="bbox 2237 3026 3837 3109; baseline -0.009 -17"><span class='ocrx_word' id='word_1_447' title='bbox 2237 3038 2440 3093; x_wconf 75' lang='lat' dir='ltr'><strong>Judwis</strong></span> <span class='ocrx_word' id='word_1_448' title='bbox 2469 3035 2673 3109; x_wconf 82' lang='lat' dir='ltr'><strong>quidem</strong></span> <span class='ocrx_word' id='word_1_449' title='bbox 2697 3033 3025 3097; x_wconf 79' lang='lat' dir='ltr'><strong>scandalum,</strong></span> <span class='ocrx_word' id='word_1_450' title='bbox 3067 3028 3315 3085; x_wconf 82' lang='lat' dir='ltr'><strong>Gentibus</strong></span> <span class='ocrx_word' id='word_1_451' title='bbox 3349 3037 3520 3081; x_wconf 83' lang='lat' dir='ltr'><strong>autem</strong></span> <span class='ocrx_word' id='word_1_452' title='bbox 3546 3026 3837 3093; x_wconf 84' lang='lat' dir='ltr'><strong>stultitiam,</strong></span> 
     </span>
    </p>
   </div>
   <div class='ocr_carea' id='block_1_59' title="bbox 2236 3118 3841 3200">
    <p class='ocr_par' dir='ltr' id='par_1_59' title="bbox 2236 3118 3841 3200">
     <span class='ocr_line' id='line_1_59' title="bbox 2236 3118 3841 3200; baseline -0.007 -14"><span class='ocrx_word' id='word_1_453' title='bbox 2236 3133 2301 3186; x_wconf 87' lang='lat' dir='ltr'><strong>iis</strong></span> <span class='ocrx_word' id='word_1_454' title='bbox 2328 3140 2494 3186; x_wconf 75' lang='lat' dir='ltr'><strong>autem</strong></span> <span class='ocrx_word' id='word_1_455' title='bbox 2519 3131 2604 3200; x_wconf 88' lang='lat' dir='ltr'><strong>qui</strong></span> <span class='ocrx_word' id='word_1_456' title='bbox 2636 3136 2753 3183; x_wconf 89' lang='lat' dir='ltr'><strong>sunt</strong></span> <span class='ocrx_word' id='word_1_457' title='bbox 2790 3126 2974 3190; x_wconf 87' lang='lat' dir='ltr'><strong>vocati,</strong></span> <span class='ocrx_word' id='word_1_458' title='bbox 3018 3121 3218 3180; x_wconf 73' lang='lat' dir='ltr'><strong>Judteis</strong></span> <span class='ocrx_word' id='word_1_459' title='bbox 3264 3132 3416 3192; x_wconf 89' lang='lat' dir='ltr'><strong>atque</strong></span> <span class='ocrx_word' id='word_1_460' title='bbox 3446 3118 3643 3175; x_wconf 76' lang='lat' dir='ltr'><strong>ercis</strong></span> <span class='ocrx_word' id='word_1_461' title='bbox 3669 3120 3841 3175; x_wconf 76' lang='lat' dir='ltr'><strong>Cinis-</strong></span> 
     </span>
    </p>
   </div>
   <div class='ocr_carea' id='block_1_60' title="bbox 526 3212 3841 3307">
    <p class='ocr_par' dir='ltr' id='par_1_60' title="bbox 526 3212 3841 3307">
     <span class='ocr_line' id='line_1_60' title="bbox 526 3212 3841 3307; baseline -0.011 -5"><span class='ocrx_word' id='word_1_462' title='bbox 526 3212 703 3302; x_wconf 59' lang='lat' dir='ltr'><strong>forum</strong></span> <span class='ocrx_word' id='word_1_463' title='bbox 745 3244 1008 3307; x_wconf 86' lang='lat' dir='ltr'><strong>serviunt,</strong></span> <span class='ocrx_word' id='word_1_464' title='bbox 1039 3238 1284 3294; x_wconf 89' lang='lat' dir='ltr'><strong>adulatus</strong></span> <span class='ocrx_word' id='word_1_465' title='bbox 1321 3247 1405 3291; x_wconf 86' lang='lat' dir='ltr'><strong>est</strong></span> <span class='ocrx_word' id='word_1_466' title='bbox 1434 3234 1659 3289; x_wconf 90' lang='lat' dir='ltr'><strong>homini.</strong></span> <span class='ocrx_word' id='word_1_467' title='bbox 1691 3230 1831 3300; x_wconf 85' lang='lat' dir='ltr'><strong>Quid</strong></span> <span class='ocrx_word' id='word_1_468' title='bbox 1861 3231 2003 3286; x_wconf 90' lang='lat' dir='ltr'><strong>enim</strong></span> <span class='ocrx_word' id='word_1_469' title='bbox 2031 3242 2126 3283; x_wconf 91' lang='lat' dir='ltr'><strong>eo-</strong></span> <span class='ocrx_word' id='word_1_470' title='bbox 2159 3231 2205 3293; x_wconf 71' lang='grc' dir='ltr'>ε</span> <span class='ocrx_word' id='word_1_471' title='bbox 2239 3235 2346 3280; x_wconf 86' lang='lat' dir='ltr'><strong>tum</strong></span> <span class='ocrx_word' id='word_1_472' title='bbox 2380 3223 2477 3278; x_wconf 86' lang='lat' dir='ltr'><strong>Dei</strong></span> <span class='ocrx_word' id='word_1_473' title='bbox 2518 3224 2754 3277; x_wconf 87' lang='lat' dir='ltr'><strong>virtutem</strong></span> <span class='ocrx_word' id='word_1_474' title='bbox 2782 3229 2828 3274; x_wconf 89' lang='lat' dir='ltr'><strong>et</strong></span> <span class='ocrx_word' id='word_1_475' title='bbox 2865 3217 2966 3272; x_wconf 86' lang='lat' dir='ltr'><strong>Dei</strong></span> <span class='ocrx_word' id='word_1_476' title='bbox 3005 3216 3312 3285; x_wconf 85' lang='lat' dir='ltr'><strong>sapientiam</strong></span> <span class='ocrx_word' id='word_1_477' title='bbox 3343 3230 3355 3267; x_wconf 91' lang='lat'><strong>:</strong></span> <span class='ocrx_word' id='word_1_478' title='bbox 3389 3213 3508 3283; x_wconf 88' lang='lat' dir='ltr'><strong>quia</strong></span> <span class='ocrx_word' id='word_1_479' title='bbox 3537 3214 3675 3281; x_wconf 84' lang='lat' dir='ltr'><strong>quod</strong></span> <span class='ocrx_word' id='word_1_480' title='bbox 3712 3212 3841 3266; x_wconf 86' lang='lat' dir='ltr'><strong>stul-</strong></span> 
     </span>
    </p>
   </div>
   <div class='ocr_carea' id='block_1_61' title="bbox 528 3320 2133 3406">
    <p class='ocr_par' dir='ltr' id='par_1_61' title="bbox 528 3320 2133 3406">
     <span class='ocr_line' id='line_1_61' title="bbox 528 3320 2133 3406; baseline -0.012 -12"><span class='ocrx_word' id='word_1_481' title='bbox 528 3353 647 3394; x_wconf 91' lang='lat' dir='ltr'><strong>rutn</strong></span> <span class='ocrx_word' id='word_1_482' title='bbox 674 3350 793 3406; x_wconf 82' lang='lat' dir='ltr'><strong>qua:</strong></span> <span class='ocrx_word' id='word_1_483' title='bbox 822 3343 1004 3389; x_wconf 91' lang='lat' dir='ltr'><strong>nostra</strong></span> <span class='ocrx_word' id='word_1_484' title='bbox 1042 3338 1169 3385; x_wconf 87' lang='lat' dir='ltr'><strong>sunt</strong></span> <span class='ocrx_word' id='word_1_485' title='bbox 1214 3328 1507 3399; x_wconf 86' lang='lat' dir='ltr'><strong>indigebat,</strong></span> <span class='ocrx_word' id='word_1_486' title='bbox 1544 3341 1639 3396; x_wconf 85' lang='lat' dir='ltr'><strong>per</strong></span> <span class='ocrx_word' id='word_1_487' title='bbox 1666 3338 1825 3395; x_wconf 87' lang='lat' dir='ltr'><strong>quem</strong></span> <span class='ocrx_word' id='word_1_488' title='bbox 1862 3331 1988 3377; x_wconf 91' lang='lat' dir='ltr'><strong>sunt</strong></span> <span class='ocrx_word' id='word_1_489' title='bbox 2014 3320 2133 3375; x_wconf 87' lang='lat' dir='ltr'><strong>uni-</strong></span> 
     </span>
    </p>
   </div>
   <div class='ocr_carea' id='block_1_62' title="bbox 526 3416 2135 3496">
    <p class='ocr_par' dir='ltr' id='par_1_62' title="bbox 526 3416 2135 3496">
     <span class='ocr_line' id='line_1_62' title="bbox 526 3416 2135 3496; baseline -0.01 -13"><span class='ocrx_word' id='word_1_490' title='bbox 526 3443 685 3487; x_wconf 87' lang='lat' dir='ltr'><strong>versa</strong></span> <span class='ocrx_word' id='word_1_491' title='bbox 713 3442 831 3496; x_wconf 87' lang='lat' dir='ltr'><strong>quae</strong></span> <span class='ocrx_word' id='word_1_492' title='bbox 855 3434 1038 3480; x_wconf 86' lang='lat' dir='ltr'><strong>nostra</strong></span> <span class='ocrx_word' id='word_1_493' title='bbox 1058 3423 1221 3478; x_wconf 84' lang='lat' dir='ltr'><strong>sunt?</strong></span> <span class='ocrx_word' id='word_1_494' title='bbox 1249 3422 1329 3476; x_wconf 82' lang='lat' dir='ltr'><strong>An</strong></span> <span class='ocrx_word' id='word_1_495' title='bbox 1352 3420 1612 3474; x_wconf 88' lang='lat' dir='ltr'><strong>honorem</strong></span> <span class='ocrx_word' id='word_1_496' title='bbox 1638 3433 1669 3472; x_wconf 87' lang='lat' dir='ltr'><strong>a</strong></span> <span class='ocrx_word' id='word_1_497' title='bbox 1701 3416 1855 3471; x_wconf 84' lang='lat' dir='ltr'><strong>nobis</strong></span> <span class='ocrx_word' id='word_1_498' title='bbox 1876 3422 2135 3485; x_wconf 82' lang='lat' dir='ltr'><strong>expostu—</strong></span> 
     </span>
    </p>
   </div>
   <div class='ocr_carea' id='block_1_63' title="bbox 530 3508 2132 3586">
    <p class='ocr_par' dir='ltr' id='par_1_63' title="bbox 530 3508 2132 3586">
     <span class='ocr_line' id='line_1_63' title="bbox 530 3508 2132 3586; baseline -0.01 -6"><span class='ocrx_word' id='word_1_499' title='bbox 530 3524 702 3586; x_wconf 87' lang='lat' dir='ltr'><strong>labat,</strong></span> <span class='ocrx_word' id='word_1_500' title='bbox 732 3535 875 3577; x_wconf 90' lang='lat' dir='ltr'><strong>nune</strong></span> <span class='ocrx_word' id='word_1_501' title='bbox 904 3534 933 3574; x_wconf 85' lang='lat' dir='ltr'><strong>a</strong></span> <span class='ocrx_word' id='word_1_502' title='bbox 961 3532 1153 3574; x_wconf 91' lang='lat' dir='ltr'><strong>somno</strong></span> <span class='ocrx_word' id='word_1_503' title='bbox 1176 3514 1426 3585; x_wconf 81' lang='lat' dir='ltr'><strong>stnpidis,</strong></span> <span class='ocrx_word' id='word_1_504' title='bbox 1467 3528 1609 3569; x_wconf 90' lang='lat' dir='ltr'><strong>nunc</strong></span> <span class='ocrx_word' id='word_1_505' title='bbox 1634 3512 1702 3567; x_wconf 93' lang='lat' dir='ltr'><strong>de</strong></span> <span class='ocrx_word' id='word_1_506' title='bbox 1730 3512 1860 3566; x_wconf 80' lang='lat' dir='ltr'><strong>luxu</strong></span> <span class='ocrx_word' id='word_1_507' title='bbox 1898 3508 1970 3583; x_wconf 77' lang='grc' dir='ltr'><strong>(ε)</strong></span> <span class='ocrx_word' id='word_1_508' title='bbox 2004 3523 2132 3564; x_wconf 88' lang='lat' dir='ltr'><strong>noc-</strong></span> 
     </span>
    </p>
   </div>
   <div class='ocr_carea' id='block_1_64' title="bbox 532 3604 2133 3682">
    <p class='ocr_par' dir='ltr' id='par_1_64' title="bbox 532 3604 2133 3682">
     <span class='ocr_line' id='line_1_64' title="bbox 532 3604 2133 3682; baseline -0.009 -10"><span class='ocrx_word' id='word_1_509' title='bbox 532 3616 663 3672; x_wconf 89' lang='lat' dir='ltr'><strong>tium</strong></span> <span class='ocrx_word' id='word_1_510' title='bbox 677 3614 855 3677; x_wconf 77' lang='lat' dir='ltr'><strong>fessis,</strong></span> <span class='ocrx_word' id='word_1_511' title='bbox 874 3626 1014 3667; x_wconf 91' lang='lat' dir='ltr'><strong>nunc</strong></span> <span class='ocrx_word' id='word_1_512' title='bbox 1037 3619 1155 3682; x_wconf 88' lang='lat' dir='ltr'><strong>post</strong></span> <span class='ocrx_word' id='word_1_513' title='bbox 1173 3608 1316 3664; x_wconf 82' lang='lat' dir='ltr'><strong>rixas</strong></span> <span class='ocrx_word' id='word_1_514' title='bbox 1332 3614 1388 3662; x_wconf 90' lang='lat' dir='ltr'><strong>et</strong></span> <span class='ocrx_word' id='word_1_515' title='bbox 1400 3605 1577 3661; x_wconf 77' lang='lat' dir='ltr'><strong>caedes</strong></span> <span class='ocrx_word' id='word_1_516' title='bbox 1591 3604 1800 3660; x_wconf 89' lang='lat' dir='ltr'><strong>dierum</strong></span> <span class='ocrx_word' id='word_1_517' title='bbox 1823 3604 1961 3658; x_wconf 86' lang='lat' dir='ltr'><strong>male</strong></span> <span class='ocrx_word' id='word_1_518' title='bbox 1974 3618 2133 3657; x_wconf 89' lang='lat' dir='ltr'><strong>cons-</strong></span> 
     </span>
    </p>
   </div>
   <div class='ocr_carea' id='block_1_65' title="bbox 529 3696 2133 3777">
    <p class='ocr_par' dir='ltr' id='par_1_65' title="bbox 529 3696 2133 3777">
     <span class='ocr_line' id='line_1_65' title="bbox 529 3696 2133 3777; baseline -0.009 -12"><span class='ocrx_word' id='word_1_519' title='bbox 529 3710 649 3776; x_wconf 91' lang='lat' dir='ltr'><strong>ciis,</strong></span> <span class='ocrx_word' id='word_1_520' title='bbox 685 3723 825 3763; x_wconf 91' lang='lat' dir='ltr'><strong>nunc</strong></span> <span class='ocrx_word' id='word_1_521' title='bbox 851 3716 973 3777; x_wconf 91' lang='lat' dir='ltr'><strong>post</strong></span> <span class='ocrx_word' id='word_1_522' title='bbox 1011 3704 1254 3760; x_wconf 88' lang='lat' dir='ltr'><strong>convivia</strong></span> <span class='ocrx_word' id='word_1_523' title='bbox 1282 3702 1468 3768; x_wconf 88' lang='lat' dir='ltr'><strong>ebriis,</strong></span> <span class='ocrx_word' id='word_1_524' title='bbox 1510 3714 1669 3771; x_wconf 88' lang='lat' dir='ltr'><strong>quem</strong></span> <span class='ocrx_word' id='word_1_525' title='bbox 1700 3696 2048 3768; x_wconf 82' lang='lat' dir='ltr'><strong>Archangeli,</strong></span> <span class='ocrx_word' id='word_1_526' title='bbox 2077 3705 2133 3753; x_wconf 92' lang='lat' dir='ltr'><strong>et</strong></span> 
     </span>
    </p>
   </div>
   <div class='ocr_carea' id='block_1_66' title="bbox 530 3794 2127 3869">
    <p class='ocr_par' dir='ltr' id='par_1_66' title="bbox 530 3794 2127 3869">
     <span class='ocr_line' id='line_1_66' title="bbox 530 3794 2127 3869; baseline -0.009 -10"><span class='ocrx_word' id='word_1_527' title='bbox 530 3803 870 3869; x_wconf 84' lang='lat' dir='ltr'><strong>Dominatus,</strong></span> <span class='ocrx_word' id='word_1_528' title='bbox 900 3806 956 3855; x_wconf 92' lang='lat' dir='ltr'><strong>et</strong></span> <span class='ocrx_word' id='word_1_529' title='bbox 975 3798 1336 3868; x_wconf 90' lang='lat' dir='ltr'><strong>Principatus,</strong></span> <span class='ocrx_word' id='word_1_530' title='bbox 1367 3803 1424 3851; x_wconf 91' lang='lat' dir='ltr'><strong>et</strong></span> <span class='ocrx_word' id='word_1_531' title='bbox 1442 3795 1741 3850; x_wconf 85' lang='lat' dir='ltr'><strong>Potestatcs</strong></span> <span class='ocrx_word' id='word_1_532' title='bbox 1767 3794 1884 3849; x_wconf 89' lang='lat' dir='ltr'><strong>sine</strong></span> <span class='ocrx_word' id='word_1_533' title='bbox 1913 3806 2127 3858; x_wconf 88' lang='lat' dir='ltr'><strong>somno,</strong></span> 
     </span>
    </p>
   </div>
   <div class='ocr_carea' id='block_1_67' title="bbox 527 3886 2131 3967">
    <p class='ocr_par' dir='ltr' id='par_1_67' title="bbox 527 3886 2131 3967">
     <span class='ocr_line' id='line_1_67' title="bbox 527 3886 2131 3967; baseline -0.007 -13"><span class='ocrx_word' id='word_1_534' title='bbox 527 3899 647 3954; x_wconf 85' lang='lat' dir='ltr'><strong>sine</strong></span> <span class='ocrx_word' id='word_1_535' title='bbox 675 3896 1047 3967; x_wconf 88' lang='lat' dir='ltr'><strong>occupatione,</strong></span> <span class='ocrx_word' id='word_1_536' title='bbox 1091 3892 1209 3949; x_wconf 89' lang='lat' dir='ltr'><strong>siue</strong></span> <span class='ocrx_word' id='word_1_537' title='bbox 1245 3891 1475 3947; x_wconf 89' lang='lat' dir='ltr'><strong>crimine</strong></span> <span class='ocrx_word' id='word_1_538' title='bbox 1510 3888 1728 3944; x_wconf 83' lang='lat' dir='ltr'><strong>aeternis</strong></span> <span class='ocrx_word' id='word_1_539' title='bbox 1758 3898 1813 3943; x_wconf 89' lang='lat' dir='ltr'><strong>et</strong></span> <span class='ocrx_word' id='word_1_540' title='bbox 1842 3886 2131 3943; x_wconf 83' lang='lat' dir='ltr'><strong>indefessis</strong></span> 
     </span>
    </p>
   </div>
   <div class='ocr_carea' id='block_1_68' title="bbox 527 3980 2131 4052">
    <p class='ocr_par' dir='ltr' id='par_1_68' title="bbox 527 3980 2131 4052">
     <span class='ocr_line' id='line_1_68' title="bbox 527 3980 2131 4052; baseline -0.007 -7"><span class='ocrx_word' id='word_1_541' title='bbox 527 3988 581 4045; x_wconf 89' lang='lat' dir='ltr'><strong>in</strong></span> <span class='ocrx_word' id='word_1_542' title='bbox 610 3989 747 4046; x_wconf 63' lang='lat' dir='ltr'><strong>caelo</strong></span> <span class='ocrx_word' id='word_1_543' title='bbox 779 3987 1000 4043; x_wconf 89' lang='lat' dir='ltr'><strong>vocibus</strong></span> <span class='ocrx_word' id='word_1_544' title='bbox 1028 3984 1283 4040; x_wconf 91' lang='lat' dir='ltr'><strong>laudant:</strong></span> <span class='ocrx_word' id='word_1_545' title='bbox 1314 3992 1368 4039; x_wconf 88' lang='lat' dir='ltr'><strong>et</strong></span> <span class='ocrx_word' id='word_1_546' title='bbox 1390 3981 1628 4047; x_wconf 91' lang='lat' dir='ltr'><strong>laudant,</strong></span> <span class='ocrx_word' id='word_1_547' title='bbox 1654 3981 1778 4051; x_wconf 89' lang='lat' dir='ltr'><strong>quia</strong></span> <span class='ocrx_word' id='word_1_548' title='bbox 1803 3981 1918 4052; x_wconf 88' lang='lat' dir='ltr'><strong>ipse</strong></span> <span class='ocrx_word' id='word_1_549' title='bbox 1945 3980 2131 4035; x_wconf 87' lang='lat' dir='ltr'><strong>invisi-</strong></span> 
     </span>
    </p>
   </div>
   <div class='ocr_carea' id='block_1_69' title="bbox 527 4070 2128 4150">
    <p class='ocr_par' dir='ltr' id='par_1_69' title="bbox 527 4070 2128 4150">
     <span class='ocr_line' id='line_1_69' title="bbox 527 4070 2128 4150; baseline -0.007 -13"><span class='ocrx_word' id='word_1_550' title='bbox 527 4081 651 4138; x_wconf 84' lang='lat' dir='ltr'><strong>bilis</strong></span> <span class='ocrx_word' id='word_1_551' title='bbox 682 4080 772 4135; x_wconf 89' lang='lat' dir='ltr'><strong>Dei</strong></span> <span class='ocrx_word' id='word_1_552' title='bbox 810 4079 986 4150; x_wconf 86' lang='lat' dir='ltr'><strong>imago</strong></span> <span class='ocrx_word' id='word_1_553' title='bbox 1006 4091 1198 4132; x_wconf 90' lang='lat' dir='ltr'><strong>omnes</strong></span> <span class='ocrx_word' id='word_1_554' title='bbox 1215 4075 1298 4147; x_wconf 82' lang='lat' dir='ltr'><strong>(tl)</strong></span> <span class='ocrx_word' id='word_1_555' title='bbox 1323 4076 1374 4130; x_wconf 93' lang='lat' dir='ltr'><strong>in</strong></span> <span class='ocrx_word' id='word_1_556' title='bbox 1414 4089 1475 4130; x_wconf 92' lang='lat' dir='ltr'><strong>se</strong></span> <span class='ocrx_word' id='word_1_557' title='bbox 1511 4072 1796 4138; x_wconf 89' lang='lat' dir='ltr'><strong>creaverit,</strong></span> <span class='ocrx_word' id='word_1_558' title='bbox 1829 4071 2023 4127; x_wconf 62' lang='lat' dir='ltr'><strong>saecula</strong></span> <span class='ocrx_word' id='word_1_559' title='bbox 2052 4070 2128 4126; x_wconf 84' lang='lat' dir='ltr'><strong>fe-</strong></span> 
     </span>
    </p>
   </div>
   <div class='ocr_carea' id='block_1_70' title="bbox 527 4163 2125 4239">
    <p class='ocr_par' dir='ltr' id='par_1_70' title="bbox 527 4163 2125 4239">
     <span class='ocr_line' id='line_1_70' title="bbox 527 4163 2125 4239; baseline -0.009 -9"><span class='ocrx_word' id='word_1_560' title='bbox 527 4174 684 4239; x_wconf 89' lang='lat' dir='ltr'><strong>cerit,</strong></span> <span class='ocrx_word' id='word_1_561' title='bbox 726 4171 924 4228; x_wconf 80' lang='lat' dir='ltr'><strong>etelum</strong></span> <span class='ocrx_word' id='word_1_562' title='bbox 967 4168 1295 4235; x_wconf 87' lang='lat' dir='ltr'><strong>tirmaverit,</strong></span> <span class='ocrx_word' id='word_1_563' title='bbox 1342 4176 1484 4221; x_wconf 87' lang='lat' dir='ltr'><strong>astra</strong></span> <span class='ocrx_word' id='word_1_564' title='bbox 1535 4163 1880 4229; x_wconf 80' lang='lat' dir='ltr'><strong>distinxerit,</strong></span> <span class='ocrx_word' id='word_1_565' title='bbox 1925 4171 2125 4218; x_wconf 89' lang='lat' dir='ltr'><strong>terram</strong></span> 
     </span>
    </p>
   </div>
   <div class='ocr_carea' id='block_1_71' title="bbox 528 4253 2129 4333">
    <p class='ocr_par' dir='ltr' id='par_1_71' title="bbox 528 4253 2129 4333">
     <span class='ocr_line' id='line_1_71' title="bbox 528 4253 2129 4333; baseline -0.009 -13"><span class='ocrx_word' id='word_1_566' title='bbox 528 4265 854 4329; x_wconf 81' lang='lat' dir='ltr'><strong>fundaverit,</strong></span> <span class='ocrx_word' id='word_1_567' title='bbox 886 4262 1111 4333; x_wconf 83' lang='lat' dir='ltr'><strong>abyssos</strong></span> <span class='ocrx_word' id='word_1_568' title='bbox 1137 4257 1493 4322; x_wconf 85' lang='lat' dir='ltr'><strong>demerserit;</strong></span> <span class='ocrx_word' id='word_1_569' title='bbox 1538 4256 1653 4326; x_wconf 86' lang='lat' dir='ltr'><strong>ipse</strong></span> <span class='ocrx_word' id='word_1_570' title='bbox 1684 4254 1943 4324; x_wconf 84' lang='lat' dir='ltr'><strong>deinceps</strong></span> <span class='ocrx_word' id='word_1_571' title='bbox 1965 4253 2129 4308; x_wconf 91' lang='lat' dir='ltr'><strong>homo</strong></span> 
     </span>
    </p>
   </div>
   <div class='ocr_carea' id='block_1_72' title="bbox 527 4347 2130 4422">
    <p class='ocr_par' dir='ltr' id='par_1_72' title="bbox 527 4347 2130 4422">
     <span class='ocr_line' id='line_1_72' title="bbox 527 4347 2130 4422; baseline -0.007 -9"><span class='ocrx_word' id='word_1_572' title='bbox 527 4368 688 4414; x_wconf 89' lang='lat' dir='ltr'><strong>natus</strong></span> <span class='ocrx_word' id='word_1_573' title='bbox 717 4356 808 4422; x_wconf 92' lang='lat' dir='ltr'><strong>sit,</strong></span> <span class='ocrx_word' id='word_1_574' title='bbox 853 4360 1085 4409; x_wconf 89' lang='lat' dir='ltr'><strong>mortem</strong></span> <span class='ocrx_word' id='word_1_575' title='bbox 1109 4351 1319 4418; x_wconf 81' lang='lat' dir='ltr'><strong>vicerit,</strong></span> <span class='ocrx_word' id='word_1_576' title='bbox 1353 4356 1534 4418; x_wconf 87' lang='lat' dir='ltr'><strong>portas</strong></span> <span class='ocrx_word' id='word_1_577' title='bbox 1572 4348 1728 4402; x_wconf 87' lang='lat' dir='ltr'><strong>inferi</strong></span> <span class='ocrx_word' id='word_1_578' title='bbox 1760 4347 2008 4419; x_wconf 86' lang='lat' dir='ltr'><strong>fregerit,</strong></span> <span class='ocrx_word' id='word_1_579' title='bbox 2037 4363 2130 4402; x_wconf 91' lang='lat' dir='ltr'><strong>co-</strong></span> 
     </span>
    </p>
   </div>
   <div class='ocr_carea' id='block_1_73' title="bbox 528 4439 2133 4513">
    <p class='ocr_par' dir='ltr' id='par_1_73' title="bbox 528 4439 2133 4513">
     <span class='ocr_line' id='line_1_73' title="bbox 528 4439 2133 4513; baseline -0.007 -8"><span class='ocrx_word' id='word_1_580' title='bbox 528 4447 801 4507; x_wconf 75' lang='lat' dir='ltr'><strong>lueredetn</strong></span> <span class='ocrx_word' id='word_1_581' title='bbox 833 4444 935 4502; x_wconf 87' lang='lat' dir='ltr'><strong>sibi</strong></span> <span class='ocrx_word' id='word_1_582' title='bbox 961 4443 1170 4513; x_wconf 89' lang='lat' dir='ltr'><strong>plebem</strong></span> <span class='ocrx_word' id='word_1_583' title='bbox 1202 4441 1803 4511; x_wconf 85' lang='lat' dir='ltr'><strong>acquisiverit,carnem</strong></span> <span class='ocrx_word' id='word_1_584' title='bbox 1834 4440 1885 4493; x_wconf 91' lang='lat' dir='ltr'><strong>in</strong></span> <span class='ocrx_word' id='word_1_585' title='bbox 1913 4439 2133 4494; x_wconf 83' lang='lat' dir='ltr'><strong>aeterni-</strong></span> 
     </span>
    </p>
   </div>
   <div class='ocr_carea' id='block_1_74' title="bbox 533 4530 2131 4610">
    <p class='ocr_par' dir='ltr' id='par_1_74' title="bbox 533 4530 2131 4610">
     <span class='ocr_line' id='line_1_74' title="bbox 533 4530 2131 4610; baseline -0.007 -13"><span class='ocrx_word' id='word_1_586' title='bbox 533 4542 659 4597; x_wconf 89' lang='lat' dir='ltr'><strong>tatis</strong></span> <span class='ocrx_word' id='word_1_587' title='bbox 692 4538 919 4610; x_wconf 89' lang='lat' dir='ltr'><strong>gloriam</strong></span> <span class='ocrx_word' id='word_1_588' title='bbox 956 4552 1023 4591; x_wconf 78' lang='lat' dir='ltr'><strong>ex</strong></span> <span class='ocrx_word' id='word_1_589' title='bbox 1063 4532 1409 4601; x_wconf 88' lang='lat' dir='ltr'><strong>corruptione</strong></span> <span class='ocrx_word' id='word_1_590' title='bbox 1439 4531 1792 4586; x_wconf 87' lang='lat' dir='ltr'><strong>transtulerit.</strong></span> <span class='ocrx_word' id='word_1_591' title='bbox 1831 4530 1972 4585; x_wconf 86' lang='lat' dir='ltr'><strong>Nihil</strong></span> <span class='ocrx_word' id='word_1_592' title='bbox 2003 4546 2131 4602; x_wconf 84' lang='lat' dir='ltr'><strong>ergo</strong></span> 
     </span>
    </p>
   </div>
   <div class='ocr_carea' id='block_1_75' title="bbox 2238 3306 3842 3387">
    <p class='ocr_par' dir='ltr' id='par_1_75' title="bbox 2238 3306 3842 3387">
     <span class='ocr_line' id='line_1_75' title="bbox 2238 3306 3842 3387; baseline -0.009 -14"><span class='ocrx_word' id='word_1_593' title='bbox 2238 3329 2344 3373; x_wconf 89' lang='lat' dir='ltr'><strong>tum</strong></span> <span class='ocrx_word' id='word_1_594' title='bbox 2379 3328 2451 3373; x_wconf 89' lang='lat' dir='ltr'><strong>est</strong></span> <span class='ocrx_word' id='word_1_595' title='bbox 2481 3317 2600 3379; x_wconf 72' lang='lat' dir='ltr'><strong>Dei.</strong></span> <span class='ocrx_word' id='word_1_596' title='bbox 2649 3314 2932 3387; x_wconf 80' lang='lat' dir='ltr'><strong>sapientius</strong></span> <span class='ocrx_word' id='word_1_597' title='bbox 2978 3320 3051 3366; x_wconf 86' lang='lat' dir='ltr'><strong>est</strong></span> <span class='ocrx_word' id='word_1_598' title='bbox 3083 3310 3407 3372; x_wconf 86' lang='lat' dir='ltr'><strong>hominibus;</strong></span> <span class='ocrx_word' id='word_1_599' title='bbox 3447 3317 3493 3362; x_wconf 92' lang='lat' dir='ltr'><strong>et</strong></span> <span class='ocrx_word' id='word_1_600' title='bbox 3518 3306 3658 3376; x_wconf 86' lang='lat' dir='ltr'><strong>quod</strong></span> <span class='ocrx_word' id='word_1_601' title='bbox 3692 3306 3842 3373; x_wconf 77' lang='lat' dir='ltr'><strong>inﬁr-</strong></span> 
     </span>
    </p>
   </div>
   <div class='ocr_carea' id='block_1_76' title="bbox 2236 3397 3840 3479">
    <p class='ocr_par' dir='ltr' id='par_1_76' title="bbox 2236 3397 3840 3479">
     <span class='ocr_line' id='line_1_76' title="bbox 2236 3397 3840 3479; baseline -0.01 -12"><span class='ocrx_word' id='word_1_602' title='bbox 2236 3429 2375 3467; x_wconf 89' lang='lat' dir='ltr'><strong>mum</strong></span> <span class='ocrx_word' id='word_1_603' title='bbox 2411 3420 2484 3465; x_wconf 89' lang='lat' dir='ltr'><strong>est</strong></span> <span class='ocrx_word' id='word_1_604' title='bbox 2519 3408 2637 3473; x_wconf 89' lang='lat' dir='ltr'><strong>Dei,</strong></span> <span class='ocrx_word' id='word_1_605' title='bbox 2672 3407 2856 3479; x_wconf 77' lang='lat' dir='ltr'><strong>fortius</strong></span> <span class='ocrx_word' id='word_1_606' title='bbox 2903 3415 2976 3461; x_wconf 87' lang='lat' dir='ltr'><strong>est</strong></span> <span class='ocrx_word' id='word_1_607' title='bbox 3029 3402 3317 3459; x_wconf 76' lang='lat' dir='ltr'><strong>hominibus</strong></span> <span class='ocrx_word' id='word_1_608' title='bbox 3369 3398 3415 3475; x_wconf 83' lang='grc' dir='ltr'><strong>(Ι</strong></span> <span class='ocrx_word' id='word_1_609' title='bbox 3453 3397 3576 3455; x_wconf 85' lang='lat' dir='ltr'><strong>Cor.</strong></span> <span class='ocrx_word' id='word_1_610' title='bbox 3610 3414 3650 3462; x_wconf 83' lang='grc' dir='ltr'><strong>ι,</strong></span> <span class='ocrx_word' id='word_1_611' title='bbox 3684 3398 3759 3454; x_wconf 72' lang='lat'><strong>20</strong></span> <span class='ocrx_word' id='word_1_612' title='bbox 3794 3406 3840 3452; x_wconf 88' lang='lat' dir='ltr'><strong>et</strong></span> 
     </span>
    </p>
   </div>
   <div class='ocr_carea' id='block_1_77' title="bbox 2237 3506 2428 3578">
    <p class='ocr_par' dir='ltr' id='par_1_77' title="bbox 2237 3506 2428 3578">
     <span class='ocr_line' id='line_1_77' title="bbox 2237 3506 2428 3578; baseline -0.037 -14"><span class='ocrx_word' id='word_1_613' title='bbox 2237 3523 2377 3578; x_wconf 85' lang='lat' dir='ltr'><strong>seqq.</strong></span> <span class='ocrx_word' id='word_1_614' title='bbox 2390 3506 2428 3576; x_wconf 86' lang='lat'><strong>).</strong></span> 
     </span>
    </p>
   </div>
   <div class='ocr_carea' id='block_1_78' title="bbox 2308 3586 3840 3670">
    <p class='ocr_par' dir='ltr' id='par_1_78' title="bbox 2308 3586 3840 3670">
     <span class='ocr_line' id='line_1_78' title="bbox 2308 3586 3840 3670; baseline -0.01 -14"><span class='ocrx_word' id='word_1_615' title='bbox 2308 3604 2363 3658; x_wconf 86' lang='lat'><strong>9.</strong></span> <span class='ocrx_word' id='word_1_616' title='bbox 2388 3598 2580 3654; x_wconf 84' lang='lat' dir='ltr'><strong>Christi</strong></span> <span class='ocrx_word' id='word_1_617' title='bbox 2609 3598 2831 3670; x_wconf 73' lang='lat' dir='ltr'><strong>o/ﬁcium</strong></span> <span class='ocrx_word' id='word_1_618' title='bbox 2852 3594 2996 3666; x_wconf 85' lang='lat' dir='ltr'><strong>apud</strong></span> <span class='ocrx_word' id='word_1_619' title='bbox 3017 3611 3127 3653; x_wconf 84' lang='lat' dir='ltr'><strong>nos.</strong></span> <span class='ocrx_word' id='word_1_620' title='bbox 3150 3621 3223 3634; x_wconf 89' lang='grc'><strong>--</strong></span> <span class='ocrx_word' id='word_1_621' title='bbox 3251 3591 3443 3646; x_wconf 88' lang='lat' dir='ltr'><strong>Curam</strong></span> <span class='ocrx_word' id='word_1_622' title='bbox 3464 3603 3593 3659; x_wconf 78' lang='lat' dir='ltr'><strong>ergo</strong></span> <span class='ocrx_word' id='word_1_623' title='bbox 3616 3586 3840 3642; x_wconf 88' lang='lat' dir='ltr'><strong>humani</strong></span> 
     </span>
    </p>
   </div>
   <div class='ocr_carea' id='block_1_79' title="bbox 2235 3679 3842 3768">
    <p class='ocr_par' dir='ltr' id='par_1_79' title="bbox 2235 3679 3842 3768">
     <span class='ocr_line' id='line_1_79' title="bbox 2235 3679 3842 3768; baseline -0.012 -16"><span class='ocrx_word' id='word_1_624' title='bbox 2235 3696 2449 3768; x_wconf 86' lang='lat' dir='ltr'><strong>generis</strong></span> <span class='ocrx_word' id='word_1_625' title='bbox 2481 3693 2689 3750; x_wconf 89' lang='lat' dir='ltr'><strong>habens</strong></span> <span class='ocrx_word' id='word_1_626' title='bbox 2721 3692 2813 3747; x_wconf 83' lang='lat' dir='ltr'><strong>Dei</strong></span> <span class='ocrx_word' id='word_1_627' title='bbox 2854 3689 3017 3753; x_wconf 84' lang='lat' dir='ltr'><strong>ﬁlius,</strong></span> <span class='ocrx_word' id='word_1_628' title='bbox 3051 3686 3305 3757; x_wconf 89' lang='lat' dir='ltr'><strong>primum,</strong></span> <span class='ocrx_word' id='word_1_629' title='bbox 3356 3691 3415 3737; x_wconf 92' lang='lat' dir='ltr'><strong>ut</strong></span> <span class='ocrx_word' id='word_1_630' title='bbox 3447 3681 3548 3735; x_wconf 85' lang='lat' dir='ltr'><strong>sibi</strong></span> <span class='ocrx_word' id='word_1_631' title='bbox 3589 3679 3842 3735; x_wconf 86' lang='lat' dir='ltr'><strong>credere-</strong></span> 
     </span>
    </p>
   </div>
   <div class='ocr_carea' id='block_1_80' title="bbox 2236 3779 3842 3855">
    <p class='ocr_par' dir='ltr' id='par_1_80' title="bbox 2236 3779 3842 3855">
     <span class='ocr_line' id='line_1_80' title="bbox 2236 3779 3842 3855; baseline -0.01 -9"><span class='ocrx_word' id='word_1_632' title='bbox 2236 3799 2344 3855; x_wconf 89' lang='lat' dir='ltr'><strong>tur,</strong></span> <span class='ocrx_word' id='word_1_633' title='bbox 2374 3791 2538 3845; x_wconf 86' lang='lat' dir='ltr'><strong>homo</strong></span> <span class='ocrx_word' id='word_1_634' title='bbox 2579 3788 2753 3841; x_wconf 78' lang='lat' dir='ltr'><strong>factus</strong></span> <span class='ocrx_word' id='word_1_635' title='bbox 2775 3796 2859 3841; x_wconf 88' lang='lat' dir='ltr'><strong>est</strong></span> <span class='ocrx_word' id='word_1_636' title='bbox 2892 3794 2984 3839; x_wconf 92' lang='lat' dir='ltr'><strong>:ut</strong></span> <span class='ocrx_word' id='word_1_637' title='bbox 3017 3781 3169 3838; x_wconf 90' lang='lat' dir='ltr'><strong>testis</strong></span> <span class='ocrx_word' id='word_1_638' title='bbox 3197 3779 3501 3835; x_wconf 78' lang='lat' dir='ltr'><strong>divinarum</strong></span> <span class='ocrx_word' id='word_1_639' title='bbox 3533 3790 3713 3833; x_wconf 89' lang='lat' dir='ltr'><strong>rerum</strong></span> <span class='ocrx_word' id='word_1_640' title='bbox 3744 3789 3842 3830; x_wconf 92' lang='lat' dir='ltr'><strong>uo-</strong></span> 
     </span>
    </p>
   </div>
   <div class='ocr_carea' id='block_1_81' title="bbox 2236 3868 3841 3947">
    <p class='ocr_par' dir='ltr' id='par_1_81' title="bbox 2236 3868 3841 3947">
     <span class='ocr_line' id='line_1_81' title="bbox 2236 3868 3841 3947; baseline -0.012 -4"><span class='ocrx_word' id='word_1_641' title='bbox 2236 3886 2319 3943; x_wconf 88' lang='lat' dir='ltr'><strong>bis</strong></span> <span class='ocrx_word' id='word_1_642' title='bbox 2366 3894 2514 3941; x_wconf 88' lang='lat' dir='ltr'><strong>esset</strong></span> <span class='ocrx_word' id='word_1_643' title='bbox 2564 3897 2630 3938; x_wconf 79' lang='lat' dir='ltr'><strong>ex</strong></span> <span class='ocrx_word' id='word_1_644' title='bbox 2698 3878 2931 3945; x_wconf 84' lang='lat' dir='ltr'><strong>nostris,</strong></span> <span class='ocrx_word' id='word_1_645' title='bbox 2982 3891 3185 3947; x_wconf 88' lang='lat' dir='ltr'><strong>perque</strong></span> <span class='ocrx_word' id='word_1_646' title='bbox 3232 3872 3603 3930; x_wconf 87' lang='lat' dir='ltr'><strong>infirmitatem</strong></span> <span class='ocrx_word' id='word_1_647' title='bbox 3657 3868 3841 3924; x_wconf 90' lang='lat' dir='ltr'><strong>carnis</strong></span> 
     </span>
    </p>
   </div>
   <div class='ocr_carea' id='block_1_82' title="bbox 2237 3962 3842 4049">
    <p class='ocr_par' dir='ltr' id='par_1_82' title="bbox 2237 3962 3842 4049">
     <span class='ocr_line' id='line_1_82' title="bbox 2237 3962 3842 4049; baseline -0.012 -14"><span class='ocrx_word' id='word_1_648' title='bbox 2237 3979 2408 4035; x_wconf 89' lang='lat' dir='ltr'><strong>Deum</strong></span> <span class='ocrx_word' id='word_1_649' title='bbox 2451 3985 2660 4049; x_wconf 88' lang='lat' dir='ltr'><strong>patrem</strong></span> <span class='ocrx_word' id='word_1_650' title='bbox 2693 3972 2851 4030; x_wconf 91' lang='lat' dir='ltr'><strong>nobis</strong></span> <span class='ocrx_word' id='word_1_651' title='bbox 2892 3970 3196 4028; x_wconf 87' lang='lat' dir='ltr'><strong>infirmibus</strong></span> <span class='ocrx_word' id='word_1_652' title='bbox 3226 3978 3283 4024; x_wconf 89' lang='lat' dir='ltr'><strong>et</strong></span> <span class='ocrx_word' id='word_1_653' title='bbox 3319 3965 3623 4023; x_wconf 83' lang='lat' dir='ltr'><strong>carnalibus</strong></span> <span class='ocrx_word' id='word_1_654' title='bbox 3647 3962 3842 4033; x_wconf 58' lang='grc' dir='ltr'><strong>ιιι-τράὶ-</strong></span> 
     </span>
    </p>
   </div>
   <div class='ocr_carea' id='block_1_83' title="bbox 2233 4054 3839 4137">
    <p class='ocr_par' dir='ltr' id='par_1_83' title="bbox 2233 4054 3839 4137">
     <span class='ocr_line' id='line_1_83' title="bbox 2233 4054 3839 4137; baseline -0.011 -12"><span class='ocrx_word' id='word_1_655' title='bbox 2233 4079 2402 4137; x_wconf 87' lang='lat' dir='ltr'><strong>caret,</strong></span> <span class='ocrx_word' id='word_1_656' title='bbox 2430 4068 2763 4122; x_wconf 73' lang='lat' dir='ltr'><strong>Voluntatetn</strong></span> <span class='ocrx_word' id='word_1_657' title='bbox 2797 4066 2849 4119; x_wconf 90' lang='lat' dir='ltr'><strong>in</strong></span> <span class='ocrx_word' id='word_1_658' title='bbox 2874 4079 2941 4120; x_wconf 88' lang='lat' dir='ltr'><strong>eo</strong></span> <span class='ocrx_word' id='word_1_659' title='bbox 2975 4063 3066 4117; x_wconf 91' lang='lat' dir='ltr'><strong>Dei</strong></span> <span class='ocrx_word' id='word_1_660' title='bbox 3085 4061 3255 4133; x_wconf 88' lang='lat' dir='ltr'><strong>patris</strong></span> <span class='ocrx_word' id='word_1_661' title='bbox 3282 4058 3548 4125; x_wconf 84' lang='lat' dir='ltr'><strong>efficiens,</strong></span> <span class='ocrx_word' id='word_1_662' title='bbox 3578 4066 3634 4111; x_wconf 93' lang='lat' dir='ltr'><strong>ut</strong></span> <span class='ocrx_word' id='word_1_663' title='bbox 3664 4054 3839 4109; x_wconf 87' lang='lat' dir='ltr'><strong>dicit:</strong></span> 
     </span>
    </p>
   </div>
   <div class='ocr_carea' id='block_1_84' title="bbox 2237 4150 3842 4228">
    <p class='ocr_par' dir='ltr' id='par_1_84' title="bbox 2237 4150 3842 4228">
     <span class='ocr_line' id='line_1_84' title="bbox 2237 4150 3842 4228; baseline -0.008 -10"><span class='ocrx_word' id='word_1_664' title='bbox 2237 4163 2361 4219; x_wconf 86' lang='lat' dir='ltr'><strong>Non</strong></span> <span class='ocrx_word' id='word_1_665' title='bbox 2391 4162 2503 4218; x_wconf 88' lang='lat' dir='ltr'><strong>veni</strong></span> <span class='ocrx_word' id='word_1_666' title='bbox 2534 4161 2845 4217; x_wconf 85' lang='lat' dir='ltr'><strong>voluntatem</strong></span> <span class='ocrx_word' id='word_1_667' title='bbox 2868 4174 3031 4213; x_wconf 89' lang='lat' dir='ltr'><strong>meam</strong></span> <span class='ocrx_word' id='word_1_668' title='bbox 3059 4159 3248 4228; x_wconf 74' lang='lat' dir='ltr'><strong>facere,</strong></span> <span class='ocrx_word' id='word_1_669' title='bbox 3280 4153 3369 4210; x_wconf 85' lang='lat' dir='ltr'><strong>sed</strong></span> <span class='ocrx_word' id='word_1_670' title='bbox 3396 4154 3701 4208; x_wconf 87' lang='lat' dir='ltr'><strong>voluntatem</strong></span> <span class='ocrx_word' id='word_1_671' title='bbox 3723 4150 3842 4219; x_wconf 82' lang='lat' dir='ltr'><strong>ejus</strong></span> 
     </span>
    </p>
   </div>
   <div class='ocr_carea' id='block_1_85' title="bbox 2233 4242 3838 4329">
    <p class='ocr_par' dir='ltr' id='par_1_85' title="bbox 2233 4242 3838 4329">
     <span class='ocr_line' id='line_1_85' title="bbox 2233 4242 3838 4329; baseline -0.009 -17"><span class='ocrx_word' id='word_1_672' title='bbox 2233 4258 2323 4329; x_wconf 87' lang='lat' dir='ltr'><strong>qui</strong></span> <span class='ocrx_word' id='word_1_673' title='bbox 2350 4273 2429 4311; x_wconf 89' lang='lat' dir='ltr'><strong>me</strong></span> <span class='ocrx_word' id='word_1_674' title='bbox 2457 4256 2594 4311; x_wconf 85' lang='lat' dir='ltr'><strong>misit</strong></span> <span class='ocrx_word' id='word_1_675' title='bbox 2617 4253 2799 4327; x_wconf 84' lang='lat' dir='ltr'><strong>(Joan.</strong></span> <span class='ocrx_word' id='word_1_676' title='bbox 2832 4267 2909 4318; x_wconf 80' lang='lat' dir='ltr'><strong>Vl,</strong></span> <span class='ocrx_word' id='word_1_677' title='bbox 2933 4249 3052 4323; x_wconf 73' lang='lat'><strong>38),</strong></span> <span class='ocrx_word' id='word_1_678' title='bbox 3079 4249 3155 4322; x_wconf 81' lang='lat' dir='ltr'><strong>(f)</strong></span> <span class='ocrx_word' id='word_1_679' title='bbox 3191 4263 3295 4303; x_wconf 90' lang='lat' dir='ltr'><strong>non</strong></span> <span class='ocrx_word' id='word_1_680' title='bbox 3322 4246 3466 4319; x_wconf 91' lang='lat' dir='ltr'><strong>quod</strong></span> <span class='ocrx_word' id='word_1_681' title='bbox 3494 4245 3627 4301; x_wconf 85' lang='lat' dir='ltr'><strong>nolit</strong></span> <span class='ocrx_word' id='word_1_682' title='bbox 3652 4253 3708 4299; x_wconf 83' lang='lat' dir='ltr'><strong>et</strong></span> <span class='ocrx_word' id='word_1_683' title='bbox 3738 4242 3838 4299; x_wconf 82' lang='lat' dir='ltr'><strong>ille</strong></span> 
     </span>
    </p>
   </div>
   <div class='ocr_carea' id='block_1_86' title="bbox 2234 4337 3839 4422">
    <p class='ocr_par' dir='ltr' id='par_1_86' title="bbox 2234 4337 3839 4422">
     <span class='ocr_line' id='line_1_86' title="bbox 2234 4337 3839 4422; baseline -0.011 -14"><span class='ocrx_word' id='word_1_684' title='bbox 2234 4351 2377 4422; x_wconf 84' lang='lat' dir='ltr'><strong>quod</strong></span> <span class='ocrx_word' id='word_1_685' title='bbox 2419 4350 2613 4416; x_wconf 84' lang='lat' dir='ltr'><strong>faciat;</strong></span> <span class='ocrx_word' id='word_1_686' title='bbox 2656 4349 2750 4405; x_wconf 91' lang='lat' dir='ltr'><strong>sed</strong></span> <span class='ocrx_word' id='word_1_687' title='bbox 2786 4344 3152 4402; x_wconf 87' lang='lat' dir='ltr'><strong>obedientiam</strong></span> <span class='ocrx_word' id='word_1_688' title='bbox 3189 4357 3342 4397; x_wconf 89' lang='lat' dir='ltr'><strong>suam</strong></span> <span class='ocrx_word' id='word_1_689' title='bbox 3373 4340 3474 4395; x_wconf 88' lang='lat' dir='ltr'><strong>sub</strong></span> <span class='ocrx_word' id='word_1_690' title='bbox 3503 4337 3693 4394; x_wconf 81' lang='lat' dir='ltr'><strong>effectu</strong></span> <span class='ocrx_word' id='word_1_691' title='bbox 3726 4350 3839 4407; x_wconf 85' lang='lat' dir='ltr'><strong>pa-</strong></span> 
     </span>
    </p>
   </div>
   <div class='ocr_carea' id='block_1_87' title="bbox 2237 4431 3843 4504">
    <p class='ocr_par' dir='ltr' id='par_1_87' title="bbox 2237 4431 3843 4504">
     <span class='ocr_line' id='line_1_87' title="bbox 2237 4431 3843 4504; baseline -0.009 -5"><span class='ocrx_word' id='word_1_692' title='bbox 2237 4455 2404 4500; x_wconf 75' lang='lat' dir='ltr'><strong>terna:</strong></span> <span class='ocrx_word' id='word_1_693' title='bbox 2450 4441 2740 4497; x_wconf 85' lang='lat' dir='ltr'><strong>voluntatis</strong></span> <span class='ocrx_word' id='word_1_694' title='bbox 2782 4437 3055 4503; x_wconf 89' lang='lat' dir='ltr'><strong>ostendit,</strong></span> <span class='ocrx_word' id='word_1_695' title='bbox 3100 4434 3290 4492; x_wconf 87' lang='lat' dir='ltr'><strong>volens</strong></span> <span class='ocrx_word' id='word_1_696' title='bbox 3342 4434 3457 4504; x_wconf 85' lang='lat' dir='ltr'><strong>ipse</strong></span> <span class='ocrx_word' id='word_1_697' title='bbox 3501 4431 3843 4485; x_wconf 83' lang='lat' dir='ltr'><strong>voluntatem</strong></span> 
     </span>
    </p>
   </div>
   <div class='ocr_carea' id='block_1_88' title="bbox 2236 4522 3845 4604">
    <p class='ocr_par' dir='ltr' id='par_1_88' title="bbox 2236 4522 3845 4604">
     <span class='ocr_line' id='line_1_88' title="bbox 2236 4522 3845 4604; baseline -0.008 -13"><span class='ocrx_word' id='word_1_698' title='bbox 2236 4535 2411 4591; x_wconf 88' lang='lat' dir='ltr'><strong>Patris</strong></span> <span class='ocrx_word' id='word_1_699' title='bbox 2433 4534 2674 4604; x_wconf 70' lang='lat' dir='ltr'><strong>esplere.</strong></span> <span class='ocrx_word' id='word_1_700' title='bbox 2708 4532 2837 4587; x_wconf 84' lang='lat' dir='ltr'><strong>Erat</strong></span> <span class='ocrx_word' id='word_1_701' title='bbox 2862 4538 3042 4586; x_wconf 86' lang='lat' dir='ltr'><strong>autem</strong></span> <span class='ocrx_word' id='word_1_702' title='bbox 3080 4529 3196 4584; x_wconf 59' lang='lat' dir='ltr'><strong>hare</strong></span> <span class='ocrx_word' id='word_1_703' title='bbox 3215 4524 3517 4583; x_wconf 71' lang='lat' dir='ltr'><strong>efficienda:</strong></span> <span class='ocrx_word' id='word_1_704' title='bbox 3548 4522 3845 4579; x_wconf 83' lang='lat' dir='ltr'><strong>voluntatis</strong></span> 
     </span>
    </p>
   </div>
   <div class='ocr_carea' id='block_1_89' title="bbox 529 4616 3844 4705">
    <p class='ocr_par' dir='ltr' id='par_1_89' title="bbox 529 4616 3844 4705">
     <span class='ocr_line' id='line_1_89' title="bbox 529 4616 3844 4705; baseline -0.008 -13"><span class='ocrx_word' id='word_1_705' title='bbox 529 4637 634 4692; x_wconf 88' lang='lat' dir='ltr'><strong>iste</strong></span> <span class='ocrx_word' id='word_1_706' title='bbox 662 4637 807 4705; x_wconf 84' lang='lat' dir='ltr'><strong>eguit</strong></span> <span class='ocrx_word' id='word_1_707' title='bbox 832 4647 865 4687; x_wconf 89' lang='lat' dir='ltr'><strong>a</strong></span> <span class='ocrx_word' id='word_1_708' title='bbox 901 4629 1077 4696; x_wconf 87' lang='lat' dir='ltr'><strong>nobis,</strong></span> <span class='ocrx_word' id='word_1_709' title='bbox 1112 4636 1169 4681; x_wconf 91' lang='lat' dir='ltr'><strong>ut</strong></span> <span class='ocrx_word' id='word_1_710' title='bbox 1200 4625 1316 4681; x_wconf 86' lang='lat' dir='ltr'><strong>haec</strong></span> <span class='ocrx_word' id='word_1_711' title='bbox 1342 4640 1465 4681; x_wconf 90' lang='lat' dir='ltr'><strong>eum</strong></span> <span class='ocrx_word' id='word_1_712' title='bbox 1491 4624 1632 4695; x_wconf 89' lang='lat' dir='ltr'><strong>apud</strong></span> <span class='ocrx_word' id='word_1_713' title='bbox 1665 4639 1762 4679; x_wconf 86' lang='lat' dir='ltr'><strong>nos</strong></span> <span class='ocrx_word' id='word_1_714' title='bbox 1786 4624 2127 4679; x_wconf 88' lang='lat' dir='ltr'><strong>ineuarrabi-</strong></span> <span class='ocrx_word' id='word_1_715' title='bbox 2155 4629 2209 4691; x_wconf 92' lang='lat' dir='ltr'><strong>D</strong></span> <span class='ocrx_word' id='word_1_716' title='bbox 2236 4628 2506 4692; x_wconf 87' lang='lat' dir='ltr'><strong>voluntas.</strong></span> <span class='ocrx_word' id='word_1_717' title='bbox 2555 4625 2709 4697; x_wconf 87' lang='lat' dir='ltr'><strong>cujus</strong></span> <span class='ocrx_word' id='word_1_718' title='bbox 2752 4624 2868 4694; x_wconf 90' lang='lat' dir='ltr'><strong>ipse</strong></span> <span class='ocrx_word' id='word_1_719' title='bbox 2920 4625 3073 4679; x_wconf 89' lang='lat' dir='ltr'><strong>testis</strong></span> <span class='ocrx_word' id='word_1_720' title='bbox 3115 4630 3194 4678; x_wconf 89' lang='lat' dir='ltr'><strong>est</strong></span> <span class='ocrx_word' id='word_1_721' title='bbox 3220 4620 3407 4677; x_wconf 90' lang='lat' dir='ltr'><strong>dicens</strong></span> <span class='ocrx_word' id='word_1_722' title='bbox 3433 4634 3448 4675; x_wconf 88' lang='lat'><strong>:</strong></span> <span class='ocrx_word' id='word_1_723' title='bbox 3473 4616 3651 4683; x_wconf 86' lang='lat' dir='ltr'><strong>Pater,</strong></span> <span class='ocrx_word' id='word_1_724' title='bbox 3697 4617 3844 4672; x_wconf 79' lang='lat' dir='ltr'><strong>venit</strong></span> 
     </span>
    </p>
   </div>
   <div class='ocr_carea' id='block_1_90' title="bbox 528 4715 2126 4793">
    <p class='ocr_par' dir='ltr' id='par_1_90' title="bbox 528 4715 2126 4793">
     <span class='ocr_line' id='line_1_90' title="bbox 528 4715 2126 4793; baseline -0.008 -9"><span class='ocrx_word' id='word_1_725' title='bbox 528 4728 599 4784; x_wconf 88' lang='lat' dir='ltr'><strong>lia</strong></span> <span class='ocrx_word' id='word_1_726' title='bbox 630 4736 685 4784; x_wconf 91' lang='lat' dir='ltr'><strong>et</strong></span> <span class='ocrx_word' id='word_1_727' title='bbox 720 4720 1134 4793; x_wconf 80' lang='lat' dir='ltr'><strong>iniutelligibilia</strong></span> <span class='ocrx_word' id='word_1_728' title='bbox 1164 4732 1328 4788; x_wconf 87' lang='lat' dir='ltr'><strong>opera</strong></span> <span class='ocrx_word' id='word_1_729' title='bbox 1367 4727 1634 4788; x_wconf 87' lang='lat' dir='ltr'><strong>tamquam</strong></span> <span class='ocrx_word' id='word_1_730' title='bbox 1664 4725 1908 4788; x_wconf 82' lang='lat' dir='ltr'><strong>egentem</strong></span> <span class='ocrx_word' id='word_1_731' title='bbox 1955 4715 2126 4772; x_wconf 89' lang='lat' dir='ltr'><strong>laudis</strong></span> 
     </span>
    </p>
   </div>
   <div class='ocr_carea' id='block_1_91' title="bbox 529 4808 2126 4887">
    <p class='ocr_par' dir='ltr' id='par_1_91' title="bbox 529 4808 2126 4887">
     <span class='ocr_line' id='line_1_91' title="bbox 529 4808 2126 4887; baseline -0.007 -9"><span class='ocrx_word' id='word_1_732' title='bbox 529 4828 809 4879; x_wconf 86' lang='lat' dir='ltr'><strong>ornarent.</strong></span> <span class='ocrx_word' id='word_1_733' title='bbox 853 4817 959 4874; x_wconf 85' lang='lat' dir='ltr'><strong>Sed</strong></span> <span class='ocrx_word' id='word_1_734' title='bbox 992 4812 1280 4887; x_wconf 90' lang='lat' dir='ltr'><strong>providens</strong></span> <span class='ocrx_word' id='word_1_735' title='bbox 1317 4812 1459 4868; x_wconf 83' lang='lat' dir='ltr'><strong>Deus</strong></span> <span class='ocrx_word' id='word_1_736' title='bbox 1507 4811 1758 4882; x_wconf 71' lang='lat' dir='ltr'><strong>nequitia:</strong></span> <span class='ocrx_word' id='word_1_737' title='bbox 1787 4820 1841 4866; x_wconf 87' lang='lat' dir='ltr'><strong>et</strong></span> <span class='ocrx_word' id='word_1_738' title='bbox 1884 4808 2126 4867; x_wconf 73' lang='lat' dir='ltr'><strong>stultitia:</strong></span> 
     </span>
    </p>
   </div>
   <div class='ocr_carea' id='block_1_92' title="bbox 606 4948 1551 5099">
    <p class='ocr_par' dir='ltr' id='par_1_92' title="bbox 606 4948 1551 5099">
     <span class='ocr_line' id='line_1_92' title="bbox 606 4948 1551 5099; baseline -0.011 -88"><span class='ocrx_word' id='word_1_739' title='bbox 606 4958 690 5099; x_wconf 56' lang='lat'><strong>(1;</strong></span> <span class='ocrx_word' id='word_1_740' title='bbox 721 4954 841 5010; x_wconf 87' lang='lat' dir='ltr'><strong>Non</strong></span> <span class='ocrx_word' id='word_1_741' title='bbox 866 4953 1082 5024; x_wconf 74' lang='lat' dir='ltr'><strong>sufﬁcit,</strong></span> <span class='ocrx_word' id='word_1_742' title='bbox 1108 4948 1342 5007; x_wconf 84' lang='lat' dir='ltr'><strong>secunda</strong></span> <span class='ocrx_word' id='word_1_743' title='bbox 1368 4964 1551 5005; x_wconf 84' lang='lat' dir='ltr'><strong>manu.</strong></span> 
     </span>
     <span class='ocr_line' id='line_1_93' title="bbox 606 5024 1530 5099; baseline -0.011 -15"><span class='ocrx_word' id='word_1_744' title='bbox 606 5029 665 5099; x_wconf 68' lang='lat'><strong>(2</strong></span> <span class='ocrx_word' id='word_1_745' title='bbox 720 5027 994 5097; x_wconf 81' lang='lat' dir='ltr'><strong>Legimus,</strong></span> <span class='ocrx_word' id='word_1_746' title='bbox 1038 5035 1096 5079; x_wconf 88' lang='lat' dir='ltr'><strong>ut</strong></span> <span class='ocrx_word' id='word_1_747' title='bbox 1126 5024 1266 5091; x_wconf 80' lang='lat' dir='ltr'><strong>[ilius</strong></span> <span class='ocrx_word' id='word_1_748' title='bbox 1294 5030 1433 5086; x_wconf 85' lang='lat' dir='ltr'><strong>tuus,</strong></span> <span class='ocrx_word' id='word_1_749' title='bbox 1473 5027 1530 5074; x_wconf 91' lang='lat' dir='ltr'><strong>ut</strong></span> 
     </span>
    </p>
   </div>
   <div class='ocr_carea' id='block_1_93' title="bbox 605 5019 2125 5101">
    <p class='ocr_par' dir='ltr' id='par_1_93' title="bbox 605 5019 2125 5101">
     <span class='ocr_line' id='line_1_94' title="bbox 605 5019 2125 5101; baseline -0.006 -16"><span class='ocrx_word' id='word_1_750' title='bbox 605 5019 687 5101; x_wconf 70' lang='grc'><strong>(2)</strong></span> <span class='ocrx_word' id='word_1_751' title='bbox 720 5019 994 5097; x_wconf 77' lang='lat' dir='ltr'><strong>Legimus,</strong></span> <span class='ocrx_word' id='word_1_752' title='bbox 1038 5035 1096 5079; x_wconf 89' lang='lat' dir='ltr'><strong>ut</strong></span> <span class='ocrx_word' id='word_1_753' title='bbox 1126 5024 1266 5091; x_wconf 80' lang='lat' dir='ltr'><strong>[ilius</strong></span> <span class='ocrx_word' id='word_1_754' title='bbox 1294 5030 1433 5086; x_wconf 86' lang='lat' dir='ltr'><strong>tuus,</strong></span> <span class='ocrx_word' id='word_1_755' title='bbox 1473 5027 1530 5074; x_wconf 90' lang='lat' dir='ltr'><strong>ut</strong></span> <span class='ocrx_word' id='word_1_756' title='bbox 1570 5020 1622 5075; x_wconf 92' lang='lat' dir='ltr'><strong>in</strong></span> <span class='ocrx_word' id='word_1_757' title='bbox 1651 5019 1875 5090; x_wconf 79' lang='lat' dir='ltr'><strong>Vulgata</strong></span> <span class='ocrx_word' id='word_1_758' title='bbox 1916 5034 1978 5076; x_wconf 86' lang='lat' dir='ltr'><strong>ac</strong></span> <span class='ocrx_word' id='word_1_759' title='bbox 2008 5021 2125 5093; x_wconf 89' lang='lat' dir='ltr'><strong>ple-</strong></span> 
     </span>
    </p>
   </div>
   <div class='ocr_carea' id='block_1_94' title="bbox 610 5123 2136 5206">
    <p class='ocr_par' dir='ltr' id='par_1_94' title="bbox 610 5123 2136 5206">
     <span class='ocr_line' id='line_1_95' title="bbox 610 5123 2136 5206; baseline -0.009 -17"><span class='ocrx_word' id='word_1_760' title='bbox 610 5131 683 5206; x_wconf 91' lang='lat' dir='ltr'><strong>(a)</strong></span> <span class='ocrx_word' id='word_1_761' title='bbox 716 5130 858 5187; x_wconf 87' lang='lat' dir='ltr'><strong>Editi</strong></span> <span class='ocrx_word' id='word_1_762' title='bbox 885 5137 1111 5206; x_wconf 78' lang='lat' dir='ltr'><strong>excepto</strong></span> <span class='ocrx_word' id='word_1_763' title='bbox 1141 5126 1261 5206; x_wconf 57' lang='lat' dir='ltr'><strong>Par.</strong></span> <span class='ocrx_word' id='word_1_764' title='bbox 1296 5134 1351 5181; x_wconf 92' lang='lat' dir='ltr'><strong>et</strong></span> <span class='ocrx_word' id='word_1_765' title='bbox 1399 5123 1581 5206; x_wconf 83' lang='lat' dir='ltr'><strong>plures</strong></span> <span class='ocrx_word' id='word_1_766' title='bbox 1629 5137 1758 5206; x_wconf 80' lang='lat' dir='ltr'><strong>mss.</strong></span> <span class='ocrx_word' id='word_1_767' title='bbox 1791 5139 1892 5206; x_wconf 79' lang='lat' dir='ltr'><strong>non</strong></span> <span class='ocrx_word' id='word_1_768' title='bbox 1922 5123 2136 5191; x_wconf 77' lang='lat' dir='ltr'><strong>sufﬁcit.</strong></span> 
     </span>
    </p>
   </div>
   <div class='ocr_carea' id='block_1_95' title="bbox 536 5194 2133 5267">
    <p class='ocr_par' dir='ltr' id='par_1_95' title="bbox 536 5194 2133 5267">
     <span class='ocr_line' id='line_1_96' title="bbox 536 5194 2133 5267; baseline -0.008 -7"><span class='ocrx_word' id='word_1_769' title='bbox 536 5194 854 5261; x_wconf 67' lang='lat' dir='ltr'><strong>Reiiitemus</strong></span> <span class='ocrx_word' id='word_1_770' title='bbox 885 5194 1171 5256; x_wconf 80' lang='lat' dir='ltr'><strong>lectionem</strong></span> <span class='ocrx_word' id='word_1_771' title='bbox 1202 5198 1327 5252; x_wconf 89' lang='lat' dir='ltr'><strong>Par.</strong></span> <span class='ocrx_word' id='word_1_772' title='bbox 1356 5211 1478 5267; x_wconf 67' lang='lat' dir='ltr'><strong>qua:</strong></span> <span class='ocrx_word' id='word_1_773' title='bbox 1504 5203 1589 5248; x_wconf 78' lang='lat' dir='ltr'><strong>est</strong></span> <span class='ocrx_word' id='word_1_774' title='bbox 1612 5194 1966 5248; x_wconf 76' lang='lat' dir='ltr'><strong>vetustiorum</strong></span> <span class='ocrx_word' id='word_1_775' title='bbox 1998 5208 2133 5267; x_wconf 87' lang='lat' dir='ltr'><strong>mss.</strong></span> 
     </span>
    </p>
   </div>
   <div class='ocr_carea' id='block_1_96' title="bbox 536 5266 2136 5345">
    <p class='ocr_par' dir='ltr' id='par_1_96' title="bbox 536 5266 2136 5345">
     <span class='ocr_line' id='line_1_97' title="bbox 536 5266 2136 5345; baseline -0.009 -13"><span class='ocrx_word' id='word_1_776' title='bbox 536 5276 673 5332; x_wconf 88' lang='lat' dir='ltr'><strong>Tum</strong></span> <span class='ocrx_word' id='word_1_777' title='bbox 696 5273 837 5345; x_wconf 86' lang='lat' dir='ltr'><strong>apud</strong></span> <span class='ocrx_word' id='word_1_778' title='bbox 866 5273 984 5339; x_wconf 87' lang='lat' dir='ltr'><strong>Er.,</strong></span> <span class='ocrx_word' id='word_1_779' title='bbox 1017 5271 1159 5345; x_wconf 73' lang='lat' dir='ltr'><strong>Lips.</strong></span> <span class='ocrx_word' id='word_1_780' title='bbox 1181 5278 1241 5345; x_wconf 76' lang='lat' dir='ltr'><strong>et</strong></span> <span class='ocrx_word' id='word_1_781' title='bbox 1267 5266 1472 5345; x_wconf 62' lang='lat' dir='ltr'><strong>lfar._ut</strong></span> <span class='ocrx_word' id='word_1_782' title='bbox 1494 5268 1545 5319; x_wconf 86' lang='lat' dir='ltr'><strong>in</strong></span> <span class='ocrx_word' id='word_1_783' title='bbox 1567 5267 1777 5345; x_wconf 73' lang='lat' dir='ltr'><strong>liquoris</strong></span> <span class='ocrx_word' id='word_1_784' title='bbox 1802 5275 2006 5345; x_wconf 85' lang='lat' dir='ltr'><strong>nat_ura.</strong></span> <span class='ocrx_word' id='word_1_785' title='bbox 2029 5266 2136 5321; x_wconf 89' lang='lat' dir='ltr'><strong>Me-</strong></span> 
     </span>
    </p>
   </div>
   <div class='ocr_carea' id='block_1_97' title="bbox 533 5337 2127 5407">
    <p class='ocr_par' dir='ltr' id='par_1_97' title="bbox 533 5337 2127 5407">
     <span class='ocr_line' id='line_1_98' title="bbox 533 5337 2127 5407; baseline -0.007 -4"><span class='ocrx_word' id='word_1_786' title='bbox 533 5349 638 5403; x_wconf 87' lang='lat' dir='ltr'><strong>lius</strong></span> <span class='ocrx_word' id='word_1_787' title='bbox 663 5337 819 5403; x_wconf 74' lang='lat' dir='ltr'><strong>abest</strong></span> <span class='ocrx_word' id='word_1_788' title='bbox 840 5345 896 5400; x_wconf 83' lang='lat' dir='ltr'><strong>in</strong></span> <span class='ocrx_word' id='word_1_789' title='bbox 922 5337 989 5399; x_wconf 89' lang='lat' dir='ltr'><strong>ab</strong></span> <span class='ocrx_word' id='word_1_790' title='bbox 1018 5337 1136 5397; x_wconf 83' lang='lat' dir='ltr'><strong>aliis</strong></span> <span class='ocrx_word' id='word_1_791' title='bbox 1181 5340 1360 5394; x_wconf 88' lang='lat' dir='ltr'><strong>libris:</strong></span> <span class='ocrx_word' id='word_1_792' title='bbox 1395 5337 1483 5392; x_wconf 88' lang='lat' dir='ltr'><strong>hic</strong></span> <span class='ocrx_word' id='word_1_793' title='bbox 1524 5337 1667 5392; x_wconf 88' lang='lat' dir='ltr'><strong>enim</strong></span> <span class='ocrx_word' id='word_1_794' title='bbox 1709 5337 1923 5407; x_wconf 85' lang='lat' dir='ltr'><strong>liquoris</strong></span> <span class='ocrx_word' id='word_1_795' title='bbox 1965 5350 2127 5392; x_wconf 82' lang='lat' dir='ltr'><strong>voca-</strong></span> 
     </span>
    </p>
   </div>
   <div class='ocr_carea' id='block_1_98' title="bbox 534 5411 2129 5480">
    <p class='ocr_par' dir='ltr' id='par_1_98' title="bbox 534 5411 2129 5480">
     <span class='ocr_line' id='line_1_99' title="bbox 534 5411 2129 5480; baseline -0.006 -7"><span class='ocrx_word' id='word_1_796' title='bbox 534 5418 718 5473; x_wconf 86' lang='lat' dir='ltr'><strong>bulum</strong></span> <span class='ocrx_word' id='word_1_797' title='bbox 748 5427 803 5474; x_wconf 86' lang='lat' dir='ltr'><strong>et</strong></span> <span class='ocrx_word' id='word_1_798' title='bbox 822 5418 1001 5472; x_wconf 85' lang='lat' dir='ltr'><strong>viuum</strong></span> <span class='ocrx_word' id='word_1_799' title='bbox 1031 5427 1259 5469; x_wconf 85' lang='lat' dir='ltr'><strong>nascens</strong></span> <span class='ocrx_word' id='word_1_800' title='bbox 1281 5451 1295 5474; x_wconf 91' lang='lat'><strong>,</strong></span> <span class='ocrx_word' id='word_1_801' title='bbox 1323 5418 1378 5464; x_wconf 88' lang='lat' dir='ltr'><strong>et</strong></span> <span class='ocrx_word' id='word_1_802' title='bbox 1406 5424 1599 5480; x_wconf 85' lang='lat' dir='ltr'><strong>aquam</strong></span> <span class='ocrx_word' id='word_1_803' title='bbox 1629 5416 1948 5479; x_wconf 83' lang='lat' dir='ltr'><strong>pereuntem</strong></span> <span class='ocrx_word' id='word_1_804' title='bbox 1983 5411 2129 5477; x_wconf 80' lang='lat' dir='ltr'><strong>pari-</strong></span> 
     </span>
    </p>
   </div>
   <div class='ocr_carea' id='block_1_99' title="bbox 534 5491 908 5546">
    <p class='ocr_par' dir='ltr' id='par_1_99' title="bbox 534 5491 908 5546">
     <span class='ocr_line' id='line_1_100' title="bbox 534 5491 908 5546; baseline 0 -2"><span class='ocrx_word' id='word_1_805' title='bbox 534 5499 619 5545; x_wconf 87' lang='lat' dir='ltr'><strong>ter</strong></span> <span class='ocrx_word' id='word_1_806' title='bbox 645 5491 908 5546; x_wconf 81' lang='lat' dir='ltr'><strong>enuntiat.</strong></span> 
     </span>
    </p>
   </div>
   <div class='ocr_carea' id='block_1_100' title="bbox 610 5549 2122 5633">
    <p class='ocr_par' dir='ltr' id='par_1_100' title="bbox 610 5549 2122 5633">
     <span class='ocr_line' id='line_1_101' title="bbox 610 5549 2122 5633; baseline -0.007 -16"><span class='ocrx_word' id='word_1_807' title='bbox 610 5560 685 5633; x_wconf 75' lang='grc' dir='ltr'><strong>(ὁ)</strong></span> <span class='ocrx_word' id='word_1_808' title='bbox 713 5562 864 5626; x_wconf 90' lang='lat' dir='ltr'><strong>Bad.,</strong></span> <span class='ocrx_word' id='word_1_809' title='bbox 890 5559 982 5614; x_wconf 86' lang='lat' dir='ltr'><strong>Er.</strong></span> <span class='ocrx_word' id='word_1_810' title='bbox 1015 5565 1067 5612; x_wconf 89' lang='lat' dir='ltr'><strong>et</strong></span> <span class='ocrx_word' id='word_1_811' title='bbox 1092 5556 1240 5633; x_wconf 74' lang='lat' dir='ltr'><strong>Lips.</strong></span> <span class='ocrx_word' id='word_1_812' title='bbox 1271 5562 1373 5608; x_wconf 88' lang='lat' dir='ltr'><strong>tam</strong></span> <span class='ocrx_word' id='word_1_813' title='bbox 1400 5551 1834 5633; x_wconf 72' lang='lat' dir='ltr'><strong>inconspicubilis.</strong></span> <span class='ocrx_word' id='word_1_814' title='bbox 1858 5549 2122 5633; x_wconf 35' lang='lat' dir='ltr'><strong>Mal‘ttmtts</strong></span> 
     </span>
    </p>
   </div>
   <div class='ocr_carea' id='block_1_101' title="bbox 535 5622 2118 5694">
    <p class='ocr_par' dir='ltr' id='par_1_101' title="bbox 535 5622 2118 5694">
     <span class='ocr_line' id='line_1_102' title="bbox 535 5622 2118 5694; baseline -0.007 -6"><span class='ocrx_word' id='word_1_815' title='bbox 535 5622 678 5688; x_wconf 61' lang='lat' dir='ltr'><strong>cuin&#39;</strong></span> <span class='ocrx_word' id='word_1_816' title='bbox 698 5633 823 5686; x_wconf 83' lang='lat' dir='ltr'><strong>Par.</strong></span> <span class='ocrx_word' id='word_1_817' title='bbox 852 5622 911 5684; x_wconf 81' lang='lat' dir='ltr'><strong>et</strong></span> <span class='ocrx_word' id='word_1_818' title='bbox 934 5629 1135 5686; x_wconf 81' lang='lat' dir='ltr'><strong>nOStris</strong></span> <span class='ocrx_word' id='word_1_819' title='bbox 1160 5622 1293 5682; x_wconf 82' lang='lat' dir='ltr'><strong>inss.</strong></span> <span class='ocrx_word' id='word_1_820' title='bbox 1325 5634 1430 5679; x_wconf 89' lang='lat' dir='ltr'><strong>tam</strong></span> <span class='ocrx_word' id='word_1_821' title='bbox 1465 5622 1839 5694; x_wconf 86' lang='lat' dir='ltr'><strong>conspicabilis,</strong></span> <span class='ocrx_word' id='word_1_822' title='bbox 1888 5625 1969 5676; x_wconf 90' lang='lat' dir='ltr'><strong>vel</strong></span> <span class='ocrx_word' id='word_1_823' title='bbox 1998 5638 2118 5677; x_wconf 90' lang='lat' dir='ltr'><strong>cum</strong></span> 
     </span>
    </p>
   </div>
   <div class='ocr_carea' id='block_1_102' title="bbox 533 5694 2121 5768">
    <p class='ocr_par' dir='ltr' id='par_1_102' title="bbox 533 5694 2121 5768">
     <span class='ocr_line' id='line_1_103' title="bbox 533 5694 2121 5768; baseline -0.006 -9"><span class='ocrx_word' id='word_1_824' title='bbox 533 5704 718 5759; x_wconf 85' lang='lat' dir='ltr'><strong>codice</strong></span> <span class='ocrx_word' id='word_1_825' title='bbox 744 5702 867 5757; x_wconf 79' lang='lat' dir='ltr'><strong>Vat.</strong></span> <span class='ocrx_word' id='word_1_826' title='bbox 900 5702 1037 5766; x_wconf 77' lang='lat' dir='ltr'><strong>bas.,</strong></span> <span class='ocrx_word' id='word_1_827' title='bbox 1064 5710 1231 5754; x_wconf 86' lang='lat' dir='ltr'><strong>tamen</strong></span> <span class='ocrx_word' id='word_1_828' title='bbox 1254 5695 1628 5768; x_wconf 81' lang='lat' dir='ltr'><strong>conspicabilis.</strong></span> <span class='ocrx_word' id='word_1_829' title='bbox 1659 5696 1848 5768; x_wconf 76' lang='lat' dir='ltr'><strong>Sermo</strong></span> <span class='ocrx_word' id='word_1_830' title='bbox 1866 5695 2009 5749; x_wconf 92' lang='lat' dir='ltr'><strong>enim</strong></span> <span class='ocrx_word' id='word_1_831' title='bbox 2034 5694 2121 5768; x_wconf 76' lang='lat' dir='ltr'><strong>hic</strong></span> 
     </span>
    </p>
   </div>
   <div class='ocr_carea' id='block_1_103' title="bbox 533 5764 2113 5843">
    <p class='ocr_par' dir='ltr' id='par_1_103' title="bbox 533 5764 2113 5843">
     <span class='ocr_line' id='line_1_104' title="bbox 533 5764 2113 5843; baseline -0.008 -12"><span class='ocrx_word' id='word_1_832' title='bbox 533 5787 637 5841; x_wconf 64' lang='grc' dir='ltr'><strong>«εει,</strong></span> <span class='ocrx_word' id='word_1_833' title='bbox 670 5784 723 5829; x_wconf 92' lang='lat' dir='ltr'><strong>ut</strong></span> <span class='ocrx_word' id='word_1_834' title='bbox 754 5764 1269 5843; x_wconf 85' lang='lat' dir='ltr'><strong>suprapromissum</strong></span> <span class='ocrx_word' id='word_1_835' title='bbox 1295 5764 1531 5843; x_wconf 82' lang='lat' dir='ltr'><strong>erat_,_de</strong></span> <span class='ocrx_word' id='word_1_836' title='bbox 1554 5764 1807 5843; x_wconf 74' lang='lat' dir='ltr'><strong>exemplo</strong></span> <span class='ocrx_word' id='word_1_837' title='bbox 1825 5766 2113 5843; x_wconf 76' lang='lat' dir='ltr'><strong>corporali.</strong></span> 
     </span>
    </p>
   </div>
   <div class='ocr_carea' id='block_1_104' title="bbox 534 5837 2117 5909">
    <p class='ocr_par' dir='ltr' id='par_1_104' title="bbox 534 5837 2117 5909">
     <span class='ocr_line' id='line_1_105' title="bbox 534 5837 2117 5909; baseline -0.006 -6"><span class='ocrx_word' id='word_1_838' title='bbox 534 5837 687 5904; x_wconf 86' lang='lat' dir='ltr'><strong>Unde</strong></span> <span class='ocrx_word' id='word_1_839' title='bbox 716 5852 769 5902; x_wconf 89' lang='lat' dir='ltr'><strong>et</strong></span> <span class='ocrx_word' id='word_1_840' title='bbox 802 5837 855 5900; x_wconf 83' lang='lat' dir='ltr'><strong>in</strong></span> <span class='ocrx_word' id='word_1_841' title='bbox 887 5837 1071 5899; x_wconf 70' lang='lat' dir='ltr'><strong>Métth.</strong></span> <span class='ocrx_word' id='word_1_842' title='bbox 1104 5856 1154 5899; x_wconf 92' lang='lat' dir='ltr'><strong>c.</strong></span> <span class='ocrx_word' id='word_1_843' title='bbox 1188 5840 1280 5909; x_wconf 76' lang='lat' dir='ltr'><strong>M,</strong></span> <span class='ocrx_word' id='word_1_844' title='bbox 1315 5857 1370 5897; x_wconf 94' lang='lat' dir='ltr'><strong>n.</strong></span> <span class='ocrx_word' id='word_1_845' title='bbox 1404 5838 1491 5907; x_wconf 76' lang='grc'><strong>12,</strong></span> <span class='ocrx_word' id='word_1_846' title='bbox 1538 5837 1605 5895; x_wconf 87' lang='lat' dir='ltr'><strong>de</strong></span> <span class='ocrx_word' id='word_1_847' title='bbox 1634 5837 1827 5894; x_wconf 86' lang='lat' dir='ltr'><strong>eodem</strong></span> <span class='ocrx_word' id='word_1_848' title='bbox 1857 5837 2117 5894; x_wconf 88' lang='lat' dir='ltr'><strong>miraculo</strong></span> 
     </span>
    </p>
   </div>
   <div class='ocr_carea' id='block_1_105' title="bbox 2236 4712 3842 4792">
    <p class='ocr_par' dir='ltr' id='par_1_105' title="bbox 2236 4712 3842 4792">
     <span class='ocr_line' id='line_1_106' title="bbox 2236 4712 3842 4792; baseline -0.007 -15"><span class='ocrx_word' id='word_1_849' title='bbox 2236 4723 2386 4787; x_wconf 88' lang='lat' dir='ltr'><strong>hora,</strong></span> <span class='ocrx_word' id='word_1_850' title='bbox 2432 4721 2666 4792; x_wconf 84' lang='lat' dir='ltr'><strong>clari/ica</strong></span> <span class='ocrx_word' id='word_1_851' title='bbox 2694 4719 2863 4790; x_wconf 82' lang='lat' dir='ltr'><strong>[ilium</strong></span> <span class='ocrx_word' id='word_1_852' title='bbox 2901 4727 3065 4781; x_wconf 84' lang='lat' dir='ltr'><strong>tuum,</strong></span> <span class='ocrx_word' id='word_1_853' title='bbox 3107 4716 3184 4787; x_wconf 75' lang='grc'><strong>(2)</strong></span> <span class='ocrx_word' id='word_1_854' title='bbox 3216 4725 3269 4769; x_wconf 92' lang='lat' dir='ltr'><strong>ut</strong></span> <span class='ocrx_word' id='word_1_855' title='bbox 3296 4715 3437 4784; x_wconf 80' lang='lat' dir='ltr'><strong>ﬁlius</strong></span> <span class='ocrx_word' id='word_1_856' title='bbox 3467 4712 3713 4781; x_wconf 73' lang='lat' dir='ltr'><strong>clari/lcet</strong></span> <span class='ocrx_word' id='word_1_857' title='bbox 3746 4720 3842 4766; x_wconf 84' lang='lat' dir='ltr'><strong>te:</strong></span> 
     </span>
    </p>
   </div>
   <div class='ocr_carea' id='block_1_106' title="bbox 2234 4805 3847 4885">
    <p class='ocr_par' dir='ltr' id='par_1_106' title="bbox 2234 4805 3847 4885">
     <span class='ocr_line' id='line_1_107' title="bbox 2234 4805 3847 4885; baseline -0.006 -15"><span class='ocrx_word' id='word_1_858' title='bbox 2234 4816 2364 4870; x_wconf 90' lang='lat' dir='ltr'><strong>sicut</strong></span> <span class='ocrx_word' id='word_1_859' title='bbox 2395 4814 2579 4869; x_wconf 88' lang='lat' dir='ltr'><strong>dedisti</strong></span> <span class='ocrx_word' id='word_1_860' title='bbox 2611 4813 2658 4868; x_wconf 82' lang='lat' dir='ltr'><strong>ei</strong></span> <span class='ocrx_word' id='word_1_861' title='bbox 2682 4821 2982 4885; x_wconf 86' lang='lat' dir='ltr'><strong>potestatem</strong></span> <span class='ocrx_word' id='word_1_862' title='bbox 3008 4810 3174 4865; x_wconf 87' lang='lat' dir='ltr'><strong>omnis</strong></span> <span class='ocrx_word' id='word_1_863' title='bbox 3211 4808 3404 4874; x_wconf 86' lang='lat' dir='ltr'><strong>carnis,</strong></span> <span class='ocrx_word' id='word_1_864' title='bbox 3448 4816 3505 4861; x_wconf 87' lang='lat' dir='ltr'><strong>ut</strong></span> <span class='ocrx_word' id='word_1_865' title='bbox 3530 4821 3679 4860; x_wconf 88' lang='lat' dir='ltr'><strong>onme</strong></span> <span class='ocrx_word' id='word_1_866' title='bbox 3697 4805 3847 4875; x_wconf 81' lang='lat' dir='ltr'><strong>quod</strong></span> 
     </span>
    </p>
   </div>
   <div class='ocr_carea' id='block_1_107' title="bbox 2228 4941 3845 5077">
    <p class='ocr_par' dir='ltr' id='par_1_107' title="bbox 2228 4941 3845 5077">
     <span class='ocr_line' id='line_1_108' title="bbox 2228 4941 3845 5077; baseline -0.002 -72"><span class='ocrx_word' id='word_1_867' title='bbox 2228 4949 2411 5077; x_wconf 48' lang='lat' dir='ltr'><strong>gisqtée</strong></span> <span class='ocrx_word' id='word_1_868' title='bbox 2436 4948 2640 5006; x_wconf 72' lang='lat' dir='ltr'><strong>Grmcis</strong></span> <span class='ocrx_word' id='word_1_869' title='bbox 2670 4948 2971 5006; x_wconf 91' lang='lat' dir='ltr'><strong>codicibus.</strong></span> <span class='ocrx_word' id='word_1_870' title='bbox 3013 4947 3106 5004; x_wconf 88' lang='lat' dir='ltr'><strong>Sic</strong></span> <span class='ocrx_word' id='word_1_871' title='bbox 3145 4954 3202 5001; x_wconf 89' lang='lat' dir='ltr'><strong>et</strong></span> <span class='ocrx_word' id='word_1_872' title='bbox 3242 4944 3383 5000; x_wconf 88' lang='lat' dir='ltr'><strong>idem</strong></span> <span class='ocrx_word' id='word_1_873' title='bbox 3418 4941 3653 5000; x_wconf 86' lang='lat' dir='ltr'><strong>Hilarius</strong></span> <span class='ocrx_word' id='word_1_874' title='bbox 3695 4941 3845 5001; x_wconf 82' lang='lat' dir='ltr'><strong>infra</strong></span> 
     </span>
    </p>
   </div>
   <div class='ocr_carea' id='block_1_108' title="bbox 2249 5118 3844 5192">
    <p class='ocr_par' dir='ltr' id='par_1_108' title="bbox 2249 5118 3844 5192">
     <span class='ocr_line' id='line_1_109' title="bbox 2249 5118 3844 5192; baseline -0.002 -15"><span class='ocrx_word' id='word_1_875' title='bbox 2249 5122 2416 5179; x_wconf 86' lang='lat' dir='ltr'><strong>habes</strong></span> <span class='ocrx_word' id='word_1_876' title='bbox 2442 5141 2454 5176; x_wconf 89' lang='lat'><strong>:</strong></span> <span class='ocrx_word' id='word_1_877' title='bbox 2490 5122 2674 5192; x_wconf 80' lang='lat' dir='ltr'><strong>Agitur</strong></span> <span class='ocrx_word' id='word_1_878' title='bbox 2698 5124 2828 5179; x_wconf 81' lang='lat' dir='ltr'><strong>enim</strong></span> <span class='ocrx_word' id='word_1_879' title='bbox 2853 5123 2906 5177; x_wconf 84' lang='lat' dir='ltr'><strong>in</strong></span> <span class='ocrx_word' id='word_1_880' title='bbox 2929 5137 3081 5192; x_wconf 82' lang='lat' dir='ltr'><strong>apere</strong></span> <span class='ocrx_word' id='word_1_881' title='bbox 3103 5122 3290 5177; x_wconf 84' lang='lat' dir='ltr'><strong>visibili</strong></span> <span class='ocrx_word' id='word_1_882' title='bbox 3318 5118 3587 5177; x_wconf 79' lang='lat' dir='ltr'><strong>invisibilis</strong></span> <span class='ocrx_word' id='word_1_883' title='bbox 3611 5118 3844 5176; x_wconf 83' lang='lat' dir='ltr'><strong>molitio.</strong></span> 
     </span>
    </p>
   </div>
   <div class='ocr_carea' id='block_1_109' title="bbox 2318 5140 3845 5267">
    <p class='ocr_par' dir='ltr' id='par_1_109' title="bbox 2318 5140 3845 5267">
     <span class='ocr_line' id='line_1_110' title="bbox 2323 5140 3844 5248; baseline -0.002 -71"><span class='ocrx_word' id='word_1_884' title='bbox 2323 5140 2416 5179; x_wconf 85' lang='lat' dir='ltr'><strong>nes</strong></span> <span class='ocrx_word' id='word_1_885' title='bbox 2442 5141 2454 5176; x_wconf 89' lang='lat'><strong>:</strong></span> <span class='ocrx_word' id='word_1_886' title='bbox 2490 5140 2674 5248; x_wconf 53' lang='lat' dir='ltr'><strong>aqitur</strong></span> <span class='ocrx_word' id='word_1_887' title='bbox 2698 5140 2828 5179; x_wconf 79' lang='lat' dir='ltr'><strong>enim</strong></span> <span class='ocrx_word' id='word_1_888' title='bbox 2853 5140 2906 5177; x_wconf 85' lang='lat' dir='ltr'><strong>tn</strong></span> <span class='ocrx_word' id='word_1_889' title='bbox 2929 5140 3081 5192; x_wconf 87' lang='lat' dir='ltr'><strong>opere</strong></span> <span class='ocrx_word' id='word_1_890' title='bbox 3103 5140 3289 5177; x_wconf 78' lang='lat' dir='ltr'><strong>vtstmtt</strong></span> <span class='ocrx_word' id='word_1_891' title='bbox 3318 5140 3587 5177; x_wconf 80' lang='lat' dir='ltr'><strong>tnvrswms</strong></span> <span class='ocrx_word' id='word_1_892' title='bbox 3611 5140 3844 5176; x_wconf 78' lang='lat' dir='ltr'><strong>motura.</strong></span> 
     </span>
     <span class='ocr_line' id='line_1_111' title="bbox 2318 5192 3845 5267; baseline -0.001 -19"><span class='ocrx_word' id='word_1_893' title='bbox 2318 5195 2387 5267; x_wconf 76' lang='grc' dir='ltr'><strong>(ι’)</strong></span> <span class='ocrx_word' id='word_1_894' title='bbox 2409 5196 2522 5262; x_wconf 79' lang='lat' dir='ltr'><strong>Er.,</strong></span> <span class='ocrx_word' id='word_1_895' title='bbox 2594 5196 2695 5264; x_wconf 90' lang='lat' dir='ltr'><strong>ips.</strong></span> <span class='ocrx_word' id='word_1_896' title='bbox 2718 5202 2773 5248; x_wconf 86' lang='lat' dir='ltr'><strong>ct</strong></span> <span class='ocrx_word' id='word_1_897' title='bbox 2795 5195 2916 5249; x_wconf 82' lang='lat' dir='ltr'><strong>Par.</strong></span> <span class='ocrx_word' id='word_1_898' title='bbox 2937 5196 3162 5249; x_wconf 89' lang='lat' dir='ltr'><strong>noctium</strong></span> <span class='ocrx_word' id='word_1_899' title='bbox 3184 5194 3530 5267; x_wconf 54' lang='lat' dir='ltr'><strong>viqilatarttnt.</strong></span> <span class='ocrx_word' id='word_1_900' title='bbox 3554 5192 3845 5260; x_wconf 77' lang='lat' dir='ltr'><strong>Expunxi—</strong></span> 
     </span>
    </p>
   </div>
   <div class='ocr_carea' id='block_1_110' title="bbox 2243 5261 3840 5335">
    <p class='ocr_par' dir='ltr' id='par_1_110' title="bbox 2243 5261 3840 5335">
     <span class='ocr_line' id='line_1_112' title="bbox 2243 5261 3840 5335; baseline 0.001 -15"><span class='ocrx_word' id='word_1_901' title='bbox 2243 5261 2377 5320; x_wconf 52' lang='lat' dir='ltr'><strong>tnu&#39;s&#39;</strong></span> <span class='ocrx_word' id='word_1_902' title='bbox 2406 5261 2630 5321; x_wconf 80' lang='lat' dir='ltr'><strong>verbum</strong></span> <span class='ocrx_word' id='word_1_903' title='bbox 2667 5267 2994 5335; x_wconf 83' lang='lat' dir='ltr'><strong>vigilatarum</strong></span> <span class='ocrx_word' id='word_1_904' title='bbox 3045 5261 3368 5321; x_wconf 86' lang='lat' dir='ltr'><strong>auctoritate</strong></span> <span class='ocrx_word' id='word_1_905' title='bbox 3411 5261 3543 5317; x_wconf 86' lang='lat' dir='ltr'><strong>Bad.</strong></span> <span class='ocrx_word' id='word_1_906' title='bbox 3589 5268 3647 5317; x_wconf 84' lang='lat' dir='ltr'><strong>et</strong></span> <span class='ocrx_word' id='word_1_907' title='bbox 3693 5278 3840 5321; x_wconf 78' lang='lat' dir='ltr'><strong>mss.</strong></span> 
     </span>
    </p>
   </div>
   <div class='ocr_carea' id='block_1_111' title="bbox 2238 5337 3434 5409">
    <p class='ocr_par' dir='ltr' id='par_1_111' title="bbox 2238 5337 3434 5409">
     <span class='ocr_line' id='line_1_113' title="bbox 2238 5337 3434 5409; baseline 0.001 -19"><span class='ocrx_word' id='word_1_908' title='bbox 2238 5337 2379 5409; x_wconf 89' lang='lat' dir='ltr'><strong>quod</strong></span> <span class='ocrx_word' id='word_1_909' title='bbox 2411 5340 2665 5393; x_wconf 74' lang='lat' dir='ltr'><strong>Erasmus</strong></span> <span class='ocrx_word' id='word_1_910' title='bbox 2685 5337 2896 5409; x_wconf 77' lang='lat' dir='ltr'><strong>videtur</strong></span> <span class='ocrx_word' id='word_1_911' title='bbox 2924 5338 3196 5393; x_wconf 86' lang='lat' dir='ltr'><strong>addidisse</strong></span> <span class='ocrx_word' id='word_1_912' title='bbox 3220 5338 3290 5393; x_wconf 85' lang='lat' dir='ltr'><strong>de</strong></span> <span class='ocrx_word' id='word_1_913' title='bbox 3318 5351 3434 5392; x_wconf 87' lang='lat' dir='ltr'><strong>suo.</strong></span> 
     </span>
    </p>
   </div>
   <div class='ocr_carea' id='block_1_112' title="bbox 2307 5404 3846 5482">
    <p class='ocr_par' dir='ltr' id='par_1_112' title="bbox 2307 5404 3846 5482">
     <span class='ocr_line' id='line_1_114' title="bbox 2307 5404 3846 5482; baseline 0.003 -21"><span class='ocrx_word' id='word_1_914' title='bbox 2307 5408 2385 5482; x_wconf 83' lang='grc' dir='ltr'><strong>(ά)</strong></span> <span class='ocrx_word' id='word_1_915' title='bbox 2417 5410 2553 5482; x_wconf 33' lang='lat' dir='ltr'><strong>Pars</strong></span> <span class='ocrx_word' id='word_1_916' title='bbox 2572 5417 2696 5482; x_wconf 86' lang='lat' dir='ltr'><strong>post</strong></span> <span class='ocrx_word' id='word_1_917' title='bbox 2737 5408 2977 5482; x_wconf 72' lang='lat' dir='ltr'><strong>Lipsittm</strong></span> <span class='ocrx_word' id='word_1_918' title='bbox 3012 5426 3079 5465; x_wconf 80' lang='lat' dir='ltr'><strong>ex</strong></span> <span class='ocrx_word' id='word_1_919' title='bbox 3114 5408 3324 5482; x_wconf 79' lang='lat' dir='ltr'><strong>Erasmi</strong></span> <span class='ocrx_word' id='word_1_920' title='bbox 3364 5404 3629 5482; x_wconf 73' lang='lat' dir='ltr'><strong>margine,</strong></span> <span class='ocrx_word' id='word_1_921' title='bbox 3664 5422 3757 5482; x_wconf 80' lang='lat' dir='ltr'><strong>per</strong></span> <span class='ocrx_word' id='word_1_922' title='bbox 3782 5425 3846 5465; x_wconf 81' lang='lat' dir='ltr'><strong>se</strong></span> 
     </span>
    </p>
   </div>
   <div class='ocr_carea' id='block_1_113' title="bbox 2231 5476 3844 5547">
    <p class='ocr_par' dir='ltr' id='par_1_113' title="bbox 2231 5476 3844 5547">
     <span class='ocr_line' id='line_1_115' title="bbox 2231 5476 3844 5547; baseline 0.001 -13"><span class='ocrx_word' id='word_1_923' title='bbox 2231 5476 2495 5536; x_wconf 68' lang='lat' dir='ltr'><strong>creaverit.</strong></span> <span class='ocrx_word' id='word_1_924' title='bbox 2539 5480 2658 5536; x_wconf 82' lang='lat' dir='ltr'><strong>Mox</strong></span> <span class='ocrx_word' id='word_1_925' title='bbox 2700 5496 2829 5534; x_wconf 88' lang='lat' dir='ltr'><strong>mss.</strong></span> <span class='ocrx_word' id='word_1_926' title='bbox 2862 5480 3017 5535; x_wconf 89' lang='lat' dir='ltr'><strong>Colb.</strong></span> <span class='ocrx_word' id='word_1_927' title='bbox 3051 5490 3106 5537; x_wconf 89' lang='lat' dir='ltr'><strong>et</strong></span> <span class='ocrx_word' id='word_1_928' title='bbox 3144 5480 3334 5547; x_wconf 88' lang='lat' dir='ltr'><strong>Carn.,</strong></span> <span class='ocrx_word' id='word_1_929' title='bbox 3374 5488 3515 5534; x_wconf 85' lang='lat' dir='ltr'><strong>astra</strong></span> <span class='ocrx_word' id='word_1_930' title='bbox 3552 5476 3844 5536; x_wconf 68' lang='lat' dir='ltr'><strong>distrinxe-</strong></span> 
     </span>
    </p>
   </div>
   <div class='ocr_carea' id='block_1_114' title="bbox 2228 5551 2807 5616">
    <p class='ocr_par' dir='ltr' id='par_1_114' title="bbox 2228 5551 2807 5616">
     <span class='ocr_line' id='line_1_116' title="bbox 2228 5551 2807 5616; baseline -0.002 -10"><span class='ocrx_word' id='word_1_931' title='bbox 2228 5555 2296 5606; x_wconf 86' lang='lat' dir='ltr'><strong>rit</strong></span> <span class='ocrx_word' id='word_1_932' title='bbox 2321 5594 2335 5616; x_wconf 93' lang='lat'><strong>,</strong></span> <span class='ocrx_word' id='word_1_933' title='bbox 2367 5569 2468 5606; x_wconf 84' lang='lat' dir='ltr'><strong>non</strong></span> <span class='ocrx_word' id='word_1_934' title='bbox 2497 5551 2807 5607; x_wconf 75' lang='lat' dir='ltr'><strong>distinxerit.</strong></span> 
     </span>
    </p>
   </div>
   <div class='ocr_carea' id='block_1_115' title="bbox 2302 5622 3501 5695">
    <p class='ocr_par' dir='ltr' id='par_1_115' title="bbox 2302 5622 3501 5695">
     <span class='ocr_line' id='line_1_117' title="bbox 2302 5622 3501 5695; baseline 0.002 -17"><span class='ocrx_word' id='word_1_935' title='bbox 2302 5626 2374 5692; x_wconf 83' lang='lat' dir='ltr'><strong>(e)</strong></span> <span class='ocrx_word' id='word_1_936' title='bbox 2398 5622 2636 5695; x_wconf 55' lang='lat' dir='ltr'><strong>Carnut.</strong></span> <span class='ocrx_word' id='word_1_937' title='bbox 2660 5638 2762 5678; x_wconf 90' lang='lat' dir='ltr'><strong>ms.</strong></span> <span class='ocrx_word' id='word_1_938' title='bbox 2796 5622 3122 5692; x_wconf 87' lang='lat' dir='ltr'><strong>prudentiant</strong></span> <span class='ocrx_word' id='word_1_939' title='bbox 3153 5623 3501 5695; x_wconf 83' lang='lat' dir='ltr'><strong>prudentium.</strong></span> 
     </span>
    </p>
   </div>
   <div class='ocr_carea' id='block_1_116' title="bbox 2302 5693 3835 5766">
    <p class='ocr_par' dir='ltr' id='par_1_116' title="bbox 2302 5693 3835 5766">
     <span class='ocr_line' id='line_1_118' title="bbox 2302 5693 3835 5766; baseline -0.001 -16"><span class='ocrx_word' id='word_1_940' title='bbox 2302 5698 2371 5766; x_wconf 70' lang='grc' dir='ltr'><strong>(Γ)</strong></span> <span class='ocrx_word' id='word_1_941' title='bbox 2413 5695 2469 5751; x_wconf 87' lang='lat' dir='ltr'><strong>In</strong></span> <span class='ocrx_word' id='word_1_942' title='bbox 2514 5693 2725 5750; x_wconf 89' lang='lat' dir='ltr'><strong>duobus</strong></span> <span class='ocrx_word' id='word_1_943' title='bbox 2774 5709 2904 5750; x_wconf 91' lang='lat' dir='ltr'><strong>mss.</strong></span> <span class='ocrx_word' id='word_1_944' title='bbox 2949 5693 3161 5766; x_wconf 76' lang='lat' dir='ltr'><strong>Remig.</strong></span> <span class='ocrx_word' id='word_1_945' title='bbox 3209 5705 3265 5750; x_wconf 90' lang='lat' dir='ltr'><strong>et</strong></span> <span class='ocrx_word' id='word_1_946' title='bbox 3295 5709 3403 5749; x_wconf 89' lang='lat' dir='ltr'><strong>uno</strong></span> <span class='ocrx_word' id='word_1_947' title='bbox 3432 5696 3667 5765; x_wconf 87' lang='lat' dir='ltr'><strong>Theod.,</strong></span> <span class='ocrx_word' id='word_1_948' title='bbox 3722 5712 3835 5751; x_wconf 83' lang='lat' dir='ltr'><strong>non</strong></span> 
     </span>
    </p>
   </div>
   <div class='ocr_carea' id='block_1_117' title="bbox 2225 5710 3837 5893">
    <p class='ocr_par' dir='ltr' id='par_1_117' title="bbox 2225 5710 3837 5893">
     <span class='ocr_line' id='line_1_119' title="bbox 2302 5710 3835 5766; baseline 0.001 -17"><span class='ocrx_word' id='word_1_949' title='bbox 2302 5710 2371 5766; x_wconf 81' lang='grc' dir='ltr'><strong>υ)</strong></span> <span class='ocrx_word' id='word_1_950' title='bbox 2414 5710 2469 5751; x_wconf 83' lang='grc' dir='ltr'><strong>ιη</strong></span> <span class='ocrx_word' id='word_1_951' title='bbox 2514 5710 2725 5750; x_wconf 88' lang='lat' dir='ltr'><strong>auoous</strong></span> <span class='ocrx_word' id='word_1_952' title='bbox 2774 5710 2904 5750; x_wconf 91' lang='lat' dir='ltr'><strong>mss.</strong></span> <span class='ocrx_word' id='word_1_953' title='bbox 2950 5710 3102 5751; x_wconf 75' lang='lat' dir='ltr'><strong>uenit</strong></span> <span class='ocrx_word' id='word_1_954' title='bbox 3147 5736 3159 5747; x_wconf 95' lang='lat'><strong>.</strong></span> <span class='ocrx_word' id='word_1_955' title='bbox 3209 5710 3265 5750; x_wconf 87' lang='lat' dir='ltr'><strong>et</strong></span> <span class='ocrx_word' id='word_1_956' title='bbox 3295 5710 3403 5749; x_wconf 90' lang='lat' dir='ltr'><strong>uno</strong></span> <span class='ocrx_word' id='word_1_957' title='bbox 3432 5710 3667 5765; x_wconf 84' lang='lat' dir='ltr'><strong>&#39;I‘neoa.,</strong></span> <span class='ocrx_word' id='word_1_958' title='bbox 3722 5712 3835 5751; x_wconf 83' lang='lat' dir='ltr'><strong>non</strong></span> 
     </span>
     <span class='ocr_line' id='line_1_120' title="bbox 2225 5710 3837 5893; baseline 0.001 -72"><span class='ocrx_word' id='word_1_959' title='bbox 2225 5767 2550 5893; x_wconf 50' lang='lat' dir='ltr'><strong>quoidenollet</strong></span> <span class='ocrx_word' id='word_1_960' title='bbox 2575 5782 2595 5821; x_wconf 91' lang='lat'><strong>:</strong></span> <span class='ocrx_word' id='word_1_961' title='bbox 2622 5766 2802 5823; x_wconf 89' lang='lat' dir='ltr'><strong>minus</strong></span> <span class='ocrx_word' id='word_1_962' title='bbox 2823 5782 2969 5823; x_wconf 86' lang='lat' dir='ltr'><strong>vere.</strong></span> <span class='ocrx_word' id='word_1_963' title='bbox 2994 5710 3190 5825; x_wconf 45' lang='lat' dir='ltr'><strong>Conier</strong></span> <span class='ocrx_word' id='word_1_964' title='bbox 3238 5774 3395 5822; x_wconf 90' lang='lat' dir='ltr'><strong>tract.</strong></span> <span class='ocrx_word' id='word_1_965' title='bbox 3422 5769 3557 5840; x_wconf 87' lang='lat' dir='ltr'><strong>psal.</strong></span> <span class='ocrx_word' id='word_1_966' title='bbox 3592 5784 3697 5825; x_wconf 75' lang='lat' dir='ltr'><strong>cxx</strong></span> <span class='ocrx_word' id='word_1_967' title='bbox 3712 5783 3837 5837; x_wconf 66' lang='grc' dir='ltr'><strong>ιιι,</strong></span> 
     </span>
    </p>
   </div>
  </div>
