4040 6328
185 364 247 421 81
1396 359 1480 416 DE
1518 355 1892 416 TRINITATE
1918 356 2124 414 LIBER
2162 356 2252 414 lll.

3413 354 3484 410 82

185 483 370 539 dedisti
395 481 495 550 illi,
530 484 608 537 det
641 485 684 536 ei
713 484 865 536 vitam
893 493 1157 538 (Plet'ttttm.
1208 481 1331 538 "03c
1368 492 1441 537 est
1478 492 1646 536 autem
1677 481 1778 536 vita
1806 482 1862 544 A
1885 495 2010 536 eum
2041 480 2130 551 qui
2161 479 2454 534 moriturus
2482 489 2598 532 erat
2645 478 2782 533 intra
2825 492 2883 532 sc
2914 481 3211 530 contestata
3253 489 3358 528 non
3389 488 3480 528 ca-

183 587 398 639 wterna,
431 585 482 629 ut
510 586 815 648 cognoscant
855 587 902 630 te
928 577 1093 631 solum
1126 575 1287 630 Deum
1332 591 1524 639 rerum,
1555 584 1603 628 et
1635 590 1779 645 quem

182 670 370 724 misisti
394 667 568 724 Jesunt
609 668 890 726 Christum.
935 668 1050 740 Ego
1081 680 1129 723 te
1171 669 1454 739 clariﬁcavi
1481 685 1635 740 super
1674 677 1776 722 ter-

180 782 316 828 ram,
342 779 493 834 apere
513 773 862 818 consummato
887 766 1024 834 quod
1046 763 1231 817 dedisti
1251 764 1375 816 milii
1401 773 1454 816 ut
1474 763 1683 834 faciam.
1713 761 1777 817 Et

182 873 318 911 nunc
368 855 597 925 clari/ica
643 872 722 909 me
774 854 932 910 Pater
985 856 1124 922 apud
1175 857 1493 928 temetipsum
1545 857 1779 910 claritate

180 970 333 1024 quam
364 951 540 1017 habui,
576 952 721 1022 prius
748 968 900 1022 quam
944 953 1165 1005 mundus
1196 961 1347 1016 esset,
1378 956 1514 1022 apud
1544 960 1608 1004 te.
1651 948 1773 1003 Μα-

180 1046 420 1117 nifestavi
469 1062 649 1100 nomen
693 1055 833 1099 tuum
883 1045 1192 1110 hominibus,
1244 1060 1370 1115 quos
1415 1043 1602 1098 dedisti
1651 1044 1777 1096 mihi

179 1136 363 1207 (Joan.
407 1153 540 1204 .vvn,
575 1138 599 1191 l
635 1147 684 1191 et
727 1138 918 1210 seqq.).
958 1137 1149 1194 Verbis
1192 1137 1444 1192 brevibus
1487 1148 1540 1191 et
1593 1136 1776 1205 paucis

177 1244 342 1285 omne
369 1245 506 1300 opus
534 1228 693 1285 ofﬁcii
736 1231 816 1285 sui
848 1240 901 1285 et
930 1230 1349 1298 disjtensationis
1379 1228 1647 1299 exposuit,
1696 1231 1777 1284 ni-

180 1322 293 1378 hilo
325 1325 504 1380 minus
529 1324 653 1380 ﬁdei
686 1325 762 1395 (a)
792 1325 1076 1380 veritatem
1109 1324 1214 1398 55
1245 1323 1530 1380 adversum
1560 1339 1774 1380 omnem

176 1417 590 1487 inSpirationem
639 1417 920 1474 diabolicae
962 1419 1338 1473 fraudulentiae
1376 1420 1771 1489 conimunien‘s.

174 1510 474 1567 Curramus
500 1528 630 1584 ergo
658 1528 756 1584 per
776 1511 1016 1583 singulas
1042 1515 1307 1567 sermonis
1337 1513 1420 1566 sui
1451 1514 1699 1568 virtutes.

253 1603 340 1659 10.
373 1604 514 1672 Quid
532 1605 751 1675 postulet
775 1605 980 1671 dicens,
1005 1606 1295 1661 (Eumenes
1327 1603 1725 1660 Fumone—Ait
1758 1622 1771 1658 :

175 1694 358 1762 Pater,
397 1698 529 1751 venit
551 1696 700 1764 hora,
735 1698 966 1766 clari/ica
991 1698 1155 1766 [ilium
1185 1707 1350 1765 tuum,
1397 1707 1452 1751 ut
1480 1697 1619 1767 ﬁlius
1655 1709 1773 1752 tuus

173 1790 422 1860 clariﬁcet
450 1799 515 1852 te.
550 1789 665 1844 Non
707 1790 875 1855 diem,
919 1805 1026 1845 non
1062 1798 1293 1860 tempus,
1339 1791 1432 1845 sed
1463 1791 1650 1846 horam
1682 1805 1774 1845 ve-

1885 589 2033 644 pere.
2066 571 2332 643 Numquid
2355 580 2410 626 et
2436 572 2736 640 portionem
2760 586 2910 627 suam
2934 585 3094 640 rupes
3117 576 3174 624 et
3197 581 3324 624 saxa
3349 582 3479 622 con-

1882 666 2124 721 cedunt?
2153 664 2260 721 Sed
2289 674 2442 734 rupta
2469 664 2760 730 dissiliunt,
2809 670 2865 718 ct
2898 671 3142 716 naturam
3171 675 3326 716 suam
3357 673 3480 730 per-

1882 759 2035 826 dunt,
2061 775 2364 829 cassamque
2385 774 2451 814 ex
2475 775 2535 813 sc
2557 772 2734 812 arcam
2763 755 3185 812 incontinentem
3212 753 3478 810 condendi

1881 856 2127 923 corporis
2152 852 2496 908 conﬁtentur.

1956 948 2041 1002 ll.
2071 944 2304 1001 Christus
2327 945 2565 1016 proprius
2597 952 2667 998 est
2692 942 2786 997 Dei
2808 943 3045 1012 ﬁlius—
3068 941 3205 1011 Quid
3235 941 3300 995 ad
3332 941 3482 996 hinc?

1882 1041 2185 1096 Proclatnat
2213 1055 2428 1110 quoque
2467 1040 2710 1093 centurio
2753 1035 3014 1097 cohortis.
3049 1047 3104 1091 et
3142 1037 3320 1090 crucis
3350 1051 3478 1090 cus-

1881 1143 1986 1198 tos,
2037 1149 2148 1187 vere
2178 1131 2276 1186 Dei
2321 1131 2428 1203 56
2460 1129 2625 1184 Filius
2654 1138 2759 1182 erat
2790 1129 2884 1182 iste
2923 1127 3136 1199 (Matth.
3171 1143 3336 1190 xxv",
3362 1126 3477 1198 54).

1878 1227 2138 1283 Creatura
2177 1224 2565 1279 intercessione
2611 1222 2768 1292 hujus
2809 1221 3002 1292 piaculi
3041 1220 3338 1282 liberatur;
3383 1219 3477 1274 ﬁr—

1881 1321 2120 1374 mitatetn
2153 1329 2203 1374 et
2227 1323 2478 1372 virtutem
2507 1332 2633 1372 saxa
2673 1332 2778 1370 non
2816 1315 3069 1371 retinent.
3097 1314 3198 1381 Qui
3230 1313 3373 1368 cruci
3402 1313 3483 1368 af-

1878 1414 2128 1477 ﬁxerant,
2160 1426 2285 1465 vere
2333 1411 2422 1466 Dei
2459 1409 2652 1465 Filium
2700 1407 3026 1465 conﬁtentur
3059 1425 3072 1462 :
3111 1405 3479 1477 prrcdicationi

1878 1503 2147 1561 consentit
2167 1502 2409 1559 effectus.
2447 1503 2703 1558 Dominus
2734 1501 2942 1556 dixerat
2972 1517 2983 1554 :
3009 1498 3253 1570 Clariﬁca
3277 1495 3478 1552 Filium

1878 1609 2044 1652 tuum.
2079 1597 2193 1651 Non
2226 1597 2398 1651 solum
2430 1597 2648 1650 nomine
2676 1602 3010 1649 contestatus
3047 1599 3131 1646 est
3172 1606 3292 1646 esse
3321 1605 3380 1645 se
3416 1592 3478 1643 ti-

1876 1692 2031 1759 lium,
2053 1691 2145 1746 sed
2172 1701 2227 1746 et
2247 1691 2596 1762 proprietate,
2625 1705 2728 1760 qua
2755 1689 2954 1744 dicitur
2978 1699 3145 1741 tuum.
3169 1686 3318 1740 Multi
3336 1685 3478 1740 enim

1878 1801 1977 1840 nos
2005 1785 2098 1840 ﬁlii
2127 1786 2241 1848 Dei,
2267 1785 2362 1840 sed
2391 1800 2497 1839 non
2523 1785 2642 1838 talis
2674 1785 2758 1838 hic
2779 1782 2942 1837 ﬁlius.
2967 1782 3061 1837 llic
3085 1783 3228 1837 enim
3252 1790 3483 1834 etverus

174 1882 323 1936 uisse
349 1881 499 1936 dicit.
542 1881 600 1935 In
626 1881 753 1936 hora
785 1881 893 1936 dici
934 1881 1112 1951 portio
1149 1890 1249 1936 est.
1277 1881 1344 1935 Et
1381 1897 1502 1952 qum
1527 1882 1644 1936 haec
1673 1882 1774 1935 erit
1806 1886 1854 1944 Β
1881 1887 1935 1933 ct
1953 1879 2199 1948 proprius
2215 1888 2299 1932 est
2317 1878 2480 1943 titius,
2505 1877 2736 1948 origine,
2759 1893 2863 1931 non
2887 1875 3212 1945 adoptione;
3233 1874 3478 1939 veritate,

174 1972 342 2027 hora?
367 1973 572 2043 Nempe
607 1974 718 2036 illa,
741 1977 806 2028 de
837 1989 938 2044 qua
973 1975 1024 2027 in
1051 1981 1296 2042 tempore
1331 1973 1597 2042 passionis
1619 1975 1778 2029 disci-

173 2064 334 2136 pulos
374 2064 709 2121 conﬁrmans
744 2065 956 2118 locutus
995 2074 1079 2120 est
1125 2084 1139 2118 :
1171 2064 1306 2118 Ecce
1343 2065 1475 2119 venit
1517 2065 1676 2133 liora,
1725 2075 1780 2119 ut

175 2158 319 2227 ﬁlius
365 2158 588 2212 hominis
635 2159 948 2230 clariﬁcetur
993 2156 1173 2230 (Joan.
1202 2159 1409 2230 xu,25)
1443 2159 1608 2216 :Htec
1648 2174 1778 2229 ergo

176 2250 312 2303 hora
344 2259 447 2316 est,
481 2251 532 2303 in
561 2266 666 2321 qua
705 2265 764 2306 se
813 2265 842 2304 a
881 2251 1040 2307 Patre
1087 2252 1367 2306 clariticari
1409 2260 1548 2315 orat,
1593 2261 1648 2306 ut
1680 2251 1779 2306 Pa-

173 2351 312 2397 trem
347 2344 460 2413 ipse
484 2343 760 2399 clariﬁcet.
779 2343 884 2400 Sed
912 2344 1036 2415 quid
1069 2354 1148 2398 est
1185 2345 1325 2399 istud
1348 2344 1370 2398 ?
1393 2343 1690 2399 Clariﬁcari
1717 2359 1777 2400 se

170 2434 570 2490 clariﬁcaturus
603 2445 904 2506 exspectat,
945 2445 998 2490 et
1027 2436 1287 2490 honorem
1319 2437 1628 2492 redditurus
1675 2453 1772 2492 ex-

173 2529 438 2600 postulat,
467 2538 522 2584 et
549 2539 672 2600 eget
703 2529 804 2584 hoc
833 2529 973 2600 quod
999 2545 1214 2584 rursum
1245 2529 1552 2600 impertiet?
1586 2529 1652 2584 Et
1689 2530 1775 2585 hic

171 2632 463 2680 occurrant
501 2625 758 2695 sophistae
807 2624 993 2679 mundi
1028 2633 1082 2679 et
1123 2623 1395 2693 sapientes
1433 2623 1676 2688 Griecice,
1719 2633 1774 2680 et

171 2718 508 2790 syllogismis
563 2718 676 2771 suis
735 2717 1014 2771 veritatem
1069 2715 1334 2770 irretiant.
1385 2715 1668 2782 Quomodo
1720 2725 1776 2773 et

175 2811 324 2865 unde
364 2822 418 2866 et
456 2809 582 2881 quid
619 2823 797 2864 causa:
837 2810 908 2862 sit
941 2817 1186 2878 quierant
1215 2825 1226 2860 :
1259 2818 1313 2863 et
1342 2822 1464 2862 cum
1497 2807 1770 2876 laeserint,

173 2904 420 2972 audiant,
448 2905 582 2974 Quia
609 2904 772 2958 stulta
814 2902 999 2957 mundi
1030 2901 1195 2972 elegit
1227 2902 1364 2955 Deus
1387 2900 1465 2973 (b)
1496 2901 1541 2972 (l
1573 2900 1695 2956 Cor.
1733 2918 1768 2964 ι,

176 2995 295 3066 Ἦ).
325 2996 467 3066 Ergo
495 3011 591 3066 per
611 2995 895 3050 stultitiam
921 3004 1158 3047 nostram
1181 2992 1774 3062 intelligamus‘inintcl-

179 3090 400 3160 ligibilia
438 3088 772 3158 sapientibus
798 3086 1004 3142 mundi.
1032 3087 1250 3141 Dixerat
1281 3087 1558 3151 Dominus,
1594 3084 1774 3152 Pater,

177 3186 315 3238 venit
361 3184 486 3237 liora
513 3198 531 3237 :
559 3182 745 3237 horam
802 3180 1068 3252 passionis
1111 3181 1416 3234 ostenderat
1456 3195 1620 3244 ;nam
1660 3179 1776 3234 haec

1882 1984 1988 2024 non
2029 1969 2456 2039 nuncupatione;
2501 1969 2800 2032 nativitate,
2847 1983 2954 2022 non
2995 1967 3288 2021 creatione.
3335 1964 3482 2035 Ergo

1882 2070 2007 2132 post
2031 2061 2470 2116 clariﬁcationem
2499 2062 2640 2132 ejus,
2671 2061 2953 2117 veritatem
2988 2059 3260 2116 confessio
3291 2073 3485 2114 cense-

1881 2162 2002 2208 cuta
2030 2161 2131 2207 est.
2161 2152 2293 2206 Nam
2324 2169 2510 2208 verum
2538 2155 2632 2208 Dei
2663 2155 2829 2207 tilimn
2873 2157 3119 2208 centurio
3149 2152 3473 2214 conﬁtetur;

1882 2262 1949 2302 ne
1968 2248 2086 2316 quis
2117 2246 2453 2301 credentium
2485 2247 2804 2318 ambigeret,
2835 2247 2912 2320 (ά)
2937 2246 3078 2318 quod
3103 2246 3266 2302 homo
3296 2259 3481 2316 perse-

1879 2342 2160 2412 quentium
2193 2357 2298 2395 non
2329 2349 2594 2411 negasset.

1953 2433 2040 2488 12.
2077 2431 2301 2488 Claritas
2345 2432 2490 2487 Filio
2526 2433 2699 2487 danda
2743 2444 2789 2489 et
2838 2433 2982 2488 Patri
3027 2435 3090 2488 ab
3119 2452 3176 2490 eo
3218 2437 3480 2490 reddenda

1877 2527 2075 2580 virtutis
2100 2525 2153 2579 in
2195 2534 2408 2596 utroque
2435 2525 2682 2580 unitatem
2711 2527 2990 2597 signiﬁcat.
3017 2557 3088 2567 —
3116 2527 3223 2584 Sed
3247 2527 3385 2584 forte
3413 2544 3473 2583 ea

1876 2623 2263 2680 clariﬁeatione
2310 2622 2390 2693 (l)
2419 2623 2662 2678 creditur
2702 2623 2916 2694 eguisse
2965 2621 3131 2678 Filius
3159 2639 3317 2693 quam
3356 2639 3476 2680 ora-

1875 2717 1968 2774 bat
1997 2734 2011 2770 :
2037 2725 2094 2772 et
2123 2717 2369 2772 inﬁrmus
2393 2718 2717 2786 reperietur,
2745 2716 2871 2772 dum
2901 2717 3342 2774 clariﬁcationem
3382 2733 3476 2789 po-

1879 2811 2032 2867 tioris
2078 2821 2374 2881 exspectat.
2422 2810 2492 2865 Et
2533 2812 2656 2880 quis
2693 2827 2797 2866 non
2840 2811 3054 2866 Patrem
3087 2811 3159 2883 (ε)
3203 2812 3473 2880 potiorem

1875 2903 2240 2968 conﬁtebitur,
2274 2911 2332 2958 ut
2353 2904 2646 2973 ingenitum
2675 2919 2704 2958 a
2730 2904 2936 2974 genito,
2965 2915 3019 2958 ut
3052 2913 3259 2975 patrem
3285 2920 3312 2958 a
3343 2903 3474 2972 ﬁlio,

1878 3010 1935 3052 ut
1965 3013 2086 3051 eum
2118 2997 2208 3067 qui
2231 2997 2437 3050 miserit
2465 2996 2533 3050 ab
2557 3011 2622 3050 eo
2647 2997 2735 3066 qui
2765 2997 2962 3051 missus
2993 2997 3080 3058 sit,
3112 3007 3168 3050 ut
3202 2998 3472 3052 volentem

1876 3091 1946 3145 ab
1982 3105 2047 3144 eo
2084 3090 2173 3158 qui
2205 3088 2466 3144 obediat‘l
2506 3089 2571 3143 Et
2610 3090 2725 3158 ipse
2765 3090 2922 3144 nobis
2963 3091 3066 3143 erit
3097 3091 3286 3144 testis:
3317 3089 3477 3143 Pater

1877 3185 2046 3256 major
2075 3198 2154 3234 me
2183 3191 2252 3236 est
2276 3179 2458 3250 (Joan.
2491 3197 2602 3246 xxv,
2624 3181 2740 3252 28).
2763 3182 2886 3236 ΙΙωο
2914 3181 2984 3236 ita
3009 3190 3067 3235 ut
3097 3191 3242 3247 sunt,
3278 3181 3476 3236 intelli-

175 3280 283 3334 suh
333 3287 606 3332 momento
642 3291 708 3330 eo
740 3274 1059 3344 IOqucbatur
1094 3291 1105 3326 :
1135 3271 1328 3327 deinde
1357 3273 1576 3341 adjecit,
1605 3271 1774 3327 Clari-
1800 3277 1844 3339 Ο
1877 3276 2050 3348 genda
2089 3283 2249 3330 sunt:
2275 3274 2369 3329 sed
2411 3275 2710 3330 cavendum
2749 3286 2854 3341 est,
2898 3291 2965 3330 ne
3009 3275 3149 3346 apud
3196 3277 3476 3347 imperitos

177 3374 282 3443 [ica
312 3373 476 3442 ﬁlium
505 3381 667 3425 tuum.
696 3368 802 3425 Sed
829 3370 1099 3438 quomodo
1127 3365 1504 3422 clariﬁcandus
1542 3375 1654 3421 erat
1683 3365 1768 3420 Fi-

179 3465 325 3521 lius?
351 3463 596 3534 Namque
655 3472 810 3516 natus
841 3477 905 3514 ex
937 3461 1168 3531 virgine,
1209 3475 1238 3513 a
1269 3458 1422 3512 cuuis
1461 3467 1514 3510 et
1553 3456 1774 3511 infantia

178 3574 353 3628 usque
393 3557 458 3610 ad
503 3563 932 3612 consummatum
979 3553 1150 3607 virum
1193 3561 1414 3606 venerat
1446 3566 1580 3620 :per
1631 3564 1774 3605 som-

177 3668 334 3718 num,
353 3652 570 3714 famem,
600 3648 765 3712 sitim,
790 3645 1185 3712 lassitudinem,
1213 3646 1477 3716 lacrymas
1501 3643 1774 3698 hominem

175 3753 390 3814 egerat,
423 3743 584 3796 etiam
618 3755 760 3794 nunc
789 3737 1193 3808 conspuendus,
1242 3735 1613 3806 ﬁagellandus,
1654 3750 1778 3790 cru-

174 3834 500 3908 ciﬁgendus.
555 3832 694 3901 Quid
733 3832 906 3904 ergo?
953 3830 1117 3886 Nobis
1180 3831 1352 3885 solum
1397 3829 1669 3884 hominem
1723 3829 1775 3882 in

175 3929 404 3984 Christo
437 3929 549 3981 lucc
595 3937 749 3981 erant
777 3933 1168 3979 conteStatura.
1203 3923 1309 3979 Sed
1349 3938 1452 3977 non
1488 3920 1776 3976 confundi-

175 4039 307 4080 mur
334 4035 642 4084 cruce.non
684 4017 908 4089 flagellis
952 4017 1405 4086 przrdamuamur,
1452 4031 1556 4070 non
1607 4015 1778 4085 sputis

174 4114 544 4171 sordidamur.
592 4109 865 4168 Clariﬁcat
922 4111 1079 4164 Pater
1135 4109 1352 4163 Filium.
1407 4108 1526 4175 Quo
1581 4107 1779 4162 modo?

177 4209 424 4265 Tandem
468 4207 737 4277 sufﬁgitur
764 4206 931 4260 cruci.
973 4205 1175 4259 Deinde
1216 4203 1341 4273 quid
1375 4204 1660 4273 sequitur?
1688 4204 1778 4258 Sol

178 4319 290 4358 non
325 4302 542 4368 octidit,
574 4300 667 4354 sed
710 4299 924 4370 refugit.
980 4297 1115 4364 Quid
1161 4296 1418 4366 refugisse
1457 4296 1615 4351 dico?
1662 4295 1777 4352 Non

180 4405 440 4463 receptus
468 4395 519 4448 in
550 4392 744 4449 nubem
775 4401 880 4456 est,
905 4389 999 4445 scd
1031 4391 1098 4446 de
1123 4405 1282 4444 cursu
1322 4389 1505 4460 operis
1543 4388 1776 4444 defecit:

177 4501 236 4546 et
271 4491 545 4544 interitum
584 4502 737 4540 suum
780 4499 901 4541 Cum
939 4500 1004 4539 eo
1033 4483 1237 4553 reliqua
1285 4483 1470 4538 mundi
1514 4484 1780 4540 elementa

177 4591 472 4638 senserunt
505 4599 516 4636 :
551 4589 606 4636 et
632 4596 698 4635 ne
727 4579 848 4633 huic
869 4576 1092 4632 facinori
1121 4575 1194 4648 (ε)
1221 4576 1343 4630 ullae
1371 4576 1619 4632 tsmlestes
1646 4593 1778 4648 ope-

1878 3368 2106 3441 gloriam
2131 3367 2251 3423 Filii
2283 3368 2454 3423 honor
2487 3367 2663 3423 Patris
2691 3367 2944 3424 inﬁrmet.
2976 3369 3083 3424 Nec
3119 3369 3186 3442 (f)
3217 3368 3475 3426 inﬁrmari

1882 3461 1960 3533 ('2)
1992 3462 2190 3530 patitttr
2221 3461 2334 3515 hmc
2359 3461 2471 3529 ipsa
2497 3461 2812 3515 clariﬁcatio
2843 3461 3110 3531 postulata
3132 3461 3224 3514 :ad
3254 3461 3304 3514 id
3333 3463 3474 3516 enim

1879 3556 2022 3628 quod
2045 3555 2248 3611 dictum
2280 3565 2382 3621 est,
2418 3553 2601 3619 Pater,
2624 3555 2855 3622 clari/ica
2872 3552 2919 3606 F
2921 3556 3067 3610 ilium
3089 3565 3272 3618 tuum;
3301 3557 3482 3625 sequi-

1882 3659 1968 3705 tur
1991 3658 2047 3705 et
2074 3650 2224 3716 illud,
2262 3659 2319 3703 ut
2347 3647 2519 3703 Filius
2538 3649 2788 3719 clari/icet
2830 3660 2896 3704 te.
2929 3649 3043 3706 Non
3073 3665 3204 3722 ergo
3234 3649 3479 3706 inﬁrmus

1882 3753 1964 3800 est
1989 3743 2178 3809 Filius,
2212 3744 2386 3798 vicem
2416 3742 2818 3798 clariﬁcationis
2847 3745 2985 3814 ipse,
3029 3758 3150 3798 cum
3177 3743 3483 3798 clariﬁcan-

1880 3841 1983 3898 dus
2004 3841 2094 3904 sit,
2123 3839 2454 3895 redditurus.
2486 3838 2592 3894 Sed
2625 3836 2670 3892 si
2693 3854 2798 3892 non
2836 3837 3101 3902 inﬁrmus,
3135 3835 3262 3906 quid
3292 3845 3479 3905 postu-

1883 3933 2061 3990 labat?
2084 3947 2245 3988 nemo
2266 3933 2409 3986 enim
2437 3932 2535 3986 nisi
2566 3931 2669 3985 hoc
2693 3931 2834 4000 quod
2865 3931 2958 4002 (al.
2994 3928 3125 3999 quo)
3153 3939 3274 3996 eget
3299 3937 3479 3996 postu-

1881 4029 1975 4083 lat.
2006 4029 2109 4080 Aut
2143 4023 2404 4094 numquid
2444 4023 2692 4077 inﬁrmus
2731 4033 2814 4077 est
2842 4031 2896 4076 et
2921 4021 3115 4076 Pater?
3154 4021 3262 4097 Aut
3290 4033 3480 4072 eorum

1883 4135 2001 4188 qua:
2025 4117 2184 4171 habet
2216 4116 2285 4168 ita
2319 4114 2569 4184 profusus
2593 4124 2694 4178 est,
2741 4123 2799 4167 ut
2839 4113 2890 4168 ei
2921 4111 3236 4168 clariﬁcatio
3263 4110 3334 4165 sit
3361 4109 3484 4165 red-

1882 4209 2058 4266 denda
2085 4224 2179 4279 per
2210 4207 2450 4263 Filium?
2492 4207 2600 4263 Sed
2634 4223 2806 4278 neque
2835 4207 2920 4261 hic
2960 4208 3130 4278 eguit,
3179 4221 3351 4274 neque
3392 4205 3485 4260 ille

1879 4302 2188 4358 desiderat:
2216 4311 2272 4357 et
2300 4311 2476 4357 tamen
2528 4301 2682 4357 alteri
2713 4303 2848 4356 alter
2887 4300 2964 4374 (g)
3012 4301 3305 4369 impertiet.
3342 4298 3485 4369 Ergo

1884 4394 2248 4466 expostulatio
2281 4393 2687 4450 clariﬁcationis
2727 4395 2942 4460 dandae,
2972 4395 3322 4466 vicissimque
3369 4393 3487 4448 red-

1885 4489 2096 4554 denda),
2127 4505 2227 4546 nec
2261 4489 2402 4545 Patri
2425 4489 2715 4560 quidquam
2760 4490 2966 4555 adimit,
2993 4506 3095 4545 nec
3129 4490 3367 4545 inﬁrmat
3397 4488 3487 4543 Fi-

1886 4583 2051 4648 lium;
2075 4583 2168 4639 scd
2191 4584 2439 4639 eamdem
2467 4583 2763 4639 divinitatis
2783 4583 3025 4639 ostendit
3051 4584 3104 4639 in
3131 4593 3360 4654 utroque
3379 4583 3490 4637 vir-

179 4677 430 4733 rationes
462 4675 806 4737 interessent,
839 4671 1242 4727 intercessionis
1269 4670 1426 4740 hujus
1464 4672 1785 4730 necessitate
1811 4676 1864 4738 D
1891 4685 2058 4732 {mem
2107 4692 2230 4732 cum
2280 4686 2334 4730 ct
2373 4676 2655 4730 clariﬁcari
2699 4690 2758 4730 se
2793 4675 2958 4730 Filius
2997 4691 3027 4730 a
3062 4675 3220 4730 Patre
3263 4685 3402 4739 oret,
3435 4684 3490 4728 et

177 4767 417 4837 quadam
450 4767 529 4819 sui
558 4765 854 4820 abolitione
883 4771 1195 4818 caruerunt.
1245 4762 1348 4819 Sed
1379 4772 1520 4818 terra
1549 4765 1674 4834 quid
1703 4765 1776 4822 fe-

177 4861 299 4918 cit?
337 4861 418 4915 Ad
465 4875 602 4914 onus
631 4858 840 4913 Domini
885 4857 940 4912 in
971 4857 1116 4927 ligno
1157 4855 1440 4926 pendentis
1480 4856 1782 4929 intremuit,

263 5004 341 5078 (1)
372 5003 689 5059 Crederetur.

265 5119 342 5191 (a)
371 5119 500 5174 Sola
524 5117 690 5172 editio
719 5115 990 5191 Par._ﬁde_i
1010 5114 1344 5191 voluntatem.

266 5185 343 5265 (ὁ)
373 5191 725 5246 Carnutcnsis
767 5188 940 5244 codex
969 5187 1057 5242 hic
1085 5185 1254 5247 addit,
1285 5194 1342 5238 ut
1387 5185 1671 5256 confundat
1705 5203 1789 5241 sa-

203 5273 405 5318 nentes.

183 5285 600 5403 Ῑηῗὲιιεῧιηεειιί,
634 5333 741 5386 illic
778 5331 1000 5403 ctelestes
1030 5345 1048 5384 :
1081 5328 1411 5403 castigantur
1445 5342 1515 5382 ex
1549 5343 1680 5403 mss.

266 5400 351 5478 (Δ)
383 5400 525 5474 Lips.
552 5412 606 5478 et
630 5404 890 5478 Par.‘poSt
917 5402 1030 5478 l'lr.,
1048 5401 1182 5469 quod
1202 5416 1334 5454 unus
1357 5400 1794 5471 persequentium:

185 5474 394 5535 nullius
423 5477 622 5529 veteris
647 5475 766 5528 libri
795 5474 1131 5528 auctoritate.

275 5553 344 5614 (ε)
385 5548 537 5605 Sicut
562 5545 726 5600 ilhcsa
777 5545 878 5598 lide
909 5543 1144 5598 Hilarius
1185 5542 1269 5596 hic
1308 5541 1523 5596 Patrem
1557 5540 1798 5598 affirmat

191 5622 339 5679 Filio
372 5620 655 5688 potiorem.
682 5631 784 5687 qua
813 5617 877 5670 de
904 5633 961 5670 re
991 5625 1225 5688 mentem
1259 5627 1409 5688 suam
1441 5615 1795 5688 explicans_in

193 5693 340 5764 psal.
372 5683 626 5751 cxxxvnt,
662 5683 840 5764 nI_l_7,
873 5690 947 5741 ait
983 5705 993 5737 :
1027 5684 1120 5764 Est
1146 5687 1280 5739 enim
1318 5684 1472 5740 Pater
1501 5685 1671 5756 major

198 5758 303 5828 lio,
334 5763 423 5818 sed
450 5773 506 5816 ut
539 5772 681 5827 pater
713 5761 844 5823 ﬁlio,
877 5759 1199 5830 generatione
1226 5772 1329 5809 non
1355 5772 1554 5830 genere,
1583 5767 1639 5810 et
1663 5758 1803 5830 sicut

204 5838 256 5891 ei
291 5827 644 5890 ctutsentiens
686 5827 1010 5886 Athanasius
1042 5827 1134 5885 0r.
1168 5843 1204 5882 ιι
1249 5835 1396 5881 cont.
1434 5827 1557 5891 Λικ,
1587 5844 1638 5898 p.
1672 5828 1800 5896 565,

208 5909 376 5962 habet
401 5925 412 5960 :
447 5905 600 5960 Pater
625 5907 792 5975 Major
818 5912 888 5957 est
916 5900 1080 5967 Filio,
1123 5915 1224 5954 non
1251 5899 1604 5969 magnitudine
1633 5901 1805 5969 aliqua

1889 4770 2329 4826 elariﬁeationem
2372 4769 2532 4824 Pater
2577 4784 2682 4824 non
2723 4767 3046 4840 dedignetur
3089 4785 3117 4821 a
3160 4768 3298 4824 Filio
3337 4786 3348 4820 :
3389 4766 3484 4823 sed

1890 4862 2008 4919 haec
2035 4864 2087 4918 in
2114 4861 2272 4918 Patre
2293 4871 2348 4918 et
2375 4860 2514 4918 Filio
2537 4861 2748 4917 virtutis
2777 4862 3058 4927 unitatem,
3091 4875 3188 4931 per
3216 4858 3488 4916 vicissitu-

1965 5005 2044 5078 (2)
2078 5004 2150 5062 Se
2179 5005 2396 5076 patitur.

1895 5117 1974 5192 vel
2004 5129 2245 5188 tempore,
2279 5119 2369 5192 sed
2400 5117 3017 5192 prapterfr'generationem
3059 5136 3122 5175 ea:
3146 5119 3258 5192 ipso
3284 5119 3444 5192 Patre
3474 5136 3493 5174 :

1896 5189 1968 5244 ita
2000 5198 2054 5244 et
2093 5190 2340 5244 excusari
2364 5198 2543 5259 potest
2581 5189 2709 5246 illud
2749 5189 3020 5260 Origcnis,
3051 5202 3089 5246 ι.
3126 5206 3208 5258 ιιι,
3242 5191 3294 5244 in
3329 5189 3490 5246 Joan.

1896 5260 2026 5315 edit.
2048 5260 2248 5328 Huetii,
2290 5277 2345 5332 p.
2373 5263 2476 5317 7U:
2512 5260 2680 5316 Tertio
2721 5262 2908 5316 dicitur
2936 5263 3044 5317 lucc
3071 5262 3162 5317 lux
3202 5263 3294 5315 lux
3322 5275 3444 5314 vera
3476 5276 3494 5315 :

1896 5349 1997 5400 qua
2022 5334 2221 5386 ratione
2254 5332 2410 5387 Pater
2441 5334 2666 5388 veritatis
2695 5332 2839 5388 Deus
2868 5336 3090 5403 amplior
3129 5344 3176 5387 et
3204 5336 3372 5404 major
3399 5342 3492 5397 est,

1897 5420 2052 5474 quam
2076 5406 2297 5471 veritas;
2319 5414 2365 5459 et
2387 5416 2531 5477 pater
2551 5421 2664 5458 cum
2691 5407 2756 5459 sit
2777 5407 3046 5477 sapientia,
3076 5403 3405 5477 praestantior
3424 5414 3498 5457 est

1901 5477 2015 5546 ipsa
2056 5477 2354 5544 sapientia:
2387 5476 2482 5530 hac
2512 5477 2663 5530 etiam
2700 5479 2898 5531 ratione
2925 5476 3124 5529 excellit
3161 5491 3276 5528 eum
3303 5477 3390 5542 qui
3426 5483 3501 5530 est

1903 5548 1995 5602 lux
2020 5563 2155 5612 vera,
2182 5548 2390 5604 scilicet
2418 5548 2712 5602 Christum.
2740 5549 2882 5603 Idem
2908 5557 3027 5602 esto
3049 5546 3306 5616 judicium
3329 5546 3396 5602 de
3425 5547 3499 5602 si-

1906 5619 2120 5673 milibus
2151 5619 2376 5674 aliorum
2405 5619 2624 5674 Patrum
2657 5618 2956 5674 sententiis.

1981 5688 2049 5764 (ι’)
2077 5690 2129 5764 In
2154 5691 2404 5761 vulgatis,
2428 5691 2682 5757 inﬁrmari
2699 5688 3200 5764 seminum-Abest
3220 5701 3274 5746 se
3302 5703 3332 5745 a
3363 5700 3496 5745 m99t

1905 5757 2058 5830 cujus
2085 5762 2202 5818 loco
2231 5757 2529 5833 intelligere
2549 5771 2629 5815 est
2647 5757 2873 5833 gloriam
2903 5757 3052 5816 Filii.

1984 5834 2061 5904 (g)
2091 5833 2164 5890 lla
2200 5849 2332 5893 mss.
2358 5832 2427 5890 At
2461 5833 2612 5898 editi,
2638 5832 2882 5903 impertit.
