4040 6328
575 283 645 333 87'»
1781 281 2018 336 SANCTI
2066 282 2195 336 llll..-‘

2306 286 2316 335 l
2365 282 2664 338 Ειηςιῖιιιιι
3813 286 3876 338 Si

576 399 755 452 dinem
797 396 984 451 danda:
1025 406 1075 450 et
1117 397 1196 470 (Ι)
1240 395 1314 469 (u)
1363 395 1722 466 t‘ependetnla:
1768 391 2169 449 clariﬁcationis
2199 398 2251 455 Λ
2278 411 2451 466 pugna
2482 395 2768 449 verborum
2803 396 2919 449 est?
2961 394 3082 450 Vita
3115 405 3198 450 est
3223 410 3407 450 verum
3452 395 3617 450 Deum
3668 411 3872 448 nosse:

575 491 890 546 ostendunt.

644 585 732 640 1'5.
753 581 972 638 Claritas
1002 599 1153 654 quam
1182 582 1279 637 sibi
1315 579 1474 637 Pater
1504 589 1551 636 et
1581 580 1752 636 Filius
1776 581 2032 645 exhibent,
2057 597 2174 651 qua:

578 677 663 732 sit.
687 675 879 730 -—Sed
921 674 1234 730 clariﬁcatio
1267 675 1381 732 hzec
1409 691 1528 746 quae
1563 676 1653 741 sit,
1683 685 1734 730 et
1757 690 1824 730 ex
1863 674 2056 746 quibus
2081 675 2169 739 sit,

578 769 910 826 noscendum
939 780 1019 825 est
1044 766 1194 842 (Tres
1226 784 1350 822 mss.
1392 767 1744 834 docendum).
1779 767 1917 832 Non,
1955 768 2170 838 opinor,

582 863 928 919 demutabilis
979 863 1122 918 Deus
1160 871 1263 929 est,
1305 877 1476 932 neque
1526 861 1580 916 in
1624 861 1982 916 aeternitatem
2031 859 2176 914 cadit

574 965 666 1011 aut
688 955 876 1010 vititnn
906 954 1343 1020 autemendatio,
1362 962 1454 1009 aut
1477 954 1744 1023 profectus
1770 952 2132 1008 autdamnum
2157 969 2172 1019 ;

526 1065 530 1069 λ
581 1047 676 1103 sed
701 1047 842 1118 quod
875 1057 973 1111 est,
1003 1063 1217 1118 semper
1255 1055 1358 1114 est,
1401 1047 1505 1120 57
1531 1047 1633 1101 hoc
1663 1049 1808 1102 enim
1837 1047 1946 1101 Deo
1968 1053 2052 1102 est
2081 1061 2178 1116 pe-

574 1142 797 1198 culiare.
824 1139 976 1208 Quod
1015 1155 1231 1210 semper
1267 1150 1370 1206 est,
1416 1141 1619 1197 habere
1659 1140 1948 1212 aliquando
1978 1140 2030 1195 in
2078 1155 2178 1195 na-

576 1243 694 1288 tura
727 1247 832 1288 non
859 1233 1055 1303 poterit
1079 1245 1134 1288 ut
1159 1248 1264 1288 non
1291 1233 1362 1288 sit
1393 1249 1408 1290 :
1432 1249 1540 1304 quo
1565 1233 1725 1288 modo
1755 1249 1884 1304 ergo
1913 1232 2177 1290 clariﬁca-

577 1325 742 1387 hitur,
775 1325 919 1396 quod
946 1342 1043 1380 suo
1060 1340 1162 1380 non
1193 1337 1336 1397 eget,
1368 1341 1542 1398 neque
1563 1342 1591 1381 a
1615 1342 1673 1382 se
1711 1325 1923 1392 deﬁcit;
1950 1327 2175 1399 (supple,

578 1421 649 1474 ita
684 1418 764 1492 ut)
803 1436 979 1490 neque
1009 1417 1298 1490 quidquam
1341 1420 1412 1475 sit
1451 1418 1593 1491 quod
1633 1420 1686 1475 in
1732 1435 1790 1475 se
1821 1421 2068 1490 recipiat,
2095 1433 2181 1474 ne-

577 1530 682 1584 que
713 1514 954 1569 amiserit
980 1524 1038 1568 ut
1085 1513 1362 1568 resumat?
1401 1512 1704 1577 Haeremus,
1743 1527 2034 1568 moramur.
2073 1509 2180 1567 Sed

580 1605 948 1675 intelligentiae
1013 1613 1215 1660 nostra:
1263 1605 1632 1660 inﬁrmitatem
1681 1604 2017 1675 Evangelista
2073 1617 2181 1657 non

583 1697 807 1764 deserit,
855 1698 946 1768 qui
975 1711 1135 1768 quam
1173 1696 1616 1752 clariﬁcationem
1661 1696 1806 1751 Patri
1846 1693 2014 1750 Filius
2039 1703 2184 1750 esset

2273 485 2368 542 sed
2402 484 2599 540 nudum
2645 485 2744 540 hoc
2773 501 2879 540 non
2910 486 3031 540 facit
3065 485 3251 539 vitam.
3276 485 3410 554 Quid
3442 499 3572 556 ergo
3598 487 3877 542 connecti-

2277 579 2396 634 tur?
2428 579 2493 634 Et
2520 595 2668 647 quem
2698 580 2882 633 misisti
2909 579 3089 634 Iesum
3132 579 3414 635 Christum.
3461 578 3688 635 Debitus
3733 578 3874 633 l'alri

2276 690 2303 728 a
2340 673 2476 728 Filio
2530 673 2704 728 honor
2751 673 3012 734 redditur,
3057 687 3179 728 cum
3235 673 3366 728 dicit
3413 682 3460 727 te
3501 673 3668 728 solum
3709 687 3877 726 verum

2277 763 2461 821 Deum.
2504 764 2620 820 Non
2661 775 2838 821 tamen
2887 779 2946 820 se
2977 764 3145 820 Filius
3171 781 3199 818 a
3231 761 3324 820 Dei
3358 765 3585 820 veritate
3621 767 3875 828 secernit,

2277 873 2398 916 cum
2429 858 2666 930 adjuugit
2698 868 2784 913 :et
2821 875 2968 928 quem
3000 859 3188 913 misisti
3225 855 3403 912 Iesum
3448 855 3731 912 Christum.
3769 857 3876 913 Non

2279 953 2439 1009 habet
2467 953 2806 1008 intervallum
2834 952 3105 1008 confessio
3135 951 3598 1022 credentium,th
3639 953 3696 1005 in
3739 961 3879 1006 utro.

2279 1064 2382 1120 quc
2409 1061 2536 1118 Spes
2564 1048 2684 1102 vita:
2715 1057 2833 1103 est:
2870 1061 2970 1101 nec
2998 1045 3139 1101 Deus
3167 1059 3325 1101 verus
3351 1047 3419 1100 ab
3447 1060 3511 1100 eo
3540 1043 3765 1108 deﬁcit,
3795 1045 3877 1114 qui

2281 1143 2335 1198 in
2373 1140 2752 1212 conjunctione
2801 1139 3061 1194 succedit.
3101 1137 3235 1194 Cum
3282 1153 3411 1208 ergo
3448 1138 3681 1192 dicitur:
3717 1135 3785 1192 Ut
3807 1155 3880 1190 ro-

2281 1243 2528 1309 gnosrant
2549 1245 2596 1288 te
2617 1235 2783 1288 solum
2807 1249 2982 1288 verum
3023 1232 3207 1294 Deum,
3253 1241 3299 1288 et
3329 1248 3476 1304 quem
3504 1231 3691 1286 misisti
3714 1230 3878 1285 Jesum

2283 1324 2566 1391 Christum;
2596 1325 2695 1379 sub
2722 1324 2832 1396 58
2859 1323 2958 1379 hac
2977 1323 3397 1394 signiﬁcatione,
3422 1321 3474 1377 id
3497 1332 3600 1390 est,
3623 1322 3878 1378 mittentis

2283 1417 2528 1484 etmissi,
2546 1433 2651 1472 non
2675 1416 2848 1471 Patris
2867 1427 2920 1470 et
2945 1415 3068 1471 Filii
3091 1416 3288 1470 veritas
3317 1425 3370 1470 et
3391 1414 3646 1470 divinitas
3672 1415 3777 1471 sub
3801 1416 3882 1470 ali-

2283 1526 2387 1582 qua
2425 1519 2516 1564 aut
2546 1509 2952 1580 signiﬁcationis
2981 1519 3072 1564 aut
3111 1508 3393 1564 dilationis
3423 1509 3749 1564 diversitate
3780 1509 3878 1564 dis-

2285 1604 2542 1669 cernitur,
2559 1602 2652 1658 sed
2671 1603 2734 1657 ad
2755 1603 3023 1673 gignentis
3049 1612 3103 1658 et
3130 1602 3296 1672 geniti
3324 1601 3726 1659 confessionem
3756 1601 3871 1660 ﬁdes

2287 1697 2566 1769 religionis
2599 1696 2898 1752 instruitur.

582 1791 889 1847 redditurus
919 1791 1178 1861 ostendit,
1219 1791 1407 1848 dicens
1439 1807 1452 1844 :
1481 1791 1626 1846 Sicut
1657 1790 1843 1845 dedisti
1873 1790 1919 1844 ei
1960 1798 2179 1857 potesta.
2212 1785 2260 1845 B
2360 1790 2448 1846 ts.
2491 1788 2634 1844 Laus
2665 1787 2792 1844 Filii
2827 1791 2940 1843 laus
2962 1800 3036 1844 est
3062 1789 3334 1844 Patris.—
3356 1788 3499 1860 Ergo
3519 1789 3771 1844 absolute
3788 1789 3872 1844 Pa-

583 1894 681 1937 tem
710 1885 878 1938 omnis
909 1885 1102 1951 carnis,
1159 1895 1215 1938 ut
1238 1900 1387 1938 omne
1411 1883 1548 1954 quod
1589 1883 1772 1938 dedisti
1802 1882 1902 1949 illi,
1934 1882 2017 1936 det
2044 1884 2089 1937 ei
2113 1882 2189 1936 ui-

585 1986 689 2031 tam
715 1988 980 2033 (sternam.
1016 1977 1141 2033 ch
1171 1987 1242 2032 est
1279 1986 1449 2031 autent
1494 1978 1595 2030 vita
1634 1985 1845 2041 (eterna,
1886 1986 1944 2030 ut
1971 1992 2189 2047 cognos-

586 2080 706 2124 cant
752 2080 798 2125 te
841 2073 1010 2125 solum
1052 2087 1227 2126 verum
1280 2067 1470 2137 Deum,
1509 2079 1554 2124 et
1593 2085 1740 2140 quem
1791 2069 1972 2123 misisti
2007 2067 2188 2123 Jesum

585 2162 843 2218 Christum
893 2161 1071 2235 (Joan.
1104 2179 1236 2230 χιιι,
1277 2163 1312 2216 2
1348 2171 1395 2216 et
1437 2162 1514 2234 5).
1557 2160 1898 2216 Clariﬁcatur
1937 2177 2066 2232 ergo
2095 2177 2191 2231 per

585 2253 781 2310 Filium
806 2255 987 2323 Pater,
1024 2257 1076 2311 in
1099 2271 1166 2312 eo
1192 2254 1334 2326 quod
1359 2254 1430 2310 sit
1451 2269 1478 2307 a
1505 2254 1662 2309 nobis
1683 2253 1758 2326 (ὁ)
1784 2254 2184 2326 intelligendus.

587 2350 815 2406 Claritas
853 2361 1032 2407 autem
1068 2352 1184 2407 hinc
1214 2359 1352 2419 erat,
1382 2349 1526 2423 quod
1561 2349 1629 2404 ab
1659 2365 1724 2406 eo
1758 2349 1927 2404 Filius
1955 2359 2192 2420 potesta-

589 2454 697 2500 tem
747 2447 924 2500 omnis
981 2447 1164 2502 carnis
1209 2455 1496 2519 acceperat
1531 2446 1606 2516 (c)
1652 2459 1780 2500 caro
1827 2444 1997 2500 factus
2051 2444 2188 2514 ipse,

587 2538 730 2605 quod
761 2538 883 2592 vita:
918 2540 1274 2592 aeternitatem
1319 2547 1436 2593 erat
1472 2536 1694 2592 caducis
1737 2543 1791 2591 et
1830 2537 2108 2606 corporeis
2137 2544 2192 2592 et

591 2630 913 2685 mortalibus
940 2629 1270 2686 redditurus.
1305 2630 1443 2686 Viue
1468 2639 1648 2685 autem
1688 2638 1886 2684 nostra:
1917 2631 2193 2685 aeternitas

593 2737 703 2778 non
728 2723 1056 2794 operationis
1080 2735 1216 2791 erat,
1244 2724 1340 2778 sed
1364 2723 1580 2779 virtutis
1607 2721 1832 2779 effectus
1859 2735 2012 2778 .cum
2037 2734 2197 2778 mter-

596 2815 779 2870 nitatis
807 2816 1034 2886 gloriam
1066 2831 1171 2869 non
1198 2814 1310 2886 jam
1355 2815 1562 2870 molitio
1594 2829 1752 2880 nova,
1805 2815 1900 2869 sed
1952 2815 2063 2869 sola
2100 2813 2196 2871 Dei

596 2917 740 2963 esset
767 2911 1004 2980 cognitio
1032 2919 1328 2979 sumptura.
1370 2909 1514 2980 Ergo
1555 2924 1660 2964 non
1701 2910 1922 2964 claritas
1953 2909 2062 2964 Deo
2101 2910 2198 2964 ad-

593 3001 768 3066 ditur;
795 3016 969 3072 ueque
1010 3003 1153 3056 enim
1185 3001 1498 3058 decesserat
1529 3011 1585 3056 ut
1615 3001 1910 3058 adderetur
1939 3021 1950 3056 :
1987 3002 2082 3058 sed
2105 3017 2199 3072 per

595 3093 792 3150 Filium
824 3096 1152 3151 clariticatur
1185 3096 1327 3166 apud
1358 3111 1457 3152 nos
1491 3095 1794 3164 imperitos,
1821 3095 2052 3167 refugas,
2082 3111 2198 3151 sor-

2294 1891 2428 1937 trem
2460 1882 2628 1937 Filius
2649 1882 2910 1937 clariﬁcat
2939 1883 2989 1937 in
3010 1897 3078 1938 eo
3101 1882 3244 1953 quod
3275 1881 3549 1950 sequitur:
3576 1878 3688 1953 Ego
3713 1893 3768 1936 te
3789 1883 3878 1936 clu-

2301 1976 2500 2047 ri/icavi
2535 1993 2690 2049 super
2731 1985 2920 2030 terram
2951 1993 3100 2049 apere
3134 1985 3506 2043 consummato,
3537 1978 3674 2048 quod
3713 1977 3876 2030 dedisti

2293 2069 2422 2122 mihi
2451 2076 2504 2120 ut
2534 2069 2744 2136 faciam.
2777 2067 2918 2123 Laus
2947 2069 3123 2123 Patris
3149 2069 3327 2124 omnis
3351 2085 3380 2124 a
3433 2067 3566 2123 Filio
3605 2077 3731 2124 est:
3775 2070 3875 2140 quia

2294 2165 2346 2219 in
2379 2164 2574 2234 quibus
2625 2163 2930 2219 laudabitur
2957 2163 3150 2231 Filius,
3192 2161 3310 2218 laus
3366 2163 3470 2219 erit
3523 2162 3723 2219 Patris.
3759 2164 3876 2219 (Ion-

2294 2269 2527 2313 summat
2557 2258 2700 2313 enim
2729 2258 2929 2325 omnia,
2949 2274 3070 2330 qua:
3093 2258 3252 2314 Pater
3272 2256 3463 2313 voluit.
3481 2256 3574 2312 Del
3605 2255 3773 2313 Filius
3797 2255 3868 2312 ho-

2295 2367 2385 2406 mo
2417 2351 2696 2417 nascitur;
2737 2351 2832 2407 sed
2891 2351 2985 2408 Dei
3022 2352 3075 2405 in
3119 2360 3272 2422 partu
3321 2351 3542 2421 virginis
3585 2350 3762 2405 virtus
3791 2357 3871 2404 est.

2302 2444 2395 2500 Dei
2425 2444 2594 2500 Filius
2625 2443 2790 2499 homo
2828 2445 3102 2510 cernitur;
3135 2443 3227 2499 sed
3267 2443 3407 2500 Deus
3438 2443 3490 2498 in
3517 2443 3774 2514 operibus
3799 2441 3875 2495 llo-

2304 2538 2467 2594 minis
2496 2537 2699 2594 existit.
2735 2537 2830 2593 Dei
2860 2537 3028 2593 Filius
3071 2537 3215 2594 cruci
3257 2537 3465 2608 ﬁgitur;
3508 2535 3601 2592 Sed
3641 2538 3693 2591 in
3743 2549 3876 2592 cruce

2298 2631 2532 2686 hominis
2561 2639 2789 2688 mortem
2825 2631 2965 2687 Deus
2988 2631 3169 2687 vincit.
3200 2630 3448 2687 Christus
3474 2631 3564 2686 Dei
3584 2630 3756 2686 Filius
3780 2643 3874 2683 Ino-

2299 2726 2469 2791 ritur;
2503 2723 2598 2780 sed
2621 2725 2796 2780 omnis
2827 2739 2954 2779 caro
3007 2723 3307 2780 viviﬁcatur
3343 2725 3396 2780 in
3419 2723 3661 2780 Christo.
3691 2724 3780 2778 Dei
3807 2721 3866 2777 Fi’

2298 2817 2402 2872 lius
2427 2818 2479 2872 in
2513 2816 2700 2873 inleris
2722 2825 2838 2884 est;
2881 2815 2978 2873 sed
3005 2816 3166 2870 homo
3210 2817 3443 2873 refertur
3491 2816 3558 2870 ad
3585 2817 3800 2872 caelum.
3833 2814 3873 2868 In

2299 2918 2556 2980 quantum
2581 2911 2695 2966 lucc
2723 2910 3081 2966 laudabuntur
3110 2910 3160 2965 in
3189 2909 3430 2974 Christo,
3464 2918 3615 2964 tanto
3639 2911 3758 2980 plus
3787 2911 3875 2963 lau-

2301 3002 2386 3057 dis
2421 3017 2448 3056 a
2480 2986 2588 3074 quo
2617 3001 2862 3057 Christus
2904 3003 3046 3057 Deus
3075 3011 3156 3057 est
3183 3015 3568 3073 consequetur.
3605 3000 3699 3056 His
3746 3001 3875 3072 igitur

2304 3096 2477 3150 modis
2501 3096 2661 3150 Pater
2688 3095 2881 3150 Filium
2906 3095 3168 3151 clariﬁcat
3195 3109 3357 3166 super
3383 3105 3620 3150 terram:
3665 3108 3875 3150 rursum-

596 3189 772 3256 didos,
805 3190 882 3260 (ά)
908 3191 1025 3245 sine
1052 3204 1149 3260 spe
1178 3198 1438 3253 mortuos,
1470 3190 1589 3245 sine
1618 3190 1736 3262 lege
1762 3191 2080 3246 tenebrosus
2105 3209 2119 3256 ;
2145 3202 2199 3248 et
2225 3179 2271 3243 C
2307 3204 2408 3258 que
2431 3188 2598 3244 Filius
2621 3189 2938 3258 ignorationi
2959 3189 3198 3259 gentium
3227 3197 3281 3243 et
3307 3188 3548 3244 stultitim
3570 3189 3770 3253 siccati,
3799 3199 3870 3253 laet

599 3280 928 3336 clariﬁcatur
959 3296 1053 3350 per
1079 3281 1152 3344 id,
1181 3281 1322 3351 quod
1351 3281 1418 3336 ab
1449 3295 1514 3337 eo
1542 3281 1710 3336 Filius
1740 3293 2062 3350 potestatem
2095 3299 2204 3338 orn-

602 3375 685 3426 nis
716 3372 900 3426 carnis
929 3373 1222 3442 acceperit,
1251 3374 1412 3427 vitam
1446 3374 1495 3428 ei
1535 3382 1790 3428 aeternam
1821 3375 2063 3430 daturus.
2103 3376 2206 3430 Per

604 3465 719 3520 haec
752 3465 912 3536 igitur
939 3466 1053 3520 Filii
1082 3479 1248 3536 opera
1285 3466 1616 3521 clariticatur
1659 3468 1832 3521 Pater.
1868 3468 2051 3539 Itaque
2081 3485 2202 3524 cum

603 3557 782 3612 omnia
809 3556 972 3610 Filius
1003 3557 1232 3626 accepit,
1262 3554 1586 3612 clariﬁcatus
1612 3572 1640 3612 a
1673 3558 1832 3614 Patre
1858 3569 1972 3624 est;
1997 3569 2049 3614 et
2075 3576 2203 3616 con-

605 3658 686 3704 tra
713 3647 1041 3704 clariticatur
1071 3651 1248 3717 Pater,
1271 3665 1394 3705 cum
1424 3650 1560 3704 ﬁunt
1582 3652 1831 3708 universa
1865 3667 1961 3722 per
1981 3653 2201 3710 Filium.

605 3742 676 3798 Et.
713 3741 932 3797 claritas
959 3751 1179 3813 accepta
1211 3742 1392 3814 sic(2)
1430 3743 1688 3809 redditur,
1726 3745 1948 3816 utquod
1984 3745 2204 3802 clarita-

607 3835 674 3889 tis
701 3835 750 3889 in
791 3833 931 3890 Filio
958 3842 1060 3894 est.
1109 3834 1161 3889 id
1212 3841 1384 3891 totum
1416 3835 1634 3890 claritas
1662 3835 1836 3890 Patris
1884 3837 1955 3891 sit
1983 3855 1995 3891 :
2022 3837 2144 3908 quia
2175 3852 2208 3894 a

611 3925 773 3982 Patre
815 3927 1028 3996 accepit
1057 3926 1272 3992 omnia;
1315 3926 1439 3997 quia
1490 3926 1664 3982 honor
1695 3926 2003 3984 famulantis
2032 3928 2105 4001 (c)
2150 3929 2203 3984 in

608 4020 871 4076 honorem
918 4018 1184 4076 mittentis
1223 4027 1330 4088 est,
1355 4027 1413 4074 ut
1443 4019 1617 4074 honor
1643 4018 1913 4091 gignentis
1943 4022 1993 4075 in
2037 4021 2210 4077 hono-

604 4130 719 4171 rem
750 4115 1024 4170 nascentis
1051 4122 1156 4196 est.

679 4206 908 4277 “Spes
937 4207 1053 4262 uita:
1073 4207 1248 4262 nonin
1269 4207 1378 4262 solo
1397 4207 1570 4276 Patre,
1593 4209 1685 4264 sed
1704 4219 1750 4264 et
1772 4208 1824 4264 in
1847 4207 2002 4265 Filio.
2028 4209 2210 4266 Missio

609 4316 714 4355 non
744 4311 1002 4367 naturam,
1035 4300 1124 4354 sed
1153 4315 1397 4371 personas
1421 4301 1763 4356 discriminat.
1796 4331 1867 4343 ——
1887 4303 1992 4357 Sed
2023 4305 2073 4358 in
2101 4319 2210 4374 quo

612 4391 828 4447 tandem
860 4391 1136 4446 aeternitas
1167 4390 1291 4444 vitae
1322 4392 1442 4447 est?
1469 4391 1556 4446 Ait
1588 4393 1703 4462 ipse
1730 4409 1743 4444 :
1795 4393 1864 4448 Ut
1901 4406 2208 4466 cognoscant

609 4497 656 4541 te
705 4487 876 4541 solum
923 4501 1098 4541 verum
1129 4483 1294 4539 Deum
1317 4495 1406 4550 ;et
1433 4501 1577 4552 quem
1603 4487 1791 4540 misisti
1829 4487 2005 4542 Iesum
2029 4486 2208 4546 Chris-

2309 3283 2376 3353 (f)
2407 3281 2661 3336 virtutum
2710 3296 2928 3335 suarum
2976 3295 3169 3350 opera,
3201 3294 3324 3336 eum
3375 3295 3441 3335 ex
3501 3295 3609 3351 quo
3665 3291 3746 3337 est
3785 3283 3875 3349 ipse

2308 3377 2586 3432 clariﬁcat.
2621 3375 2689 3430 Et
2719 3378 2832 3430 lucc
2864 3375 3083 3446 quldem
3135 3375 3539 3432 clariﬁcatimtis
3593 3375 3873 3432 vicissitudo

2310 3483 2417 3523 non
2449 3469 2684 3537 pertinet
2705 3468 2768 3522 ad
2787 3468 3081 3523 divinitatis
3104 3467 3425 3538 profectum,
3453 3467 3546 3523 sed
3566 3468 3631 3522 d
3650 3469 3874 3525 ilOttOlt‘Jl

2311 3575 2431 3616 cum
2464 3561 2554 3632 qui
2596 3578 2661 3616 ex
2716 3561 3023 3632 cognitione
3080 3562 3439 3631 ignorantium
3490 3562 3873 3631 suscipiebatur.

2309 3653 2426 3724 Quo
2452 3656 2594 3710 enim
2627 3654 2786 3710 Pater
2813 3671 2918 3710 non
2969 3655 3298 3719 abundabat,
3327 3671 3391 3710 ex
3447 3671 3558 3726 quo
3615 3667 3740 3711 sunt
3782 3671 3877 3709 om-

2310 3749 2433 3804 nia?
2468 3747 2560 3803 Vel
2589 3749 2718 3818 quid
2742 3747 2884 3804 Filio
2906 3749 3124 3814 deerat,
3153 3751 3205 3803 in
3234 3765 3340 3820 quo
3371 3751 3767 3821 complacuerat
3788 3764 3879 3802 om-

2311 3857 2434 3897 nem
2483 3840 2875 3912 pleuitudinem
2903 3843 3199 3897 divinitatis
3253 3841 3532 3898 habitare?
3564 3844 3706 3914 Ergo
3735 3843 3880 3896 clari-

2315 3934 2504 3990 ﬁcatur
2537 3934 2696 3989 Pater
2724 3933 2776 3989 in
2809 3942 2976 4002 terra,
3007 3935 3131 4006 quia
3166 3949 3302 4005 Opus
3332 3934 3449 4005 ejus
3474 3936 3617 4006 quod
3642 3934 3882 3990 mandarit

2312 4025 2564 4084 efﬁcitur.

2387 4120 2472 4176 16.
2509 4119 2675 4189 Quam
2698 4119 2985 4175 claritatem
3013 4136 3045 4173 a
3075 4119 3233 4174 Patre
3252 4129 3502 4190 exspectet
3527 4117 3788 4174 Filius.--
3811 4116 3884 4172 Vi-

2311 4213 2537 4270 deamus
2560 4213 2684 4284 quid
2711 4212 2878 4268 Filius
2903 4227 2932 4266 a
2959 4212 3118 4267 Patre
3146 4212 3551 4267 clariticationis
3595 4220 3880 4284 exspectet:

2313 4315 2370 4364 et
2393 4307 2699 4362 absolutum
2729 4315 2829 4360 est.
2853 4303 2988 4360 Nam
3019 4304 3099 4373 (ὅ)
3132 4306 3185 4358 in
3224 4304 3629 4360 continentibus
3657 4314 3765 4359 est:
3789 4301 3883 4371 Ego

2315 4411 2361 4455 te
2389 4401 2670 4469 clariﬁcavi
2697 4413 2847 4470 super
2875 4407 3084 4461 terram,
3117 4413 3245 4468 Opus
3274 4397 3624 4450 consummavi
3651 4397 3784 4467 quod
3810 4396 3883 4447 de-

2314 4495 2433 4547 disti
2461 4494 2586 4548 mihi
2615 4503 2670 4548 ut
2709 4495 2970 4564 facerem:
3010 4503 3056 4547 et
3079 4509 3215 4546 nunc
3245 4492 3474 4560 clari/ica
3496 4509 3596 4560 me,
3623 4493 3697 4565 (4)
3723 4488 3883 4553 Pater,

610 4591 734 4636 tum.
762 4581 892 4650 Quae
923 4581 1010 4636 hic
1053 4579 1429 4635 difﬁcultatum
1469 4580 1797 4651 quiestiones
1839 4591 1982 4650 sunt,
2013 4594 2066 4638 et
2093 4599 2212 4656 qua:
2239 4581 2291 4642 D
2317 4585 2458 4658 apud
2499 4587 2818 4656 temetipsum
2847 4597 2908 4639 ea
2949 4585 3182 4640 claritate
3211 4599 3365 4654 quam
3392 4583 3569 4654 habui,
3614 4585 3886 4656 priusquam

682 4742 761 4813 (ι)
804 4740 860 4796 1η
895 4755 1024 4795 mss.
1055 4738 1205 4810 prius
1250 4736 1558 4810 repetendae,
1611 4736 1807 4795 deinde
1846 4755 1913 4796 ex
1950 4743 2207 4800 emenda-

609 4814 776 4879 tione,
804 4813 1106 4882 referenda).

684 4884 761 4955 (2)
803 4879 870 4938 ln'
889 4893 1076 4938 nostro
1094 4879 1283 4938 codice
1305 4895 1370 4936 ex
1399 4881 1633 4952 antiquae
1657 4893 1850 4940 manus
1867 4884 2206 4943 emendatio-

679 5019 759 5089 (a)
798 5018 854 5072 In
902 5016 1151 5089 vulgatis,
1193 5016 1380 5072 danda:
1419 5026 1465 5072 et
1510 5018 1810 5089 referendre.
1847 5019 1905 5076 in
1949 5035 2058 5078 uno
2103 5039 2204 5081 ms.

603 5091 840 5153 Sorbon.
872 5089 1058 5144 danda:
1079 5098 1124 5142 et
1151 5089 1477 5160 recipienda.
1505 5089 1559 5144 lit
1595 5092 1873 5146 nonnullis
1899 5093 2042 5160 aliis,
2077 5097 2210 5150 dan-

605 5173 687 5223 dae
712 5173 757 5217 et
779 5160 1084 5231 repetendae.
1110 5159 1384 5231 Sincerior
1405 5161 1560 5216 nobis
1583 5163 1696 5218 visa
1718 5175 1801 5218 est
1824 5164 1984 5221 lectio
2012 5168 2208 5224 vetusti

605 5235 809 5296 codicis
839 5230 1159 5288 Colbertini.

677 5310 752 5382 (ὁ)
786 5303 1088 5382 li_t_excusis
1121 5299 1210 5382 hic
1247 5300 1462 5357 additur
1493 5320 1593 5382 per
1629 5305 1821 5382 ﬁlium,
1865 5308 2012 5379 quod
2055 5311 2211 5367 abest

604 5399 634 5438 a
663 5371 792 5436 mss.
821 5375 1006 5444 Neque
1032 5389 1160 5428 vero
1184 5371 1246 5454 in
1282 5371 1609 5454 evangel’icis
1630 5371 1852 5448 'verhis,
1884 5371 1938 5436 ut
1991 5397 2211 5454 cognos-

607 5461 821 5522 cantte,
851 5457 995 5513 etc.;
1039 5461 1160 5522 qua:
1184 5444 1269 5499 hic
1295 5445 1649 5522 “plicantur,
1681 5444 1856 5508 exstat
1890 5469 1980 5522 per
2007 5444 2208 5521 ﬁlium:

607 5463 723 5508 cant
752 5463 821 5514 te,
851 5463 995 5513 etc.;
1039 5463 1160 5571 Ἇιιω
1184 5463 1269 5499 mc
1295 5463 1649 5512 explicantur,
1681 5463 1856 5508 exstat
1890 5469 1980 5522 per
2007 5463 2203 5521 lilium:

607 5521 750 5593 quod
791 5535 967 5597 neque
1010 5533 1037 5571 a
1127 5517 1566 5597 scoputn_l_l_ilarii
1596 5525 1847 5597 pertinet.
1883 5524 2009 5597 Vult
2035 5527 2203 5592 enim,

612 5587 817 5648 tantum
847 5587 1143 5666 claritatem
1177 5587 1512 5666 ltei‘nihil‘ei
1542 5587 1742 5649 addere
1767 5596 1906 5664 quod
1940 5598 2088 5666 prius
2113 5587 2206 5652 ea;

612 5670 784 5719 reret:
819 5663 941 5732 quia
973 5673 1099 5716 tunc
1144 5659 1523 5732 clartﬁcmdus
1563 5671 1667 5728 est,
1699 5659 1820 5720 cum
1859 5682 1889 5721 a
1916 5659 2072 5722 nobis
2121 5679 2205 5724 est

611 5731 1008 5802 intelligendus,
1051 5746 1152 5789 nec
1198 5731 1489 5806 quidquam
1527 5735 1578 5790 ei
1603 5736 1791 5810 adjicit
1822 5739 1938 5796 haec
1967 5739 2204 5812 cognitio

615 5820 816 5862 110811⁵³-

2313 4759 2398 4806 ne.
2427 4747 2501 4801 sic
2513 4745 2760 4800 creditur.

2412 4820 2465 4890 3)
2512 4817 2573 4890 l_n
2597 4817 3036 4890 consequentibus:

2412 4820 2465 4890 3)
2512 4818 2573 4872 In
2597 4818 3036 4888 consequentibus.

2386 4818 2468 4963 Et)
2510 4887 2591 4944 Tu
2618 4887 2800 4956 Pater,
2834 4899 2890 4943 ut
2922 4889 2973 4942 in
2997 4886 3188 4943 GNBCO
3215 4897 3362 4944 textu
3391 4897 3552 4960 atque
3592 4888 3827 4961 Vulgata.

2392 5027 2462 5099 (c)
2489 5027 2571 5082 Ita
2601 5038 2754 5084 vetns
2774 5027 2945 5083 codex
2973 5026 3130 5083 Colb.
3163 5028 3446 5084 cuifavent
3475 5032 3679 5099 caeteri,
3713 5033 3759 5087 iu
3786 5030 3889 5098 qui.

2317 5098 2581 5182 bus,c.aro
2608 5111 2780 5184 autem
2818 5101 3133 5184 factusipse
3173 5105 3312 5170 quod
3349 5101 3428 5184 (in
3469 5101 3612 5184 yict.
3652 5098 3756 5184 qui)
3792 5103 3891 5154 uitat

2314 5172 2674 5254 wteruitatem.
2742 5172 2809 5227 At
2841 5173 2894 5227 in
2925 5172 3106 5237 editis,
3155 5189 3274 5227 caro
3301 5173 3435 5227 enim
3459 5173 3626 5242 factus
3665 5172 3770 5248 ipse
3795 5186 3890 5228 vita:

2315 5251 2671 5298 atterttitatem.

2387 5333 2468 5406 (d)
2514 5335 2641 5389 Bad.
2667 5345 2720 5392 ct
2757 5335 2849 5391 Er.
2881 5337 2990 5390 sine
3024 5335 3211 5406 spiritu
3241 5347 3516 5393 emortuos.
3564 5337 3622 5394 ln
3670 5355 3770 5395 uno
3789 5313 3888 5393 ἰιιε.

2316 5403 2468 5462 Colb.
2499 5409 2609 5462 sine
2632 5425 2722 5477 spe
2753 5409 3050 5462 morituros.

2310 5570 2362 5625 in
2385 5499 2458 5624 (Ie)
2485 5499 2558 5555 lta
2593 5517 2732 5558 unus
2761 5501 2934 5558 codex
2959 5501 3116 5559 Colb.
3149 5501 3256 5559 Alii
3279 5518 3409 5560 vero
3431 5501 3555 5561 libri
3580 5505 3667 5562 hic
3687 5514 3736 5561 et
3759 5517 3890 5564 mox,

2415 5589 2614 5625 tonare.

2415 5589 2614 5628 tonare.

2384 5663 2454 5735 (ι’)
2497 5663 2772 5738 Vaticanus.
2817 5666 3052 5723 basilicas
3077 5666 3245 5722 codex
3266 5710 3280 5735 ,
3325 5686 3417 5738 per
3443 5670 3678 5725 uirtutem
3702 5679 3891 5738 suarum

2309 5737 2927 5803 operationum.Carnut.
2975 5755 3064 5810 per
3106 5737 3350 5797 uirtutum
3393 5758 3610 5812 suarum
3661 5737 3891 5813 operatio'

2307 5822 2440 5870 aeut.
