4040 6328
197 261 273 320 85
1407 251 1494 310 DE
1532 250 1908 310 TRINITATE
1946 249 2155 309 LIBER
2195 250 2288 309 Ill.
3441 258 3510 315 86

202 378 430 435 mundus
460 383 609 446 esset,
637 375 779 449 apud
811 383 878 431 te.
897 372 1227 447 Manifestavi
1256 386 1438 429 nomen
1469 379 1613 427 tuum
1636 369 1799 427 bomi-
1828 369 1883 433 Α
1906 367 2163 427 rabatur?
2192 368 2308 426 Hoc
2348 368 2562 443 Moyses
2593 370 2660 427 de
2704 369 2840 427 rubo
2868 368 3098 442 audivit,
3129 372 3237 429 hoc
3284 372 3511 433 Genesis

205 472 356 527 nibus
388 469 533 544 (Job.
568 485 702 536 avu,
733 468 813 540 ι).
861 466 1130 539 Operibus
1155 480 1287 538 ergo
1315 464 1441 522 Filii
1476 463 1801 544 clariﬁcatus

204 572 293 621 est
326 542 517 620 Pater:
545 562 671 618 dum
712 561 852 620 Deus
879 574 1002 617 esse
1038 558 1377 631 intelligitur,
1405 542 1533 614 dum
1562 556 1655 614 Dei
1679 558 1801 613 uni-

206 656 376 729 geniti
408 664 560 728 pater
586 654 983 719 manifestatur,
1032 652 1158 709 dum
1187 652 1255 708 ad
1298 651 1528 708 salutem
1561 658 1800 707 nostram

203 752 374 809 ﬁlium
404 767 560 808 suum
585 751 747 806 etiam
794 764 861 805 ex
885 748 1092 819 virgine
1132 756 1317 804 mlum
1361 761 1486 804 esse
1528 745 1801 802 hominem

202 847 396 908 voluit.
421 846 476 901 in
504 859 613 917 quo
634 844 922 915 explentur
949 857 1011 898 ea
1042 842 1223 897 omnia
1276 841 1331 895 in
1359 839 1631 911 passione,
1678 854 1799 909 quae

206 940 277 995 de
311 948 464 1012 partu
495 936 716 1009 virginis
742 944 919 1007 ctepta
949 943 1093 991 sunt.
1140 933 1327 1004 Itaque
1363 931 1488 1003 quia
1531 931 1624 987 Dei
1661 930 1803 988 ﬁlius

202 1048 271 1090 ex
313 1033 459 1088 omni
512 1029 588 1104 (a)
616 1045 719 1101 qua
766 1039 850 1085 est
881 1038 1035 1100 parte
1082 1024 1374 1097 perfectus,
1406 1033 1463 1081 et
1498 1034 1622 1079 ante
1643 1039 1804 1080 omne

203 1134 416 1195 tempus
445 1124 499 1179 in
524 1121 821 1179 divinitatis
852 1118 1187 1193 plenitudine
1240 1126 1423 1184 natus,
1449 1131 1592 1171 nunc
1621 1131 1651 1171 a
1677 1131 1801 1171 car-

200 1217 286 1274 nis
330 1232 442 1273 suae
468 1216 676 1287 origine
698 1215 882 1279 homo,
923 1211 1402 1269 consummabatur
1430 1208 1499 1265 ad
1529 1220 1783 1275 mortem;

200 1308 490 1365 clarilicari
515 1322 577 1364 se
598 1307 742 1378 apud
776 1308 941 1363 Deum
964 1304 1222 1377 postulat,
1254 1304 1394 1359 sicut
1426 1303 1645 1358 Patrem
1677 1302 1793 1373 ipse

198 1401 533 1457 clariﬁcabat
559 1401 612 1456 in
645 1400 835 1456 terris:
858 1399 987 1470 quia
1008 1407 1120 1453 tum
1148 1397 1242 1454 Dei
1286 1398 1514 1452 virtutes
1543 1396 1801 1467 ignoran-

195 1498 237 1552 ti
253 1496 451 1553 smeulo
463 1495 899 1553 clarillcabantur
915 1495 967 1549 in
981 1509 1165 1549 carne.
1183 1492 1293 1565 59
1304 1490 1456 1547 Nunc
1479 1501 1659 1547 autem
1675 1490 1801 1562 quid

198 1599 284 1647 est
312 1590 456 1663 quod
484 1589 625 1662 apud
669 1590 883 1644 Patrem
940 1587 1015 1661 (ὁ)
1053 1584 1459 1642 clariﬁcationis
1483 1585 1802 1655 exspectet?

199 1688 406 1757 Nempe
438 1686 540 1742 hoc
565 1685 708 1758 quod
731 1683 920 1738 habuit
943 1680 1086 1753 apud
1110 1695 1255 1749 eum,
1292 1679 1438 1749 prius
1460 1693 1619 1750 quam
1647 1694 1799 1734 mun-

1905 463 1962 522 in
1989 464 2213 522 exordio
2266 464 2436 520 creati
2462 464 2611 521 orbis
2640 465 2928 533 nuntiavit,
2971 465 3076 523 hoc
3101 465 3193 524 lex
3238 469 3510 541 exposuit,

1905 556 2183 629 prophetae
2211 557 2583 629 praetulerunt,
2625 558 2875 617 homines
2898 558 2951 616 in
2983 559 3066 617 his
3110 560 3294 618 mundi
3328 562 3508 634 operi~

1905 650 2007 708 bus
2036 659 2355 717 senserunt,
2402 659 2591 722 gentes
2647 652 2808 708 etiam
2873 654 3187 712 mentiendo
3240 664 3508 713 venerata:

1911 754 2066 812 sunt;
2096 760 2202 800 non
2226 759 2356 817 ergo
2377 744 2724 815 ignorabatur
2748 745 2841 801 Dei
2866 761 3085 804 nomen.
3114 746 3186 822 (e)
3210 748 3319 808 Sed
3346 749 3506 825 plane

1906 840 2275 913 ignorabatur.
2323 839 2458 895 Nam
2506 839 2671 894 Deum
2701 855 2862 896 nemo
2888 841 3080 910 noscit,
3115 843 3219 899 nisi
3242 844 3502 900 conﬁtea-

1908 944 1994 992 tur
2016 946 2071 992 et
2092 936 2306 991 Patrem
2337 943 2543 1005 patrem
2576 932 2831 1005 unigeniti
2860 933 2977 1001 lilii,
3012 947 3067 992 et
3086 936 3280 993 Filium
3308 953 3414 994 non
3438 937 3506 995 de

1904 1028 2176 1099 portione,
2209 1025 2279 1099 (f)
2310 1034 2401 1082 aut
2439 1026 2771 1091 dilatatione,
2801 1037 2893 1081 aut
2935 1028 3266 1098 emissione;
3316 1030 3412 1087 sed
3439 1046 3506 1087 ex

1908 1134 1972 1176 eo
2014 1129 2201 1175 natum
2248 1118 2705 1186 inenarrabiliter,
2751 1117 3389 1191 incomprehensibiliter,
3449 1130 3507 1177 ut

1908 1211 2075 1267 ﬁlium
2106 1228 2136 1267 ει
2177 1221 2345 1281 patre,
2388 1210 2779 1284 plenitudinem
2816 1211 3115 1270 divinitatis
3145 1230 3210 1269 ex
3237 1230 3345 1286 qua
3378 1216 3506 1272 etin

1906 1322 2012 1379 qua
2037 1317 2193 1368 natus
2219 1306 2331 1378 ω
2350 1315 2432 1361 est
2454 1305 2809 1372 obtinentem,
2840 1321 3026 1362 verum
3068 1314 3124 1362 et
3158 1306 3425 1363 inﬁnitum
3452 1317 3511 1364 et

1910 1401 2207 1474 perfectum
2240 1404 2447 1467 Deum;
2479 1400 2597 1457 hazc
2626 1400 2772 1456 enim
2817 1400 2911 1457 Dei
2938 1410 3021 1457 est
3044 1401 3340 1473 plenitudo.
3373 1401 3506 1458 Nam

1912 1493 1957 1548 si
1992 1492 2185 1549 horum
2207 1492 2405 1563 aliquid
2429 1492 2622 1559 deerit,
2636 1491 2746 1565 jam
2771 1507 2877 1547 non
2896 1492 2999 1548 erit
3022 1493 3319 1564 plenitudo,
3348 1510 3509 1565 quam

1909 1586 1963 1642 in
1988 1601 2056 1643 eo
2103 1585 2348 1641 habitare
2371 1584 2931 1657 complacuit(Coloss.
2958 1602 2999 1655 ι,
3023 1586 3139 1658 19).
3158 1586 3271 1642 Ηοε
3293 1603 3325 1643 a
3372 1586 3512 1644 Filio

1907 1680 2367 1753 praedicatur,boc
2406 1681 2775 1753 ignorantibus
2802 1680 3195 1749 manifestatur;
3228 1683 3307 1739 sic
3349 1681 3512 1739 clari-

204 1781 305 1838 dus
333 1790 499 1839 esset.
538 1779 825 1851 liabuit(c)
856 1775 1244 1849 plenitudinem
1275 1772 1601 1840 divinitatis;
1632 1782 1791 1845 atque
1823 1780 1872 1841 Β
1901 1773 2090 1831 ﬁcatur
2104 1773 2406 1855 perFilium
2421 1773 2599 1840 Pater,
2616 1788 2739 1830 cum
2764 1773 3019 1844 paterﬁlii
3038 1773 3158 1830 talis
3174 1774 3503 1847 agnoscitur.

195 1876 380 1942 habet,
428 1890 662 1947 namque
690 1874 782 1929 Dei
825 1871 985 1927 illius.
1018 1869 1127 1926 Sed
1157 1868 1249 1940 qui
1279 1875 1397 1924 erat
1425 1868 1517 1924 Dei
1548 1867 1711 1933 ﬁlius,
1744 1876 1802 1924 et

194 1969 309 2043 (ceu
337 1967 527 2040 etiam)
577 1965 813 2023 hominis
842 1971 1085 2033 coeperat
1109 1975 1232 2016 esse
1272 1960 1447 2026 ﬁlius;
1493 1969 1612 2016 erat
1655 1960 1798 2016 enim

200 2063 439 2119 Verbum
468 2075 600 2117 caro
629 2060 853 2115 factum.
902 2056 1021 2111 Non
1070 2054 1326 2110 amiserat
1357 2053 1500 2123 quod
1541 2061 1677 2119 erat,
1706 2053 1801 2109 sed

191 2165 436 2229 coeperat
463 2170 588 2211 esse
624 2152 768 2225 quod
797 2166 902 2207 non
931 2160 1083 2217 erat;
1113 2164 1218 2204 non
1249 2148 1317 2204 de
1357 2162 1459 2203 suo
1496 2146 1796 2218 destiterat,

192 2248 289 2303 sed
316 2247 463 2319 quod
518 2254 764 2303 nostrum
810 2252 896 2300 est
937 2248 1250 2313 acceperat:
1300 2239 1599 2312 profectum
1629 2242 1797 2311 (puta,

199 2341 455 2396 humanm
485 2338 718 2407 naturae)
743 2336 794 2393 ei
820 2335 960 2407 quod
1000 2334 1231 2405 accepit,
1262 2333 1384 2405 ejus
1409 2334 1667 2390 claritatis
1707 2350 1800 2390 ex-

194 2434 432 2505 postulat
457 2432 603 2489 unde
629 2446 737 2489 non
764 2430 991 2486 destitit.
1025 2429 1167 2499 Ergo
1187 2427 1308 2498 quia
1342 2425 1506 2482 Filius
1540 2427 1797 2496 Verbum,

194 2538 248 2583 et
274 2527 512 2584 Verbum
544 2540 673 2581 caro
718 2523 941 2589 factum,
970 2532 1025 2578 et
1051 2521 1192 2577 Deus
1222 2520 1484 2590 Verbum,
1514 2528 1569 2576 et
1595 2520 1699 2577 hoc
1743 2521 1798 2576 in

192 2619 465 2693 principio
510 2618 649 2689 apud
683 2618 873 2685 Deum,
920 2624 975 2672 et
1019 2614 1261 2672 Verbum
1301 2623 1428 2671 ante
1458 2616 1799 2672 constitutio.

191 2730 320 2771 nem
349 2712 535 2769 mundi
582 2711 786 2767 Filius:
814 2709 985 2765 Filius
1013 2723 1157 2765 nunc
1209 2722 1339 2764 caro
1383 2709 1556 2764 iactus
1586 2709 1797 2777 orabat,

191 2818 253 2864 ut
292 2808 395 2865 hoc
437 2807 579 2863 Patri
606 2820 733 2862 caro
761 2804 845 2878 (ά)
893 2804 1158 2875 inciperet
1186 2817 1311 2859 esse
1334 2803 1479 2875 quod
1523 2802 1796 2868 Verbum;

197 2908 258 2956 ut
285 2899 366 2967 id,
389 2898 530 2971 quod
563 2898 631 2955 de
667 2906 909 2968 tempore
949 2904 1088 2965 erat,
1119 2896 1346 2967 gloriam
1374 2896 1491 2967 ejus
1521 2911 1642 2967 qua:
1684 2897 1801 2952 sine

197 3000 448 3062 tempore
488 2999 571 3047 est
615 2990 880 3046 claritatis
906 2988 1215 3060 acciperet;
1245 2998 1303 3043 ut
1332 2988 1387 3042 in
1417 2987 1513 3044 Dei
1546 2988 1799 3043 virtutem

195 3095 251 3143 et
288 3084 510 3157 spiritus
539 3082 997 3154 incorruptionem
1047 3080 1433 3138 transformata
1473 3080 1651 3137 carnis
1676 3095 1799 3137 cor-

1986 1867 2071 1923 18.
2117 1865 2419 1921 Nativitatis
2446 1881 2557 1921 suae
2586 1865 2744 1937 ﬁdem
2773 1863 3010 1921 Christus
3037 1866 3159 1937 fecit
3187 1868 3359 1939 gestis.
3408 1865 3510 1922 Di-

1903 1960 2021 2015 vina
2046 1960 2167 2030 quia
2187 1976 2290 2015 non
2316 1960 2529 2031 capiunt
2556 1968 2797 2033 negantes
2828 1959 3275 2033 obiurgantur.—
3302 1958 3505 2017 Veiens

1907 2053 2085 2123 itaque
2110 2051 2278 2108 Filius
2309 2052 2469 2125 hujus
2502 2053 2797 2109 nativitatis
2822 2067 2935 2109 sua:
2964 2052 3124 2110 ﬁdem
3164 2053 3365 2122 facere,
3399 2052 3511 2111 fac-

1907 2153 2084 2202 torum
2124 2162 2342 2202 suorum
2364 2146 2522 2202 nobis
2549 2146 2629 2221 (g)
2653 2148 2838 2219 posuit
2861 2147 3171 2221 exemplum
3194 2156 3255 2204 ut
3282 2163 3377 2220 per
3399 2148 3515 2202 ine-

1907 2238 2254 2295 narrabilium
2276 2245 2554 2310 gestorum
2579 2254 2802 2296 suorum
2825 2241 3242 2297 inenarrabilem
3270 2240 3511 2297 efﬁcien-

1906 2334 2036 2391 tiam
2066 2335 2133 2391 de
2163 2336 2359 2391 virtute
2406 2334 2705 2391 nativitatis
2733 2335 3110 2392 inenarrabilis
3149 2335 3505 2395 doceremur:

1904 2446 2027 2488 cum
2052 2446 2188 2502 aqua
2228 2431 2287 2486 ﬁt
2335 2412 2554 2500 vinum,
2588 2446 2708 2486 cum
2758 2430 2994 2503 quinque
3035 2445 3201 2505 panes
3257 2432 3510 2488 saturalis

1904 2526 2146 2600 quinque
2194 2525 2429 2582 millibus
2474 2525 2734 2593 virorum,
2807 2533 3036 2597 excepto
3092 2541 3226 2585 sexu
3278 2534 3333 2583 et
3367 2534 3496 2581 teta-

1905 2632 1957 2680 te
2010 2624 2213 2696 reliqua
2244 2665 2259 2689 ,
2315 2623 2526 2694 replent
2595 2621 2911 2694 fragmentis
2974 2621 3237 2698 cophinos
3308 2621 3510 2679 duode—

1903 2718 2030 2775 cim.
2075 2717 2184 2775 Res
2227 2718 2487 2787 cernitur,
2536 2727 2591 2774 et
2645 2717 2919 2786 nescitur;
2971 2717 3031 2773 iit
3076 2727 3133 2774 et
3182 2733 3290 2774 non
3345 2717 3507 2773 intel-

1903 2810 2118 2883 ligitur;
2170 2810 2307 2866 ratio
2336 2826 2442 2865 non
2471 2809 2914 2881 apprehenditur,
2971 2818 3027 2865 et
3079 2807 3304 2866 eﬂ'ectus
3354 2810 3506 2881 inge-

1902 2904 2056 2959 ritur.
2100 2903 2337 2960 Stultum
2363 2910 2447 2958 est
2484 2911 2689 2969 autem,
2739 2901 3065 2956 calumniam
3117 2900 3173 2956 in
3216 2915 3282 2958 eo
3330 2899 3507 2971 inqui-

1905 2997 2116 3053 sitionis
2158 2995 2465 3062 intendere,
2500 2994 2643 3066 quod
2685 2992 3073 3064 comprehendi
3108 2992 3161 3048 id
3189 2991 3333 3049 unde
3359 3008 3511 3064 qua:-

1906 3090 2061 3153 ritur,
2096 3103 2192 3159 per
2221 3096 2466 3142 naturam
2493 3101 2644 3141 suam
2675 3101 2783 3143 non
2814 3092 3012 3157 potest.
3039 3085 3109 3141 Ut
3129 3085 3272 3140 enim
3296 3087 3514 3142 inenar-

194 3179 380 3251 rltptio
400 3178 806 3233 absorberetur.
846 3175 975 3233 llaec
1010 3174 1190 3251 itaque
1218 3174 1390 3230 oratio
1414 3173 1479 3230 ad
1505 3174 1673 3231 Deum
1695 3183 1800 3245 est,
1832 3184 1877 3248 (ζ’,
1908 3181 2095 3238 rabilis
2131 3187 2218 3237 est
2238 3180 2399 3236 Pater
2421 3180 2473 3235 in
2504 3195 2572 3237 eo
2608 3179 2752 3250 quod
2783 3179 3054 3251 ingenitus
3076 3188 3197 3246 est;
3244 3179 3317 3235 ita
3347 3194 3511 3239 enar-

191 3273 267 3333 ad
293 3273 503 3330 Patrem
527 3272 646 3328 haec
672 3270 944 3327 confessio
975 3268 1095 3325 Filii
1118 3278 1222 3336 est,
1256 3268 1371 3324 hinc
1397 3269 1579 3325 carnis
1608 3268 1804 3339 depre—

193 3366 343 3423 catio
362 3374 480 3422 est:
530 3366 582 3420 in
612 3379 716 3435 qua
742 3379 867 3419 eum
887 3362 1074 3435 judicil
1102 3362 1190 3418 die
1238 3371 1621 3432 compunctum
1653 3372 1708 3418 et
1735 3362 1803 3419 de

192 3474 361 3516 cruce
378 3457 711 3528 recognitum
745 3456 982 3512 universi
1016 3454 1293 3522 videbunt,
1330 3454 1381 3510 in
1416 3470 1517 3526 qua
1548 3455 1799 3528 praeﬁgu-

194 3562 353 3610 ratus
374 3551 427 3608 in
454 3561 638 3607 monte
674 3560 777 3617 est,
804 3549 858 3604 in
901 3564 1005 3621 qua
1034 3549 1276 3605 elevatus
1300 3549 1369 3604 ad
1415 3548 1584 3607 caelos
1609 3560 1716 3617 est,
1749 3551 1800 3607 in

192 3661 307 3720 qua
360 3645 473 3701 Deo
511 3643 716 3701 assedit
742 3658 772 3699 a
802 3642 1027 3708 dextris,
1060 3640 1140 3715 (l)
1164 3641 1216 3695 iu
1245 3656 1351 3713 qua
1382 3641 1534 3698 visus
1566 3656 1596 3698 s
1634 3642 1804 3699 Paulo

195 3748 315 3810 est,
347 3739 402 3795 in
431 3755 535 3811 qua
566 3737 955 3795 Itonorilicatus
983 3736 1051 3793 ab
1073 3734 1351 3809 Stephano
1380 3744 1484 3794 est.

276 3833 365 3890 17.
400 3831 499 3889 Dei
529 3848 712 3888 nomen
741 3841 858 3888 ante
879 3829 1141 3889 Christum
1162 3828 1456 3887 hominibus
1479 3833 1811 3904 ignotum.—

198 3926 555 3984 Manifestato
611 3930 793 3996 itaque
833 3924 1143 3980 hominibus
1193 3926 1410 3980 nomine
1451 3925 1646 3993 Patris,
1693 3926 1811 3985 haec

196 4022 475 4093 postulat:
499 4019 594 4077 sed
615 4034 722 4092 quo
745 4019 1002 4074 nomine?
1024 4016 1290 4092 Numquid
1319 4032 1515 4075 nomen
1547 4018 1639 4075 Del
1669 4019 1815 4093 igno-

277 4158 360 4234 (l)
392 4157 517 4214 Haec
537 4156 723 4234 verba,
753 4156 809 4234 in
834 4171 937 4234 qua
958 4156 1161 4234 uisusa
1184 4154 1473 4234 Pautoest,
1501 4171 1622 4227 qua:
1645 4157 1809 4234 Eras-

200 4226 386 4287 miana
413 4238 574 4301 atque
599 4229 922 4301 Parisiensis
969 4227 1237 4301 habebant
1314 4226 1601 4294 editiones,
1636 4238 1690 4284 et
1752 4230 1804 4286 iu

200 4318 267 4361 ea
304 4317 424 4375 quas
478 4298 603 4358 huic
648 4298 943 4357 antecessit
992 4298 1231 4354 editione
1274 4312 1609 4369 suppressa,.
1635 4301 1806 4357 nostri

1909 3275 2020 3331 rari
2042 3274 2211 3330 Filius
2233 3273 2286 3329 in
2303 3289 2370 3330 eo
2396 3273 2540 3345 quod
2567 3274 2877 3345 unigenitus
2905 3281 2990 3329 est
3017 3286 3125 3331 non
3150 3281 3360 3346 potest;
3390 3274 3513 3351 quia

1910 3367 2133 3441 ingeniti
2173 3376 2257 3423 est
2283 3367 2461 3438 imago
2488 3365 2579 3438 qui
2608 3368 2824 3438 genitus
2850 3373 2955 3423 est.
2987 3365 3123 3423 Cum
3162 3366 3306 3427 enim
3348 3382 3512 3431 sensu

1910 3472 2070 3534 atque
2111 3460 2293 3519 verbis
2340 3460 2634 3532 imaginem
2664 3459 3144 3532 apprehendimus,
3176 3474 3402 3519 necesse
3427 3469 3514 3519 est

1910 3557 2073 3613 etiam
2100 3571 2224 3611 eum
2251 3554 2405 3627 cujus
2434 3556 2610 3627 imago
2636 3563 2719 3611 est
2747 3568 3166 3626 consequamur.
3189 3553 3298 3610 Sed
3329 3554 3514 3611 invisi-

1910 3648 2037 3705 bilia
2087 3651 2480 3721 persequimur,
2509 3658 2564 3706 et
2588 3647 3159 3721 incomprehensibilia
3218 3656 3511 3716 tentamus.

1912 3744 2108 3816 quibus
2138 3744 2487 3815 intelligentia
2510 3744 2577 3800 ad
2604 3744 2999 3815 conspicabiles
3019 3759 3109 3801 res
3135 3753 3190 3801 et
3217 3757 3512 3814 corporeus

1913 3844 2236 3894 coarctatur.
2267 3837 2383 3893 Non
2401 3838 2774 3895 erubescimus
2803 3837 3067 3904 stultitim,
3088 3849 3196 3891 non
3216 3836 3515 3904 nosmetip-

1913 3945 2006 3987 sos
2031 3930 2449 4000 irreligiositatis
2491 3931 2788 4002 arguimus,
2822 3929 2915 3984 Dei
2943 3926 3175 3993 arcanis,
3220 3925 3318 3981 Dei
3346 3925 3514 3987 virtu-

1918 4024 2059 4081 tibus
2087 4023 2501 4081 calumniantes.
2532 4021 2817 4091 Quomodo
2843 4019 3037 4087 Filius,
3073 4026 3131 4077 et
3152 4017 3295 4077 unde
3314 4016 3511 4085 Filius,

1917 4176 2022 4216 ms.
2080 4159 2401 4216 auctoritate
2454 4158 2813 4230 reposuimus.
2881 4158 2957 4215 De
2992 4156 3257 4230 νιιεείευε
3302 4155 3513 4219 visione

1917 4232 2177 4288 idemmet
2211 4231 2413 4288 Paulus
2443 4233 2459 4287 l
2485 4228 2612 4289 Cor.
2644 4249 2733 4299 xv,
2759 4231 2812 4296 8,
2843 4230 2923 4287 sic
2952 4229 3062 4286 ait:
3089 4228 3384 4287 Novissime
3411 4246 3511 4291 au-

1916 4314 2014 4365 tem
2044 4305 2273 4361 omnium
2300 4313 2559 4379 tamquam
2596 4306 2823 4361 abortivo
2852 4303 2989 4361 visus
3014 4310 3091 4361 est
3120 4311 3166 4363 et
3184 4302 3333 4359 mihi.

250 4446 493 4523 (a)Unt_ts
518 4463 550 4523 e
573 4461 705 4523 mss.
733 4444 888 4523 (ςοιι),
913 4462 1030 4523 ιιυιε
1047 4456 1118 4500 est
1138 4443 1314 4501 Pater.
1331 4442 1581 4523 Cornua,
1598 4463 1707 4523 gua
1722 4458 1810 4523 est
1837 4451 1889 4510 D
1915 4451 2092 4507 carnis
2121 4451 2470 4523 abolitionem
2499 4445 2736 4523 sensisse
2757 4428 3306 4523 temegejudicentur.
3336 4444 3514 4523 aquo

204 4518 395 4577 Pater.
426 4519 728 4576 Retinenda
756 4519 915 4575 lectio
945 4520 1180 4585 vulgata,
1209 4533 1314 4571 non
1343 4518 1485 4589 quod
1519 4520 1569 4573 in
1598 4519 1687 4575 Dei
1722 4520 1807 4575 Fi-

201 4594 283 4651 lio
313 4602 439 4648 aute
465 4593 641 4664 carnis
661 4590 1082 4664 assumptionem
1116 4589 1315 4664 fuerint
1337 4599 1537 4664 partes,
1561 4592 1652 4647 sed
1668 4592 1810 4664 quod

213 4665 354 4722 nihil
385 4665 432 4720 ei
460 4663 619 4719 fuerit
651 4664 791 4717 unde
816 4678 919 4717 non
948 4661 1222 4730 perfectus
1244 4661 1348 4716 dici
1380 4662 1566 4732 possit.

311 4736 362 4801 ὁ)
409 4735 572 4799 Editi,
596 4734 990 4802 clariﬁcatt'onis
1018 4734 1319 4803 profectum,
1352 4747 1415 4788 ac
1436 4732 1630 4806 deinde
1660 4732 1807 4806 Lips.

203 4818 262 4867 et
295 4805 419 4863 Par.
450 4814 687 4879 expetat:
710 4806 1104 4879 refragantibus
1127 4821 1256 4859 mss.
1290 4820 1515 4879 quorum
1545 4805 1706 4879 lectio
1732 4805 1814 4861 'sic

203 4876 550 4935 ordinanda:
590 4878 717 4950 quid
739 4877 1125 4947 clariﬁcationis
1149 4886 1243 4942 est,
1275 4876 1413 4941 quod
1437 4876 1578 4946 apud
1605 4876 1813 4932 Patrem

206 4960 470 5020 exspectet
487 4952 513 5005 .’

285 5018 362 5097 (ὲ)
385 5021 515 5079 Scil.
544 5019 691 5097 prius
720 5034 880 5097 quam
911 5018 1144 5097 mundus
1168 5025 1339 5086 esset;
1371 5027 1522 5092 atque
1544 5020 1693 5075 etiam
1720 5020 1816 5075 lia-

211 5090 320 5158 bet',
344 5090 650 5163 postquam
678 5090 794 5163 ipse
824 5092 993 5148 factus
1023 5098 1106 5146 est
1133 5090 1312 5163 homo.

284 5110 320 5158 ι,
386 5110 470 5149 ost
491 5110 650 5163 quam
678 5110 794 5163 Ipse
824 5110 993 5148 laetus
1023 5110 1106 5146 est
1134 5110 1312 5147 nomo.

284 5110 383 5241 (εἰς
416 5168 505 5221 Sic
548 5165 641 5221 lib.
673 5165 741 5241 de
771 5163 983 5241 Sy_uod._
1010 5182 1067 5241 n.
1105 5162 1204 5218 48:
1242 5162 1455 5217 Verbum
1480 5179 1603 5241 c_ar_o_
1628 5168 1818 5241 factum

209 5234 429 5303 estfut
467 5253 587 5292 caro
625 5237 794 5306 potius
812 5234 924 5291 'hoc
966 5235 1207 5304 inciperet
1246 5251 1353 5288 csse
1379 5235 1518 5305 quod
1564 5234 1819 5290 Verbum:

208 5309 361 5382 quod
388 5325 493 5365 non
531 5312 695 5382 sentit
727 5308 956 5365 Hilarius
989 5306 1100 5361 ﬁeri
1152 5305 1445 5382 imitatione
1476 5306 1792 5382 substantia:

211 5377 313 5439 sed
338 5381 631 5448 qualitatis,
664 5393 769 5435 non
798 5391 849 5433 ut
883 5395 1008 5434 caro
1045 5391 1163 5432 esse
1190 5377 1399 5433 desinat
1425 5378 1564 5448 quod
1586 5387 1689 5444 est,
1721 5394 1779 5434 se

213 5465 276 5510 ut
316 5449 572 5523 absorpta
616 5452 964 5523 corruptione
1011 5451 1062 5504 in
1120 5449 1575 5517 incorruptionem
1617 5451 1819 5508 aliasvc

212 5526 397 5590 dotes,
426 5522 546 5594 qum
574 5524 768 5579 divinae
797 5522 956 5579 Verbi
986 5530 1190 5575 natura)
1212 5524 1441 5591 propriae
1468 5532 1612 5588 sunt,
1645 5530 1821 5577 trans-

216 5597 508 5659 formetur,
539 5598 613 5651 uti
642 5611 767 5652 mox
788 5594 1094 5665 exponitur,
1125 5594 1414 5665 etcopiose
1435 5599 1708 5647 ostensum
1736 5602 1819 5650 est

220 5672 276 5724 in
333 5667 648 5737 praefatione
694 5663 931 5739 generali
985 5663 1284 5739 §5.AQu_od
1314 5664 1596 5735 diligenter
1644 5675 1822 5721 atten-

218 5740 488 5807 dendum,
537 5754 603 5795 ne
656 5739 745 5794 ubi
789 5736 1219 5804 Patres‘antiqui
1248 5751 1480 5807 carnem
1518 5746 1757 5793 nostram
1789 5751 1821 5793 a

220 5812 446 5873 Christo
478 5806 608 5886 post
654 5812 1103 5873 resurrectionem
1135 5806 1425 5883 deiﬁcatam
1484 5808 1819 5883 pradicant,

1915 4538 2102 4579 errore
2120 4539 2241 4579 sese
2268 4522 2503 4578 alienum
2530 4520 2615 4575 hic
2645 4510 3151 4578 ostenditﬂilarius,
3181 4527 3303 4567 cum
3332 4510 3518 4568 Chris-

1915 4603 2028 4650 tum
2073 4594 2262 4665 judicii
2288 4594 2375 4649 die
2411 4594 2465 4649 in
2491 4606 2553 4665 ea
2587 4592 2697 4661 ipsa
2727 4602 2891 4644 carne
2928 4585 3220 4645 videndum
3249 4582 3429 4652 docet,
3462 4582 3517 4647 in

1916 4683 2017 4737 qua
2052 4663 2462 4736 transﬁguratus
2493 4663 2545 4717 in
2571 4670 2753 4719 monte
2779 4670 2884 4716 est.

1987 4759 2059 4831 (ε)
2100 4760 2155 4815 In
2180 4760 2432 4828 vulgatis,
2478 4756 2567 4811 sed
2595 4754 2731 4831 Deus
2777 4753 2950 4831 plane.
2984 4751 3263 4831 Expuncla
3290 4761 3380 4831 est
3410 4766 3519 4807 vox

1920 4823 2057 4885 Deus
2087 4823 2410 4887 auctoritate
2455 4842 2587 4884 mss.
2621 4826 2807 4881 Hilarii
2845 4823 3110 4879 sententia
3137 4823 3392 4893 liquidius
3421 4839 3517 4892 puo

1919 4911 1995 4957 tet
2024 4919 2087 4957 ex
2118 4904 2199 4957 his
2226 4903 2318 4957 lib.
2346 4918 2397 4965 v,
2440 4917 2590 4955 num.
2615 4898 2718 4951 ‘27:
2769 4895 2834 4950 Et
2860 4909 3033 4965 quaero
3074 4911 3141 4948 an
3176 4895 3313 4949 Deus
3369 4911 3518 4953 verus

1921 4990 2022 5028 non
2063 4975 2147 5039 sit,
2202 4975 2289 5043 qui
2335 4983 2440 5026 tum
2482 4969 2761 5043 secundum
2799 4969 3091 5043 opinionem
3129 4965 3434 5022 Iudaeorum
3467 4975 3517 5020 et

1921 5039 2307 5101 benedicebatur
2329 5054 2373 5098 et
2391 5043 2687 5115 jurabatur.
2708 5039 2883 5115 Justiti
2914 5047 3518 5115 uaniquesacrantentum

1918 5118 2143 5187 mysterii
2171 5115 2267 5170 Dei
2292 5109 2587 5178 nescientes,
2617 5120 2665 5167 et
2685 5128 2775 5187 per
2817 5109 2915 5166 hoc
2943 5109 3036 5164 Dei
3069 5111 3236 5187 [ilium
3262 5112 3516 5187 ignorans

1922 5180 2015 5253 te},
2052 5188 2210 5242 Deum
2239 5196 2456 5250 tantum,
2495 5202 2596 5241 non
2628 5180 2914 5239 et'Patrent
2958 5180 3348 5236 venerabantur.
3380 5180 3523 5237 Nam

1921 5262 2091 5329 utique
2121 5269 2416 5315 venerantes
2448 5258 2679 5325 Patrem,
2708 5264 3068 5310 venerarentur
3104 5263 3153 5309 et
3180 5253 3399 5309 Filium.

1999 5352 2069 5425 (f)
2142 5354 2197 5409 In
2234 5353 2465 5423 vulgatis
2488 5395 2502 5419 ,
2541 5361 2629 5425 aut
2661 5351 2940 5405 dilatione:
2969 5348 3130 5425 male.
3177 5345 3288 5425 Nec
3324 5343 3524 5425 melius

1927 5415 2122 5482 deinde
2165 5428 2304 5497 apud
2329 5415 2425 5481 Er.
2465 5415 2518 5480 et
2557 5423 2702 5494 Lips.
2746 5433 2833 5476 aut
2863 5422 3187 5497 remissione.-
3218 5415 3525 5497 Verbis-{tut

1927 5487 2227 5552 dilatatione
2269 5508 2358 5551 aut
2407 5487 2674 5551 emissione
2728 5502 2948 5548 cavetur
2996 5490 3219 5546 haeresis
3272 5487 3520 5559 Sabellli,

1926 5585 2086 5641 quam
2110 5571 2202 5624 lib.
2230 5585 2267 5635 ι,
2297 5584 2448 5625 nttm.
2481 5568 2566 5632 16,
2595 5563 2967 5636 explicuimus.

2001 5660 2242 5735 (g)__Vat.
2282 5661 2403 5717 bas.
2445 5676 2547 5735 ms.
2576 5673 2700 5735 cum
2718 5671 2827 5735 uno
2852 5654 3003 5711 Colh.
3037 5662 3093 5711 et
3126 5654 3337 5735 Remig.
3369 5670 3526 5735 expo—

1927 5727 2202 5817 suj't'JMnx
2225 5747 2410 5790 vocem
2438 5727 2861 5788 inenarrabilium
2892 5736 3049 5787 antea
3081 5729 3337 5787 omissam
3364 5727 3525 5786 resu-

1923 5816 2126 5865 tutmus
2152 5820 2182 5863 e
2210 5821 2339 5863 mss.
