4040 6328
448 267 516 323 87
1653 253 1901 314 SANCTI
1952 251 2208 309 HILARII
2262 252 2568 310 EPISCOPI
2702 305 2712 312 ,
3702 247 3792 305 88

448 396 636 458 etquo
685 384 885 442 damno
916 382 1107 446 Patris,
1142 380 1230 435 vel
1251 395 1320 435 ex
1348 393 1453 451 qua
1478 378 1731 451 portione
1752 375 1822 431 sit
1861 381 2040 442 natus,
2070 381 2125 440 Α
2151 380 2258 429 tem
2286 372 2685 439 accommodat,
2706 384 2763 429 et
2807 374 3133 429 dubitationi
3187 372 3483 429 infidelium
3511 371 3798 428 satisfac-

451 473 795 545 inquirimus.
821 470 898 541 (a)
948 468 1225 524 Habueras
1264 468 1316 522 in
1359 466 1613 538 exemplo
1647 464 2042 535 operationum.
2150 475 2323 533 turus,
2359 482 2613 523 arcanum
2640 466 2922 523 invisibilis
2946 468 3158 523 virtutis
3185 478 3440 538 operatur
3468 486 3482 521 :
3513 465 3644 521 facti
3674 479 3794 520 ra—

452 578 513 624 ut
534 567 783 625 crederes
811 566 977 621 Deum
1016 562 1231 619 efllcere
1267 576 1447 633 posse,
1488 575 1715 632 quorum
1748 557 2051 627 intelligere
2155 560 2379 627 tionem,
2404 561 2647 633 quisquis
2672 562 2782 618 eris
2811 562 3109 619 cmlestium
3135 576 3317 618 rerum
3347 567 3640 626 scrutator,
3678 574 3800 614 ex-

455 660 798 718 eflirientiam
832 673 936 712 non
962 658 1155 726 possis.
2160 668 2319 723 pone.
2375 655 2539 708 Erant
2589 653 2839 725 discipuli
2880 654 2949 725 (ﬂ
3000 656 3052 710 in
3080 655 3286 717 clauso,
3316 662 3370 708 et
3402 662 3613 709 secreto
3644 660 3799 723 post

530 751 1043 809 19.Prouocanturut
1071 749 1328 821 explicent
1355 746 1544 803 Christi
1557 746 1740 818 januis
1759 745 1947 800 clausis
1972 745 2055 799 in-
2159 748 2467 817 passionem
2500 747 2708 802 Domini
2738 749 3047 819 congregati
3093 747 3469 803 consederant.
3504 747 3801 802 Dominus

458 864 788 920 grcssum.—
811 844 1022 912 QUil‘l'iS
1047 842 1319 915 quomodo
1346 841 1642 897 secundum
1672 839 1932 911 Spiritum
1961 852 2059 893 na-
2156 842 2488 915 62Tbomte
2505 843 2662 898 fidem
2681 842 2970 913 propositis
2991 841 3392 897 conditionibus
3408 841 3795 896 confirmata-

457 949 543 994 tus
572 939 640 993 sit
674 937 883 993 Filius:
916 951 1018 1007 ego
1048 944 1100 990 te
1124 934 1193 991 de
1231 933 1508 1004 corporeis
1539 933 1701 988 rebus
1758 933 2055 1002 interrogo.
2161 952 2254 991 rus
2271 936 2758 1007 assistit,palpandi
2786 936 3029 1006 corporis
3049 945 3104 991 et
3128 934 3501 991 contrectaudi
3526 931 3803 988 vulneris

458 1031 575 1087 Non
605 1032 680 1103 (b)
703 1044 890 1101 quzero
919 1027 1191 1099 quomodo
1220 1035 1376 1082 natus
1395 1042 1462 1083 ex
1490 1026 1698 1097 virgine
1725 1026 1825 1092 sit;
1866 1040 1934 1080 an
1966 1023 2062 1079 de—
2162 1028 2357 1084 obtulit
2387 1027 2693 1083 facultatem
2728 1037 2820 1083 :et
2861 1029 3042 1099 utique
3071 1026 3151 1101 (‘2)
3182 1028 3273 1098 qui
3299 1036 3666 1097 compunctus
3695 1039 3803 1080 re-

462 1122 777 1179 trimentum
805 1121 886 1177 sui
906 1134 1033 1175 caro
1058 1118 1349 1189 perfectam
1371 1134 1439 1174 ex
1463 1134 1523 1175 se
1550 1133 1769 1173 carnem
1795 1131 2062 1187 generans

462 1230 720 1289 perpessa
743 1214 832 1269 sit.
876 1214 939 1269 Et
959 1213 1065 1285 61
1108 1220 1257 1268 certe
1294 1227 1399 1267 non
1439 1205 1768 1282 suscepit.(c)
1790 1207 1929 1280 quod
1943 1208 2065 1290 edi-

468 1311 569 1377 dit,
597 1308 694 1364 sed
739 1322 869 1363 caro
911 1321 1130 1362 carnem
1163 1309 1283 1360 sine
1318 1304 1710 1360 elementorum
1758 1311 2065 1357 nostrorum

467 1403 674 1476 pudore
716 1400 982 1474 provexit,
1023 1410 1079 1456 et
1128 1399 1423 1472 perfectum
1456 1399 1571 1470 ipsa
1605 1397 1676 1454 de
1705 1398 1817 1452 suis
1850 1395 1931 1469 (ά)
1958 1411 2065 1451 non

472 1497 755 1552 imminuta
801 1496 1103 1567 generavit.
1148 1496 1215 1550 Et
1243 1493 1461 1565 quidem
1503 1491 1581 1546 fas
1634 1502 1799 1558 esset,
1842 1490 2074 1545 nanim-

473 1589 735 1662 possibile
762 1588 813 1642 in
840 1589 950 1643 Deo
973 1586 1204 1658 opinari,
1230 1586 1372 1657 quod
1397 1601 1493 1654 per
1520 1585 1774 1640 virtutem
1804 1582 1923 1653 ejus
1949 1596 2075 1652 pos-

475 1683 633 1740 sibile
664 1681 831 1739 fuisse
855 1682 907 1736 in
931 1681 1155 1739 homine
1173 1681 1567 1752 cognoscimus.

2167 1121 2577 1191 cognoscendus
2599 1121 2690 1186 sit,
2709 1136 2931 1177 necesse
2954 1131 3037 1176 est
3065 1135 3262 1191 corpus
3292 1120 3345 1174 in
3370 1133 3479 1190 quo
3507 1128 3594 1174 est
3622 1133 3802 1172 com-

2170 1222 2405 1285 punctus
2455 1213 2718 1270 attulerit.
2772 1214 2970 1282 Quaero
3013 1230 3142 1285 ergo
3166 1229 3262 1284 per
3289 1228 3423 1282 quas
3449 1212 3657 1269 clausa:
3688 1211 3803 1266 do-

2175 1321 2293 1360 mus
2326 1314 2509 1375 partes
2536 1319 2657 1361 sese
2684 1320 2980 1375 corporeus
3013 1306 3271 1361 intulerit.
3308 1305 3604 1375 Diligenter
3628 1304 3801 1359 euim

2174 1399 2512 1469 Evangelista
2546 1401 2818 1469 expressit
2836 1400 3059 1456 dicens:
3088 1399 3233 1454 Venit
3258 1398 3605 1473 Jesusjanuis
3621 1399 3760 1453 class
3778 1426 3796 1438 ο

2174 1492 2267 1556 sis,
2286 1502 2332 1547 et
2348 1492 2485 1546 stetit
2501 1492 2555 1545 in
2571 1492 2738 1546 medio
2756 1491 2835 1564 (g)
2869 1491 3001 1563 (1b.,
3018 1491 3134 1564 9.6).
3152 1492 3233 1547 An
3252 1500 3561 1546 constructa
3585 1491 3788 1560 parie-

2177 1595 2289 1639 tum
2323 1594 2613 1654 penetrans
2642 1582 2722 1657 (h)
2752 1594 2808 1641 et
2857 1585 3029 1640 solida
3079 1585 3367 1657 lignorum,
3411 1593 3665 1639 naturam
3697 1599 3805 1638 eo-

2180 1695 2297 1735 rum
2350 1679 2817 1749 impenetrabilem
2872 1680 3305 1736 transcucurrit?
3336 1679 3500 1736 Stetit
3554 1693 3807 1749 namque

550 1777 642 1832 ‘20.
673 1776 778 1833 Sed
803 1785 875 1842 te,
904 1775 1147 1847 quisquis
1167 1791 1250 1841 es,
1268 1772 1657 1845 investigabilia
1680 1780 1998 1836 sectantem,
2024 1779 2080 1825 et
2110 1781 2155 1840 Β
2183 1789 2507 1843 corporeus,
2538 1789 2647 1828 non
2680 1773 2967 1829 simulatus
3000 1783 3091 1828 aut
3120 1773 3303 1828 fallax.
3325 1772 3636 1843 Sequantnr
3660 1786 3809 1842 ergo

477 1871 783 1926 divinorum
811 1878 1145 1927 secretorum
1188 1877 1350 1938 atque
1399 1868 1652 1922 virtutum
1691 1879 1905 1936 gravem
1928 1862 2076 1919 arbi-

479 1974 622 2021 trum
645 1965 892 2031 consulo,
923 1973 981 2019 ut
1018 1964 1149 2019 mibi
1180 1963 1450 2032 imperito,
1480 1969 1538 2017 et
1580 1970 1783 2015 tantum
1811 1959 1878 2015 de
1906 1958 2080 2013 omni-

485 2058 585 2112 bus
618 2057 727 2112 Deo
756 2065 813 2112 ut
858 2066 983 2111 sunt
1027 2055 1097 2110 ab
1139 2070 1206 2111 eo
1232 2053 1371 2109 dicta
1400 2052 1661 2120 credenti,
1685 2050 1949 2107 rationem
1976 2049 2081 2105 sal-

484 2160 592 2205 tem
620 2150 742 2204 facti
789 2148 941 2204 istius
970 2147 1184 2204 aﬂ‘eras.
1235 2147 1519 2203 Dominum
1550 2143 1731 2209 audio,
1756 2152 1813 2200 et
1840 2142 1965 2215 quia
1998 2140 2083 2197 bis

483 2242 650 2299 credo
677 2257 798 2314 qua:
842 2242 1040 2312 scripta
1071 2249 1216 2307 sunt,
1262 2239 1377 2296 scio
1415 2238 1527 2310 jam
1579 2246 1700 2308 post
1728 2234 2086 2292 resurrectio-

487 2350 613 2392 nem
666 2334 975 2407 frequenter
1012 2333 1305 2391 videndum
1347 2347 1407 2389 se
1455 2332 1506 2386 in
1530 2345 1758 2403 corpore
1787 2329 2088 2400 praebuisse

490 2428 676 2484 multis
698 2443 804 2483 non
850 2426 1200 2483 credentibus
1229 2442 1245 2493 ;
1272 2435 1421 2481 certe
1436 2423 1682 2491 Thomas,
1705 2439 1812 2479 non
1834 2424 1935 2477 nisi
1960 2437 2089 2478 con-

494 2522 737 2577 trectatis
756 2520 873 2592 ejus
896 2519 1211 2576 vulneribus
1236 2518 1529 2584 creditura,
1561 2518 1701 2574 sicut
1729 2519 1802 2573 ait
1834 2535 1848 2571 ι
1874 2517 1997 2572 Nisi
2023 2519 2096 2571 vi-

498 2615 620 2669 dero
639 2612 711 2686 (e)
733 2614 786 2667 in
811 2612 1046 2667 manibus
1067 2611 1270 2683 ejus(l)
1297 2612 1517 2681 ﬂaturam
1537 2610 1816 2672 clavorum,
1842 2620 1888 2665 et
1911 2612 2096 2666 misero

497 2705 716 2777 digitum
744 2721 915 2759 meum
961 2704 1015 2759 in
1047 2704 1218 2759 locum
1262 2705 1544 2767 clavorum,
1572 2713 1618 2758 et
1657 2704 1857 2759 mittant
1888 2721 2099 2757 manum

496 2814 664 2853 meam
688 2798 899 2853 inlatus
939 2801 1071 2873 ejus,
1113 2814 1215 2853 non
1254 2797 1458 2852 credam
1485 2795 1689 2870 (Joan.,
1724 2812 1815 2863 xx,
1845 2794 1963 2868 25).
1991 2796 2098 2851 Do-

501 2893 683 2947 minus
703 2891 766 2946 ad
786 2906 1003 2947 omnem
1032 2907 1093 2948 se
1132 2890 1506 2962 intelligentiae
1540 2901 1740 2947 nostra:
1762 2890 2101 2947 imbecillita-

501 3014 540 3081 ἃ
577 3010 655 3081 (1)
677 3010 990 3067 Anteriores
1012 3009 1296 3072 editiones,
1320 3011 1563 3083 ﬁguram.

562 3123 659 3253 ⁸δᾳ)
708 3125 839 3206 Bad.
887 3134 942 3181 et
981 3124 1100 3188 Er.,
1135 3125 1352 3210 haereus.
1400 3126 1549 3198 Lips.
1580 3133 1635 3181 et
1670 3126 1818 3193 Pan,
1859 3126 2103 3182 hterebas.

508 3199 573 3256 Vt
618 3206 658 3252 tt
689 3197 904 3256 quidem
953 3197 1209 3253 Erasmus
1260 3214 1313 3253 In
1356 3213 1486 3253 mss.
1517 3197 1785 3252 habueras.
1836 3197 1991 3255 Unde
2042 3200 2103 3253 ad

618 3197 658 3252 it
689 3197 904 3267 quidem
953 3197 1209 3253 Erasmus
1260 3199 1313 3253 in
1356 3197 1486 3253 mss.
1517 3197 1785 3252 habueras.
1836 3197 1991 3255 Unde
2042 3200 2108 3253 ad
2136 3199 2180 3261 C
2213 3199 2367 3257 Colb.
2392 3216 2455 3255 ac

510 3285 661 3327 oram
695 3269 813 3322 libri
838 3268 1145 3342 adscripsit,
1164 3268 1273 3340 Ego
1303 3269 1577 3342 legendum,
1593 3268 2105 3342 arbitrorhcbuerns,

514 3344 612 3396 hoc
651 3348 724 3393 est
756 3341 1085 3394 ctecutieras:
1135 3350 1295 3408 atque
1340 3340 1583 3408 Opinioni
1629 3340 1771 3395 illius
1805 3340 2110 3396 Ludovicus

512 3414 746 3485 Myrteus
788 3425 1068 3485 perperam
1093 3412 1440 3482 subscripsit;
1473 3427 1595 3485 cum
1628 3426 1735 3485 non
1769 3412 2023 3485 ambigua
2043 3412 2113 3485 sit

512 3482 675 3540 lectio
706 3497 836 3537 mss.
885 3482 1138 3538 habueras
1168 3492 1243 3550 ut,
1285 3498 1379 3538 seu
1420 3482 1585 3549 unde,
1617 3484 1867 3537 crederes.
1896 3483 1987 3539 Sic
2016 3484 2108 3538 lib.

514 3571 612 3621 vn,
641 3570 695 3608 η.
727 3552 791 3608 51
816 3572 826 3605 :
862 3552 1130 3609 Habueras
1154 3556 1209 3608 in
1254 3555 1575 3624 confessione
1598 3571 1793 3619 eorum,
1819 3554 1997 3625 quibus
2026 3555 2113 3608 de-

515 3627 751 3698 swviente
792 3633 1030 3698 φανεῖσα..
1066 3636 1172 3681 erat
1219 3626 1452 3680 restituta
1491 3627 1859 3698 tranquillitas,
1892 3634 1947 3679 ut
1990 3635 2035 3681 et
2061 3636 2116 3680 tu

513 3713 690 3768 verum
712 3694 811 3751 Dei
840 3696 1004 3766 ﬁlium
1034 3698 1370 3768 conﬁtereris,
1397 3709 1504 3754 etc.

591 3766 666 3841 (b)
710 3767 1033 3841 Particulam
1066 3766 1372 3839 negantem,
1403 3784 1562 3841 quam
1589 3768 1788 3824 frustra
1819 3768 2110 3823 sustulerat

519 3837 759 3912 Lipsius,
786 3837 872 3912 hic
902 3837 1259 3896 reSIituimus.

592 3909 667 3985 (ε)
692 3910 908 3967 Scilicet
938 3927 1008 3967 ex
1037 3913 1153 3967 viro
1183 3933 1196 3967 :
1233 3912 1321 3985 sed
1369 3927 1490 3965 caro
1537 3928 1742 3985 carnem
1795 3909 2113 3985 perfectam,

516 3978 614 4041 seti
630 3978 900 4039 hominem
920 3999 1104 4039 verum
1124 3994 1176 4039 et
1191 3984 1485 4055 perfectum
1503 3984 1612 4038 sine
1628 3978 1985 4037 elementorum
2000 3978 2120 4037 nos-

518 4065 714 4110 trorum
738 4055 934 4123 pudore
960 4058 1190 4126 provexit
1219 4074 1235 4110 :
1262 4056 1384 4126 quia
1418 4055 1668 4111 nimirum
1696 4070 1883 4110 omnes
1914 4069 1978 4108 ex
2005 4055 2120 4111 vito

523 4137 575 4183 et
599 4126 794 4181 femina
823 4129 1003 4182 carnis
1037 4127 1184 4182 initia
1220 4128 1506 4181 trahimus.
1540 4126 1657 4181 Vid.
1687 4126 1782 4182 lib.
1808 4126 2042 4194 x,u.35,
2066 4138 2122 4182 et

519 4198 617 4253 lib.
668 4213 761 4259 xu,
811 4214 866 4251 n.
897 4197 986 4253 49.
1022 4199 1174 4253 Hunc
1201 4207 1377 4253 autem
1404 4198 1579 4252 locum
1609 4212 1729 4252 cum
1762 4198 1931 4252 altero
1961 4207 2117 4253 tract.

522 4269 664 4394 ps|a|.
691 4284 856 4336 vau,
886 4270 1297 4326 conciliavimus
1343 4269 1398 4323 in
1426 4270 1568 4323 notis
1609 4269 1677 4324 ad
1702 4268 1953 4325 eumdem
1984 4279 2124 4325 trac-

522 4350 571 4394 ta
602 4355 714 4394 um.

521 4350 714 4396 talum.

596 4409 677 4483 (tt)
711 4409 843 4465 Illud
874 4411 939 4466 de
957 4412 1062 4465 suis
1090 4412 1160 4467 ita
1192 4410 1467 4466 Hilariano
1493 4423 1643 4483 more
1672 4410 1906 4483 positum
1932 4420 2038 4483 est.
2059 4394 2126 4467 'ut

523 4482 592 4538 ad
623 4481 926 4552 proximum
979 4484 1203 4538 verbum
1253 4497 1353 4535 non
1398 4481 1689 4546 imminuta,
1735 4490 1788 4535 et
1816 4481 1881 4535 ad
1933 4482 2121 4538 subse-

530 4569 701 4626 quens
740 4556 998 4624 generavit
1025 4569 1179 4624 teque
1209 4552 1549 4626 referendum
1579 4553 1669 4617 sit,
1697 4554 1849 4626 quasi
1898 4552 2118 4609 habere-

524 4624 632 4690 tur,
663 4628 776 4698 ipsa
797 4626 860 4680 de
889 4628 997 4681 suis
1024 4624 1283 4698 generavit
1302 4624 1576 4698 [quamvis
1608 4640 1720 4698 non
1760 4625 2027 4698 imminuta
2057 4626 2120 4679 de

525 4698 654 4753 suis.
686 4694 777 4752 Sic
796 4708 973 4753 autem
1004 4694 1181 4768 potest
1207 4696 1430 4768 intelligi
1454 4695 1522 4768 de
1539 4695 1652 4749 suis
1682 4710 1786 4750 non
1813 4697 2114 4761 imminuta,

523 4770 648 4837 quia
684 4769 802 4823 scil.
835 4766 1038 4836 integra
1068 4780 1121 4822 et
1153 4767 1355 4823 illibata
1378 4766 1681 4837 virginitate
1727 4768 2023 4837 generavit.
2051 4770 2119 4825 At

524 4840 687 4911 quod
726 4856 790 4893 ex
823 4838 925 4895 hac
953 4840 1015 4895 Β.
1065 4839 1301 4910 Virginis
1348 4838 1698 4911 generatione
1727 4840 2030 4906 deducitur,
2062 4852 2118 4895 ut

522 4909 799 4967 credibilis
844 4911 933 4966 fiat
978 4909 1389 4968 Patris’aelerni
1446 4909 1723 4981 generatio
1768 4912 1970 4981 absque
2010 4914 2117 4966 ullo

524 4984 692 5051 ipsius
720 4982 941 5053 damno,
973 4996 1255 5053 perperam
1282 4982 1498 5053 quidam
1522 4982 1737 5047 rapiunt
1763 4983 1826 5035 ad
1863 4983 2118 5037 infaman-

525 5055 649 5110 dam
682 5052 868 5109 Hilarii
919 5055 987 5110 de
1015 5052 1215 5124 Christi
1250 5052 1606 5124 conceptione
1634 5056 1977 5117 sententiam,
2004 5057 2116 5124 jac-

525 5134 752 5196 tantque
778 5140 900 5196 eum
928 5126 1164 5182 sensisse
1191 5123 1465 5196 Christum
1497 5140 1562 5180 ex
1595 5125 1754 5179 Maria
1784 5125 1910 5179 nihil
1940 5123 2121 5182 suSce-

528 5195 696 5267 pisse.
730 5195 895 5264 Quasi
940 5212 1068 5252 vero
1123 5212 1227 5251 non
1280 5197 1332 5250 in
1376 5195 1478 5251 hoc
1517 5196 1748 5267 maxime
1790 5198 2027 5252 instituta
2053 5199 2123 5253 sit

530 5264 701 5340 ipsius
746 5269 1098 5338 comparatio,
1129 5268 1270 5340 quod
1328 5268 1466 5340 sicut
1520 5264 1766 5322 Christus
1824 5285 1888 5322 ex
1942 5268 2120 5324 Mariae

532 5337 826 5399 substantia
850 5337 1018 5395 illtesa
1065 5337 1234 5409 ipsius
1255 5338 1557 5408 integritate
1585 5349 1743 5393 natus
1767 5347 1869 5403 est,
1897 5340 1966 5395 ita
1994 5342 2119 5396 abso

530 5427 635 5481 que
663 5414 836 5483 Patris
862 5413 1063 5467 damno
1100 5426 1166 5483 ex
1204 5410 1380 5483 ipsius
1410 5409 1707 5483 substantia
1755 5412 2000 5478 generari
2022 5427 2120 5483 po-

528 5480 630 5536 tuit
652 5499 666 5543 ;
691 5482 962 5538 Christum
995 5500 1057 5538 ex
1086 5482 1265 5536 Maria:
1287 5480 1583 5535 substantia
1612 5490 1923 5550 generatum
1952 5484 1996 5538 si
2022 5480 2118 5539 ne-

528 5561 700 5623 garet.
730 5555 872 5608 nulla
928 5570 1146 5623 prorsus
1175 5564 1317 5608 esset
1370 5551 1539 5623 ipsius
1588 5552 1744 5605 ratio.
1797 5552 1909 5609 Hoc
1953 5570 2117 5623 porro

530 5622 653 5678 etim
679 5622 981 5679 nullatenus
1013 5639 1209 5696 negare
1235 5622 1653 5696 evidentissimis
1673 5622 2006 5694 argumentis
2030 5641 2116 5683 os-

526 5703 739 5750 te'nsum
763 5703 847 5750 est
874 5697 925 5750 in
948 5694 1258 5766 praefatione
1278 5694 1512 5766 generali

526 5703 739 5750 te'nsum
763 5703 847 5750 est
874 5697 925 5750 in
948 5693 1258 5766 praefatione
1278 5694 1512 5766 generali
1523 5693 1567 5823 ’ᾗ
1598 5695 1648 5747 Ι.
1745 5693 1757 5694 “

518 5786 525 5793 ν
602 5766 673 5839 (e)
697 5766 886 5825 Plures
910 5779 1042 5825 mss.
1070 5769 1123 5823 in
1155 5783 1339 5823 manus
1360 5770 1493 5840 ejus.
1573 5780 1662 5824 um
1684 5779 1804 5823 eam
1836 5767 1960 5825 Par.
1986 5770 2115 5826 reti-

2185 1868 2326 1925 oculi
2361 1867 2559 1923 mentis
2606 1876 2711 1921 tuae
2743 1867 3075 1936 penetrantis
3127 1861 3452 1938 ingreSsum,
3487 1873 3542 1920 et
3565 1879 3698 1918 cum
3730 1879 3803 1919 eo

2185 1962 2426 2017 clausam
2456 1960 2676 2015 domum
2710 1959 3077 2029 intelligentia:
3109 1967 3216 2014 tute
3243 1959 3391 2013 visus
3416 1957 3670 2012 introeat.
3718 1955 3809 2010 lu-

2189 2065 2336 2127 tegra
2379 2062 2506 2111 sunt
2552 2052 2734 2109 omnia
2782 2061 2835 2108 et
2861 2053 3109 2109 obserata
3141 2070 3154 2105 :
3190 2050 3281 2108 sed
3310 2066 3431 2106 esse
3457 2050 3663 2105 assistit
3688 2063 3809 2103 me-

2187 2149 2332 2213 dius,
2356 2148 2443 2204 cui
2473 2162 2566 2219 per
2590 2148 2847 2204 virtutem
2871 2161 3022 2201 suam
3056 2146 3305 2202 universa
3333 2155 3460 2199 sunt
3479 2143 3693 2216 pervia.
3724 2142 3811 2195 In—

2190 2242 2496 2299 visibilihns
2523 2240 2873 2298 calumniaris
2898 2257 2913 2293 :
2942 2254 3044 2310 ego
3069 2253 3098 2293 a
3128 2248 3179 2293 te
3211 2238 3503 2294 visibilium
3559 2249 3808 2305 exposco

2197 2337 2486 2392 rationem.
2540 2334 2682 2391 Nihil
2712 2332 2857 2391 cedit
2885 2348 2952 2389 ex
2991 2331 3186 2397 solido,
3230 2346 3403 2400 neque
3432 2344 3527 2400 per
3554 2338 3807 2383 naturam

2202 2447 2357 2488 suam
2404 2429 2606 2502 aliquid
2639 2439 2911 2500 tamquam
2940 2426 3094 2497 lapsu
3125 2423 3430 2482 insensibili
3467 2423 3610 2492 ligna
3641 2433 3696 2476 et
3726 2421 3808 2474 la-

2202 2525 2356 2596 pides
2384 2523 2694 2579 admittunt.
2729 2522 2938 2592 Corpus
2964 2520 3178 2576 Domini
3207 2535 3237 2574 a
3282 2532 3404 2574 sese
3455 2531 3565 2571 non
3594 2513 3807 2577 deﬁcit,

2204 2630 2264 2677 ut
2313 2632 2435 2675 sese
2489 2625 2731 2673 resumat
2773 2631 2841 2671 ex
2895 2611 3343 2669 nihilozetuode
3372 2610 3461 2683 qui
3509 2608 3724 2665 assistit
3755 2608 3811 2662 in

2206 2712 2388 2769 medio
2409 2721 2494 2766 est
2520 2711 2543 2764 ?
2572 2708 2728 2766 Cedit
2754 2710 2821 2764 ad
2854 2707 2969 2765 haec
3000 2717 3056 2764 et
3105 2720 3299 2763 sensus
3327 2714 3382 2760 et
3404 2718 3612 2766 sermo,
3642 2710 3700 2756 et
3719 2716 3816 2756 ex-

2209 2813 2290 2859 tra
2312 2804 2576 2859 rationem
2612 2802 2900 2856 humanam
2925 2809 3008 2856 est
3035 2801 3234 2854 veritas
3264 2798 3409 2852 facti.
3445 2794 3653 2849 ldeirco
3679 2806 3813 2863 ergo

2209 2906 2266 2952 ut
2294 2896 2363 2951 de
2417 2895 2697 2951 nativitate
2741 2892 2803 2967 (i)
2854 2891 3110 2959 fallimus,
3140 2890 3210 2946 ita
3231 2897 3286 2946 ct
3310 2888 3379 2946 de
3406 2888 3683 2960 ingressus
3713 2886 3814 2940 Do~

2278 3012 2360 3086 (2)
2391 3011 2525 3080 Quia
2552 3018 2908 3083 compunctus.

2524 3145 2669 3183 uram
2700 3128 2962 3183 clavorum
2992 3123 3365 3181 consentiente
3390 3129 3605 3177 vetusto
3627 3121 3817 3177 codice

2534 3215 2668 3255 erm.
2716 3201 2865 3269 juxta
2914 3212 3076 3267 graec.
3105 3198 3191 3252 τὸν
3236 3198 3553 3269 τύπονμτῶν
3580 3193 3814 3269 miliaan

2214 3273 2337 3327 aliis
2363 3284 2542 3327 autem
2577 3265 2749 3328 libris.
2786 3265 3026 3341 ﬁxuram.
3051 3269 3170 3325 Mox
3194 3269 3247 3322 in
3272 3281 3374 3323 ms.
3397 3265 3561 3322 Carn.
3592 3282 3681 3336 per
3699 3266 3817 3320 loca

2214 3345 2500 3407 clavorum,
2530 3356 2628 3411 pro
2650 3343 2705 3396 in
2725 3342 2913 3396 locum.

2290 3415 2361 3487 (f)
2395 3406 2794 3487 Editi,iuclusi.
2826 3414 2897 3468 At
2932 3426 3066 3487 Διιιες.
3090 3411 3195 3487 hic,
3227 3412 3279 3464 in
3308 3410 3503 3487 clauso,
3530 3418 3580 3463 et
3608 3406 3672 3462 ad
3703 3409 3821 3487 _cal-

2214 3479 2352 3542 cem"
2379 3485 2500 3540 libri
2544 3479 2609 3541 in
2663 3484 3060 3549 Constantium,
3111 3484 3163 3537 in
3207 3497 3364 3551 quem
3395 3480 3510 3536 hate
3550 3479 3817 3534 translata

2215 3568 2363 3621 sunt,
2398 3572 2537 3613 unus
2575 3556 2732 3612 Colb.
2779 3557 3018 3611 inclausi.
3066 3554 3181 3610 lam
3234 3555 3285 3608 in
3315 3568 3437 3622 cap.
3466 3552 3521 3613 4,
3550 3552 3601 3606 in
3626 3551 3817 3607 Matth.

2218 3645 2273 3684 n.
2308 3630 2400 3695 15,
2455 3645 2520 3683 ex
2554 3643 2688 3683 mss.
2723 3629 3028 3684 restitutum
3061 3636 3160 3691 est,
3199 3626 3295 3692 Qui
3319 3629 3519 3697 fructus
3540 3634 3612 3677 est
3636 3622 3821 3677 clauso

2219 3703 2502 3769 impensam
2525 3701 2735 3755 luminis
2767 3700 3025 3753 continere
3046 3699 3071 3751 Ρ

2291 3767 2367 3845 (9)
2398 3773 2607 3845 Excnsi
2658 3771 2745 3826 hic
2794 3769 3085 3836 subjiciunt
3136 3767 3507 3845 discipulorum
3568 3781 3820 3819 suorum:

2219 3838 2362 3916 quod
2396 3860 2569 3914 neque
2597 3843 2649 3897 in
2679 3858 2835 3916 sacro
2857 3850 3003 3897 textu
3026 3850 3427 3916 exstat,_neque
3458 3838 3512 3893 in
3536 3852 3664 3894 mss.

2293 3916 2373 3989 (h)
2400 3910 2498 3971 lta'
2527 3929 2662 3989 mss.
2684 3914 2834 3989 ¹ις(ιὶιί
2890 3928 3036 3973 vero,
3067 3922 3114 3989 et
3141 3911 3362 3966 solidam
3389 3910 3640 3980 lignorum
3660 3918 3823 3963 natu-

2221 3984 2335 4042 ram
2356 3984 2794 4053 impenetrabile»:
2825 3985 3154 4038 transcurrit.

2296 4059 2361 4128 (i)
2398 4050 2562 4121 E'diti,
2596 4058 2846 4128 fallimur.
2880 4056 3100 4128 Rectius
3122 4054 3357 4128 potiores
3384 4066 3513 4106 mss.
3540 4050 3822 4128 fallimus:

2223 4123 2385 4186 Caro.
2408 4123 2710 4202 fefellimus.
2743 4127 2869 4182 Haec
2896 4128 3039 4181 enim
3091 4126 3472 4202 haereticorum
3501 4123 3710 4202 nomine
3738 4126 3823 4202 in.

2224 4194 2529 4263 sinuantur,
2563 4201 2845 4255 veritatem
2894 4214 3055 4266 quam
3100 4212 3205 4253 non
3237 4194 3699 4264 comprehendunt
3722 4196 3823 4251 de-

2228 4273 2590 4328 trectantiutn.
2649 4273 2971 4325 Arianorum
3014 4269 3242 4324 inﬁrma:
3296 4267 3625 4322 rati0nisua:
3659 4267 3825 4320 nimis

2226 4343 2560 4399 credentium
2589 4342 2824 4396 imitator
2851 4340 3128 4407 Calvinus,
3164 4340 3228 4394 iis
3261 4340 3359 4393 hac
3389 4348 3541 4409 parte
3565 4336 3826 4391 audacior

2229 4415 2347 4479 fuit,
2398 4413 2538 4484 quod
2587 4412 2640 4467 in
2689 4412 2871 4476 Joan.,
2902 4430 2993 4478 xx,
3041 4413 3129 4478 l9,
3160 4425 3359 4484 iiegare
3408 4425 3513 4484 non
3555 4409 3818 4484 dubitarit

2227 4481 2499 4541 Christum
2535 4500 2627 4554 per
2642 4485 2834 4553 januas
2863 4484 3077 4539 clausas
3105 4483 3170 4538 ad
3199 4481 3492 4554 discipulos
3520 4481 3821 4554 transisse:

2217 3144 2409 3185 nemus
2449 3129 2486 3197 ﬁ

2151 4599 2204 4659 Ι)
2229 4557 2477 4612 εοιιεειΙίι
2523 4551 2710 4659 ίςιιηὸιι1
2728 4556 2908 4627 januis
2939 4572 3068 4659 Ieum
3096 4571 3162 4610 eo
3198 4569 3358 4659 senisu
3385 4551 3823 4659 cllausisningres-

2230 4645 2346 4659 ι-ιιηι
2375 4642 2493 4659 noon
2526 4645 2537 4656 ι
2569 4644 2673 4659 "IIII
2745 4644 2864 4659 nllm
2906 4643 2933 4659 η
2961 4643 3098 4659 uilem
3123 4640 3276 4659 annon
3358 4642 3401 4659 ιιι
3431 4642 3440 4659 I
3471 4640 3530 4659 II:
3562 4640 3574 4659 I
3621 4640 3633 4659 I
3666 4638 3728 4659 nn
3759 4639 3821 4659 Ω-

2229 4645 2348 4683 sum
2374 4642 2493 4683 esse
2525 4645 2538 4692 ;
2569 4623 2865 4697 quud'cum
2905 4627 3101 4682 clausa!
3123 4637 3324 4697 essent,
3355 4623 3531 4697 aditus
3562 4624 3634 4697 illi
3666 4633 3821 4697 pate-

2226 4700 2396 4755 factus
2429 4716 2533 4754 non
2567 4692 2727 4754 fuerit
2770 4716 2925 4753 manu
2964 4692 3205 4761 hominis,
3236 4695 3685 4767 qnmnadmodum
3712 4692 3822 4751 Pe-

2229 4781 2343 4826 trus
2365 4788 2395 4827 e
2415 4786 2634 4827 carcere
2661 4771 2932 4836 obserata,
2962 4771 3056 4825 sed
3078 4766 3264 4839 angeli
3281 4766 3579 4839 ministerio
3605 4776 3818 4839 aperto,

2227 4859 2477 4914 egressus
2521 4855 2619 4898 εει.
2654 4842 2790 4896 Tum
2823 4838 3412 4914 papistarum’nomine
3458 4838 3821 4893 calumniatur

2225 4912 2524 4979 catholicis,
2555 4914 2697 4981 ideo,
2722 4914 2911 4984 inquit.
2942 4915 3099 4967 aliter
3136 4912 3511 4984 sentientibus.
3537 4920 3599 4984 ut
3634 4927 3821 4984 corpus

2224 4987 2506 5058 gloriosum
2555 5003 2658 5040 non
2699 4982 2847 5039 modo
2876 4985 3093 5058 reddant
3129 4984 3294 5058 simile
3331 4982 3567 5058 spiritui,
3598 4982 3691 5035 sed
3719 4985 3815 5035 int-

2224 5053 2459 5111 mensum
2503 5073 2629 5116 esse.
2660 5057 2900 5127 nulloque
2952 5056 3063 5110 loco
3093 5053 3627 5127 continerigobtincant
3651 5068 3817 5127 :Acunt

2224 5127 2346 5183 ideo
2377 5138 2581 5183 tantum
2608 5128 2765 5184 aliter
2790 5124 3042 5193 sentiant,
3067 5129 3190 5197 quia
3224 5125 3491 5180 luculenta
3522 5134 3647 5178 sunt
3674 5124 3804 5179 Scri-

2224 5209 2394 5269 ptnrre
2417 5201 2598 5261 verba,
2634 5210 2689 5256 et
2719 5214 2825 5255 uno
2876 5199 3089 5253 Patrum
3131 5212 3402 5269 oonsettsu
3440 5205 3596 5264 prout
3624 5206 3819 5251 sonant

2224 5271 2516 5327 intellecta.
2558 5271 2701 5328 Sane
2740 5272 2934 5326 frustra
2967 5280 3049 5325 est
3088 5268 3383 5334 Scultetus,
3413 5282 3535 5322 cum
3576 5269 3817 5322 animum

2225 5341 2482 5399 inducere
2508 5353 2752 5406 enitatur,
2786 5342 3045 5396 llilarium
3081 5357 3108 5394 a
3137 5341 3362 5394 Calvino
3402 5354 3501 5394 suo
3532 5353 3637 5391 non
3660 5339 3819 5393 dissi-

2227 5413 2373 5470 dere.
2402 5414 2532 5482 Quis
2562 5414 2705 5469 enitn
2748 5428 2854 5467 non
2879 5411 3078 5478 videat,
3104 5412 3176 5467 ita
3218 5411 3365 5466 illum
3401 5409 3559 5465 verba
3589 5425 3819 5480 evangeo

2228 5485 2326 5540 lica
2378 5486 2729 5549 intellexisse,
2763 5495 2818 5537 ut
2846 5483 3117 5537 Christum
3172 5483 3354 5549 januis
3383 5483 3600 5545 clausis,
3646 5482 3815 5552 iisque

2225 5572 2332 5612 non
2364 5574 2521 5614 manu
2550 5558 2722 5627 angeli
2746 5564 2838 5627 aut
2863 5554 3040 5624 aliqua
3068 5555 3685 5627 onmipotentia:divinae
3711 5556 3816 5627 vir-

2225 5637 2337 5683 tute
2369 5624 2645 5690 reseratis',
2677 5626 2773 5683 sed
2801 5642 2923 5680 cum
2956 5626 3153 5681 clausae
3180 5624 3582 5694 permanerent,
3610 5624 3678 5678 ad
3705 5624 3815 5680 dis-

2223 5701 2430 5770 cipulos
2463 5700 2718 5756 transisse
2745 5696 3056 5770 crediderit.
3087 5697 3204 5770 Non
3251 5698 3409 5770 aliter
3431 5713 3509 5770 ea
3544 5695 3814 5751 intellexit

2222 5763 2572 5845 Augustinus,
2600 5787 2700 5829 scr.
2734 5767 2965 5837 rem",
3014 5787 3068 5826 η.
3116 5768 3171 5837 2,
3222 5763 3312 5824 ubi
3362 5763 3643 5826 Calvinum
3692 5772 3806 5823 cui’r.
