4040 6328
545 233 604 290 91
1718 234 1960 293 SANCTI
2009 234 2266 294 HILARII
2321 238 2627 298 EPISCOPI
3777 256 3840 311 ορ,

546 350 646 407 bor
671 348 883 406 Domini
905 356 1009 417 est,
1040 355 1097 403 ut
1125 348 1301 404 omnia
1351 351 1402 405 in
1461 350 1711 407 creandis
1754 352 1916 408 rebus
1973 353 2139 410 Deum
2168 357 2217 420 Α
2244 361 2370 410 ειιηι
2398 356 2487 425 qui
2511 355 2697 428 genuit
2724 365 2777 412 et
2801 359 2891 429 qui
2944 360 3160 429 genitus
3199 368 3304 417 est.
3335 362 3446 419 Cur
3475 374 3723 421 naturam
3754 384 3843 425 ex-

547 458 710 516 posse
755 452 810 499 tu
836 441 1076 508 sentias;
1106 442 1203 498 sed
1247 453 1303 497 ut
1356 443 1496 500 scias
1548 443 1716 499 Deum
1764 453 1970 517 patrem
2025 447 2143 516 ejus

546 551 671 595 esse
712 537 810 593 lilii
837 537 925 608 qui
970 536 1226 609 loquitur.
1260 536 1500 594 Virtutes
1538 538 1593 594 in
1623 538 1762 597 eteio
1794 542 1971 611 plures
1996 550 2142 610 sunt,

550 642 605 689 ct
633 631 952 698 efﬁcientes,
975 639 1032 688 et
1058 630 1134 704 (a)
1163 641 1385 688 aeternae
1409 650 1423 687 :
1451 633 1546 689 sed
1571 650 1710 690 unus
1730 634 2037 706 unigenitus
2062 644 2146 691 est

550 727 714 793 ﬁlius,
740 743 845 783 non
877 742 907 782 ιι
929 725 1142 783 caeteris
1164 728 1280 783 sola
1306 727 1564 784 dill'erens
1585 740 1870 801 potestate,
1903 732 2025 803 quia
2052 747 2146 803 per

550 840 670 881 eum
721 831 909 879 cuncta
960 833 1105 879 sunt.
1153 824 1260 881 Sed
1307 827 1430 897 quia
1481 841 1642 882 verus
1683 841 1823 882 unus
1856 834 1942 884 est
1978 827 2140 895 illius,

548 933 655 973 non
683 917 756 989 (ὁ)
790 916 881 973 ﬁat
928 917 1166 989 degener
1194 958 1211 984 ,
1259 928 1318 974 ut
1364 928 1520 974 natus
1568 934 1635 976 ex
1689 920 1859 976 nihilo
1898 922 1987 976 sit.
2031 922 2146 978 Au-

548 1010 633 1067 dis
654 1009 901 1067 Filium:
948 1010 1112 1068 crede
1161 1013 1286 1083 quia
1333 1012 1477 1068 illius
1519 1021 1623 1069 est.
1671 1012 1840 1069 Audis
1891 1015 2144 1072 Patrem:

550 1115 822 1161 memento
886 1105 1010 1176 quia
1082 1114 1233 1175 pater
1306 1116 1410 1162 est.
1457 1105 1593 1175 Quid
1646 1106 1762 1161 istis
1841 1107 2150 1164 nominibus

549 1199 937 1271 suspicionem,
969 1201 1253 1268 malitiam,
1284 1200 1565 1256 audaciam
1588 1201 1911 1256 interseris!
1945 1202 2150 1257 Secun-

550 1295 682 1351 dum
729 1306 938 1351 natura:
995 1295 1406 1367 intelligentiam
1453 1297 1673 1351 nomina
1721 1295 1921 1351 divinis
1988 1297 2150 1353 rebus

551 1398 732 1460 aptata
780 1400 905 1444 sunt
939 1387 1034 1462 (ο).
1085 1389 1223 1456 Quid
1252 1389 1412 1445 affers
1442 1390 1550 1443 vim
1578 1389 1866 1445 verborum
1901 1390 2151 1445 veritati?

552 1483 721 1539 Audis
745 1491 949 1551 patrem
976 1493 1030 1539 et
1060 1485 1226 1539 illium
1257 1502 1271 1539 :
1303 1501 1367 1538 ne
1407 1484 1647 1555 ambigas
1672 1499 1793 1539 esse
1829 1483 1971 1556 quod
2010 1499 2148 1539 nun-

550 1587 840 1649 cupantur.
869 1576 1091 1634 Summa
1122 1577 1540 1648 dispensationis
1560 1586 1644 1633 est
1669 1574 1831 1641 Filio,
1855 1587 1911 1631 ut
1935 1577 2151 1633 noveris

552 1673 768 1730 Patrem
792 1691 805 1729 :
834 1673 960 1745 quid
991 1674 1201 1729 irritum
1227 1673 1357 1729 iacis
1384 1686 1520 1743 opus
1547 1672 1954 1743 prophetarum,
1990 1672 2150 1729 Verbi

2243 448 2414 506 cludis
2433 450 2458 505 ?
2480 464 2577 506 cur
2597 455 2877 509 veritatem
2906 453 3215 513 interimis?
3243 458 3439 515 Audis:
3480 459 3636 517 Pater
3664 463 3721 519 in
3748 482 3840 533 me,

2244 553 2293 600 et
2313 561 2406 617 ego
2425 545 2480 601 in
2509 544 2668 603 Patre
2692 546 2885 621 (Ibit,
2923 548 3016 623 58)
3050 566 3065 605 :
3096 560 3154 608 et
3201 557 3303 610 hoc
3338 556 3408 611 de
3436 556 3596 615 Patre
3624 568 3680 614 et
3710 559 3844 617 Filio

2246 637 2366 694 Filii
2398 654 2563 711 opera
2594 649 2877 699 testantur.
2910 643 3026 700 Non
3055 660 3254 717 corpus
3282 647 3375 721 (at.
3407 659 3461 705 ιιι
3492 651 3717 725 corpus)
3752 668 3842 724 per

2246 732 2658 805 intelligentiam
2688 745 2926 794 nostram
2957 742 3173 811 corpori
3202 742 3560 814 immittimus,
3584 762 3766 819 neque
3793 760 3845 807 ut

2249 839 2443 895 aquam
2475 827 2602 882 vino
2632 830 2963 887 infundimus
2992 850 3005 886 :
3036 833 3133 889 sed
3163 836 3409 891 eamdem
3455 839 3507 893 in
3545 850 3778 912 utroque
3798 852 3845 898 et

2247 921 2463 976 virtutis
2488 922 2896 980 similitudinem
2926 935 2983 981 et
3012 926 3228 983 deitatis
3252 930 3639 999 plenitudinem
3677 936 3843 989 conli-

2248 1024 2445 1070 tcmur.
2473 1014 2665 1072 Omnia
2690 1017 2833 1073 enim
2886 1019 3051 1074 Filius
3073 1022 3283 1093 accepit
3310 1038 3338 1077 a
3365 1023 3543 1092 Patre,
3563 1034 3617 1080 et
3641 1037 3728 1082 est
3759 1029 3841 1082 Dei

2249 1109 2442 1175 forma.
2470 1122 2525 1168 et
2549 1112 2725 1185 imago
2768 1114 3082 1170 substantia:
3111 1116 3246 1187 ejus.
3301 1117 3379 1193 ('5)
3428 1118 3502 1193 (g)
3535 1121 3667 1176 Eum
3707 1124 3842 1177 enim

2250 1205 2317 1261 ab
2342 1220 2407 1262 eo
2436 1207 2525 1277 qui
2552 1217 2630 1262 est
2657 1225 2671 1262 :
2702 1210 2873 1279 imago
2888 1209 3186 1266 substantia!
3207 1220 3411 1268 tantum
3434 1214 3499 1268 ad
3523 1215 3842 1272 subsistendi

2253 1302 2433 1368 fidem,
2470 1318 2575 1357 non
2605 1303 2768 1359 etiam
2805 1304 2871 1359 ad
2914 1306 3145 1376 aliquam
3196 1314 3402 1362 natura:
3448 1308 3841 1366 dissimilitudi-

2252 1414 2375 1453 nem
2403 1398 2803 1471 intelligendam
2833 1399 3109 1456 discernit.
3139 1401 3354 1458 Patrem
3394 1412 3572 1459 autem
3606 1403 3659 1459 in
3695 1404 3840 1471 Filio,

2253 1500 2309 1548 et
2344 1491 2536 1548 Filium
2564 1493 2614 1547 in
2632 1492 2792 1549 Patre
2818 1508 2961 1563 esse,
2996 1494 3272 1565 plenitudo
3301 1496 3353 1550 in
3385 1509 3614 1569 utroque
3642 1494 3830 1552 divini-

2255 1586 2377 1641 tatis
2394 1584 2629 1656 perfecm
2644 1594 2743 1642 est.
2761 1586 2876 1642 Non
2900 1588 3041 1644 enim
3056 1587 3346 1644 diminutio
3366 1590 3537 1645 Patris
3552 1602 3635 1647 εει
3652 1590 3833 1657 Filius,

2253 1694 2353 1735 nec
2373 1679 2543 1736 Filius
2564 1680 2909 1751 imperfectus
2933 1698 2962 1738 a
2987 1682 3141 1738 Patre
3163 1693 3263 1741 est.
3286 1684 3464 1757 Imago
3495 1686 3606 1742 sola
3632 1685 3754 1763 (hoc
3779 1695 3842 1743 est

552 1770 1000 1836 incarnationem,
1025 1769 1251 1840 virginis
1300 1779 1533 1839 partum,
1582 1768 1834 1824 virtutem
1872 1767 2146 1836 operatio-
2184 1781 2226 1840 η
2253 1771 2626 1845 solitaria)non
2646 1782 2750 1843 est,
2776 1784 2830 1831 et
2848 1776 3146 1832 similitudo
3168 1793 3273 1833 non
3298 1779 3398 1834 sibi
3414 1789 3516 1837 est.
3542 1780 3655 1837 Deo
3676 1791 3841 1838 autem

552 1878 703 1931 num,
735 1877 951 1919 crucem
988 1862 1187 1918 Christi
1211 1862 1236 1916 i
1259 1861 1382 1918 Tibi
1411 1862 1525 1918 ham
1548 1860 1726 1917 omnia
1758 1862 2023 1932 impensa,
2059 1861 2152 1917 tibi

554 1957 789 2028 praestita
832 1967 958 2012 sunt
991 1965 1085 2011 :ut
1117 1970 1213 2027 per
1256 1956 1373 2012 hrec
1419 1955 1736 2011 manifestus
1794 1955 1887 2011 tibi
1915 1963 1972 2011 et
1995 1954 2155 2011 Pater

551 2057 699 2105 esset
719 2059 774 2106 et
816 2049 1005 2105 Filius.
1047 2049 1320 2120 Supponis
1348 2064 1488 2104 nunc
1521 2046 1601 2121 (rt)
1623 2048 1977 2116 voluntatem,
2002 2063 2155 2104 crea-

553 2143 777 2211 tionem,
817 2141 1163 2213 adoptionem
1192 2161 1208 2198 ε
1235 2141 1440 2212 inspice
1482 2151 1537 2197 et
1565 2141 1811 2195 militiam
1853 2149 1908 2196 et
1949 2143 2157 2212 stipen-

554 2234 700 2290 dium
746 2233 972 2290 Christi.
1024 2234 1227 2305 Nempe
1269 2233 1603 2305 proclamat:
1634 2232 1809 2300 Pater,
1834 2234 2158 2305 manifestavi

551 2347 735 2385 nomen
761 2338 908 2384 tuum
954 2330 1288 2396 hominibus;
1314 2344 1419 2383 non
1465 2327 1639 2392 audis,
1675 2336 1975 2384 creatorem
2000 2328 2158 2384 coele-

552 2425 714 2480 stium
743 2425 976 2489 creasti;
1002 2439 1106 2478 non
1135 2423 1313 2490 audis,
1336 2422 1646 2479 eliectorem
1671 2421 2005 2477 terrestrium
2029 2421 2157 2476 etle-

561 2519 681 2575 clsti
709 2535 725 2585 ;
756 2518 850 2575 sed
898 2518 1083 2574 audis:
1113 2517 1291 2586 Pater,
1333 2517 1653 2589 ntanifestavi
1692 2532 1873 2571 nomen
1902 2524 2045 2570 tuum
2067 2517 2160 2569 Ito-

562 2611 804 2667 minibus.
839 2611 1004 2669 Utere
1035 2610 1112 2684 (i)
1139 2611 1436 2668 Salvatoris
1490 2610 1562 2667 tui
1606 2626 1829 2666 munere
1860 2628 1872 2666 :
1904 2610 2043 2666 scito
2070 2626 2160 2680 pa-

563 2718 696 2764 trem
729 2721 853 2762 esse
898 2707 988 2778 qui
1026 2706 1233 2778 genuit,
1264 2704 1433 2767 lilium
1464 2720 1587 2762 esse
1616 2706 1705 2776 qui
1736 2712 1893 2760 natus
1916 2714 2041 2773 est;
2067 2720 2162 2761 na-

562 2808 673 2856 tum
706 2814 772 2855 ex
795 2814 861 2855 eo
891 2810 1064 2870 patre,
1094 2798 1166 2871 (ε)
1186 2799 1274 2871 qui
1304 2809 1407 2865 est,
1435 2799 1513 2872 (2)
1542 2799 1768 2855 veritate
1793 2808 2017 2855 naturas.
2048 2799 2160 2856 Με-

562 2903 747 2950 mento
798 2909 902 2948 non
958 2893 1054 2949 tibi
1118 2902 1326 2965 patrem
1391 2892 1791 2949 manifestatum
1850 2906 1971 2949 esse
2017 2891 2159 2963 quod

562 2984 706 3042 Deus
753 2994 860 3054 est,
892 2984 989 3041 sed
1023 2984 1189 3040 Deum
1216 2984 1617 3040 manifestatum
1641 2998 1764 3042 esse
1815 2982 1956 3055 quod
2009 2994 2161 3056 pater

553 3087 655 3136 881.

2256 1865 2431 1921 simile
2457 1866 2656 1938 aliquid
2688 1882 2831 1937 esse,
2865 1869 2968 1924 nisi
3002 1870 3141 1941 quod
3174 1886 3235 1927 ex
3267 1887 3327 1928 se
3352 1873 3478 1940 erit,
3512 1889 3618 1929 non
3653 1884 3837 1946 potest.

2255 1959 2372 2016 Non
2402 1961 2546 2016 enim
2589 1961 2807 2017 aliunde
2845 1971 2949 2031 est,
2982 1964 3124 2035 quod
3153 1964 3206 2020 in
3246 1966 3496 2021 omnibus
3528 1968 3703 2022 simile
3726 1978 3801 2023 cst
3830 1985 3840 2021 :

2256 2070 2431 2126 neque
2457 2054 2827 2113 diversitatem
2857 2056 3069 2113 duobus
3111 2058 3398 2115 admisceri
3427 2061 3650 2116 alterius
3675 2060 3739 2116 ad
3776 2061 3842 2115 al-

2257 2157 2429 2204 terum
2461 2148 2758 2205 similitudo
2804 2150 3083 2221 permittit.
3116 2151 3192 2208 Ne
3221 2151 3412 2208 similia
3438 2160 3733 2223 permutes,
3759 2168 3841 2209 ne-

2257 2255 2361 2309 que
2391 2240 2493 2296 sibi
2522 2256 2587 2296 ex
2646 2242 2873 2298 veritate
2919 2242 3211 2301 indiscreta
3268 2245 3547 2318 disjungas
3580 2246 3741 2319 :qula
3766 2230 3849 2318 qui

2257 2335 2432 2390 dixit:
2462 2334 2740 2392 Faciamus
2779 2337 3038 2394 hominem
3066 2340 3135 2394 ad
3169 2339 3440 2411 imaginem
3480 2351 3527 2396 et
3566 2341 3843 2397 similitudi-

2259 2446 2373 2484 nem
2398 2439 2627 2487 nostram
2650 2430 2799 2503 (Gen.
2827 2447 2868 2498 ι,
2903 2431 2999 2505 26)
3033 2474 3049 2501 ,
3111 2433 3341 2489 invicem
3372 2449 3494 2489 esse
3518 2435 3600 2488 sui
3632 2435 3840 2499 similes,

2262 2523 2313 2578 in
2341 2536 2408 2578 eo
2428 2521 2567 2594 quod
2594 2524 2982 2581 similitudinem
3026 2534 3251 2580 nostram
3299 2525 3463 2593 dicat,
3494 2528 3745 2584 ostendit.
3778 2526 3841 2582 Ne

2260 2616 2571 2687 contigeris,
2632 2632 2700 2671 ne
2750 2620 3199 2687 contrectaveris,
3242 2636 3311 2677 ne
3358 2622 3688 2691 corruperis.
3718 2623 3843 2677 Τειιο

2261 2718 2470 2765 natura:
2496 2711 2735 2777 numina,
2770 2719 2893 2766 tene
2917 2711 3039 2768 Filii
3062 2713 3477 2784 professionem.
3510 2714 3648 2770 Nolo
3676 2715 3843 2770 adule-

2263 2801 2360 2868 ris,
2391 2812 2445 2856 ut
2469 2801 2662 2859 Filium
2690 2803 2758 2859 de
2784 2813 2874 2859 tuo
2905 2803 3093 2862 laudes
3126 2823 3139 2860 :
3174 2806 3312 2863 bene
3354 2805 3536 2878 habet,
3567 2816 3625 2863 ut
3651 2808 3713 2863 iis
3741 2823 3841 2881 qua:

2264 2904 2389 2951 sunt
2418 2896 2616 2967 scripta
2645 2906 2932 2953 contentus
2960 2898 3055 2954 sis.

2334 2988 2426 3045 24.
2465 2988 2751 3045 Prudentia
2771 2990 2998 3046 ltumana
3023 2992 3078 3047 in
3108 2990 3201 3047 Dei
3242 2991 3391 3049 rebus
3418 2992 3614 3064 deﬁcit.
3665 2993 3839 3066 Desipit

2264 3081 2386 3136 dum
2416 3099 2469 3137 se
2494 3092 2641 3152 putat
2672 3087 2953 3158 perfectum
2985 3101 3182 3153 sapere.
3207 3115 3277 3127 -—
3307 3085 3426 3142 Non
3455 3096 3541 3141 est
3585 3097 3757 3143 autem
3798 3090 3841 3141 in

629 3170 959 3228 23.Filiusa
981 3171 1141 3229 Patre
1160 3174 1485 3229 subsistentia
1507 3191 1606 3230 non
1629 3185 1813 3230 natura
1830 3174 2157 3235 discernitur.
2189 3186 2234 3251 ο
2266 3183 2472 3231 tantum
2519 3176 2901 3233 conﬁdendum
2954 3178 3236 3249 prudentia
3282 3179 3537 3247 humana,
3569 3190 3623 3235 ut
3655 3179 3841 3253 perlec-

566 3267 633 3323 Ut
658 3268 852 3340 imago,
882 3269 1053 3323 omnia
1084 3269 1232 3324 habet
1270 3285 1384 3339 qute
1447 3268 1622 3325 Pater.
1651 3299 1725 3312 ——
1747 3269 1917 3327 Audis
1942 3287 1955 3324 :
1978 3268 2091 3341 Ego
2120 3279 2169 3325 et

565 3361 723 3416 Pater
739 3378 899 3416 unum
925 3378 1100 3415 sumus
1125 3360 1301 3433 (Joan.
1331 3378 1359 3415 ιι
1377 3404 1391 3427 ,
1406 3361 1521 3434 '50).
1536 3361 1672 3430 Quid
1690 3362 1951 3417 discindis
1976 3371 2031 3417 et
2048 3361 2164 3417 dis-

565 3455 734 3510 trahis
764 3454 957 3509 Filium
988 3455 1196 3511 aPalre
1218 3455 1367 3532 ?65
1388 3455 1563 3513 Unum
1595 3465 1720 3512 sunt
1752 3475 1764 3511 :
1793 3458 2001 3513 scilicet
2021 3456 2090 3530 (ι’)
2121 3457 2163 3513 is

564 3549 785 3620 quiest,
822 3545 950 3604 nihil
983 3547 1184 3603 habens
1212 3549 1353 3619 quod
1395 3563 1502 3603 non
1521 3550 1590 3604 sit
1611 3549 1770 3604 etiam
1812 3550 1866 3606 in
1897 3565 1963 3606 eo
1991 3566 2019 3603 a
2056 3564 2164 3621 quo

563 3650 668 3697 est.
688 3638 823 3697 Cum
865 3640 1023 3696 audis
1050 3640 1244 3696 Filium
1269 3640 1539 3697 dicentem
1568 3658 1581 3696 :
1612 3640 1725 3712 Ego
1746 3650 1794 3697 et
1815 3641 1976 3697 Pater
2004 3658 2164 3696 unum

561 3752 774 3804 sumus;
820 3736 1069 3807 personis
1095 3749 1209 3791 rem
1238 3734 1609 3804 accommoda,
1631 3735 1870 3807 gignenti
1899 3745 1952 3791 ct
1982 3736 2164 3807 genito

562 3829 916 3903 professionis
941 3846 1055 3888 sua:
1085 3830 1337 3902 permitte
1361 3829 1703 3886 sententiam.
1737 3829 1858 3887 Sint
1885 3845 2071 3898 unum,
2104 3838 2164 3886 ut

633 3969 711 4043 (1)
744 3968 1023 4043 S_alutaris.

633 3970 679 4043 (i
744 3969 1023 4028 Salutaris.

631 3969 712 4117 (ἢ)
747 4040 830 4098 Ea;
858 4044 1089 4101 veritate.

632 4159 982 4287 anirtutum
1002 4161 1302 4217 ctelestium
1316 4158 1536 4216 nomine
1548 4158 1767 4231 angelos
1780 4158 1847 4213 ab
1860 4156 2061 4213 illlario
2075 4158 2160 4212 in-

659 4232 727 4287 isti
740 4232 918 4287 solere
933 4236 1130 4287 steoius
1146 4230 1682 4287 observavimus.llas
1696 4232 1918 4286 virtutes
1932 4239 2160 4285 atternas

561 4230 727 4301 telligi
740 4232 918 4287 solere
933 4236 1130 4303 smptus
1146 4230 1682 4288 observavimus.llas
1696 4232 1918 4303 virtutes
1932 4239 2162 4285 atternas

563 4312 855 4373 nuncupat,
882 4319 985 4358 non
1009 4302 1149 4375 quod
1169 4318 1262 4359 eas
1288 4305 1355 4356 ab
1375 4313 1599 4371 aeterno,
1621 4302 1874 4375 sedquod
1896 4316 2002 4357 non
2026 4303 2157 4375 inte-

563 4372 762 4431 riturus
807 4372 1037 4430 credat.’
1059 4378 1172 4441 Qua
1204 4375 1412 4431 ratione
1447 4375 1498 4428 in
1530 4374 1665 4442 psal.
1700 4388 1881 4438 exstx,
1931 4389 2080 4429 num.
2104 4372 2156 4441 6,

565 4449 730 4503 homo
773 4445 1071 4502 secundum
1121 4446 1355 4500 animam
1404 4455 1626 4499 a’ternus
1676 4446 2018 4514 praedicatur.
2066 4444 2163 4500 Hie

564 4519 885 4577 Arianorum
900 4519 1221 4573 sententiam
1251 4526 1421 4585 notat,
1442 4514 1735 4571 volentium
1760 4514 2033 4571 Christum
2061 4517 2162 4571 hoc

566 4600 775 4646 tantum
829 4591 897 4645 ab
924 4589 1031 4645 illis
1056 4589 1340 4645 virtutibus
1384 4587 1626 4651 differre,
1660 4588 1799 4657 quod
1844 4586 1930 4642 ita:
1982 4588 2158 4659 aliqua

565 4662 838 4716 dumtaxat
868 4660 1261 4727 elﬁciant,cnm
1283 4661 1542 4732 perilium
1571 4666 1761 4714 cuncta
1790 4660 1916 4713 sint.
1948 4659 2023 4714 Ex
2055 4675 2162 4727 quo

564 4742 731 4804 patet,
763 4733 904 4788 male
931 4734 981 4787 in
1016 4733 1163 4803 prius
1189 4734 1414 4803 vulgatis
1436 4732 1732 4786 obtinuisse
1754 4747 1843 4801 per
1856 4746 1971 4785 eum
1993 4740 2163 4787 creata

565 4817 704 4867 sunt,
739 4804 826 4861 ubi
880 4820 945 4860 ex
996 4820 1130 4860 mss.
1165 4806 1494 4860 restituimus
1519 4821 1608 4875 per
1633 4820 1746 4857 eum
1775 4813 1959 4857 cuncta
1985 4814 2123 4858 stmt.

642 4878 693 4947 (lt
731 4875 936 4946 Lips.et
952 4876 1182 4932 Par.non
1204 4878 1324 4950 quia
1340 4876 1584 4948 degener;
1606 4877 1807 4947 absque
1818 4877 2157 4932 auctoritate.

642 4876 716 5076 Sf}
746 4948 821 5003 [ta
844 4963 973 5003 mss.
1007 4951 1073 5003 At
1095 4949 1245 5015 editi,
1275 4958 1397 5015 apta
1427 4960 1584 5035 sunt.
1729 5021 1739 5032 .
1821 5019 1833 5033 ο

710 5025 727 5076 l
755 5021 808 5074 In
830 5037 932 5076 ms.
948 5020 1171 5076 Carnut.
1187 5024 1479 5076 voluntate:
1499 5038 1587 5076 cut
1617 5020 1834 5076 lectioni
1857 5018 2000 5075 favet
2019 5018 2157 5076 quod

665 4948 714 5015 ε)
746 4948 821 5003 [ta
844 4963 973 5003 mss.
1007 4951 1073 5003 At
1095 4948 1245 5015 editi,
1275 4958 1397 5015 apta
1427 4960 1565 5005 sunt.

665 4950 714 5076 ξ)
746 4950 821 5003 [ta
844 4963 973 5003 mss.
1007 4951 1073 5003 At
1095 4950 1245 5015 editi,
1275 4958 1397 5015 apta
1427 4960 1565 5005 sunt.

641 4950 662 5096 ἶ
709 5025 727 5095 )
754 5021 808 5096 _ln
830 5037 932 5096 ms.
948 5020 1171 5096 Carnut.
1187 5024 1479 5096 voluntate:
1499 5022 1587 5078 cui
1617 5019 1834 5096 lectioni
1857 5018 2000 5096 favet
2019 5018 2163 5091 quod

571 5092 725 5150 initio
753 5093 910 5161 huius
940 5095 1151 5150 nutneri
1207 5094 1349 5149 illius
1379 5109 1446 5149 ex
1477 5093 1741 5150 sententia
1785 5092 2165 5149 haereticorum

570 5168 757 5240 factus
769 5180 862 5240 pro
884 5166 1139 5240 uoluntate
1166 5167 1386 5240 dicatur.

642 5241 712 5309 (ε)
740 5236 796 5294 In
829 5237 1074 5307 vulgatis,
1104 5239 1193 5310 qui
1222 5249 1293 5294 est
1318 5255 1382 5293 ea:
1408 5240 1617 5293 veritate
1662 5236 2083 5295 naturtexAbest
2104 5254 2170 5295 ea:

570 5327 597 5363 ιι
631 5328 761 5366 mss.
797 5310 996 5365 Horum
1028 5312 1313 5366 verborum
1344 5313 1556 5366 nativus
1575 5311 1710 5366 ordo
1739 5325 1803 5365 ac
1830 5325 2020 5366 sensus
2045 5318 2165 5366 est:

568 5392 748 5438 natum
771 5384 979 5437 veritate
998 5390 1216 5445 natura’,
1248 5397 1342 5438 seu
1367 5396 1490 5437 vera
1524 5384 1801 5439 nativitate
1822 5398 1942 5439 cum
1977 5393 2167 5441 natura

572 5455 690 5523 ejus
714 5470 778 5511 ex
810 5470 915 5526 quo
946 5454 1213 5521 nascitur,
1242 5455 1305 5508 ab
1331 5469 1389 5509 eo
1411 5465 1558 5526 patre
1586 5459 1785 5524 quiest,
1824 5457 1925 5514 hoc
1948 5467 2049 5522 est,
2078 5472 2174 5512 cn-

568 5526 656 5602 jus
685 5529 961 5602 proprium
982 5535 1059 5602 est
1086 5541 1114 5579 a
1143 5540 1202 5581 se
1224 5541 1366 5594 esse,
1400 5537 1454 5602 et
1476 5544 1591 5602 non
1611 5529 1679 5583 ab
1711 5530 1838 5596 alio,
1865 5531 1946 5584 vel
1978 5533 2065 5602 qui
2090 5539 2174 5587 est

571 5598 895 5670 principium
946 5597 1345 5670 universorum.
1396 5598 1487 5656 Sic
1541 5599 1632 5655 lib.
1666 5618 1725 5669 ιι,
1760 5617 1814 5656 ιι.
1852 5603 1937 5670 ll,
1967 5597 2171 5660 habes:

572 5669 670 5744 Est
696 5666 868 5744 Filius
889 5670 951 5724 ab
976 5686 1036 5724 eo
1067 5668 1221 5727 Patre
1239 5674 1325 5744 qui
1351 5683 1458 5741 est;
1494 5673 1581 5729 hic
1616 5666 1768 5740 vero,
1800 5684 1856 5729 ut
1879 5666 1999 5730 tuos
2034 5677 2180 5732 vide-

585 5741 770 5820 bimus
781 5758 793 5794 :
824 5739 995 5820 Unum
1017 5739 1360 5820 sunt,scilicet
1390 5739 1541 5817 isqui
1568 5755 1666 5820 est,
1691 5745 1821 5804 nihil
1842 5748 2031 5804 habens
2044 5748 2181 5820 quod

583 5831 685 5870 non
724 5814 789 5871 sit
832 5813 983 5871 etiam
1011 5816 1063 5870 in
1106 5833 1167 5876 eo
1196 5834 1226 5871 a
1246 5834 1347 5893 quo
1373 5813 1489 5895 est;
1529 5818 1620 5889 ubi
1642 5820 1686 5877 is
1707 5820 1796 5893 qui
1824 5828 1921 5890 est,
1942 5813 2180 5897 Patrem,

2272 3278 2382 3324 tum
2415 3283 2474 3324 se
2502 3268 2621 3338 quis
2651 3278 2801 3340 putet
2828 3285 3021 3340 sapere
3049 3271 3191 3342 quod
3219 3272 3389 3342 sapiat
3419 3289 3432 3326 :
3466 3280 3520 3327 et
3549 3273 3601 3329 in
3625 3288 3694 3329 eo
3716 3272 3841 3329 arlil.

2273 3369 2444 3415 tretur
2464 3360 2723 3417 absoluta:
2750 3364 2977 3418 rationis
2994 3380 3254 3419 summam
3270 3366 3558 3433 contineri,
3586 3367 3725 3437 quod
3749 3367 3842 3436 ipsa

2272 3464 2453 3512 mente
2488 3466 2841 3526 pertractans,
2868 3456 3117 3527 aequabili
3149 3455 3386 3530 undique
3413 3458 3555 3530 apud
3585 3477 3645 3519 se
3673 3458 3840 3518 existi-

2268 3558 2378 3606 met
2419 3548 2664 3605 veritatis
2710 3550 2967 3621 opinione
3011 3559 3282 3607 constare.
3331 3551 3447 3609 Non
3488 3555 3635 3610 enim
3682 3554 3843 3610 conci-

2266 3642 2420 3713 piunt
2448 3643 2759 3712 imperfecta
2792 3641 3124 3713 perfectum,
3170 3658 3346 3715 neque
3381 3645 3537 3717 quod.
3564 3662 3628 3702 ex
3655 3646 3729 3715 (It)
3753 3644 3845 3699 alio

2266 3735 2546 3800 subsistit,
2589 3735 2835 3791 absolute
2865 3736 2952 3792 vel
2982 3737 3220 3794 auctoris
3249 3737 3331 3794 sui
3359 3748 3535 3811 potest
3566 3740 3843 3809 intelligen-

2266 3830 2394 3886 tiam
2432 3828 2709 3895 obtinere,
2753 3830 2839 3887 vel
2879 3832 3153 3904 propriam
3184 3850 3197 3889 :
3229 3847 3289 3889 se
3316 3832 3534 3906 quidem
3567 3835 3620 3890 in
3648 3849 3711 3892 eo
3748 3842 3845 3889 tau-

2343 3965 2422 4042 (5)
2458 3966 2594 4023 Eum
2617 3970 2750 4026 enim
2779 3969 2868 4042 qui
2892 3980 2963 4031 est
2991 3970 3052 4027 ab
3080 3987 3138 4028 eo
3166 3973 3253 4044 qui
3276 3982 3350 4028 est
3374 3973 3565 4047 imago.

2271 4157 2369 4234 i_sa
2390 4174 2491 4229 quo
2513 4168 2605 4226 est,
2633 4159 2830 4234 Filium
2855 4160 3136 4233 significat.
3160 4162 3606 4234 Quamquamlib.
3623 4180 3677 4228 ιι,
3695 4179 3741 4218 n.
3767 4160 3844 4229 se,

2271 4228 2438 4306 Filius
2489 4244 2734 4306 respectu
2774 4228 3007 4306 Spiritus
3052 4228 3221 4289 sancti
3276 4228 3474 4289 dicitur
3510 4237 3554 4289 is
3579 4237 3667 4306 qui
3691 4246 3776 4296 est,
3803 4244 3848 4287 et

2271 4303 2389 4387 ejus
2418 4314 2667 4387 respectu
2712 4305 2943 4376 Spiritus
2995 4316 3234 4373 sanctus,
3267 4307 3310 4362 is
3346 4310 3498 4382 cujus
3528 4303 3622 4375 esi,
3650 4307 3788 4380 quasi
3811 4307 3846 4359 is

2271 4384 2358 4444 qui
2384 4384 2501 4444 ejus
2527 4384 2631 4430 est.

2347 4443 2418 4519 (Ῑ)
2447 4446 2504 4521 In
2545 4462 2656 4503 υηο
2687 4448 2875 4503 COdicc
2905 4448 3114 4521 chtig.
3163 4463 3263 4504 nec
3298 4464 3405 4505 non
3431 4449 3667 4516 Theod.,
3708 4450 3748 4505 is
3777 4445 3848 4517 qui

2269 4529 2365 4583 est,
2387 4527 2435 4572 et
2452 4519 2515 4573 de
2537 4530 2752 4594 quaest,
2768 4519 2921 4594 _niltil
2950 4519 3162 4594 Itabégs,
3186 4530 3319 4588 etc.,
3340 4522 3636 4594 glossema.
3660 4522 3848 4592 Quippe

2266 4604 2364 4643 cur
2403 4606 2566 4645 unum
2616 4592 2723 4646 sint
2767 4592 2927 4647 Pater
2970 4601 3023 4647 et
3075 4592 3261 4660 Filius,
3309 4592 3396 4649 hic
3421 4595 3560 4655 ratio
3590 4596 3844 4652 reciditur;

2266 4661 2399 4737 quia
2437 4663 2687 4737 nimirum
2737 4664 2781 4718 is
2820 4665 2912 4737 qui
2967 4674 3055 4737 est
3092 4663 3443 4735 principium:
3472 4664 3843 4737 generationis,

2267 4732 2644 4808 nihil_habeat
2690 4732 2846 4806 quod
2882 4753 2987 4791 non
3018 4732 3104 4791 sit
3127 4737 3181 4790 in
3225 4732 3282 4792 eo
3311 4754 3341 4791 a
3368 4732 3602 4808 quo'est,
3639 4739 3737 4791 huc
3757 4746 3847 4800 est,

2266 4806 2357 4879 qui
2384 4805 2461 4879 ab_
2477 4823 2543 4863 eo
2564 4816 2671 4874 est,
2699 4805 2794 4863 seu
2825 4809 2913 4879 qui
2943 4808 3011 4863 ab
3037 4823 3104 4865 eo
3135 4805 3396 4879 originem
3426 4809 3593 4865 ducit.

2340 4877 2414 4952 (g)
2442 4877 2499 4932 ln
2532 4880 2760 4952 vulgatis
2804 4877 2858 4935 et
2901 4880 3107 4950 aliquot
3136 4877 3266 4934 mss.
3296 4898 3309 4933 :
3343 4879 3479 4935 Eum
3521 4882 3657 4936 enim
3683 4879 3764 4948 qui
3787 4882 3851 4952 est

2267 4948 2328 5003 ab
2350 4947 2417 5004 eo
2438 4953 2525 5022 qui
2554 4947 2825 5026 est-imago
2854 4947 3189 5026 substituunt;
3217 4947 3850 5026 aliud__glossema,ﬂuuii

2267 5026 2560 5093 castigatur
2585 5038 2687 5087 one
2702 5022 2831 5079 mss.
2858 5025 3108 5090 Caruut.,
3140 5023 3318 5089 Colb.,
3353 5023 3666 5089 Vindoein.,
3691 5022 3849 5079 Vatic.

2271 5103 2327 5166 et
2360 5093 2495 5149 Vict.
2537 5094 2748 5166 Quippe
2792 5112 2909 5152 eum
2946 5097 3082 5150 enim
3122 5096 3356 5150 refertur
3379 5096 3444 5151 ad
3476 5095 3669 5151 Filium
3709 5112 3721 5149 :
3756 5104 3850 5145 tum

2271 5164 2334 5239 ab
2364 5167 2539 5239 coqui
2565 5164 2853 5222 est‘dicitur
2882 5168 2949 5225 de
2971 5166 3151 5222 Patre.
3178 5166 3417 5222 Subinde
3447 5168 3617 5239 imago
3641 5167 3856 5239 substan-

2272 5237 2367 5312 tia:
2412 5237 2529 5312 _(_ubi
2560 5240 2613 5293 in
2648 5253 2754 5312 uno
2784 5254 2886 5294 ms.
2919 5239 3073 5312 Coll).
3110 5239 3276 5312 imago
3304 5237 3720 5310 consubstantite)
3750 5253 3850 5312 ina-

2275 5309 2530 5383 terialiter
2573 5311 2852 5381 accipitur.
2889 5311 3021 5366 llinc
3052 5307 3271 5382 prmstat
3317 5327 3438 5366 mox
3489 5307 3855 5383 intelligendmn

2280 5382 2519 5455 discernit
2537 5375 3000 5454 jttxta'plerosque
3028 5375 3090 5439 ac
3113 5384 3349 5453 potiores
3377 5399 3507 5439 mss.
3540 5375 3700 5455 quam
3728 5375 3853 5452 quod

2281 5454 2421 5528 apud
2452 5454 2597 5528 Lips.
2631 5463 2685 5512 et
2714 5455 3224 5528 Par.,lntelligentiu
3247 5455 3512 5528 discernit.

2355 5526 2433 5599 (It)
2470 5526 2580 5584 lloc
2609 5538 2711 5593 est,
2741 5542 2806 5582 ex
2831 5527 2931 5599 alia
2973 5524 3269 5583 substantia
3303 5547 3314 5581 :
3349 5527 3432 5582 cui
3476 5524 3731 5599 locutioni
3776 5534 3857 5590 utr

2286 5600 2501 5669 ponitur
2550 5615 2613 5654 ea:
2658 5615 2712 5655 se
2741 5598 2793 5653 in
2829 5598 2910 5653 Itis
2942 5602 3151 5655 numeri
3180 5600 3515 5670 superioris:
3565 5598 3675 5653 Deo
3702 5605 3856 5650 autem

2284 5673 2451 5728 simile
2491 5672 2688 5744 aliquid
2726 5688 2855 5744 esse,
2886 5671 2983 5726 nisi
3029 5672 3167 5743 quod
3196 5686 3259 5725 ea:
3284 5688 3338 5727 se
3382 5672 3497 5739 erit,
3546 5688 3650 5726 non
3690 5672 3854 5744 potest.

2291 5745 2425 5801 Tum
2458 5736 2715 5800 duo'mss.
2749 5736 2904 5799 Cuib.
2948 5736 3067 5799 cum
3091 5744 3319 5817 iCarnut.
3347 5736 3613 5803 substitit:
3638 5736 3861 5817 et'paulo

2290 5827 2413 5899 post
2438 5818 2483 5879 si
2508 5817 2732 5897 quidem,
2757 5831 2865 5881 non
2895 5831 2948 5877 se
2974 5816 3198 5895 quidem.
