4040 6328
3548 146 3586 157 ρ

243 296 315 352 εδ
1509 284 1595 340 Ῐὶιζ
1635 279 1846 339 ΤΒΙΝΙἹ

1958 278 2014 334 Ἐ
2055 276 2257 334 LIBER
2299 277 2384 335 111.
3469 267 3538 323 ﬁl

244 425 356 471 tum
386 414 625 486 quodest
659 413 915 479 sentiens,
946 419 1200 465 creterum
1227 404 1448 461 ulterius
1480 398 1592 474 66
1624 412 1844 456 sensum
1874 404 1928 467 Α
1952 402 2238 467 saperent;
2288 401 2342 448 et
2387 408 2508 449 cum
2543 390 2671 447 nihil
2718 390 2819 447 nisi
2872 389 3009 445 intra
3063 384 3389 486 illﬁl‘lllliillls
3432 399 3541 437 sine

242 526 399 566 suum
448 524 606 581 quam
651 509 751 565 sibi
788 504 1080 564 constituta
1118 502 1188 559 sit
1236 508 1424 557 natura
1453 513 1559 554 non
1590 490 1836 551 tendens.

241 600 443 660 Motum
472 604 614 660 enim
642 616 795 658 suum
826 616 932 656 non
982 597 1082 655 sibi
1128 596 1309 663 debet,
1357 590 1453 649 sed
1502 586 1705 647 auctori
1741 603 1754 641 :
1789 596 1844 641 et

241 697 444 755 idcirco
468 694 699 770 id,quod
726 697 800 768 (a)
834 697 886 751 in
920 692 1067 751 aliud
1097 707 1164 747 ex
1194 698 1415 746 auctore
1443 684 1708 748 subsistit,
1738 681 1842 737 im-

245 791 543 864 perfectum
572 790 672 846 sibi
718 797 823 859 est,
850 786 976 844 dum
1010 793 1225 842 constat
1252 780 1497 847 aliunde;
1527 788 1580 835 et
1618 789 1843 832 necesse

241 892 360 948 est,
405 891 462 938 ut
494 883 544 938 in
571 898 677 953 quo
698 897 757 938 se
790 877 1085 953 perlectum
1118 883 1485 949 putet-sapere
1510 913 1525 939 ,
1565 868 1793 940 desipiat
1825 884 1839 920 :

242 977 367 1048 quia
392 985 597 1033 naturae
623 990 736 1032 sua:
767 991 872 1031 non
902 971 1190 1030 moderans
1217 967 1616 1032 necessitatem,
1646 972 1700 1019 et
1727 978 1843 1017 om-

244 1072 332 1143 nia
371 1070 740 1127 inﬁrmitatum
772 1083 990 1123 suarum
1040 1065 1362 1123 existimans
1390 1060 1632 1117 terminis
1672 1056 1846 1113 conti-

242 1164 385 1229 neri,
417 1164 681 1234 falsojam
708 1162 983 1233 sapientiae
1009 1160 1228 1216 nomine
1257 1157 1515 1230 gloriatur
1549 1171 1563 1208 :
1605 1152 1727 1225 quia
1759 1166 1843 1207 sa-

242 1271 401 1330 pere,
433 1256 535 1313 slbi
568 1256 704 1312 ultra
734 1271 924 1312 sensus
955 1258 1035 1310 sui
1070 1269 1175 1310 non
1203 1252 1363 1308 liceat
1390 1257 1708 1320 potestatem
1734 1287 1747 1311 ,
1791 1252 1847 1300 et

240 1363 402 1421 quam
450 1347 721 1405 inﬁrmum
770 1345 1094 1405 subsistendi
1133 1355 1216 1401 est
1245 1344 1480 1410 virtute,
1515 1352 1621 1395 tam
1651 1352 1846 1395 sensus

240 1444 330 1498 sit.
368 1442 542 1515 Atque
570 1443 640 1499 ob
678 1443 729 1499 id
761 1439 1088 1515 imperfectae
1116 1447 1319 1495 naturae
1341 1434 1673 1502 substitutio,
1719 1448 1842 1504 pere

240 1537 368 1594 fecti
414 1551 605 1594 sensus
630 1536 948 1608 sapientiam
992 1536 1237 1591 obtinere
1275 1548 1333 1590 se
1359 1530 1631 1604 glorians,
1664 1526 1845 1583 stultae

243 1631 533 1702 sapientia}
552 1630 807 1687 irridetur
824 1629 1135 1702 opprobrio,
1156 1623 1415 1698 Apostolo
1444 1623 1690 1679 dicente:
1722 1616 1845 1674 Non

245 1724 379 1778 enim
402 1722 539 1778 misit
566 1740 646 1780 me
669 1720 907 1778 Christus
930 1722 1209 1795 baptizare,
1235 1719 1323 1774 sed
1353 1716 1720 1787 erangelizare,
1741 1729 1843 1768 non

1945 492 2201 558 saperent
2246 494 2515 552 naturam,
2562 498 2703 549 eam,
2759 496 2878 552 quae
2908 478 3020 535 sola
3065 475 3156 533 Dei
3190 474 3421 548 perfecta
3451 488 3543 529 sa-

1944 578 2144 653 pientia
2189 588 2294 646 est,
2346 584 2595 647 putarent
2642 589 2762 631 esse
2802 572 3115 639 stultitiam;
3160 586 3255 642 per
3291 566 3433 642 (ια’-(Ι
3488 569 3538 624 in

1943 669 2027 743 (ά)
2050 684 2111 727 ea
2158 670 2269 740 ipsa
2313 666 2541 724 inﬁrmis
2585 664 2866 737 sapientia:
2893 682 3004 720 sua:
3044 663 3296 735 Opinione
3326 660 3542 731 desipe-

1945 771 2088 820 rent.
2142 760 2286 834 Ergo
2332 759 2591 833 quidquid
2639 757 2986 830 pereuntibus
3028 756 3255 812 stultitia
3287 765 3391 821 est,
3441 752 3545 809 hoe

1946 855 2013 912 iis
2040 855 2129 927 qui
2161 854 2442 910 salvantur
2469 851 2561 908 Dei
2590 852 2760 906 virtus
2789 859 2872 906 est
2899 869 2914 905 :
2947 850 3072 919 quia
3118 848 3249 903 nihil
3283 845 3543 902 naturalis

1945 961 2136 1005 sensus
2159 946 2230 1021 (e)
2289 944 2371 1002 sui
2420 940 2730 1000 inﬁrmitate
2784 941 3153 1008 moderantur,
3204 940 3296 995 sed
3346 936 3543 994 dirin-u

1948 1044 2229 1115 potestatis
2259 1039 2601 1097 efﬁcientiam
2633 1034 2930 1094 secundum
2964 1035 3281 1090 inﬁnitatem
3302 1033 3541 1090 caelestis

1946 1137 2159 1193 virtutis
2205 1136 2535 1207 expendunt.
2590 1131 2658 1188 Et
2716 1131 2919 1187 idcirco
2965 1129 3278 1201 sapientiam
3330 1128 3542 1198 sapien-

1947 1232 2102 1297 tium,
2133 1239 2186 1286 et
2216 1225 2623 1299 intelligentiam
2655 1221 3065 1294 itttt-lligentimn
3094 1221 3232 1275 Dens
3256 1219 3540 1291 improbat,

1946 1325 2073 1399 quia
2122 1338 2217 1397 per
2262 1324 2570 1396 Opinionem
2615 1318 2858 1375 stultitiae
2909 1318 3154 1371 humanm
3199 1311 3544 1369 credentibus

1947 1420 2094 1477 salus
2125 1419 2376 1475 tribuitur
2403 1434 2417 1471 :
2448 1415 2575 1472 dum
2605 1424 2659 1470 et
2696 1411 2959 1477 inﬁdeles,
2995 1424 3115 1480 qua:
3144 1418 3294 1462 extra
3324 1418 3541 1460 sensum

1950 1530 2108 1571 suum
2139 1522 2283 1580 sunt,
2315 1510 2478 1567 stulta
2507 1525 2627 1565 esse
2655 1506 2975 1571 decernunt,
2999 1509 3055 1559 et
3080 1500 3266 1556 fideles
3297 1497 3544 1569 potestati

1948 1624 2011 1665 ac
2042 1608 2223 1663 virtuti
2268 1606 2360 1661 Dei
2393 1604 2570 1660 omnia
2598 1600 2667 1674 (Ῑ)
2712 1598 3002 1671 largiendrc
3050 1597 3152 1652 sibi
3202 1595 3389 1650 salutis
3433 1607 3545 1648 sua:

1948 1711 2287 1759 sacramenta
2338 1701 2674 1771 permittunt.
2727 1696 2842 1751 Non
2888 1709 3018 1766 ergo
3058 1702 3181 1746 sunt
3232 1690 3392 1746 stulta
3423 1703 3543 1760 quae

240 1814 297 1870 in
326 1828 561 1871 sermone
594 1817 881 1886 sapientiae,
910 1831 974 1870 ne
994 1780 1167 1869 inanis
1193 1813 1284 1884 [rat
1310 1827 1439 1866 crux
1462 1806 1695 1863 Christi:
1729 1822 1842 1861 rer-
1876 1810 1924 1872 Β
1953 1798 2049 1853 Dei
2076 1805 2230 1863 sunt;
2273 1793 2366 1851 sed
2416 1793 2664 1847 humanae
2712 1796 2919 1886 natum
2965 1780 3544 1886 insipiens-prudentia

242 1911 361 1965 bunt
390 1909 526 1967 enim
561 1912 726 1967 crucis
755 1910 976 1967 stultitia
1006 1919 1078 1964 est
1107 1907 1190 1962 his
1217 1906 1304 1978 qui
1330 1913 1561 1976 pereunt,
1585 1903 1647 1956 iis
1674 1907 1845 1955 autem

242 2005 327 2075 qui
358 2003 647 2071 salvantur,
678 2004 839 2058 virtus
870 2002 964 2056 Dei
985 2015 1077 2057 est.
1118 2000 1381 2066 Scriptum
1426 2007 1499 2051 est
1519 1996 1649 2049 enim
1675 2012 1692 2050 :
1721 1992 1846 2047 Pcr-

247 2096 372 2149 dam
402 2096 709 2164 sapientiam
758 2095 1084 2165 sapientium,
1135 2104 1181 2148 et
1207 2091 1519 2147 intellectum
1550 2087 1844 2160 intelligen-

248 2188 377 2242 tium
397 2184 692 2259 reprobabo.
719 2185 819 2243 Ubi
839 2186 1076 2256 sapiens?
1097 2185 1184 2240 ubi
1200 2184 1408 2240 scriba?
1429 2182 1515 2238 ubi
1536 2180 1850 2253 conquisitor

246 2278 407 2352 hujus
454 2280 670 2336 siccati?
717 2278 908 2334 Nonne
949 2279 1157 2333 stultam
1198 2278 1319 2349 fecit
1362 2275 1499 2331 Deus
1541 2274 1846 2346 sapientiam

242 2366 405 2435 huius
432 2370 644 2425 mundi?
676 2368 930 2436 Quoniam
977 2370 1180 2443 quidem
1221 2369 1275 2423 in
1320 2367 1572 2439 sapientia
1601 2365 1700 2421 Dei
1742 2383 1845 2421 non

243 2459 581 2535 cognovit(b)
621 2463 840 2517 mundus
888 2476 978 2533 per
1021 2461 1329 2532 sapientiora
1388 2456 1575 2523 Deum,
1626 2457 1844 2513 decrevit

243 2551 386 2608 Deus
434 2568 524 2623 per
566 2551 840 2609 stultitiam
883 2554 1263 2621 praedicationis
1303 2553 1502 2608 salvere
1545 2550 1839 2606 credentes:

240 2645 484 2712 quoniam
509 2645 683 2701 Iudici
710 2648 856 2717 signa
881 2656 1079 2716 petunt,
1104 2654 1151 2701 et
1182 2644 1351 2701 Graeci
1374 2643 1678 2715 sapientiam
1705 2659 1844 2716 quie-

241 2747 406 2796 runt:
437 2754 529 2796 nos
570 2750 741 2796 autem
781 2741 1120 2812 prtediramus
1157 2739 1417 2796 Christum
1453 2739 1632 2795 .Iesum
1672 2740 1843 2794 cruci-

246 2831 436 2903 ﬁxum,
492 2831 699 2891 Iudaeis
746 2832 951 2904 quidem
997 2834 1324 2901 scandalum,
1393 2831 1625 2908 gentibus
1677 2839 1846 2888 autem

245 2928 545 2995 stultitiam,
574 2927 700 2999 ipsis
731 2940 903 2984 autem
944 2928 1135 2984 vocatis
1171 2927 1370 2984 ludatis
1399 2940 1445 2985 et
1477 2926 1669 2985 Crwcis
1695 2926 1850 2983 Chri—

241 3030 379 3077 stum
426 3021 526 3077 Dei
567 3022 797 3079 virtutem
845 3033 892 3078 et
927 3021 1021 3078 Dei
1050 3024 1355 3098 sapientiam
1396 3037 1411 3079 :
1454 3022 1577 3094 quia
1602 3022 1738 3089 quod
1762 3024 1847 3077 in-

243 3116 457 3187 firmum
487 3127 561 3173 est
588 3116 705 3185 Dei,
736 3117 923 3189 fortius
953 3131 1029 3175 est
1058 3118 1383 3185 hominibus;
1408 3118 1613 3191 etquod
1638 3116 1848 3173 stultum

245 3179 323 3268 est
355 3211 471 3277 Dei,
505 3179 786 3285 sapientius
800 3222 874 3269 est
895 3211 1186 3268 hominibus
1202 3210 1243 3287 (Ι
1266 3179 1386 3268 ευτ’.
1421 3228 1459 3279 t,
1485 3179 1552 3268 i7
1582 3223 1627 3268 et
1654 3216 1842 3284 seqq.).
1875 3179 1919 3242 Ο

252 3303 447 3361 Omnis
476 3306 659 3378 itaque
706 3303 1098 3379 inﬁdelitasﬂ)
1142 3306 1374 3362 stultitia
1417 3314 1538 3362 est:
1570 3307 1689 3378 quia
1741 3307 1845 3361 im-

242 3397 475 3472 perfecti
502 3415 693 3456 sensus
720 3401 802 3457 sui
844 3417 935 3457 usa
974 3402 1258 3470 sapientia,
1306 3399 1433 3456 dum
1474 3401 1653 3456 omnia
1695 3399 1843 3456 inﬁr-

246 3493 453 3550 mitatis
499 3510 611 3549 suae
657 3495 914 3566 Opinione
955 3494 1286 3563 moderatur,
1347 3506 1498 3567 putat
1542 3493 1681 3550 efﬁci
1737 3510 1844 3549 non

247 3600 410 3657 posse
437 3585 577 3656 quod
600 3602 706 3642 non
730 3586 890 3661 sapit.
936 3582 1109 3644 Causa
1154 3589 1297 3645 enim
1321 3584 1651 3644 inﬁdelitatis
1678 3587 1745 3663 (ε)
1778 3588 1846 3644 de

242 3679 520 3733 sententia
541 3687 628 3735 est
649 3677 997 3749 infirmitatis,
1028 3681 1152 3736 dum
1182 3690 1395 3753 gestum
1423 3694 1544 3738 esse
1573 3682 1693 3753 quis
1739 3697 1844 3737 non

244 3780 421 3844 putat,
454 3774 597 3832 quod
642 3774 757 3846 geri
780 3791 887 3831 non
916 3791 1074 3847 posse
1099 3773 1339 3831 deﬁniat.

318 3864 411 3921 25.
442 3864 681 3923 Stultitia
707 3867 910 3941 sapiens
959 3866 1214 3939 ﬁdelium.
1242 3897 1317 3910 —
1358 3867 1424 3925 Et
1462 3866 1662 3925 idcirco
1703 3871 1849 3942 Apo-

241 3957 422 4013 stolus
448 3959 625 4015 sciens
656 3968 860 4015 natura;
890 3956 1141 4015 humana:
1172 3958 1545 4033 imperfectam
1568 3961 1849 4034 cogitatio-

244 4065 372 4107 nem
422 4051 524 4109 boc
566 4052 744 4109 solum
799 4066 984 4125 putare
1024 4054 1077 4109 in
1125 4055 1237 4111 veri
1286 4054 1496 4111 ratione
1540 4069 1662 4111 esse
1702 4055 1849 4127 quod

253 4150 494 4216 saperet,
523 4142 599 4200 ait
628 4160 736 4201 non
768 4144 823 4202 in
856 4161 1110 4204 sermone
1138 4161 1197 4203 se
1221 4146 1501 4218 sapientia:
1530 4146 1847 4219 praedicare.

242 4251 317 4294 ne
358 4236 756 4308 praedicationis
797 4253 911 4295 suae
955 4238 1129 4295 inanis
1177 4247 1321 4295 esset
1365 4240 1614 4296 assertio.
1658 4240 1738 4296 Ac
1782 4257 1852 4297 ne

242 4331 491 4387 stultitiae
549 4347 671 4390 esse
745 4330 1069 4405 praedicator
1118 4333 1557 4397 existimaretur,
1627 4332 1849 4407 adjecit,

240 4426 472 4483 verbum
503 4428 681 4483 erucis
706 4426 991 4483 stultitiam
1017 4426 1124 4501 67
1152 4442 1274 4483 esse
1304 4426 1653 4497 pereuntibus
1678 4444 1691 4483 :
1726 4429 1851 4500 quia

1948 1900 2051 1958 est,
2084 1904 2204 1961 qua:
2233 1903 2261 1943 a
2293 1886 2404 1944 Deo
2431 1900 2533 1941 suo
2563 1894 2654 1939 aut
2699 1882 2847 1955 signa
2887 1886 2982 1936 aut
3021 1878 3339 1949 sapientiam
3381 1874 3446 1930 ad
3480 1874 3544 1929 ﬁ-

1949 1986 2069 2042 dem
2113 1984 2368 2059 posmlet.
2419 1981 2486 2037 Et
2525 1978 2835 2036 Judmorum
2884 1975 3103 2048 quidem
3150 1980 3233 2027 est
3275 1970 3548 2043 postulare

1950 2081 2144 2153 signa;
2175 2080 2299 2151 quia
2328 2078 2380 2132 in
2427 2075 2519 2131 Dei
2553 2073 2770 2129 nomine
2814 2086 2910 2142 per
2956 2068 3089 2141 legis
3129 2065 3545 2121 familiaritatem

1951 2188 2058 2230 non
2086 2169 2373 2229 admodum
2417 2170 2594 2235 rudes,
2628 2165 2807 2222 crucis
2836 2161 3093 2219 seandalo
3115 2164 3545 2216 commoventur.

1952 2267 2265 2325 Greecorum
2296 2272 2473 2319 autem
2505 2267 2603 2317 est’
2630 2257 2948 2332 sapientiam
2979 2268 3224 2327 poscere,
3259 2253 3381 2323 quia
3419 2264 3550 2321 gen-

1955 2360 2033 2418 tili
2082 2359 2281 2431 ineptia
2337 2356 2678 2423 humanaque
2727 2348 3009 2421 prudentia
3042 2348 3307 2403 rationem
3350 2342 3549 2399 sublati

1952 2457 2006 2512 in
2037 2466 2250 2511 crucem
2290 2450 2380 2506 Dei
2412 2454 2676 2520 quaerant.
2708 2445 2839 2516 Qua:
2866 2443 2988 2516 quia
3011 2439 3303 2497 secundum
3331 2451 3546 2494 sensum

1951 2556 2160 2605 naturze
2190 2543 2415 2600 infirmis
2445 2539 2651 2596 occulta
2683 2539 2736 2594 in
2768 2542 3109 2593 sacramento
3156 2532 3255 2595 sit;
3310 2528 3370 2585 ﬁt
3417 2528 3550 2584 stul-

1953 2640 2063 2696 titia
2088 2637 2164 2712 (g)
2192 2634 2424 2692 inﬁdelis
2451 2653 2465 2688 :
2497 2648 2617 2689 cum
2644 2629 2787 2703 quod
2817 2627 3135 2685 naturaliter
3163 2640 3318 2681 mens
3343 2622 3546 2695 imper-

1954 2735 2089 2789 fecta
2116 2748 2219 2786 non
2246 2729 2505 2798 concipit,
2542 2726 2593 2782 id
2624 2739 2774 2782 extra
2821 2721 3119 2797 prudentiae
3165 2734 3381 2777 causam
3427 2733 3550 2774 esse

1951 2826 2231 2884 decernat.
2262 2823 2371 2882 Sed
2402 2822 2472 2878 Ob
2500 2822 2639 2877 hanc
2676 2817 3074 2890 imprudentem
3106 2814 3289 2870 mundi
3338 2812 3551 2882 sapien-

1954 2921 2105 2987 tiam,
2138 2933 2258 2989 quae
2285 2915 2402 2990 38
2426 2930 2523 2985 per
2552 2912 2643 2968 Dei
2674 2911 2991 2980 sapientiam
3025 2908 3193 2963 Deum
3222 2913 3348 2961 ante
3377 2904 3552 2961 nesci-

1953 3013 2053 3078 vit,
2083 3011 2134 3065 id
2178 3019 2283 3072 est,
2319 3024 2416 3079 per
2462 3007 2600 3062 hanc
2626 3003 3080 3076 magniﬁcentiam
3134 3000 3317 3055 mundi
3344 3013 3417 3054 ac
3442 3007 3550 3053 tam

1956 3103 2231 3176 sapienter
2260 3099 2489 3156 instituti
2520 3096 2718 3169 opiﬁcii
2750 3104 3022 3160 ornatum,
3054 3094 3313 3149 creatoris
3337 3092 3418 3146 sui
3444 3107 3550 3147 non

1953 3208 2038 3256 est
2082 3207 2337 3252 venerata
2384 3190 2737 3264 sapientiam;
2784 3189 2984 3261 placuit
3016 3189 3126 3244 Deo
3167 3185 3551 3259 prtedicatione

1955 3290 2199 3348 stultitia:
2229 3286 2410 3344 salvos
2441 3288 2617 3342 facere
2648 3283 2958 3346 credentes,
2990 3280 3044 3337 id
3085 3288 3189 3348 est,
3220 3279 3399 3335 crucis
3449 3276 3554 3335 title

1954 3384 2311 3440 aeternitatem
2344 3379 2657 3435 mortalibus
2702 3376 2988 3448 provenire
3031 3393 3044 3430 :
3098 3384 3154 3428 ut
3182 3371 3406 3428 contusa
3452 3371 3551 3427 litt-

1954 3491 2128 3532 tnanaa
2154 3473 2235 3549 (h)
2259 3472 2545 3531 sententiae
2573 3470 2850 3541 opinione,
2880 3468 2952 3523 ibi
2994 3468 3143 3523 salus
3189 3465 3543 3537 reperiretur,

1954 3571 2043 3626 ubi
2071 3568 2311 3625 creditur
2339 3580 2460 3623 esse
2486 3564 2733 3622 stultitia.
2764 3562 3017 3620 Christus
3037 3563 3180 3617 enim
3209 3561 3298 3631 qui
3326 3561 3550 3616 stultitia

1953 3664 2205 3737 gentibus
2234 3673 2288 3718 et
2316 3660 2517 3719 ludmis
2546 3658 2859 3717 scandalum
2890 3667 2992 3725 est,
3028 3657 3121 3712 Dei
3154 3655 3322 3711 virtus
3351 3655 3552 3725 Deique

1951 3759 2215 3831 sapientia
2261 3766 2345 3813 est
2389 3777 2401 3811 :
2446 3756 2568 3825 quia
2611 3768 2733 3826 qum
2776 3767 2937 3808 sensu
2990 3748 3229 3805 humano
3260 3748 3468 3803 inﬁrma
3499 3749 3552 3802 in

1953 3851 2049 3907 Dei
2096 3849 2257 3906 rebus
2300 3856 2356 3904 et
2399 3846 2562 3903 stulta
2611 3845 3015 3909 existimantur,
3076 3842 3191 3898 hsce
3252 3839 3551 3911 prudentim

1954 3944 2248 4013 virtutique
2280 3949 2531 4009 terr-enm,
2564 3947 2621 3995 et
2647 3936 2928 4009 sapientiae
2968 3945 3023 3991 et
3076 3934 3358 4005 potestatis
3407 3932 3552 3987 veri-

1955 4043 2064 4092 tate
2090 4032 2421 4106 praecellant.

2023 4148 2116 4205 26.
2149 4145 2229 4203 De
2257 4143 2356 4202 Dei
2384 4145 2535 4200 rebus
2560 4160 2664 4199 non
2692 4158 2787 4197 suo
2811 4156 2984 4208 sensu,
3024 4137 3114 4193 sed
3158 4136 3261 4208 [ide
3282 4134 3556 4191 decernen-

1954 4242 2191 4298 dum.—-
2234 4236 2382 4296 Nihil
2423 4238 2583 4310 igitur
2635 4237 2689 4296 in
2739 4234 2936 4291 divinis
2979 4229 3261 4288 eﬁ'ectibus
3308 4228 3555 4285 humana:

1956 4335 2153 4392 mentis
2186 4334 2443 4405 Opinione
2472 4330 2810 4388 tractandum
2841 4337 2946 4397 est,
2979 4341 3155 4398 neque
3201 4323 3267 4380 de
3311 4332 3557 4379 creatore

1955 4442 2054 4484 suo
2080 4427 2277 4501 Opiﬁcii
2325 4426 2493 4499 ipsius
2531 4423 2757 4481 materia
2781 4422 3059 4478 decernat.
3093 4415 3427 4474 Assumenda
3458 4431 3556 4469 au-

241 4530 367 4574 eam
396 4518 566 4574 solam
594 4517 842 4576 inﬁdeles
872 4517 1212 4591 prudentiam
1234 4519 1678 4591 crederentesse,
1696 4537 1855 4594 quam
1879 4512 1933 4575 D
1961 4531 2070 4582 tem
2102 4522 2258 4581 nobis
2289 4530 2374 4579 est
2393 4518 2646 4588 stultitia,
2681 4527 2740 4574 ut
2766 4513 3086 4590 sapientiam
3116 4524 3416 4579 sumamus,
3447 4524 3553 4564 non

317 4674 402 4751 (i)
427 4674 602 4733 Stulta
625 4686 722 4733 est.

321 4814 401 4890 (a)
449 4816 630 4890 Abest
651 4815 705 4890 in
751 4815 897 4890 aliud
926 4831 954 4871 a
988 4814 1390 4890 vetustioribus
1422 4830 1575 4890 mss._
1600 4814 1757 4872 Colb.
1790 4823 1845 4872 et

243 4882 459 4958 Reinig.
491 4886 632 4956 quod
666 4887 718 4943 in
745 4882 906 4943 Corb.
938 4886 1181 4943 additum
1211 4894 1343 4942 esta
1374 4884 1609 4943 secunda
1658 4902 1840 4942 manu.

241 4958 400 5028 Lips.
429 4970 479 5013 et
510 4959 630 5014 Par.
667 4960 921 5029 particula
945 4959 1000 5013 in
1025 4967 1309 5029 expuncta,
1346 4966 1551 5014 tantttm
1575 4959 1847 5015 retinuere

243 5030 416 5085 aliud.
452 5029 532 5086 Ex
562 5030 664 5086 hoc
692 5032 812 5102 loco
850 5031 1254 5102 intelligendum
1281 5040 1371 5102 est
1400 5031 1529 5086 illud
1572 5039 1725 5085 tract.
1763 5046 1842 5099 ps.

242 5116 466 5166 cxxxrv,
496 5120 548 5155 n.
585 5102 693 5158 lO:
745 5101 845 5167 Qui
901 5119 1005 5156 non
1032 5101 1102 5156 se
1146 5102 1243 5157 sibi
1290 5101 1478 5170 debet,
1533 5118 1633 5157 non
1678 5104 1850 5157 omnia

248 5173 591 5244 potesttdum
618 5190 649 5226 a
672 5176 871 5240 potiore
893 5174 1138 5228 subsistit.

319 5243 395 5316 (b)
424 5241 774 5301 Carnutensis
817 5244 1010 5311 codex,
1049 5246 1132 5299 hic
1160 5243 1403 5310 mundus,
1436 5242 1617 5300 addito
1645 5258 1846 5314 prono-

246 5315 396 5388 mine
424 5316 529 5388 hic,
576 5317 822 5388 quodet
866 5316 1114 5388 superius
1143 5331 1292 5370 num.
1335 5316 1387 5378 6,
1421 5316 1653 5372 addebat
1691 5324 1847 5372 vetus

242 5387 406 5443 Colh.
457 5386 673 5443 Mnx'in
720 5386 865 5443 dicto
910 5386 1134 5443 Carnut.
1164 5388 1390 5459 aliisque
1436 5389 1605 5443 salvos
1653 5392 1841 5459 facere,

247 5474 347 5529 pro
373 5459 573 5513 salvere
594 5475 614 5514 :
640 5468 695 5515 et
736 5460 896 5529 paulo
924 5469 1063 5529 post,
1104 5460 1241 5514 sicut
1271 5467 1325 5514 et
1353 5458 1404 5514 in
1437 5458 1659 5515 vetusto
1686 5458 1841 5514 Colh.

245 5528 386 5598 quod
404 5530 661 5597 inﬁrmius
682 5528 851 5602 est....
882 5528 1019 5602 quod
1046 5532 1372 5602 stultiusest.
1416 5528 1533 5586 Jam
1562 5531 1845 5585 admonui-

249 5616 371 5657 mus
409 5602 630 5658 eosdem
671 5601 965 5673 Scriptum
1020 5603 1169 5658 locus
1220 5601 1289 5657 ab
1334 5602 1538 5658 Hilario
1583 5603 1842 5673 repetitos

247 5688 357 5729 neu
390 5673 578 5729 eadem
608 5672 815 5730 ratione
844 5672 1055 5731 referri.
1482 5716 1486 5720 Α

324 5748 402 5817 (c)
432 5744 492 5820 In
520 5761 619 5801 ms.
642 5745 985 5820 Qarnutqde
1011 5746 1257 5820 sententia
1286 5754 1358 5802 est
1381 5745 1843 5820 impossibilitatis:

249 5814 433 5881 minus
456 5814 615 5876 bene.
648 5814 785 5892 Quid
813 5817 916 5876 sibi
943 5814 1075 5879 velit
1114 5816 1178 5877 de
1212 5814 1465 5879 sententiti
1505 5817 1841 5903 inﬁrmitatis,

1951 4815 2231 4872 declarant
2260 4816 2502 4887 proxime
2525 4815 2691 4884 dicta,
2723 4816 2845 4870 dum
2888 4816 3061 4872 omnia
3104 4815 3417 4885 inﬁrmitatis
3444 4831 3554 4871 suae

1902 4952 1905 4955 η
1953 4887 2191 4960 opinione
2218 4886 2514 4960 moderatur
2536 4903 2599 4942 ac
2625 4889 2863 4943 metitur.

2027 4958 2107 5031 (ά)
2156 4959 2599 5029 Prmpnsitiouem
2649 4960 2705 5014 in
2747 4960 3003 5014 omittunt
3049 4957 3201 5031 editi.
3250 4958 3385 5014 Tum
3430 4958 3548 5023 Er.,

1954 5030 2103 5104 Lips.
2128 5040 2183 5086 et
2213 5032 2334 5086 Par.
2366 5031 2681 5101 subjiciunt,
2730 5047 2790 5086 ea
2831 5032 2944 5104 ipsa
2971 5030 3167 5101 inﬁrmi
3189 5047 3210 5086 :
3240 5032 3549 5086 reluctanti-

1959 5104 2057 5157 bus
2087 5103 2217 5158 Batl.
2242 5114 2294 5158 et
2324 5118 2456 5157 mss.

2029 5176 2103 5243 (e)
2146 5174 2405 5229 Addimus
2445 5173 2528 5228 sui
2572 5189 2640 5229 ex
2683 5189 2812 5230 mss.
2847 5173 2997 5229 Haud
3032 5173 3214 5243 procul
3241 5174 3308 5229 ab
3359 5172 3547 5228 Hilarii

1956 5252 2175 5318 mente;
2209 5244 2501 5318 Gregorius
2548 5245 2585 5300 1.
2613 5261 2688 5313 ix,
2735 5244 2922 5302 Morel.
2957 5262 3007 5301 c.
3054 5244 3131 5299 8:
3183 5246 3283 5312 Qui
3328 5261 3446 5315 ergo
3494 5246 3551 5298 in

1955 5317 2108 5387 factis
2136 5314 2233 5372 Dei
2259 5314 2507 5372 rationem
2534 5333 2637 5372 non
2661 5318 2819 5383 videt,
2849 5318 3199 5388 inﬁrmitatem
3237 5314 3391 5371 suam
3421 5330 3547 5370 con-

1954 5390 2206 5458 siderans,
2229 5406 2322 5445 cur
2338 5407 2439 5445 non
2463 5390 2628 5445 videat
2653 5391 2903 5445 rationem
2926 5389 3080 5443 uidet.

2027 5460 2097 5532 (ι’)
2132 5457 2247 5517 Vat.
2274 5462 2388 5517 bas.
2423 5475 2526 5517 ms.
2559 5477 2769 5532 necnon
2798 5460 2891 5532 alii
2943 5470 3072 5525 tres,
3124 5457 3412 5532 largiettda.
3448 5457 3542 5532 Er.

1953 5538 2008 5605 et
2037 5530 2196 5605 Lips.
2248 5532 2534 5605 largiendo.
2575 5530 2931 5589 Retinendum
2991 5531 3213 5585 οιιηιίιο
3258 5545 3380 5585 eum
3426 5530 3548 5587 aliis

1952 5602 2103 5679 libris
2120 5602 2427 5679 largiendis.

2022 5676 2102 5751 (g)
2135 5672 2350 5751 Excusi,
2377 5677 2672 5751 inﬁdelist
2694 5693 2731 5751 Δς
2761 5672 3121 5731 emendantur
3156 5689 3223 5732 ex
3275 5688 3407 5731 mss.
3452 5689 3550 5745 ονε

1960 5747 2104 5816 litua:
2136 5759 2274 5805 notte
2299 5747 2592 5818 Vat._ltas.,
2611 5748 2792 5813 Colh.,
2824 5756 2930 5803 etc.

2023 5821 2103 5899 (It)
2126 5819 2290 5891 Editi,
2322 5821 2588 5901 sapientia:
2614 5819 2855 5895 opinione
2919 5818 3315 5894 refragttotiuus
3342 5834 3474 5879 mss.
