4040 6328
537 292 608 352 95
1740 294 1985 353 SANCTI
2026 294 2283 355 HILABII
2323 298 2625 358 EPISCOPI
2942 292 2947 297 ’
3749 317 3803 373 9n

541 407 918 481 imprudentiae
947 422 1135 475 sensu,
1168 407 1264 465 sed
1296 416 1504 466 natura:
1531 418 1735 466 nostris
1761 411 2094 468 conscientia
2124 430 2137 467 :
2167 412 2222 474 Α
2319 416 2494 472 ruisse
2521 431 2643 473 eum
2665 417 2853 474 voluit.
2876 419 2949 474 Ac
2972 436 3036 475 ne
3055 423 3324 493 peregrina
3351 424 3452 481 huc
3468 426 3803 497 adsciscamus,

540 512 599 559 ut
626 503 768 576 quod
800 502 1144 576 cogitationis
1175 511 1407 560 terrena:
1447 506 1587 561 ratio
1628 521 1736 562 non
1783 506 2041 578 concipit,
2087 507 2140 564 id

539 597 700 653 nobis
743 612 957 653 rursum
1003 598 1141 653 ratio
1183 581 1383 654 divina:
1431 598 1644 655 virtutis
1700 599 1955 656 insinuet.
2002 600 2137 657 Cum

539 691 685 747 enim
717 691 988 761 recognita
1016 691 1266 748 stultitiae
1309 702 1510 748 nostra:
1550 693 1924 766 intelligentia,
1969 693 2141 766 impe-

539 784 719 841 ritiam
744 784 1007 841 naturalis
1053 785 1107 841 in
1157 785 1313 842 nobis
1360 786 1739 855 imprudentiae
1784 789 2138 859 senserimus,

539 883 654 932 tum
688 891 784 947 per
807 876 1010 932 divina:
1041 876 1323 946 sapientia:
1346 879 1683 949 prudentiam
1711 879 1779 935 ad
1813 880 1907 936 Dei
1936 882 2143 951 sapien-

540 968 667 1024 tiam
721 970 1029 1026 imbuemur
1078 989 1090 1025 :
1137 985 1259 1027 cum
1306 973 1424 1028 sine
1469 972 1632 1028 modo
1674 974 1900 1030 virtutes
1938 975 2035 1032 Dei
2078 991 2141 1033 ac

491 1065 497 1071 '
540 1072 863 1134 potestatem
912 1066 1221 1132 metiamur,
1269 1080 1391 1121 cum
1440 1074 1648 1122 natura:
1696 1066 1985 1123 Dominum
2032 1084 2140 1125 non

540 1155 680 1213 intra
735 1158 1008 1213 naturales
1057 1159 1204 1230 leges
1248 1159 1618 1228 cohibeamus,
1666 1176 1792 1217 eum
1832 1160 1937 1218 hoc
1963 1162 2140 1219 solum

538 1247 609 1305 de
641 1249 753 1305 Deo
780 1249 918 1305 bene
958 1251 1109 1307 credi
1154 1251 1534 1323 intelligamus,
1568 1253 1635 1309 ad
1661 1254 1805 1325 quod
1832 1254 1902 1312 de
1938 1270 1997 1313 se
2022 1270 2144 1313 cre-

539 1340 775 1396 dendum
823 1343 939 1415 ipse
983 1343 1083 1400 sibi
1133 1344 1413 1402 nobiscum
1462 1354 1517 1403 et
1548 1346 1702 1404 testis
1738 1355 1794 1405 et
1831 1355 2020 1405 auctor
2044 1363 2141 1405 cx-

538 1435 714 1492 sistat.

891 1574 1144 1648 esqo
1180 1574 1388 1631 LIBER
1415 1575 1763 1644 QUARTUS.

541 1716 923 1776 Catholicorum
949 1721 1332 1793 simplicitatem
1374 1724 1618 1781 adversus
1643 1726 1958 1782 Arianorum
1998 1737 2143 1783 astus

611 1815 816 1870 munire
868 1816 1183 1888 aggreditur.
1242 1817 1376 1873 Eam
1422 1819 1485 1874 ob
1535 1836 1646 1873 rem
1688 1835 1803 1891 qute
1842 1819 2050 1875 illorum
2081 1819 2144 1875 de
2176 1817 2220 1877 Β

614 1906 816 1964 Christo
846 1912 913 1966 sit
960 1913 1211 1966 sententia
1252 1913 1481 1985 exponit.
1516 1911 1653 1967 Tum
1688 1914 1913 1983 defendit
1944 1912 2141 1969 Filium

614 2001 771 2059 Patri
796 2005 1118 2063 homousion
1142 2021 1436 2077 acsemper
1464 2006 1647 2072 misse,
1672 2017 1723 2063 et
1755 2025 1789 2063 a
1824 2009 1995 2080 pravis
2022 2023 2143 2063 sen-

612 2100 776 2168 sibus,
812 2100 999 2172 quibus
1028 2100 1346 2155 necessarias
1375 2100 1494 2155 illas
1521 2117 1666 2156 uoces
1685 2103 2003 2173 supprimere
2030 2111 2144 2157 teu-

612 2202 723 2249 tant
744 2234 758 2256 .
810 2190 1101 2249 Ecclesium
1141 2193 1418 2250 abhorrere
1463 2195 1712 2251 declarat.
1745 2194 1933 2251 Allatis
1962 2195 2148 2252 deinde

615 2287 773 2340 variis
804 2286 1097 2358 Scriptum
1121 2286 1447 2356 testimoniis,
1467 2287 1654 2359 quibus
1675 2286 1873 2344 Filium
1891 2304 1925 2343 a
1946 2299 2149 2344 natura:

614 2383 802 2436 diuina:
819 2382 1139 2451 possessione
1154 2383 1422 2438 exclusum
1433 2399 1543 2438 esse
1553 2384 1848 2438 veteratorie
1863 2383 2146 2450 insinuant,

614 2476 868 2543 integram
913 2472 1113 2527 exhibet
1162 2474 1283 2542 ﬁdei
1332 2476 1740 2547 professionem,
1793 2491 1947 2547 quam
1996 2477 2149 2531 Arius

614 2566 937 2621 Alexandria
965 2569 1145 2635 pulsus
1172 2566 1365 2638 aliique
1392 2568 1556 2641 ipsius
1585 2570 1821 2640 partibus
1850 2570 2046 2624 addicti
2081 2570 2150 2623 ad

616 2660 974 2716 Alexandrum
998 2662 1275 2716 antistitem
1297 2660 1624 2717 miserunt."
1634 2662 1753 2733 ujus
1777 2661 2016 2731 deinceps
2037 2664 2147 2730 pri-

616 2771 753 2809 mam
780 2764 999 2824 portent,
1031 2755 1113 2811 his
1137 2760 1361 2812 maxime
1380 2757 1554 2812 nixam
1580 2758 1762 2824 verbis,
1787 2758 1925 2814 Audi
1958 2757 2145 2826 Israel,

618 2849 881 2905 Dominus
931 2847 1072 2906 Deus
1101 2856 1225 2905 tuus
1282 2865 1420 2905 unus
1450 2859 1573 2920 est,
1631 2852 1781 2919 quasi
1814 2853 2057 2907 nimirum
2084 2854 2149 2907 iis

619 2942 829 3015 Moyses
878 2942 1045 2998 Dcttm
1094 2960 1197 2999 non
1245 2944 1398 2999 modo
1437 2954 1624 2999 natura
1653 2988 1669 3013 ,
1725 2946 1815 3001 sed
1852 2956 1897 3001 et
1929 2964 2148 3017 persona

619 3054 782 3093 unum
810 3038 1104 3109 praedicarit
1126 3077 1142 3102 ,
1191 3038 1366 3092 multis
1407 3042 1597 3111 refutat
1627 3054 1647 3093 :
1692 3041 2009 3109 ostenditque
2038 3053 2146 3096 tum

621 3149 685 3188 ea:
703 3132 959 3188 creatione
986 3131 1186 3196 mundi,
1210 3141 1315 3184 tum
1337 3146 1401 3186 ea:
1421 3132 1653 3201 pluribus
1665 3134 1785 3188 visis
1803 3133 1955 3203 [actis
1980 3133 2144 3206 Agar,

622 3225 864 3287 Abrahae,
891 3224 1055 3278 Iacob
1082 3234 1129 3279 et
1160 3222 1351 3295 Moysi,
1376 3233 1483 3279 tum
1505 3227 1657 3280 etiam
1684 3243 1748 3281 ea:
1772 3205 2149 3298 Prophetarum
2175 3205 2220 3267 Ο

626 3319 962 3384 testimoniis,
1014 3334 1075 3372 ac
1120 3319 1425 3373 nominatim
1467 3319 1680 3390 Moysi,
1710 3321 2146 3394 Psalmographi,

627 3413 797 3479 Osete,
827 3410 1002 3467 Esaite
1026 3428 1087 3464 ac
1116 3410 1323 3465 Baruch
1347 3452 1362 3476 ,
1394 3412 1498 3466 sive
1529 3422 1586 3466 ut
1637 3423 1782 3469 uocat
1809 3454 1823 3479 ,
1869 3412 2109 3469 Jeremite
2135 3456 2149 3480 ,

625 3504 792 3561 Deum
819 3504 914 3559 etsi
940 3512 1131 3559 natura
1161 3520 1338 3568 unum,
1366 3520 1471 3559 non
1501 3512 1671 3560 tamen
1701 3521 1810 3560 esse
1837 3505 2148 3569 solitarium,

625 3596 717 3651 sed
746 3596 909 3663 [ilium
959 3594 1163 3668 habere,
1192 3595 1280 3666 qui
1306 3610 1423 3650 cum
1448 3596 1560 3668 ipso
1586 3596 1867 3652 diuinitatis
1896 3607 1944 3653 et
1972 3613 2156 3652 nomen

629 3691 849 3745 obtineat
869 3698 918 3743 et
945 3698 1206 3744 naturans.

557 3785 635 3841 De
662 3784 791 3839 visis
825 3784 875 3839 in
905 3799 971 3839 eo
996 3782 1513 3854 expositisqntedam
1540 3783 1900 3839 observanda.
1919 3813 1993 3824 —
2025 3782 2159 3852 Quia

628 3892 747 3931 vero
779 3877 935 3951 hujus
964 3893 1027 3931 ac
1053 3875 1404 3947 subsequentis
1430 3875 1549 3930 libri
1590 3885 1892 3948 argumenta
1923 3878 2162 3948 pleraque

630 3970 867 4025 nituntur
911 3969 1031 4024 visis
1091 3969 1545 4042 patriarcharum;
1596 3984 1768 4040 operte
1812 3972 2032 4040 pretium
2086 3979 2162 4025 est

630 4062 879 4117 nonnulla
901 4061 965 4116 de
987 4062 1051 4116 iis
1083 4062 1312 4134 prtefari.
1343 4061 1597 4116 Constans
1623 4064 1767 4134 apud
1808 4071 1995 4119 veteres
2024 4063 2164 4119 vide-

636 4165 719 4209 tur
749 4156 941 4225 opinio.
979 4153 1029 4209 F
1031 4155 1177 4210 ilium
1208 4157 1270 4211 ab
1300 4156 1446 4211 initio
1494 4156 1672 4212 mundi
1716 4156 1872 4213 uariis
1902 4173 1956 4212 se
1997 4158 2163 4213 modis

636 4247 923 4302 hominibus
957 4249 1284 4318 spectabilem
1331 4248 1627 4318 prcebuisse.
1691 4248 1800 4305 Hoc
1841 4251 2028 4305 diserte
2065 4252 2163 4305 do-

636 4348 748 4392 cent
792 4336 1031 4393 Justinus
1058 4354 1276 4410 martyr,
1316 4338 1566 4406 Irenaeus,
1604 4340 1873 4413 Origenes,
1905 4341 2167 4413 Theophi-

637 4434 716 4487 lus
748 4431 1014 4497 Antioch.,
1043 4431 1279 4485 Clemens
1324 4432 1632 4494 Alexandr..
1660 4432 2035 4500 Tertullianus,
2067 4431 2167 4505 Cy-

637 4526 873 4596 prianus,
920 4523 1102 4578 Patres
1147 4523 1451 4578 Antiocheni
1477 4524 1680 4578 concilii
1719 4536 1897 4580 contra
1939 4523 2163 4580 Paulum

641 4594 929 4683 Satnosat.,
948 4627 1003 4671 ut
1023 4618 1288 4672 mittamus
1307 4615 1617 4670 Faustinum
1640 4615 2025 4689 Presbyterum,
2040 4619 2163 4673 Am-
2193 4594 2243 4655 D

638 4711 883 4776 brosium,
913 4707 1133 4764 Leonem
1157 4752 1171 4775 ,
1220 4709 1446 4776 aliosque
1493 4709 1765 4780 plurimos.
1800 4709 1906 4766 Sed
1936 4728 1998 4765 ne
2018 4712 2081 4766 ab
2100 4712 2165 4766 iis

639 4804 842 4873 quidem
867 4804 962 4857 hoc
992 4814 1229 4876 negatum
1251 4815 1347 4872 est,
1371 4804 1459 4873 qui
1487 4804 1887 4876 Ariojavebant.
1922 4805 2164 4876 ldipsum

640 4896 830 4974 passim
861 4895 1109 4965 prwdicat
1138 4895 1391 4951 Eusebius
1413 4897 1467 4952 in
1514 4897 1601 4952 lib.
1639 4896 1787 4955 Dem.
1821 4897 1942 4966 Eo,
1974 4908 2021 4954 et
2049 4898 2165 4955 Sir-

641 4990 830 5043 miense
877 4990 1151 5044 concilium
1194 5000 1374 5045 contra
1405 4990 1686 5048 Photinum
1714 5008 1803 5047 eos
1844 4993 2170 5049 anathemate

643 5082 852 5136 damnat
876 5082 961 5152 qui
987 5084 1137 5137 aliter
1161 5084 1430 5138 senserint.

573 5172 681 5227 Sed
706 5189 822 5226 cum
842 5174 896 5228 in
918 5174 1015 5226 hac
1037 5173 1270 5227 doctrina
1295 5176 1529 5245 fraudem
1558 5178 1724 5232 moliti
1751 5178 1853 5232 sint
1888 5177 2091 5244 Ariani,
2113 5186 2170 5232 ut

646 5264 864 5332 Filium,
897 5267 986 5337 qui
1027 5266 1243 5320 visibilis
1282 5284 1344 5320 ac
1372 5269 1508 5321 visus
1541 5269 1630 5334 sit,
1661 5286 1694 5322 a
1728 5267 1885 5325 Patre
1926 5270 2171 5326 inuisibili

645 5371 831 5414 natura
881 5358 1181 5414 dissimilem
1227 5359 1599 5427 prtedicarent;
1648 5362 1751 5415 alte
1796 5362 2164 5429 retinendum,

646 5463 851 5507 sanctos
899 5451 1085 5509 Patres
1112 5453 1187 5506 ita
1212 5450 1381 5507 Deum
1428 5454 1586 5507 visunt
1636 5457 1931 5524 asseruisse,
1964 5467 2018 5510 ut
2053 5474 2170 5512 cum

650 5546 935 5618 Augustino
958 5549 1049 5604 lib.
1078 5564 1115 5603 tt
1144 5557 1325 5604 contra
1346 5547 1710 5614 Maximinum,
1749 5566 1865 5620 cap.
1888 5550 1982 5617 26,
2000 5568 2053 5605 η.
2080 5552 2170 5619 i2,

649 5643 933 5708 senserint,
963 5643 1297 5700 divinitatem
1326 5657 1432 5698 non
1475 5656 1574 5715 per
1598 5643 1952 5725 substantiam
1993 5660 2166 5725 suam,

657 5735 708 5787 in
768 5749 872 5816 qua
933 5734 1213 5816 invisibilis
1254 5744 1335 5816 “et
1388 5735 1736 5815 immutabilis
1758 5720 1879 5808 est,
1929 5736 2022 5811 scd
2077 5720 2175 5816 per

654 5806 954 5885 creaturam
984 5827 1082 5884 sibi
1116 5806 1412 5898 illuminant
1460 5810 1764 5884 tntii'faliitln
1812 5821 1983 5884 (it'tllis
2012 5814 2173 5901 appa-

2317 506 2547 580 locuples
2589 510 2745 580 hujus
2773 512 2847 566 rei
2874 513 3017 567 testis
3055 524 3130 569 est
3163 514 3420 582 Hilarius,
3447 519 3538 574 lib.
3568 536 3658 587 xu,
3683 523 3806 580 n.45

2316 608 2364 654 et
2392 598 2484 657 46.
2518 599 2701 670 Certe,
2744 603 2929 669 inquit,
2958 605 3049 677 qui
3080 614 3206 661 ante
3236 608 3483 680 angelus,
3516 615 3806 671 nuncetiam

2317 692 2481 750 homo
2508 706 2588 750 est
2635 713 2744 753 :ne
2772 700 3075 754 naturalem
3125 700 3265 757 hanc
3293 717 3415 761 esse
3456 704 3553 760 Dei
3604 708 3807 778 speciem

2318 787 2606 844 diversitas
2636 790 3008 867 ltnjugipsins
3038 803 3327 863 assumpta:
3369 800 3660 855 creationis
3686 812 3809 870 pate-

2318 889 2468 935 retur
2496 880 2744 954 intelligi.
2776 883 2945 939 Adt-st
2971 895 3149 940 autem
3192 886 3358 943 Jacob
3387 889 3549 945 etiam
3576 907 3731 964 usque
3756 895 3809 950 ad

2318 976 2476 1033 lucta:
2505 979 2848 1049 complexum
2897 979 2949 1035 in
3003 981 3186 1038 habitu
3221 982 3529 1040 humano...
3561 987 3663 1042 Sed
3692 987 3808 1045 idem

2318 1079 2504 1140 postea
2532 1078 2586 1125 et
2626 1070 2797 1143 Moysi
2828 1087 2949 1127 esse
2992 1073 3131 1144 ignis
3162 1075 3469 1133 oSIenditur
3502 1097 3515 1132 :
3546 1088 3605 1134 ut
3631 1090 3809 1138 natura:

2318 1170 2519 1217 creata:
2549 1171 2658 1218 tum
2688 1164 2868 1234 potius
2897 1164 2961 1220 ad
2994 1167 3230 1235 speciem
3254 1210 3268 1234 ,
3306 1186 3468 1240 quam
3500 1172 3567 1226 ad
3595 1173 3812 1229 substan-

2320 1256 2449 1310 tiam
2493 1266 2739 1324 naturze,
2796 1258 2958 1314 {idem
3011 1260 3275 1319 disceres.
3324 1266 3488 1320 Acute
3527 1266 3811 1339 Augustinus

2316 1351 2467 1419 epist.
2501 1350 2635 1405 alias
2655 1366 2786 1415 exn,
2808 1369 2944 1408 nunc
2967 1369 3169 1422 (πηνα,
3195 1373 3335 1411 num.
3357 1356 3453 1424 20,
3483 1358 3538 1412 in
3560 1360 3649 1413 illa
3670 1360 3813 1432 Moysi

2317 1441 2488 1508 verba,
2517 1444 2573 1499 Si
2601 1443 2778 1500 inveni
2817 1447 3043 1516 gratiam
3075 1456 3199 1503 ante
3235 1458 3307 1515 te,
3337 1449 3566 1506 ostende
3592 1451 3711 1507 mihi
3752 1463 3813 1509 te-

2319 1535 2630 1606 metipsum.
2673 1536 2811 1604 Quid
2840 1553 3007 1610 ergo,
3040 1539 3249 1611 inquit?
3284 1539 3381 1597 Ille
3408 1557 3517 1596 non
3544 1552 3657 1598 erat
3683 1544 3814 1615 ipse?

2316 1631 2372 1689 Si
2405 1648 2510 1687 non
2541 1643 2686 1689 esset
2715 1634 2849 1703 ipse,
2882 1650 2987 1688 non
3018 1634 3069 1689 ei
3097 1635 3323 1704 diceret,
3352 1637 3584 1694 ostende
3614 1638 3731 1694 mihi
3752 1648 3813 1693 te-

2320 1727 2607 1797 metipsum
2633 1768 2647 1792 ,
2696 1727 2812 1795 sed,
2840 1727 3068 1785 ostende
3098 1729 3265 1785 Deum
3298 1747 3311 1785 :
3344 1742 3400 1787 et
3450 1742 3626 1788 tamen
3651 1734 3692 1788 si
3719 1733 3813 1802 ejus

2319 1828 2568 1874 naturam
2595 1819 3058 1892 substantiamque
3079 1823 3438 1894 conspiceret,
3474 1825 3642 1880 multo
3668 1826 3813 1882 minus

2318 1908 2546 1977 diceret,
2589 1911 2816 1968 ostende
2855 1912 2986 1968 milii
3017 1915 3382 1985 temetipsum.
3416 1916 3538 1989 Ipse
3564 1933 3685 1989 ergo
3719 1926 3813 1973 erat

2319 2003 2372 2059 in
2394 2019 2456 2060 ea
2474 2004 2676 2074 specie,
2693 2020 2793 2076 qua
2812 2021 3073 2077 apparere
3095 2009 3338 2064 voluerat
3362 2029 3375 2063 :
3402 2025 3511 2066 non
3528 2021 3696 2068 autem
3720 2012 3811 2082 ipse

2320 2099 2617 2170 apparebat
2649 2100 2702 2155 in
2729 2107 2917 2155 natura
2946 2102 3162 2173 propria
3183 2145 3197 2167 ,
3230 2118 3390 2173 quam
3425 2104 3635 2176 Moyses
3658 2103 3812 2160 videre

2320 2192 2591 2263 cupiebat.

2254 2288 2318 2346 Si
2345 2305 2411 2345 ea:
2439 2288 2691 2360 proximis
2716 2287 3006 2358 Scriptum
3028 2288 3193 2344 verbis
3219 2290 3389 2360 ipsum
3420 2290 3585 2346 Deum
3613 2307 3643 2346 a
3663 2289 3813 2361 Moyse

2320 2382 2485 2438 uisum
2514 2380 2832 2453 Augustinus
2872 2390 3010 2437 recte
3040 2383 3299 2448 asseruit;
3346 2384 3466 2456 pari
3503 2384 3692 2438 ratione
3713 2399 3811 2436 con-

2321 2474 2605 2531 cedendum
2654 2485 2727 2529 est
2764 2476 2936 2538 ipsum
2981 2473 3148 2530 Drum
3187 2476 3349 2531 eidem
3406 2475 3577 2550 Moysi
3614 2477 3666 2531 in
3710 2477 3811 2530 rubo

2323 2569 2552 2624 dixisse:
2584 2567 2698 2638 Ego
2728 2583 2847 2623 sum
2892 2569 3031 2625 Deus
3060 2568 3329 2625 Abraham
3357 2611 3371 2634 ,
3425 2580 3549 2636 ctc.,
3579 2583 3810 2639 uerutisque

2324 2662 2492 2718 Deum
2519 2662 2662 2735 Agar
2682 2664 2963 2719 allocutam
2992 2680 3120 2731 esse,
3149 2664 3232 2719 cui
3259 2664 3501 2719 clamauit
3531 2679 3550 2720 :
3573 2664 3649 2719 Tu
3673 2663 3807 2726 Deus,

2322 2754 2413 2825 qui
2434 2755 2725 2822 adSpcxisu
2760 2770 2863 2811 me.
2888 2754 3069 2825 Neque
3097 2756 3195 2810 hoc
3210 2758 3362 2811 etiam
3388 2757 3628 2829 negantii
3639 2754 3809 2819 Patres,

2321 2850 2408 2920 qui
2429 2849 2483 2903 in
2511 2849 2631 2903 uisis
2659 2847 2766 2902 illis
2790 2864 2933 2903 veros
2958 2849 3178 2919 Angelos
3207 2849 3472 2905 adstitisse
3500 2850 3807 2905 arbitrantur.

2325 2938 2450 2995 Non
2479 2942 2616 2995 enim
2659 2940 2953 2996 existimant
2992 2941 3201 3013 angelos
3248 2941 3365 2996 illos
3415 2941 3515 2997 Dei
3557 2957 3617 2995 ac
3642 2936 3812 2993 Domini

2323 3052 2507 3090 nomen
2533 3035 2632 3090 sibi
2658 3035 2972 3102 attribuisse,
3002 3035 3125 3104 quia
3154 3045 3208 3090 ut
3235 3036 3388 3107 legati
3419 3034 3515 3091 Dei
3551 3052 3610 3090 ac
3636 3030 3812 3087 Domini

2321 3130 2529 3183 nomine
2555 3128 2929 3198 loquebantur;
2958 3131 3071 3200 quis
3097 3129 3230 3183 enint
3271 3129 3474 3199 legatus
3501 3128 3651 3200 regis,
3681 3126 3812 3195 impe-

2323 3222 2535 3287 ratoris,
2565 3231 2654 3275 aut
2683 3222 2937 3291 principis
2964 3221 3058 3275 sibi
3082 3233 3283 3295 arroget
3309 3239 3527 3283 nomen.
3559 3222 3694 3294 cujus
3718 3232 3809 3290 per-

2324 3331 2503 3368 sonam
2524 3314 2882 3384 reprtesentat‘?
2902 3314 2990 3369 sed
3016 3314 3131 3369 ideo
3144 3316 3491 3385 potius,quod
3520 3314 3647 3367 Deus
3665 3306 3812 3380 ipsein

2325 3407 2432 3462 illis
2459 3407 2896 3479 loquebatur-.71
2909 3405 3022 3460 Hoc
3049 3408 3232 3462 diserte
3258 3405 3714 3462 docetAthanasius
3739 3399 3811 3452 0r.

2328 3512 2381 3553 tv
2405 3507 2541 3553 cont.
2565 3498 2770 3565 Arian.,
2797 3516 2916 3570 pag.
2940 3497 3049 3554 467
3073 3517 3086 3552 :
3120 3498 3169 3554 Is
3194 3500 3436 3571 quidem,
3469 3501 3557 3572 qui
3590 3494 3815 3554 sentieba-

2333 3601 2418 3647 tur
2447 3592 2637 3659 oeulis,
2673 3591 2896 3665 angelus
2917 3602 3055 3659 erat,
3080 3592 3173 3647 sed
3209 3593 3347 3649 Deus
3366 3594 3420 3649 in
3450 3594 3636 3664 angelo
3661 3590 3812 3656 loque-

2328 3684 2509 3741 batur.
2533 3683 2665 3739 Nam
2688 3683 3140 3753 quemadmodum
3163 3684 3216 3739 in
3243 3686 3496 3742 columna
3520 3684 3667 3740 nobis
3686 3677 3814 3734 verba

2333 3777 2400 3832 ad
2432 3777 2655 3849 Moysen
2683 3778 2734 3832 in
2764 3777 3112 3833 tabernaculo
3146 3775 3375 3835 iaciebat
3404 3822 3417 3844 ,
3451 3782 3523 3834 ita
3552 3788 3745 3848 quoque
3775 3769 3815 3822 in

2332 3874 2537 3945 angelis
2567 3875 2866 3946 apparebat
2895 3875 3122 3945 loquens
3161 3876 3322 3931 Deus.
3378 3872 3461 3928 Ita
3512 3884 3557 3928 et
3601 3869 3818 3932 Hierony-

2334 3984 2467 4032 mus,
2500 3985 2616 4038 cap.
2658 3985 2714 4022 ιιι
2742 4011 2755 4033 ,
2798 3969 2864 4022 ad
2894 3967 3010 4023 Gal.
3048 3988 3062 4023 :
3090 3968 3240 4037 Quod
3271 3980 3477 4033 autem,
3509 3967 3599 4030 ait,
3631 3963 3724 4018 Lex
3750 3969 3818 4010 0r-

2336 4061 2518 4117 dinata
2573 4078 2667 4130 per
2704 4061 2962 4132 Angelos,
2998 4061 3099 4117 hoc
3151 4062 3262 4116 vult
3314 4060 3561 4131 intelligi,
3604 4050 3731 4127 quod
3778 4048 3818 4099 ἱιὶ

2337 4154 2482 4209 muni
2515 4156 2683 4210 veteri
2713 4154 3084 4218 Testamento,
3106 4153 3195 4209 ubi
3224 4154 3450 4224 angelus
3464 4152 3683 4224 primum
3705 4143 3820 4197 visus

2336 4247 2591 4312 refertur,
2624 4259 2677 4301 et
2706 4257 2890 4317 postea
2934 4247 3084 4316 quasi
3128 4247 3268 4301 Deus
3300 4246 3527 4316 loquens
3556 4236 3819 4297 inducitur.

2336 4342 2561 4412 angelus
2610 4340 2827 4409 quidem
2876 4355 3002 4395 vere
3051 4356 3116 4395 ex
3164 4339 3426 4395 ministris
3479 4335 3707 4409 pluribus
3732 4322 3822 4394 qui-

2338 4448 2570 4503 cumque
2595 4434 2666 4489 sit
2691 4435 2837 4489 visus
2862 4477 2874 4499 ,
2929 4435 3021 4489 sed
3056 4436 3107 4488 in
3149 4435 3242 4489 illo
3278 4433 3541 4489 mediator
3570 4431 3821 4499 loquatur.

2342 4528 2432 4598 qui
2462 4526 2603 4581 dicat
2636 4544 2649 4580 :
2690 4510 2835 4599 «Ego
2863 4542 2982 4582 sum
3014 4527 3154 4582 Deus
3180 4526 3510 4582 Abralnnn.s
3545 4522 3638 4578 His
3663 4510 3823 4571 accedit

2340 4619 2654 4691 Augustinus
2677 4662 2691 4685 ,
2720 4618 2757 4673 l.
2793 4635 2828 4674 lt
2857 4629 3033 4673 contra
3080 4618 3380 4681 Macrinam,
3415 4634 3531 4687 cap.
3570 4612 3657 4675 9.6,
3683 4626 3730 4662 n.
3752 4600 3823 4658 Η.

2340 4711 2536 4779 Quer
2570 4753 2585 4777 ,
2642 4711 2845 4780 inquit,
2892 4711 3015 4781 quis
3067 4709 3375 4780 apparuerit
3423 4708 3589 4780 Moysi
3635 4704 3682 4756 in
3728 4695 3824 4763 isne

2338 4804 2552 4875 quando
2597 4804 2763 4860 rubus
2804 4802 3270 4869 intlammabatur,
3327 4812 3383 4858 et
3428 4817 3533 4856 non
3585 4792 3822 4851 urebatur.

2339 4899 2674 4970 Quamquam
2730 4908 2786 4954 et
2837 4897 2950 4954 illic
2996 4897 3245 4968 angelum
3308 4896 3619 4967 apparuisse
3675 4878 3826 4945 Statil"

2342 5000 2461 5046 tura
2494 4992 2607 5061 ipsa
2635 4989 2971 5046 declarat....
3001 4989 3061 5044 In
3083 4990 3278 5059 angelo
3308 4998 3486 5043 autem
3514 4987 3671 5040 Deum
3691 4972 3826 5073 fuisse

2341 5085 2467 5156 quis
2502 5083 2757 5140 dubitet?
2802 5083 2968 5138 Juxta
3012 5085 3105 5137 hos
3134 5084 3412 5154 Gregorius
3444 5095 3592 5151 papa,
3626 5065 3759 5145 pra’f.
3786 5065 3826 5113 in

2343 5179 2465 5245 Job,
2494 5196 2541 5234 ο.
2565 5179 2601 5233 2
2635 5197 2647 5233 :
2679 5178 2938 5250 Angelus,
2964 5177 3056 5248 qui
3088 5175 3256 5248 Moysi
3287 5176 3598 5246 apparuisse
3623 5163 3792 5222 dicillﬂ'
3812 5192 3825 5214 ς

2344 5270 2507 5327 modo
2544 5271 2784 5341 angelus,
2836 5270 2997 5325 modo
3045 5270 3186 5325 Deus
3229 5278 3578 5325 memoratur.
3626 5250 3828 5326 Διιεοίηε

2347 5363 2597 5419 videlicet
2624 5373 2843 5434 propter
2869 5362 2973 5417 hoc
2997 5363 3138 5434 quod
3167 5363 3407 5417 exterius
3452 5352 3705 5430 loquendo
3728 5355 3826 5397 ser-

2349 5456 2565 5522 viebat;
2603 5455 2862 5511 Dominus
2886 5466 3066 5510 autem
3097 5455 3312 5523 dicitur,
3339 5455 3462 5526 quia
3488 5448 3695 5508 interius
3716 5448 3828 5511 pm“

2349 5547 2556 5610 sidens,
2587 5546 2843 5617 loquendi
2870 5546 3163 5602 el’licaciam
3196 5547 3552 5601 ministrabat.
3581 5538 3700 5593 Cum
3723 5535 3828 5593 ergo

2352 5642 2576 5714 loquens
2613 5640 2850 5697 exterius
2878 5641 2947 5697 ab
2971 5641 3218 5697 interiori
3254 5642 3480 5712 regitur,
3505 5647 3556 5693 et
3594 5645 3681 5705 per
3701 5622 3829 5679 obSC'

2353 5735 2535 5829 guium
2563 5723 2810 5808 angelus;
2841 5742 2893 5793 et
2928 5742 3023 5806 per
3052 5720 3461 5805 inspiratitineni
3499 5714 3730 5788 Dominus
3747 5724 3826 5769 no-

2352 5832 2605 5887 mittatur.
