4040 6328
188 352 260 409 97
1469 348 1557 404 DE
1597 345 1973 403 TRINITATE
2013 344 2222 403 LIBER
2260 344 2350 400 IV.
3430 342 3502 401 98

191 467 435 523 (.‘onredit
464 472 708 540 prwterea
740 465 1084 537 Augustinus,
1122 464 1210 520 lib.
1255 480 1294 520 ιι
1335 474 1514 521 contra
1544 463 1791 519 Maximi-
1820 466 1870 525 Α
1900 463 1981 519 bis
2010 470 2434 519 commemorata
2484 467 2639 526 sunt,
2676 467 2732 515 ut
2770 474 2890 515 cum
2922 458 3122 530 aliquid
3158 475 3223 516 ex
3251 457 3505 517 humanis

263 576 408 623 num,
439 575 488 613 ε.
511 558 606 624 26,
632 575 685 612 n.
718 555 774 623 9,
805 557 1001 628 angelis
1029 557 1134 612 illis
1159 557 1366 612 licuisse
1389 556 1485 612 Dei
1505 574 1565 611 ac
1588 555 1802 611 Domini

263 670 319 709 se
347 653 554 708 nomine
587 653 946 707 commendare
974 660 1194 723 propter
1233 650 1576 722 prophetiam
1626 652 1801 706 futura

266 748 645 816 nuntiantem,
691 747 815 818 quia
843 747 1085 801 nimirum
1124 744 1383 813 Christus,
1436 746 1525 815 qui
1552 744 1696 801 Deus
1742 760 1803 799 ac

263 840 522 896 Dominus
556 849 650 903 est,
678 842 732 894 in
770 839 879 895 illis
910 840 1163 911 ﬁguratus
1203 839 1288 918 sit.
1339 838 1430 895 Sic
1457 849 1505 894 et
1528 838 1759 893 lrenteus
1783 878 1800 906 ,

262 934 356 988 lib.
384 950 436 998 v,
458 950 506 987 c.
537 934 564 988 Ι
601 950 614 986 :
644 930 1004 987 Praediximus
1035 931 1291 1002 quoniam
1341 930 1613 987 Abraham
1637 939 1691 984 et
1718 944 1805 984 re-

267 1027 401 1098 liqui
434 1026 715 1097 pr0phetu:
756 1024 1072 1096 prophetice
1103 1024 1357 1079 videbant
1390 1039 1535 1089 eum,
1575 1024 1625 1080 id
1657 1021 1803 1094 quod

266 1122 509 1177 futurum
550 1129 669 1175 erat
698 1136 792 1189 per
813 1120 1073 1175 visionem
1105 1119 1512 1190 prophetantes.
1546 1117 1652 1174 Sed
1673 1133 1804 1187 quo-

264 1215 342 1270 vis
371 1214 523 1268 modo
551 1213 909 1283 intelligantur
930 1212 1023 1267 illa
1043 1212 1169 1278 visa,
1205 1221 1307 1266 stat
1336 1227 1496 1283 prope
1526 1211 1706 1266 eadem
1730 1211 1805 1266 vis

260 1295 709 1381 argumentorum,
737 1322 853 1378 qua:
878 1322 940 1362 ea:
963 1305 1070 1361 illis
1101 1304 1340 1360 Hilarius
1381 1305 1609 1375 conﬁcit.

265 1481 323 1536 1.
345 1479 471 1536 Tria
498 1480 554 1535 in
585 1480 850 1536 lucreticos
878 1478 1235 1549 prwmitlenda
1262 1480 1489 1535 ueritatis
1511 1479 1801 1535 assertioni.

190 1607 266 1617 -—
288 1576 628 1656 Quamquam
661 1575 1023 1631 anterioribus
1049 1575 1265 1643 libellis,
1298 1591 1431 1647 quos
1455 1578 1567 1645 jam
1594 1573 1804 1647 pridem

194 1668 643 1740 conscripsimus,
675 1667 922 1723 absolute
950 1670 1224 1736 cognitum
1266 1666 1683 1733 existimemus,
1740 1666 1805 1721 ﬁ-

1904 556 2403 628 comparationibus
2432 554 2509 627 (l)
2545 554 2900 625 proferimus,
2937 568 3040 608 non
3085 554 3380 610 secundum
3411 570 3508 609 na-

1904 658 2054 707 turas
2108 649 2423 720 corporales
2492 648 2561 704 de
2610 648 2722 704 Deo
2768 648 2969 703 sentire
3010 646 3338 715 credamur,
3407 661 3507 704 nec

1905 744 2248 815 passionihus
2279 742 2478 798 nostris
2523 741 2781 811 spiritalia
2823 756 3161 811 comparare,
3194 740 3289 797 sed
3319 741 3503 813 potius

1902 850 2085 891 rerum
2118 833 2406 890 visibilium
2436 833 2671 905 speciem
2709 832 2778 887 ad
2823 831 3234 904 intelligentiam
3267 831 3509 889 invisibi-

1904 928 2035 985 lium
2064 928 2388 1000 protulisse.

1977 1023 2030 1079 5.
2070 1021 2447 1078 [hereticorum
2492 1023 2762 1092 opiniones
2807 1020 2872 1076 de
2920 1019 3015 1075 Dei
3062 1023 3190 1091 filio.
3232 1052 3303 1065 -—
3342 1021 3509 1078 Aiunt

1905 1129 2139 1186 namque
2165 1115 2429 1183 hazretici,
2466 1129 2572 1170 non
2597 1130 2663 1170 ex
2703 1114 2815 1170 Deo
2844 1127 2968 1169 esse
2994 1111 3295 1177 Christum,
3326 1113 3376 1169 id
3400 1123 3503 1181 est,

1904 1206 2100 1263 Filium
2142 1224 2251 1263 non
2285 1223 2353 1265 ex
2387 1207 2548 1264 Patre
2569 1218 2777 1274 natum,
2812 1223 2987 1280 neque
3010 1207 3178 1263 Deum
3205 1224 3269 1262 ex
3294 1218 3505 1275 natura,

1910 1302 2004 1357 sed
2034 1317 2098 1358 ex
2124 1302 2512 1358 constitutione
2529 1318 2685 1369 esse;
2712 1300 3060 1374 adoptionem
3083 1302 3290 1359 scilicet
3316 1303 3432 1374 ejus
3455 1303 3507 1359 in

1909 1392 1988 1467 (b)
2012 1395 2252 1462 nomine,
2283 1395 2407 1467 quia
2438 1396 2577 1452 sicut
2601 1396 2787 1467 plures
2810 1396 2921 1452 Deo
2951 1396 3071 1462 lilii,
3091 1397 3160 1452 ita
3188 1406 3242 1453 et
3265 1398 3349 1453 ltic
3371 1397 3512 1453 ﬁlius

1910 1488 2018 1553 sit;
2048 1486 2246 1543 dehinc
2288 1488 2665 1544 liberalitatem
2696 1489 2748 1544 in
2796 1489 3058 1558 dignitate
3078 1532 3093 1556 ,
3123 1492 3246 1560 quia
3275 1489 3412 1546 sicut
3438 1490 3511 1547 dii

1907 1581 2092 1651 plures
2141 1589 2288 1647 sunt,
2322 1582 2394 1636 ita
2439 1591 2493 1637 et
2533 1581 2619 1636 hic
2664 1583 2804 1639 Deus
2832 1583 2947 1638 sit:
2997 1582 3397 1654 indulgentiore
3429 1593 3511 1639 ta-

1908 1688 2033 1729 men
2062 1674 2114 1729 in
2145 1689 2213 1730 eo
2242 1683 2297 1731 et
2330 1674 2638 1746 adoptionis
2667 1685 2723 1732 et
2754 1678 3170 1747 ntmcupationis
3191 1675 3386 1731 aﬁ‘eetu
3413 1719 3428 1743 ,
3453 1683 3512 1732 ut

190 1762 320 1818 dem
362 1778 461 1818 nos
506 1770 562 1819 et
589 1761 987 1819 confessionem
1020 1761 1196 1818 Patris
1239 1771 1294 1817 et
1338 1761 1455 1817 Filii
1487 1771 1541 1817 et
1570 1761 1806 1833 Spiritus
1902 1776 1965 1823 et
1992 1784 2100 1838 pra:
2128 1770 2340 1825 czeteris
2368 1769 2437 1823 sit
2466 1771 2776 1841 adoptatus,
2812 1781 2866 1826 et
2892 1770 3161 1842 adoptivis
3187 1771 3311 1827 aliis
3339 1770 3513 1841 major

190 1856 370 1912 sancﬁ
396 1872 465 1912 ex
500 1855 833 1926 evangelicis
861 1865 1021 1925 atque
1052 1856 1365 1925 apostolicis
1413 1854 1673 1911 institutis
1704 1855 1803 1912 ob-
1833 1855 1881 1915 B
1911 1860 2026 1931 ipse
2066 1862 2133 1917 sit
2162 1861 2307 1928 filiis,
2342 1871 2398 1917 et
2417 1863 2771 1919 excellentius
2798 1862 3008 1919 cunctis
3033 1863 3241 1919 naturis
3272 1873 3508 1932 creatus,

192 1950 395 2015 linere,
439 1964 614 2019 neque
657 1949 949 2018 quidquam
980 1947 1137 2005 nobis
1177 1963 1300 2003 eum
1347 1946 1619 2004 haereticis
1647 1962 1807 2019 posse

190 2056 320 2098 esse
366 2056 674 2107 commune,
700 2041 899 2112 quippe
929 2041 1032 2096 illis
1059 2040 1399 2097 divinitatem
1435 2041 1646 2096 Domini
1681 2057 1808 2097 nos-

196 2134 268 2190 tri
292 2133 425 2190 .lesu
453 2132 648 2190 Christi
676 2134 794 2189 sine
846 2132 1008 2188 modo
1055 2141 1112 2188 ct
1140 2134 1351 2190 ratione
1377 2142 1435 2191 et
1465 2143 1612 2190 metu
1641 2134 1807 2190 abne-

196 2210 495 2298 gantihus:
525 2235 698 2280 tamen
726 2226 890 2282 etiam
924 2225 1005 2281 his
1032 2224 1230 2283 libellis
1257 2225 1503 2297 quaedam
1554 2241 1808 2282 necessa-

192 2321 280 2375 rio
316 2319 537 2376 fuerunt
578 2319 1120 2391 comprehendenda,
1170 2328 1230 2376 ut
1274 2321 1527 2377 omnibus
1580 2321 1807 2378 fallaciis

190 2427 386 2469 eorum
415 2412 846 2484 etimpietatibus
865 2412 1047 2480 editis,
1068 2413 1364 2469 absolutior
1388 2414 1545 2470 ﬁeret
1570 2417 1808 2485 cognitio

190 2507 463 2561 veritatis.
486 2507 546 2561 Et
567 2507 798 2577 primum
820 2507 1253 2577 cognoscendum
1276 2517 1379 2575 est,
1405 2524 1524 2580 quae
1545 2509 1808 2566 doctrina:

190 2613 386 2654 eorum
410 2600 687 2654 temeritas
716 2601 806 2665 sit,
826 2600 1039 2671 quodve
1060 2600 1435 2671 irreligiositas
1463 2601 1761 2673 periculum
1790 2620 1804 2657 :

191 2694 398 2749 dehinc
434 2692 565 2764 quid
607 2692 896 2749 adversum
939 2693 1099 2750 ﬁdem
1151 2694 1545 2764 apostolicam,
1578 2695 1664 2750 cui
1709 2710 1809 2751 nos

190 2787 582 2859 congruimus,
617 2787 855 2844 habeant
908 2788 1209 2854 sementim,
1265 2788 1462 2860 quidve
1513 2789 1694 2846 dicere
1723 2805 1812 2846 so-

195 2882 352 2939 leant
382 2898 414 2936 e
445 2882 741 2947 contrario,
783 2896 956 2953 quave
983 2881 1274 2937 verborum
1299 2881 1650 2954 ambiguitate
1682 2884 1812 2938 sim—

195 2978 426 3048 plicitati
449 2975 788 3033 audientium
811 2975 1031 3032 illudant
1056 2992 1069 3029 :
1107 2987 1385 3046 postremo
1415 2992 1517 3047 qua
1543 2977 1810 3048 interpre-

193 3073 467 3128 tationum
493 3086 712 3131 suarum
742 3080 860 3127 arte
900 3072 1180 3127 veritatem
1210 3071 1512 3127 divinorum
1541 3071 1809 3128 dictorum

194 3167 570 3237 virtutemque
595 3176 965 3236 corrumpant.

1909 1956 2175 2011 creaturis
2223 1957 2341 2027 ipse
2371 1953 2585 2011 caeteris
2616 1965 2856 2026 praastet.
2896 1955 3063 2012 Aiunt
3093 1955 3253 2012 etiam
3293 1955 3509 2026 quidam

1909 2066 2095 2107 eorum
2132 2051 2225 2107 Dei
2256 2051 2706 2123 otnnipotentiam
2743 2051 3087 2118 conﬁtentes,
3120 2051 3174 2107 in
3204 2051 3515 2106 similitudi-

1910 2160 2034 2199 nem
2073 2159 2195 2199 eum
2231 2144 2330 2200 Dei
2358 2152 2620 2211 creatum,
2647 2155 2704 2200 et
2747 2161 2813 2201 ex
2864 2143 3169 2217 nihilo'73
3214 2153 3271 2199 ut
3315 2151 3509 2199 cmtera

1908 2235 1963 2293 in
1992 2237 2182 2293 aeterni
2215 2238 2361 2293 illius
2388 2237 2660 2294 Creatoris
2713 2237 2795 2292 sui
2830 2239 3115 2309 imaginem
3164 2237 3509 2293 constitisse:

1908 2332 2079 2387 verbo
2136 2332 2386 2388 videlicet
2438 2332 2507 2387 de
2578 2347 2684 2386 non
2751 2331 3087 2388 exstantibus
3129 2331 3338 2402 jussum
3389 2344 3512 2387 esse

1909 2424 2226 2490 subsistere,
2266 2424 2377 2479 Deo
2406 2430 2627 2495 potente
2653 2422 3064 2479 similitudinem
3102 2423 3184 2479 sui
3226 2437 3298 2478 ex
3340 2421 3512 2479 nihilo

1910 2522 2188 2585 coaptare.

1979 2606 2036 2661 4.
2069 2604 2391 2660 Homousion
2420 2605 2484 2660 ob
2505 2620 2686 2661 sensus
2710 2622 2896 2679 pravos
2935 2621 3179 2680 respuere
3212 2622 3267 2662 se
3309 2607 3512 2676 con/in-

1910 2709 2059 2772 gunt.
2089 2699 2193 2766 Qui
2216 2699 2297 2755 illi
2317 2716 2518 2756 sensus.
2544 2730 2617 2742 ——
2644 2700 2784 2768 Quin
2811 2703 2972 2757 etiam
2999 2701 3053 2757 id
3078 2701 3361 2772 adjiciunt,
3387 2717 3511 2759 cum

1913 2795 2071 2851 unius
2110 2795 2425 2852 substantiae
2457 2795 2673 2851 Patrem
2715 2804 2771 2851 et
2806 2794 2997 2851 Filium
3030 2810 3152 2853 esse
3185 2797 3412 2854 audiunt
3446 2797 3515 2853 ab

1911 2886 2279 2943 anterioribus
2295 2884 2366 2959 (c)
2394 2887 2664 2959 episcopis
2684 2887 3058 2960 praedicatum,
3089 2897 3148 2945 ut
3166 2887 3220 2944 id
3246 2888 3515 2945 subtiliter

1912 2994 2011 3052 per
2036 2980 2273 3052 speciem
2315 2980 2585 3037 haeretica:
2614 2979 2887 3051 opinionis
2929 2980 3204 3037 inﬁrment
3231 2997 3246 3035 :
3272 2981 3516 3038 dicentes

1912 3088 2007 3129 eos
2029 3071 2179 3127 verbi
2210 3071 2371 3142 hujus
2399 3072 2846 3143 signiﬁcationem
2875 3115 2889 3138 ,
2937 3073 2988 3127 id
3036 3083 3155 3141 est,
3197 3075 3356 3129 unius
3381 3074 3513 3128 sub-

1914 3163 2147 3227 stantiae,
2166 3164 2306 3235 quod
2329 3179 2504 3235 greeae
2515 3165 2782 3237 ὁμοούσιον
2797 3164 3018 3232 dicitur,
3045 3165 3148 3221 hoc
3171 3178 3334 3221 sensu
3362 3180 3518 3221 usur-

265 3261 325 3314 2.
378 3257 559 3313 Verbis
588 3258 825 3313 Immanis
845 3274 925 3313 res
953 3258 1153 3313 divinas
1182 3275 1285 3313 non
1311 3259 1434 3313 bene
1458 3259 1806 3328 explicari.——
1832 3255 1876 3316 C
1911 3272 2042 3328 pare
2070 3265 2237 3328 atque
2266 3256 2484 3329 eloqui,
2516 3266 2787 3329 tamquam
2821 3257 2938 3328 ipse
2967 3257 3039 3313 sit
3064 3267 3219 3328 pater
3245 3257 3341 3329 qui
3368 3269 3423 3314 et
3454 3257 3517 3312 ﬁ-

193 3350 317 3407 Non
351 3351 665 3422 ignoramus
709 3361 910 3415 autem,
939 3350 1004 3405 ad
1046 3365 1136 3407 res
1179 3352 1390 3408 divinas
1420 3353 1804 3423 explicandas,

196 3459 385 3516 neque
412 3443 691 3499 hominum
713 3442 1095 3511 elocutionem,
1127 3460 1305 3516 neque
1326 3454 1532 3500 natura:
1561 3445 1809 3502 humana:

194 3534 668 3607 comparationem
695 3551 857 3607 posse
883 3533 1155 3592 sufficere.
1180 3536 1335 3605 Quod
1361 3537 1505 3592 enim
1533 3536 1813 3592 inenarra-

193 3628 310 3686 bile
342 3637 451 3696 est,
486 3627 859 3699 signiﬁcantius
905 3629 1135 3699 alicujus
1164 3629 1324 3686 ﬁnem
1376 3639 1429 3685 et
1457 3634 1673 3685 modum
1705 3648 1811 3689 non

194 3721 367 3776 habet
395 3738 408 3773 :
442 3720 660 3791 etquod
693 3721 936 3789 Spiritale
957 3730 1062 3787 est,
1092 3721 1145 3777 id
1169 3738 1196 3774 a
1228 3723 1412 3791 specie
1440 3722 1807 3794 corporalium

194 3814 573 3885 exemploque
593 3812 867 3868 diversum
891 3822 993 3869 est.
1019 3812 1222 3868 Tamen
1246 3814 1354 3886 72
1372 3830 1493 3870 cum
1516 3816 1584 3871 de
1607 3817 1815 3871 naturis

194 3906 530 3964 cmlestibns
557 3919 739 3961 sermo
772 3916 876 3972 est,
908 3905 999 3961 illa
1028 3906 1163 3976 ipsa,
1195 3921 1315 3977 qua:
1356 3921 1521 3964 sensu
1552 3908 1812 3964 mentium

194 4000 583 4066 continentur,
616 4013 715 4053 usu
742 3996 821 4070 (η)
844 4000 1147 4053 communis
1169 4007 1223 4054 et
1245 4008 1451 4055 naturae
1475 4008 1531 4056 et
1550 3996 1817 4055 sermonis

195 4103 338 4151 sunt
366 4092 695 4166 eloquentia,
730 4108 834 4149 non
879 4094 1067 4164 utique
1105 4092 1351 4166 dignitati
1402 4094 1495 4150 Dei
1533 4110 1771 4166 congrua
1799 4137 1816 4164 ,

196 4194 308 4252 sed
365 4191 574 4262 ingenii
624 4191 793 4247 nostri
849 4190 1206 4247 imbecillitati
1256 4191 1607 4257 necessaria;
1657 4191 1819 4246 rebus

198 4287 424 4344 scilicet
450 4284 739 4355 verbisque
779 4284 981 4339 noStris
1008 4298 1073 4339 ea
1100 4298 1220 4354 quae
1248 4291 1303 4338 et
1344 4283 1611 4339 sentimus
1654 4293 1704 4339 et
1733 4284 1818 4338 in-

200 4379 516 4450 telligimus
542 4376 794 4433 locuturi.
846 4378 1025 4446 Atque
1062 4374 1178 4430 hazc
1226 4375 1367 4430 sicut
1412 4375 1588 4446 primo
1639 4375 1822 4431 libello

202 4473 388 4546 (num.
415 4471 508 4540 i9)
538 4470 720 4527 testati
750 4484 961 4536 sumus,
990 4483 1132 4524 nunc
1177 4482 1393 4540 quoque
1438 4467 1642 4525 idcirco
1669 4484 1701 4523 a
1728 4482 1825 4525 no—

287 4566 377 4637 (l)
414 4564 768 4636 Proferemus.

287 4645 374 4717 (α)
409 4646 567 4717 Itajin
600 4660 732 4701 mss.
758 4644 829 4700 At
858 4645 911 4699 in
934 4644 1185 4717 vulgatis,
1209 4646 1489 4701 communi.
1804 4682 1807 4687 -

290 4715 371 4791 (ὁ)
406 4716 573 4791 Editi,
604 4733 720 4791 esse
737 4717 792 4771 in
811 4717 1035 4791 nomine.
1068 4715 1237 4791 Abest
1262 4733 1412 4791 essen
1432 4731 1572 4791 mss.
1596 4730 1823 4791 quorum

202 4787 388 4857 aliqui
424 4789 747 4858 subjiciunt,
776 4788 899 4859 quia
927 4789 1056 4843 sicut
1083 4787 1255 4861 plures
1280 4787 1381 4845 Dei
1407 4788 1526 4859 ﬁlii,
1553 4788 1628 4842 ita
1662 4797 1713 4844 et
1742 4788 1825 4843 ltic

206 4864 369 4913 ﬁlius
400 4858 501 4913 Dei
526 4861 611 4913 sit.

276 4864 369 4917 ius
400 4861 501 4915 Dei
526 4861 611 4915 sit.

287 4864 299 4873 .
489 4864 500 4872 .
558 4864 611 4915 ,Α

204 4864 374 5006 βιτῶ
400 4864 738 4999 ercusis,
760 4933 837 5006 ab
855 4931 1201 5006 anterioribus
1243 4931 1651 5006 es_se_epis_copis
1673 4971 1689 4998 ,
1736 4946 1824 5006 re-

203 5002 441 5062 dundat
465 5020 588 5063 esse.
625 5019 726 5059 nec
755 5003 953 5058 habent
984 5017 1113 5058 mss.
1139 5002 1476 5059 Vocabulum
1499 5002 1820 5059 homousion

204 5078 290 5133 ab
339 5075 706 5131 anterioribus
734 5075 1002 5143 episcopis
1047 5075 1392 5143 przedicatum
1442 5084 1667 5130 testatur
1713 5075 1828 5141 epi-

204 5149 370 5205 stola
391 5147 462 5202 ad
489 5145 708 5201 Paulum
749 5147 1044 5211 Satnosat.,
1070 5157 1200 5201 tom.
1234 5162 1292 5213 1,
1340 5145 1536 5202 concil.
1573 5146 1827 5216 Dionysio

207 5217 605 5278 Alexandrino
631 5217 929 5287 adscripta,
960 5217 1076 5286 ipse
1105 5216 1302 5273 fatetur
1327 5218 1591 5272 Eusebius
1621 5216 1824 5272 Caesar.

207 5290 376 5363 apud
411 5290 623 5346 Socrat.
675 5292 708 5363 I.
738 5288 791 5356 Ι,
823 5303 872 5343 c.
904 5287 938 5343 5
966 5307 987 5363 :_
1010 5287 1306 5363 Nonnullos
1330 5331 1344 5352 ,
1393 5287 1597 5359 inquit,
1643 5298 1830 5363 ueteres

207 5359 873 5436 episcoposetscriptores
899 5361 1075 5436 ,viros
1103 5377 1225 5436 sane
1251 5361 1467 5436 disertos
1507 5370 1655 5431 atque
1679 5359 1826 5414 illus-

210 5431 339 5492 tres
365 5476 380 5498 ,
410 5431 755 5488 in'divinitute
793 5431 1098 5503 explicanda
1124 5431 1236 5503 iltoc
1273 5431 1421 5486 uerbo
1465 5446 1831 5488 CONsUBSTAN-

211 5521 386 5564 Tum
414 5520 534 5561 usos
554 5506 714 5577 fuisse
740 5502 1087 5575 cognovimus.
1115 5502 1262 5577 Inter
1291 5517 1420 5577 eos,
1458 5504 1548 5577 qui
1577 5509 1657 5577 usi
1689 5503 1826 5577 sint,

209 5582 376 5637 duos
406 5574 697 5649 Diott'ysios
727 5574 974 5632 recenset
1000 5575 1330 5649 Athanasius
1360 5575 1453 5630 lib.
1482 5574 1553 5631 de
1572 5575 1789 5649 _Synod.
1812 5615 1829 5642 ,

213 5666 365 5723 pag.
394 5648 499 5723 9l8
523 5646 565 5723 ,ς
585 5648 1238 5723 Tertullianu_s___quoque_
1259 5646 1521 5723 adversus
1571 5646 1831 5723 Praxeam

214 5717 393 5780 brain.
422 5719 480 5789 2,
531 5720 747 5776 Patrem
800 5730 854 5774 et
898 5717 1094 5774 Filium
1149 5718 1299 5774 unius
1340 5719 1635 5773 substantia:
1690 5732 1833 5787 prae-

212 5795 411 5852 dicat.

308 5862 400 5939 (Δ)
425 5864 551 5922 Mss.
581 5863 647 5921 de
695 5862 1017 5920 Itomousion.
1052 5862 1109 5922 In
1140 5862 1246 5921 hoc
1284 5862 1507 5920 nomine
1548 5860 1837 5921 scribendo

1848 4568 1904 4630 D

1917 3351 2022 3407 lius
2045 3393 2062 3421 ,
2095 3366 2163 3407 ex
2202 3351 2472 3407 inﬁnitate
2518 3350 2774 3408 videlicet
2794 3366 2890 3406 sua
2921 3358 3211 3422 protensus
3251 3351 3305 3406 in
3339 3350 3516 3422 Virgio

1917 3459 2065 3509 nem,
2097 3458 2165 3498 ex
2197 3459 2301 3513 qua
2338 3458 2536 3514 corpus
2564 3457 2883 3511 assumens,
2928 3443 3030 3498 sibi
3061 3443 3113 3498 in
3152 3458 3220 3500 eo
3247 3458 3479 3515 corpore
3501 3485 3518 3512 ,

1918 3538 2060 3609 quod
2089 3537 2383 3609 assumpsit
2410 3579 2425 3603 ,
2458 3536 2553 3592 ﬁlii
2577 3552 2773 3593 nomen
2820 3536 3109 3593 addiderit.
3162 3537 3225 3593 Et
3257 3536 3372 3593 haec
3400 3537 3521 3609 qui-

1920 3632 2045 3689 dem
2071 3632 2151 3705 (d)
2185 3632 2253 3688 de
2280 3632 2565 3687 homousio
2595 3646 2784 3688 eorum
2830 3630 3039 3688 falsitas
3077 3631 3248 3701 prima
3278 3640 3384 3686 est.
3426 3630 3522 3688 Se-

1921 3741 2092 3798 quens
2124 3726 2211 3781 illa
2241 3735 2362 3793 est,
2393 3726 2535 3798 quod
2577 3725 2847 3782 afﬁrment
2880 3727 2931 3781 id
2960 3725 3387 3783 enuntiationem
3426 3724 3525 3783 ho-

1923 3821 2117 3875 mousii
2144 3818 2471 3891 signiﬁcare,
2502 3819 2646 3890 quod
2686 3818 2766 3875 rei
2794 3819 3083 3875 anterioris
3109 3828 3271 3891 atque
3300 3819 3524 3876 alterius

1921 3912 2231 3967 communio
2260 3911 2595 3978 sitduobus,
2634 3919 2687 3966 et
2717 3920 2988 3981 tamquam
3033 3911 3180 3982 prior
3224 3910 3523 3967 substantia

1926 4004 2009 4059 vel
2039 4004 2155 4058 usia
2176 4002 2416 4057 materia:
2459 4001 2689 4072 alicujus
2723 4001 3029 4066 exstiterit,
3063 4016 3184 4072 qua
3209 4001 3524 4073 participata

1926 4096 2159 4163 duobus,
2189 4105 2245 4152 et
2274 4097 2325 4151 itt
2359 4105 2589 4167 utroque
2619 4103 2960 4168 consumpta,
2990 4104 3275 4167 utrumque
3296 4096 3447 4151 illum
3470 4103 3528 4152 ct

1926 4197 2136 4245 natura:
2155 4189 2445 4244 anterioris
2467 4231 2482 4255 ,
2517 4197 2572 4245 et
2597 4188 2676 4245 rei
2711 4203 2833 4244 esse
2872 4197 3101 4245 testetur
3138 4188 3316 4244 unius.
3349 4188 3526 4260 Atque

1929 4282 2132 4339 idcirco
2162 4283 2469 4355 improbare
2506 4299 2566 4339 se
2610 4283 2876 4339 ltomousii
2915 4284 3063 4339 aiunt
3092 4283 3521 4354 confessionem,

1930 4378 2073 4450 quod
2094 4379 2391 4434 enuntiatio
2417 4376 2537 4448 ejus
2560 4392 2736 4449 neque
2755 4377 2950 4434 Filium
2975 4395 3003 4432 a
3027 4378 3188 4435 Patre
3212 4378 3524 4450 distinguat,

1931 4480 1986 4528 et
2008 4470 2080 4545 (ε)
2111 4470 2464 4544 posteriorem
2497 4470 2714 4528 Patrem
2742 4472 2990 4539 materia,
3022 4469 3092 4545 (f)
3122 4486 3241 4542 qum
3272 4471 3373 4528 sibi
3400 4486 3524 4527 cum

1933 4659 2039 4701 non
2081 4643 2185 4701 sibi
2231 4651 2475 4709 constat,
2507 4642 2636 4703 illud
2668 4641 2991 4714 quandoque
3021 4658 3118 4714 per
3144 4658 3304 4700 casus
3332 4644 3522 4702 inﬂec-

1934 4724 2127 4781 tentes,
2162 4717 2362 4788 saepius
2390 4731 2520 4771 non.
2553 4714 2666 4770 lloc
2688 4715 3003 4788 vocabulum
3032 4716 3215 4786 priore
3244 4717 3336 4773 illo
3358 4732 3524 4774 sensu

1931 4804 1961 4842 a
1992 4788 2160 4843 Paulo
2190 4785 2557 4847 sannosatensi
2588 4785 2961 4854 prmdicatum,
2986 4785 3045 4841 et
3069 4790 3137 4841 alt
3170 4789 3520 4845 Antiochenis

1931 4860 2178 4916 Patribus
2205 4857 2466 4929 rejectum
2492 4856 2764 4913 indicabat
2785 4858 3386 4929 epistolaOrientalium
3413 4861 3528 4917 Sir-

1929 4931 2095 5057 migm
2123 4931 2298 5057 desltitta
2317 4971 2333 4998 ,
2362 4929 2515 5001 cujus
2544 4938 2922 5001 argumentum
2953 4928 3186 4987 refertur
3212 4931 3306 4987 lib.
3322 4931 3393 4988 de
3419 4931 3523 5005 Sy-

1932 5018 2000 5057 no
2046 5043 2061 5057 .
2088 5018 2142 5056 η.
2254 5043 2264 5053 .

1932 5018 2061 5058 ιιηα.
2088 5018 2142 5056 η.
2174 5018 2264 5057 δι.

2001 5074 2071 5146 (ε)
2104 5073 2256 5131 Unus
2285 5072 2457 5129 codex
2491 5070 2647 5128 Colb.
2693 5072 3011 5156 ct.tm._\’icl.
3050 5073 3384 5157 et"Sorbon.
3418 5092 3528 5199 βο-

2001 5161 2112 5199 rem
2145 5161 2163 5199 :
2195 5161 2301 5199 non
2326 5146 2467 5198 malo
2494 5159 2682 5199 sensu.
2707 5160 2750 5199 sr
2781 5144 2979 5199 deinde
3003 5144 3389 5199 subneeretur.
3466 5164 3528 5199 a-

1931 5144 2112 5200 tiorem
2145 5161 2163 5199 :
2195 5161 2301 5200 non
2326 5146 2467 5216 malo
2494 5159 2682 5210 sensu,
2707 5145 2750 5199 si
2781 5144 2979 5200 deinde
3003 5144 3389 5216 subjiceretur,
3418 5144 3528 5200 Pa-

1933 5226 2009 5271 tre
2027 5219 2312 5271 materiam.
2349 5215 2539 5272 Verius
2572 5225 2754 5287 tamen
2781 5216 2869 5271 alii
2913 5215 3113 5271 habent
3148 5218 3480 5287 posteriorem
3504 5257 3521 5284 ,

1933 5289 2009 5343 uti
2030 5298 2241 5344 constat
2266 5304 2331 5343 ex
2359 5287 2551 5359 lib.de
2576 5286 2809 5359 Synodis
2830 5305 2978 5344 num.
3003 5288 3095 5345 68.
3119 5286 3271 5359 Hune
3296 5289 3525 5344 alterum

1934 5374 2156 5415 sensum
2183 5401 2198 5426 ,
2227 5374 2352 5415 cum
2397 5374 2429 5414 a
2459 5358 2627 5415 Paulo
2654 5368 2860 5414 tantum
2887 5375 2984 5429 per
3012 5358 3409 5415 cavillationem
3439 5359 3527 5415 itt-

1934 5442 2118 5502 gestus
2146 5440 2290 5487 esset
2309 5473 2323 5498 ,
2370 5432 2548 5486 statim
2581 5431 2650 5487 ab
2679 5429 3035 5502 Antiochenis
3063 5430 3310 5502 Patrjbus
3339 5431 3530 5497 explo-

1936 5500 2056 5558 sum
2076 5501 2243 5559 fuisse
2256 5502 2418 5557 tradit
2439 5504 2764 5559 Athanasius
2791 5504 2886 5557 lib.
2922 5503 2992 5574 de
3017 5500 3221 5571 Synod.
3247 5517 3367 5574 pag.
3400 5502 3529 5570 9‘20,

1939 5574 2083 5645 quod
2126 5590 2250 5631 cum
2298 5574 2650 5630 Orientalium
2702 5573 2971 5645 sententia
3029 5574 3273 5645 proxime
3317 5593 3346 5628 ει
3377 5575 3533 5632 nobis

1942 5644 2237 5718 memorata
2265 5656 2565 5718 numqstare
2604 5646 2807 5718 possit,
2836 5659 2936 5699 suo
2962 5644 3081 5700 loco
3121 5644 3188 5700 ad
3220 5644 3417 5705 librum
3462 5648 3533 5705 de

1941 5716 2181 5790 Synodis
2209 5717 2595 5789 expendemus.

2015 5789 2089 5863 (Ι)
2130 5790 2250 5846 Par.
2279 5784 2407 5863 cum
2452 5796 2635 5863 vetere
2659 5800 2763 5844 ms.
2805 5784 2965 5846 Colb.
3008 5803 3125 5860 qua:
3166 5789 3265 5847 sibi
3308 5790 3374 5847 de
3400 5789 3532 5862 ﬁlio.

1945 5859 2127 5930 Forte,
2156 5877 2271 5934 qut:
2297 5860 2394 5918 sibi
2413 5869 2462 5916 et
2482 5859 2610 5931 ﬁlio.
