4040 6328
581 387 650 443 oo
1814 374 2056 438 SANCTI
2098 352 2352 433 lllLAiill
2393 366 2699 433 EPISCOPI

3777 376 3870 433 100

584 502 695 557 lilio
718 499 788 557 sit
816 498 1139 566 communis,
1165 495 1431 554 ostendat.
1466 495 1652 554 Tertio
1677 511 1891 571 quoque
1915 494 2051 549 lianc
2074 493 2175 548 im-
2205 500 2250 562 Α
2279 492 2438 548 Novit
2466 508 2629 549 unmn
2661 489 3039 549 innascibilem
3077 489 3250 548 Deum
3276 510 3288 544 :
3310 490 3460 551 novit
3491 499 3544 549 et
3573 507 3739 547 unum
3763 494 3873 545 nni-

583 592 843 662 probandi
885 589 1156 647 homonsii
1192 604 1408 649 causam
1465 586 1987 651 comminiscuntur,
2034 582 2178 657 quod

580 683 874 739 secundum
903 681 1051 738 verbi
1083 680 1243 755 hujus
1283 678 1729 749 significationem
1756 721 1771 746 ,
1813 694 1879 734 ex
1907 677 2179 732 divisione

579 788 816 846 paterna:
837 775 1152 833 substantiae
1179 788 1301 831 esse
1339 772 1506 828 Filius
1533 770 1612 847 (α)
1642 771 2013 837 existimetur;
2044 779 2181 824 latn-

577 886 735 938 quam
760 869 1011 925 desectus
1041 884 1107 923 ex
1131 882 1198 924 eo
1226 866 1422 933 fuerit,
1456 868 1523 920 ita
1558 878 1614 920 ut
1648 866 1723 937 (1)
1752 868 1802 920 iu
1834 864 1969 920 duos
1995 863 2063 919 sit
2091 878 2178 919 res

579 979 679 1021 una
702 962 907 1029 divisa;
955 972 1011 1018 et
1050 962 1174 1018 ideo
1215 959 1531 1023 substantiae
1557 958 1805 1015 dicantur
1834 957 2021 1021 unius,
2054 954 2176 1027 quia

577 1058 753 1131 portio
780 1057 997 1114 desecta
1027 1056 1097 1113 de
1125 1064 1261 1122 toto,
1291 1056 1343 1110 in
1381 1062 1566 1109 natura
1609 1067 1675 1109 ea
1700 1052 1771 1113 sit
1795 1050 1938 1107 unde
1958 1048 2175 1106 desecta

575 1161 658 1208 est
691 1170 704 1205 :
730 1166 833 1208 nec
865 1166 1022 1223 posse
1046 1151 1097 1207 in
1129 1150 1295 1206 Deum
1329 1148 1526 1205 cadere
1546 1144 1826 1205 divisionis
1845 1145 2172 1219 passionem,

575 1247 699 1317 quia
722 1255 777 1303 et
796 1244 1140 1303 demutabilis
1162 1244 1284 1308 erit,
1304 1245 1346 1298 si
1367 1240 1725 1298 imminutioni
1743 1255 1836 1311 per
1854 1237 2172 1294 divisionem

576 1340 669 1393 liat
704 1336 971 1393 obnoxius
1006 1354 1018 1389 :
1051 1346 1107 1392 et
1138 1332 1484 1407 imperfectus
1508 1331 1795 1397 eflicietur,
1827 1329 2174 1401 perfectionis

574 1445 687 1486 sua:
727 1432 779 1485 in
834 1431 1131 1501 portionem
1164 1428 1389 1484 alteram
1416 1426 1498 1503 (Ξ)
1528 1424 1821 1483 decedente
1848 1421 2168 1483 substantia.

646 1522 699 1577 5.
733 1520 933 1576 Filium
960 1537 1157 1593 semper
1186 1536 1295 1575 esse
1323 1535 1415 1575 cur
1445 1527 1728 1591 negent.—
1742 1515 1853 1577 Nec
1884 1532 1989 1570 non
2022 1516 2072 1569 iii
2106 1530 2173 1571 eo

573 1632 631 1673 se
655 1617 929 1687 eleganter
955 1614 1214 1671 doctrinae
1247 1615 1578 1685 preplieticm
1597 1654 1613 1681 ,
1638 1610 1733 1668 sed
1765 1618 1820 1666 et
1838 1607 2172 1681 evangelicae

572 1720 733 1779 atque
760 1707 1070 1780 apostolicae
1100 1703 1210 1780 74
1238 1722 1397 1778 posse
1424 1706 1502 1777 (5)
1526 1703 1838 1760 existimant
1866 1702 2170 1770 contraire,

575 1815 630 1855 ut
678 1800 798 1855 Filii
843 1800 1172 1856 nativitatem
1226 1798 1363 1854 intra
1404 1807 1644 1869 tempora
1693 1796 2005 1869 praedicent.
2034 1793 2167 1849 Cum

2283 586 2521 657 genitum
2573 586 2667 641 Dei
2720 585 2906 639 filium.
2944 582 3248 642 Confitetur
3290 585 3505 642 Patrem
3535 596 3795 642 aeternum
3824 596 3875 643 et

2282 680 2351 735 ab
2389 680 2599 753 origine
2643 679 2871 739 liberum
2906 697 2921 734 :
2952 680 3243 736 confitetur
3271 692 3327 737 et
3373 680 3495 738 Filii
3519 682 3781 754 originem
3809 685 3871 739 ab

2281 783 2485 829 aeterno
2514 792 2526 826 :
2560 789 2667 833 non
2700 773 2871 846 ipsum
2896 772 2965 831 ab
2985 774 3154 840 initio,
3181 774 3276 831 sed
3312 774 3383 830 ab
3408 773 3711 832 ininitiabili
3735 793 3748 829 :
3773 793 3870 835 non

2283 880 2378 941 per
2399 882 2457 922 se
2487 865 2695 939 ipsum,
2733 865 2833 923 sed
2859 866 2926 922 ab
2953 885 3017 923 co
3037 909 3051 934 ,
3084 866 3173 940 qni
3205 885 3231 920 a
3265 868 3483 925 nemine
3517 884 3737 938 semper
3759 880 3867 935 est,

2282 970 2464 1023 Italum
2511 961 2578 1016 ab
2618 970 2823 1018 mterno
2850 1003 2865 1029 ,
2895 962 3230 1019 nativitatem
3279 960 3531 1019 videlicet
3557 978 3622 1017 cx
3658 972 3866 1032 paterna

2279 1053 2579 1110 aeternitate
2604 1066 2931 1111 sumcntem.
2959 1054 3123 1110 Caret
3152 1071 3281 1126 ergo
3319 1053 3450 1110 fides
3481 1064 3666 1109 nostra
3711 1053 3871 1113 hare-

2280 1147 2399 1203 ticali
2430 1147 2715 1220 pravitatis
2742 1149 3017 1223 opinione.
3051 1148 3203 1205 Edita
3239 1147 3347 1227 75
3377 1164 3608 1222 namque
3634 1160 3718 1203 est
3743 1164 3859 1204 sen-

2277 1255 2370 1295 sus
2399 1242 2568 1297 nostri
2609 1241 2876 1315 professio
2900 1283 2918 1311 ,
2949 1242 3074 1299 licet
3105 1241 3341 1297 nondum
3388 1243 3456 1298 sit
3503 1240 3645 1296 ratio
3676 1240 3867 1317 proles.

2277 1333 2445 1389 sionis
2471 1336 2734 1404 exposita.
2768 1334 2969 1390 Tamen
3010 1350 3078 1391 ne
3123 1334 3249 1406 quid
3275 1376 3290 1401 ,
3335 1335 3390 1389 in
3415 1332 3687 1390 liomousii
3718 1350 3745 1388 a
3772 1333 3863 1389 Pa-

2280 1425 2450 1483 tribus
2481 1427 2771 1501 nuncupati
2800 1427 3204 1496 enuntiatione,
3231 1436 3286 1484 et
3323 1427 3376 1483 in
3405 1442 3466 1487 ea
3491 1427 3639 1497 quod
3665 1443 3867 1499 semper

2278 1516 2441 1577 fuerit
2487 1518 2865 1589 confessione,
2922 1520 3248 1592 suspicionis
3298 1519 3729 1593 relinqueretur;
3778 1521 3865 1579 ista

2279 1622 2571 1667 memorata
2603 1622 2749 1680 sunt,
2779 1612 2973 1684 quibus
3006 1621 3061 1669 ct
3090 1611 3392 1673 subsistere
3436 1612 3632 1673 Filium
3666 1613 3721 1673 in
3751 1615 3864 1670 sub-

2275 1703 2475 1759 stantia
2518 1720 2620 1774 qua
2662 1705 2874 1777 genitus
2904 1721 2971 1763 ex
3004 1706 3164 1763 Patre
3206 1716 3289 1761 est
3318 1718 3743 1779 cognosceretur
3765 1749 3779 1775 ,
3820 1716 3867 1765 et

2276 1794 2420 1851 Patri
2448 1797 2513 1853 dc
2534 1796 2829 1855 substantia
2854 1813 2955 1870 qua
2986 1799 3237 1857 manebat
3265 1813 3362 1869 per
3388 1799 3510 1855 Filii
3539 1802 3863 1863 nativitatem

573 1893 716 1948 enim
744 1893 934 1948 vitiose
988 1908 1017 1947 a
1050 1890 1204 1947 nobis
1253 1902 1500 1947 asserunt
1527 1890 1633 1947 dici
1658 1932 1673 1957 ,
1722 1887 1918 1945 Filium
1954 1903 2169 1963 semper
2200 1898 2248 1959 Β
2276 1888 2408 1944 nihil
2435 1905 2557 1946 esse
2579 1891 2918 1961 decerptum,
2952 1903 3006 1950 et
3036 1893 3355 1950 liomousion
3380 1894 3523 1957 Patri
3551 1894 3747 1959 Filium
3772 1913 3864 1953 non

571 1987 773 2054 fﬂiSse;
807 2001 1030 2044 necesse
1050 1995 1153 2053 est,
1181 1984 1519 2041 excludendo
1550 1983 1692 2057 quod
1720 2000 1933 2053 semper
1971 1982 2129 2039 fuerit
2151 2024 2166 2051 ,

570 2083 1053 2151 nativitatemejus
1092 2082 1450 2135 cunliteautur
1497 2094 1560 2135 ex
1610 2086 1871 2150 tempore.
1922 2078 1976 2133 Si
2025 2076 2168 2132 enim

569 2191 673 2229 non
712 2190 930 2245 semper
974 2174 1103 2242 ftiit,
1129 2173 1233 2228 erit
1266 2183 1474 2242 tempus
1504 2188 1610 2243 quo
1633 2186 1736 2227 non
1766 2171 1884 2227 fuit.
1918 2169 1985 2225 Et
2017 2170 2060 2226 si
2087 2177 2170 2225 est

568 2280 779 2342 tempus
824 2286 930 2341 quo
977 2286 1083 2324 non
1124 2267 1257 2336 fuit,
1291 2267 1397 2324 erit
1427 2277 1553 2321 ante
1590 2282 1713 2322 eum
1763 2277 1969 2335 tempus
2003 2281 2016 2318 :
2045 2262 2167 2335 quia

564 2367 651 2435 qui
678 2381 783 2418 non
814 2379 1027 2436 semper
1053 2372 1136 2419 est
1156 2403 1171 2429 ,
1196 2378 1317 2419 eSse
1338 2360 1505 2432 cmpit
1537 2376 1602 2416 ex
1640 2371 1899 2429 tempore.
1934 2356 2033 2425 Qui
2068 2373 2167 2409 ttu-

566 2467 672 2512 tcm
704 2466 854 2511 caret
883 2466 1149 2527 tempore,
1184 2470 1290 2509 non
1325 2464 1503 2523 potest
1532 2466 1598 2508 eo
1630 2466 1817 2507 carere
1846 2450 1986 2521 quod
2019 2464 2166 2504 sem-

562 2566 657 2621 per
688 2558 790 2605 est.
840 2547 1121 2625 Respuere
1164 2562 1224 2603 se
1265 2556 1444 2607 autem
1474 2547 1524 2601 id
1550 2586 1566 2612 ,
1611 2544 1752 2616 quod
1783 2558 1996 2616 semper
2025 2542 2168 2598 filius

563 2645 744 2713 fuerit,
761 2644 834 2702 ob
851 2660 970 2703 eam
986 2659 1204 2700 causam
1218 2644 1509 2711 anirmant,
1537 2657 1604 2699 ne
1618 2656 1711 2713 per
1727 2641 1777 2696 id
1794 2640 1936 2715 quod
1949 2655 2168 2713 semper

562 2741 689 2805 luit,
737 2740 854 2795 sine
879 2739 1158 2797 nativitate
1181 2752 1301 2793 esse
1321 2736 1576 2795 credatur
1605 2752 1618 2790 :
1647 2746 1919 2806 tamquam
1954 2748 2048 2804 per
2078 2733 2129 2788 id
2148 2774 2163 2800 ,

559 2836 701 2908 quod
731 2851 949 2905 semper
976 2834 1144 2891 fuisse
1185 2833 1412 2897 dicitur,
1442 2829 1774 2887 innascibilis
1820 2828 2161 2899 praedicetur.

632 2929 683 2987 ϐ.
722 2927 832 2983 Nec
860 2928 1166 2983 Itomousion
1216 2942 1307 2981 nec
1346 2940 1542 2994 semper
1567 2939 1674 2979 esse
1713 2919 1912 2977 Filium
1940 2921 2165 2978 sensibus

556 3021 733 3076 relatis
783 3020 1006 3081 admittit
1057 3018 1309 3074 Ecclesia.
1338 3047 1407 3060 --
1437 3017 1481 3074 0
1522 3017 1718 3074 stultos
1763 3026 1923 3088 atque
1969 3014 2165 3085 impios

556 3126 754 3183 metus,
783 3125 839 3172 et
867 3113 1221 3186 irreligiosam
1251 3113 1319 3169 de
1354 3112 1464 3168 Deo
1502 3109 1954 3167 sollicitudinem!
2000 3107 2157 3176 Hice,

554 3227 671 3279 quae
705 3210 759 3267 in
790 3209 1064 3265 homousii
1094 3206 1489 3279 significatione
1517 3216 1570 3261 et
1598 3206 1650 3259 in
1680 3220 1747 3260 eo
1779 3202 1922 3274 quod
1947 3214 2162 3271 semper

2276 1980 2343 2036 de
2373 1985 2812 2042 commemoratis
2852 1985 3103 2055 superius
3129 1985 3274 2043 vitiis
3305 1989 3595 2063 causisque
3621 2005 3653 2047 a
3681 1989 3863 2046 sanctis

2276 2082 2329 2129 ct
2355 2072 2435 2149 (ά)
2461 2076 2704 2137 doctrina
2734 2077 2826 2137 Dei
2856 2078 3157 2137 calentibus
3187 2079 3316 2135 viris
3337 2096 3455 2137 esse
3482 2094 3861 2152 memoratum;

2275 2184 2344 2224 ne
2371 2171 2491 2240 quis
2522 2170 2658 2228 forte
2688 2172 3028 2231 esiSIimaret
3047 2172 3214 2231 adimi
3237 2189 3334 2244 per
3352 2176 3522 2231 usiam
3546 2176 3864 2237 nativitatem

2276 2260 2535 2334 unigeniti
2558 2262 2713 2333 Filii,
2744 2264 2887 2337 quod
2918 2265 3061 2321 Patri
3096 2266 3414 2331 liomousios
3433 2269 3737 2327 diceretur.

2274 2374 2283 2382 ο
2346 2354 2398 2408 7.
2439 2352 2555 2409 Vox
2584 2371 2885 2414 uououstou
2914 2375 3017 2429 qua
3048 2360 3348 2417 necessitate
3394 2374 3656 2434 suscepta.
3682 2392 3750 2404 —
3770 2362 3862 2420 Sed

2274 2456 2331 2500 nt
2356 2449 2599 2521 suscepti
2636 2449 2795 2520 hujus
2829 2455 3112 2524 utriusque
3141 2452 3213 2525 (c)
3251 2454 3403 2512 verbi
3442 2458 3852 2525 necessitatem,

2272 2547 2325 2593 et
2346 2550 2531 2595 contra
2564 2540 2961 2600 debacchantes
3009 2553 3120 2599 tum
3163 2546 3449 2602 haereticos
3490 2548 3557 2602 ad
3587 2550 3859 2613 maximam

2272 2630 2393 2686 lidei
2412 2633 2757 2691 securitatem
2782 2634 3045 2706 usurpati,
3070 2635 3142 2711 (n
3177 2638 3439 2697 rationem
3470 2640 3854 2711 intelligamus:

2270 2727 2707 2796 respondendum
2739 2743 2860 2789 esse
2897 2731 3149 2786 existimo
3189 2729 3568 2793 haereticorum
3604 2736 3858 2805 perversi-

2272 2818 2395 2885 tati,
2430 2831 2484 2876 et
2516 2836 2704 2881 omnes
2736 2838 2922 2881 eorum
2955 2825 3147 2881 stultas
3197 2839 3262 2880 ac
3312 2827 3621 2885 mortiferas
3665 2829 3858 2885 institu-

2271 2911 2446 2969 tiones
2477 2916 2800 2986 evangelicis
2826 2925 2989 2988 atque
3013 2918 3330 2987 apostolicis
3358 2921 3691 2977 testimoniis
3717 2937 3854 2977 coar-

2267 3005 2530 3075 guendas.
2564 3007 2830 3064 Videntur
2850 3011 2997 3065 enim
3038 3010 3138 3067 sibi
3171 3010 3241 3067 de
3277 3012 3537 3083 singulis,
3580 3029 3705 3083 (iure
3728 3029 3855 3070 asse-

2271 3108 2428 3166 runt,
2462 3110 2721 3170 prmstarc
2753 3103 3051 3158 rationem:
3072 3104 3197 3175 quia
3228 3103 3453 3176 singulis
3480 3107 3854 3167 assertionibus

2266 3191 2379 3247 suis
2408 3193 2652 3262 qumdam
2681 3211 2746 3250 ex
2782 3194 2978 3252 divinis
3008 3197 3371 3253 voluminibus
3405 3196 3716 3257 teSIiuionia
3746 3200 3854 3257 sub-

555 3301 724 3357 Filius
752 3315 873 3357 esse
902 3300 1097 3357 dicitur
1139 3309 1480 3371 arguuntur,
1512 3295 1752 3353 Ecclesia
1782 3294 2160 3358 abominetur,
2190 3293 2236 3358 C
2268 3284 2556 3355 diderunt,
2618 3304 2738 3360 quae
2792 3302 3046 3363 corrupto
3095 3291 3469 3363 intelligentia:
3528 3308 3698 3353 sensu
3745 3293 3853 3350 solis

554 3393 794 3466 respuit,
846 3393 1086 3455 damnat.
1134 3390 1297 3449 Novit
1340 3390 1484 3449 enim
1544 3404 1708 3445 unum
1766 3388 1934 3443 Deum
1964 3401 2030 3441 ex
2058 3400 2163 3456 quo

555 3487 737 3543 omnia
779 3486 975 3542 :novit
1021 3495 1077 3541 et
1129 3500 1291 3540 unum
1348 3484 1631 3539 Dominum
1692 3490 1932 3537 nostrum
1975 3477 2160 3536 Jesum

554 3577 829 3643 Christum
864 3592 960 3648 per
987 3592 1144 3647 quem
1184 3575 1395 3639 omnia,
1432 3590 1592 3630 unum
1626 3589 1692 3630 ex
1725 3589 1866 3644 quo,
1907 3580 1961 3627 et
1995 3585 2158 3625 unum

508 3672 511 3677 ’
556 3689 651 3744 per
671 3686 869 3744 quem;
899 3671 966 3725 ab
993 3684 1100 3725 uno
1131 3669 1509 3724 universorum
1543 3667 1840 3737 originem,
1873 3680 1967 3737 per
1992 3678 2158 3720 unum

553 3773 869 3823 cunctorum
902 3762 978 3838 (b)
1008 3764 1359 3819 creationem.
1388 3761 1445 3816 ln
1467 3776 1577 3817 uno
1598 3776 1666 3817 ex
1698 3774 1835 3833 quo,
1866 3759 2160 3815 auctorita-

555 3871 663 3921 tem
690 3857 1128 3915 innascibilitatis
1167 3855 1453 3926 intelligit;
1489 3855 1543 3909 in
1576 3868 1684 3909 uno
1724 3867 1822 3925 per
1845 3866 2001 3922 quem
2028 3892 2043 3918 ,
2074 3866 2159 3922 [ιο-

555 3960 804 4011 testatetn
828 3948 960 4006 nihil
978 3947 1320 4007 dilferentem
1346 3946 1416 4003 ab
1443 3954 1664 4001 auctore
1686 3952 1974 4000 veneratur
1998 3958 2011 3995 :
2034 3955 2153 3996 cum

551 4062 618 4109 es
646 4062 754 4118 quo
782 4056 838 4101 et
859 4059 956 4116 per
983 4057 1145 4114 quem
1171 4081 1187 4109 ,
1212 4040 1281 4097 ad
1324 4039 1375 4096 id
1414 4038 1557 4112 quod
1591 4048 1837 4103 creatur,
1871 4033 1940 4109 (c)
1981 4035 2034 4090 in
2071 4032 2154 4092 liis

550 4153 671 4208 qua:
695 4144 879 4192 creata
914 4144 1041 4191 sunt
1077 4132 1156 4208 (4)
1190 4133 1495 4189 communis
1532 4130 1827 4187 auctoritas
1862 4128 1951 4184 sit.
1998 4127 2155 4187 Novit

549 4231 603 4285 in
633 4229 836 4301 Spiritu
870 4229 1040 4284 Deum
1075 4226 1333 4297 Spiritum
1366 4224 1752 4295 impassibilem
1782 4234 1836 4279 ct
1871 4221 2152 4279 indescca-

503 4379 511 4383 .
550 4322 749 4389 bilem;
781 4320 969 4379 didicit
1009 4321 1153 4375 enim
1201 4335 1231 4373 a
1274 4319 1542 4386 Domino,
1588 4317 1798 4389 spiritui
1838 4332 2053 4371 carnem
2098 4322 2153 4370 et

550 4433 673 4473 ossa
705 4433 810 4472 non
848 4428 969 4471 esse
1013 4410 1167 4485 (Luc.
1217 4427 1364 4478 xxiv,
1393 4409 1484 4483 59)
1519 4429 1531 4465 :
1563 4424 1631 4467 ne
1675 4410 1813 4466 forte
1852 4409 2049 4473 cadere
2097 4409 2149 4464 iti

553 4527 675 4567 eum
717 4505 1079 4580 corporalium
1132 4504 1444 4576 passionum
1484 4501 1805 4559 detrimenta
1837 4499 2149 4557 credantur.

654 4647 704 4704 1)
740 4648 804 4702 In
827 4646 1045 4702 duobus.

654 4648 674 4704 l
740 4648 804 4702 In
827 4647 1043 4702 duobus.

625 4647 707 4796 £2;
742 4719 1043 4774 Decldente.

2268 3387 2470 3434 tantum
2506 3381 2879 3452 ignorantibus
2927 3383 3311 3454 blandiantur,
3350 3387 3588 3457 speciem
3631 3386 3851 3447 veritatis

2264 3475 2563 3532 secundum
2596 3479 2916 3547 pravitatem
2942 3480 3412 3552 interpretantium
3436 3491 3781 3553 prmstatura.

2336 3573 2390 3624 8.
2426 3568 2714 3640 Scriptum
2754 3572 2937 3643 quibus
2974 3574 3233 3648 simplices
3263 3574 3545 3646 decipiunt.
3571 3579 3768 3635 Ariani.
3796 3606 3852 3623 -—

2264 3661 2541 3723 Conantur
2562 3665 2731 3729 enim,
2762 3668 2878 3722 sola
2913 3667 3004 3724 Dei
3038 3667 3213 3725 Patris
3239 3668 3523 3726 divinitate
3558 3671 3851 3740 celebrata,

2264 3752 2402 3810 Filio
2430 3755 2643 3812 auferre
2667 3756 2811 3827 quod
2842 3758 2984 3815 Deus
3005 3769 3119 3829 est;
3152 3762 3275 3834 quia
3303 3762 3565 3834 scriptqu
3589 3763 3851 3830 sitzAadi,

2265 3844 2435 3903 Israel
2452 3888 2468 3916 ,
2495 3847 2750 3906 Dominus
2783 3849 2921 3907 Deus
2946 3861 3064 3908 tuus
3090 3852 3167 3928 (g)
3196 3870 3327 3911 unus
3349 3865 3423 3911 est
3452 3853 3634 3928 (Deut.
3666 3874 3754 3927 vt,
3781 3858 3849 3926 4).

2262 3944 2331 4001 Et
2358 3944 2408 3998 id
2441 3943 2617 4016 ipsum
2659 3947 2727 4001 ad
2774 3946 2907 4018 legis
2936 3947 3217 4006 doctorem
3237 3992 3252 4015 ,
3280 3950 3707 4023 interrogantem
3726 3949 3851 4023 quod

2260 4050 2591 4111 prteceptum
2622 4043 2916 4101 maximum
2941 4052 3089 4100 esset
3109 4042 3166 4101 in
3191 4044 3334 4117 lege,
3361 4045 3591 4103 Domino
3613 4045 3847 4103 dicente:

2259 4133 2419 4203 Audi,
2452 4132 2655 4203 Israel,
2676 4132 2936 4192 Dominus
2958 4135 3099 4193 Deus
3127 4147 3245 4193 tuus
3274 4154 3408 4194 unus
3448 4148 3524 4195 est
3551 4137 3746 4212 (Marci
3766 4152 3848 4204 stt,

2256 4225 2390 4299 29).
2437 4228 2504 4285 Et
2535 4245 2749 4289 rursum
2797 4230 2966 4289 Paulo
3012 4232 3087 4288 ita
3125 4233 3457 4304 prtedicantc
3504 4252 3518 4289 :
3556 4234 3703 4293 Unus
3734 4235 3850 4291 enim

2256 4316 2419 4389 Deus,
2448 4332 2494 4376 et
2516 4339 2646 4378 unus
2672 4322 2932 4380 Mediator
2959 4323 3055 4380 Dei
3083 4334 3131 4385 et
3159 4326 3424 4385 hominum
3454 4324 3499 4400 (Ι
3525 4326 3666 4383 Tim.
3693 4344 3753 4397 ιι,
3781 4326 3845 4397 5)-

2258 4412 2339 4483 (Ιι)
2390 4414 2526 4471 Τιιιιι
2571 4416 2716 4488 quod
2756 4416 2907 4476 solus
2949 4418 3169 4489 sapiens
3198 4420 3303 4488 sit,
3334 4435 3402 4475 ne
3431 4420 3559 4491 quid
3590 4419 3850 4494 sapientia

2257 4504 2399 4560 Filio
2457 4507 2830 4580 relinquatur,
2877 4510 3174 4566 secundum
3224 4513 3470 4583 Apestoli
3514 4512 3721 4573 dictum
3753 4507 3848 4568 :Et'

2325 4640 2407 4788 (ὃ)
2440 4642 2494 4698 In
2518 4645 2806 4715 anteriori,
2837 4663 2893 4704 se
2929 4648 3244 4704 existimant.

2350 4727 2380 4770 «ι
2440 4712 2857 4774 Communiouis.

2350 4712 2407 4774 si
2440 4712 2857 4774 Communiouis.

622 4836 700 4910 (α)
729 4837 969 4893 Tertium
996 4835 1154 4910 [tunc
1192 4844 1644 4910 sensum,quem
1673 4826 1963 4910 Manichaeli‘
1985 4827 2151 4910 fuisse
2177 4840 2229 4901 Ι)
2330 4828 2410 4902 (ιι)
2440 4832 2557 4910 Eia,
2609 4832 2757 4910 Lips.
2792 4845 2848 4891 ct
2875 4836 2997 4910 Par.
3024 4837 3320 4910 doctrinam
3371 4838 3469 4893 Dei
3510 4838 3846 4896 callentibus:

552 4900 719 4979 liquet
768 4922 835 4964 ex
884 4922 941 4963 ιι.
984 4906 1101 4979 ηε
1147 4913 1374 4979 testatur
1425 4900 1696 4979 Eusebius
1744 4900 2143 4979 apudSocrat.

550 4975 643 5037 lib.
676 4997 729 5044 ι,
762 4995 885 5050 cap.
941 4980 975 5034 5
1000 5020 1015 5043 ,
1068 4977 1483 5050 Constantinum
1535 4978 1705 5050 ipsum
1740 4975 2012 5044 respuisse
2038 5013 2053 5040 ,
2079 4980 2147 5050 et

549 5043 984 5108 consubstantiale
1006 5050 1073 5103 tle
1097 5050 1360 5118 corporeis
1379 5043 1737 5114 affectionibus
1762 5043 1864 5099 non
1897 5060 2047 5118 posse
2072 5043 2144 5096 in-

549 5125 708 5196 telligi
732 5165 747 5190 ,
787 5138 949 5193 neque
974 5121 1173 5176 Filium
1205 5119 1301 5174 Dei
1324 5121 1402 5196 vel
1426 5119 1679 5173 divisione
1717 5117 2144 5196 vel_d_esectior_t_e.,

547 5208 604 5251 ut
632 5186 703 5250 ἕῖα
726 5186 915 5255 dicam,
951 5204 1201 5258 constare,
1225 5200 1334 5245 etc.
1363 5191 1479 5246 Huc
1496 5204 1668 5259 usque
1696 5204 1760 5245 ac
1781 5188 2039 5259 deinceps
2056 5186 2143 5241 Hi-

552 5271 717 5323 larius
744 5266 943 5323 Filium
977 5263 1491 5320 consubstantiaiem
1536 5261 1682 5317 Patri
1719 5262 1790 5316 ita
1817 5269 1975 5317 caute
2007 5271 2148 5330 prte—

548 5342 725 5408 dicat,
756 5350 814 5395 ut
849 5351 1066 5394 omnem
1098 5338 1291 5390 horum
1321 5349 1611 5405 pra-verum
1656 5347 1919 5390 sensuum
1963 5330 2147 5403 suspi-

548 5415 757 5467 cionem
794 5410 979 5481 procul
1002 5417 1276 5481 amoveat.

620 5483 697 5555 (ὁ)
721 5475 889 5539 vetus
909 5480 1083 5538 codex
1110 5478 1267 5555 Colb.
1297 5493 1417 5555 cum
1445 5475 1569 5555 Par.
1600 5476 1798 5555 cunctis
1814 5475 2147 5555 creationem.

551 5548 959 5623 Universos-mn,
993 5564 1051 5610 ut
1081 5560 1210 5623 pote
1238 5550 1410 5621 ipsius
1429 5548 1594 5604 etiam
1625 5548 1784 5615 Filii,
1812 5564 1842 5604 a
1871 5548 2033 5605 Patre
2061 5559 2148 5608 est

550 5643 728 5682 (κιαι).

866 5698 1105 5771 hastos.
1120 5696 1175 5771 ei
1201 5695 1253 5750 in
1279 5694 1360 5749 his
1379 5709 1400 5760 ;
1420 5690 1952 5771 aliireeeutiues,“
1972 5693 2029 5747 in

552 5764 797 5826 llo'e'sibi
824 5769 962 5833 vult,
988 5768 1131 5823 Patri
1153 5783 1219 5823 es
1244 5782 1355 5837 quo
1376 5774 1434 5822 et
1460 5764 1601 5821 Filio
1624 5779 1723 5836 per
1748 5780 1911 5835 quem
1938 5765 2147 5831 omnia,

553 5849 809 5912 quantum
830 5841 897 5895 ad
920 5840 1171 5894 virtutem
1196 5838 1416 5894 creandi
1433 5848 1488 5894 et
1516 5844 1768 5908 respectu
1796 5850 1979 5899 rerum
2001 5849 2152 5892 crea-

555 5924 751 5983 tnrum,
773 5926 1115 5971 communem
1132 5924 1255 5968 esse
1279 5911 1678 5968 auctoritatem.

470 6134 471 6137 “
516 6139 547 6149 αν

2260 4917 2367 4959 non
2393 4906 2557 4972 male,
2575 4905 2624 4960 si
2649 4906 2772 4976 quis
2801 4918 2957 4963 vetns
2979 4909 3119 4965 liber
3143 4908 3552 4981 solivagas-etum

2329 4996 2404 5068 (ε)
2436 4997 2656 5056 Scilicet
2682 4999 2959 5077 Filiumet
2989 5017 3207 5077 semper
3226 5018 3369 5070 esse,
3393 5014 3449 5060 et
3469 5006 3713 5077 ejnsoem
3737 5017 3845 5077 cunt

2257 5068 2415 5141 Patre
2463 5085 2583 5125 esse
2629 5072 2969 5129 substantiae.
3013 5068 3183 5141 Quam
3228 5068 3406 5132 autem
3438 5068 3745 5135 necessario
3787 5074 3846 5129 ad

2257 5140 2392 5214 fidei,
2416 5143 2762 5214 securitatem
2803 5159 2908 5200 vox
2952 5140 3272 5203 homousion
3322 5149 3540 5205 inventa
3590 5149 3697 5214 sit,
3739 5147 3846 5204 vide

2255 5211 2779 5294 gpudlbthanasium
2800 5216 2877 5294 lib
2918 5217 2989 5274 de
3035 5217 3243 5292 Synod.
3276 5236 3333 5293 p.
3368 5221 3470 5278 921
3499 5267 3513 5294 ,
3547 5231 3604 5280 et
3628 5211 3843 5293 Gregor.

2254 5282 2386 5339 Naz.
2409 5285 2504 5341 Or.
2536 5303 2667 5357 χχι,
2705 5305 2760 5342 ιι.
2788 5287 2882 5343 ‘25.

2332 5377 2399 5448 (Ι)
2447 5362 2943 5465 [θειίριιιίῳιὶριιιξῇ
2983 5380 3105 5465 Yat.
3152 5383 3271 5465 bas.
3318 5393 3375 5442 et
3415 5384 3574 5465 Coib_.
3607 5386 3841 5443 ratione:

2256 5466 2376 5521 quae
2397 5465 2502 5507 vox
2534 5450 2739 5508 Hilario
2771 5451 3055 5511 familiaris
3080 5469 3180 5526 pro
3202 5458 3327 5527 jure
3348 5474 3410 5513 ac
3436 5460 3639 5514 merito.

2315 5542 2411 5626 ,(9)
2452 5544 2526 5600 lla
2567 5545 2825 5626 meliores
2869 5560 3002 5602 mss.
3058 5557 3418 5626 constanter,
3452 5560 3839 5626 nonnumquam

2255 5617 2419 5671 etiam
2447 5617 2912 5694 consentientibus
2942 5620 3199 5694 excusis,
3230 5624 3283 5676 in
3310 5622 3505 5694 quibus
3532 5623 3641 5692 hic,
3684 5617 3803 5679 rso:
3822 5657 3837 5685 ι

2258 5697 2312 5742 et
2338 5689 2536 5758 saepius
2564 5688 2693 5745 alibi
2716 5691 2980 5760 repetitur
3009 5706 3117 5748 vox
3146 5692 3306 5750 Deus.

2314 5778 2615 5862 1/0"!)er
2643 5783 2925 5852 sequentia
2959 5783 3010 5837 in
3039 5785 3257 5842 excusis
3282 5799 3383 5849 suo
3408 5786 3528 5855 loco
3549 5796 3692 5849 mota
3716 5828 3731 5861 ,
3757 5796 3838 5842 re-

2259 5853 2531 5908 stituimns
2550 5853 2616 5908 ad
2646 5868 2892 5909 normam
2916 5869 3049 5911 mss.

3990 3101 3991 3157 l

3987 3204 3989 3249 l

3985 3284 3987 3341 l

3984 3382 3985 3435 l

3981 3486 3983 3527 l

3979 3576 3981 3621 l

3977 3656 3979 3713 l
