4040 6328
197 413 282 471 101

1404 391 1496 469 DE
1536 407 1912 471 TRINITATE
1962 404 2172 467 LIBER
2198 402 2293 470 1v.

3380 404 3484 469 1132

190 537 347 583 autent
374 567 390 593 ,
420 525 510 596 qui
536 532 713 597 potens
735 532 809 581 est
836 526 1145 597 conﬁrmare
1171 540 1260 581 uos
1288 526 1570 583 secundum
1611 525 1784 582 Evan-
1809 525 1862 589 Α
1888 542 1998 592 me,
2029 534 2075 581 et
2121 525 2306 582 tenebit
2345 540 2425 579 me
2472 524 2679 580 dextera
2728 530 2818 579 tua
2846 523 3023 598 (Psal.
3064 539 3300 581 cnst'tn
3319 567 3334 592 ,
3373 527 3404 581 7
3435 535 3482 580 et

188 618 365 691 getiam
407 633 577 672 meum
621 626 668 674 et
695 617 1114 686 praedicationem
1155 616 1284 674 Iesu
1330 616 1556 685 Christi,
1600 635 1783 674 secun-

189 713 302 766 dum
345 710 702 767 reuelationem
747 713 1053 769 sacramenti
1100 711 1412 783 temporibus
1452 713 1785 768 swcularibus

191 805 360 870 taciti,
392 804 708 876 manifestati
739 814 912 861 autem
936 810 1070 862 nunc
1104 822 1196 878 per
1233 804 1534 876 Scripturas
1564 805 1786 878 prophe-

190 901 307 956 ticas
329 898 613 954 secundum
635 907 947 970 praceptum
989 899 1169 955 wtsrni
1198 896 1332 967 Dei,
1364 900 1417 953 in
1447 898 1785 954 obedientiam

191 993 302 1063 ﬁdei
326 993 381 1046 in
417 1008 591 1048 omnes
612 1002 787 1066 gentes
812 993 1038 1064 cogniti,
1072 994 1172 1048 soli
1196 994 1412 1065 sapienti
1447 991 1556 1047 Deo
1581 1009 1672 1066 per
1693 992 1730 1047 .1
1736 1009 1788 1047 e-

188 1103 292 1141 sunt
315 1083 581 1142 Christum
606 1127 623 1151 ,
645 1088 730 1141 cui
761 1086 929 1159 gloria
955 1088 1010 1141 in
1046 1088 1235 1143 secula
1260 1088 1566 1144 steculorum
1586 1088 1605 1154 (
1628 1087 1782 1143 Rom.

189 1196 301 1248 ενι,
335 1178 411 1237 25
446 1189 493 1236 et
514 1178 700 1252 seqq.).
730 1180 866 1236 Tum
907 1180 1056 1251 quod
1106 1181 1255 1236 solus
1304 1180 1642 1236 innascibilis
1665 1228 1680 1252 ,
1732 1187 1789 1235 et

188 1274 322 1345 quod
363 1275 517 1329 solus
539 1268 700 1330 verus
734 1273 845 1345 76
879 1273 981 1337 sit,
1008 1273 1135 1343 quia
1164 1272 1351 1329 Esaias
1394 1272 1594 1331 dixerit
1622 1273 1784 1345 (ur,

190 1368 314 1439 l6):
343 1366 650 1422 Benedicent
690 1367 770 1437 (a)
801 1376 848 1422 te
876 1365 1045 1422 Deum
1072 1382 1267 1422 verum.
1300 1366 1563 1437 Quodque
1610 1366 1663 1422 id
1715 1368 1789 1437 ip-

188 1475 302 1516 sum
333 1466 678 1515 contestatus
715 1458 787 1514 sit
834 1459 1093 1515 Dominus
1136 1459 1191 1515 in
1217 1457 1528 1530 Evangeliis
1552 1458 1740 1514 dicens
1770 1477 1785 1513 :

192 1552 315 1608 Ha'c
338 1562 411 1608 est
432 1562 601 1607 autem
623 1552 729 1608 sita
754 1559 974 1618 eterna,
1000 1560 1056 1607 ut
1088 1560 1398 1623 cognoscant
1440 1560 1488 1606 te
1512 1550 1680 1606 solum
1704 1555 1790 1606 ue-

190 1662 301 1700 rum
350 1642 552 1712 Deum,
587 1654 632 1699 et
661 1660 811 1715 quem
854 1644 1036 1700 misisti
1073 1644 1254 1700 Iesum
1301 1644 1562 1699 Christum
1588 1644 1785 1718 (loatt.

194 1753 299 1794 xm
318 1780 335 1804 ,
365 1737 447 1811 '5).
482 1739 617 1794 Tum
638 1738 763 1811 quia
793 1739 940 1795 solus
965 1738 1162 1807 bonus,
1187 1756 1255 1796 ne
1283 1740 1410 1811 quid
1437 1743 1508 1796 sit
1534 1740 1789 1797 bonitatis

193 1832 242 1886 in
274 1830 446 1899 Filio,
480 1832 608 1901 quia
652 1845 749 1902 per
776 1846 901 1888 eum
929 1832 1134 1888 dictum
1167 1834 1237 1889 sit
1267 1851 1282 1888 :
1317 1833 1483 1890 Nemo
1523 1843 1599 1891 est
1628 1835 1790 1891 bonus

1884 636 2003 691 seqq
2029 616 2072 692 ).
2105 618 2259 674 Hunc
2282 633 2497 690 quoque
2523 618 2925 688 incorporeum,
2953 618 3079 690 quia
3109 619 3310 673 dictum
3364 619 3434 673 sit
3469 636 3484 675 :

1884 711 2129 783 Spiritus
2142 712 2278 767 enim
2312 709 2453 766 Deus
2484 720 2591 775 est,
2620 720 2667 766 et
2700 710 2976 766 adorantes
3005 726 3119 765 eum
3143 750 3159 776 ,
3196 711 3252 764 in
3284 709 3489 781 Spiritu

1885 816 1934 862 et
1958 807 2171 861 veritate
2212 806 2435 861 adorare
2474 815 2674 876 oportet
2702 805 2883 879 (Joan.
2926 821 3010 874 tv,
3036 804 3154 876 2b).
3201 805 3354 861 Hunc
3388 804 3492 860 int.—

1888 902 2269 957 mortalitatem
2325 899 2611 955 habentem
2669 910 2721 955 et
2770 899 3129 960 invisibilem.
3180 898 3350 954 Paulo
3399 897 3488 953 di-

1886 1003 2043 1049 eentc
2067 1012 2084 1048 :
2112 994 2217 1058 Qui
2237 996 2377 1048 solus
2414 993 2563 1050 habet
2594 993 3035 1049 immortalitatem
3055 1034 3071 1060 ,
3112 1002 3160 1047 et
3198 992 3360 1047 lucem
3390 991 3489 1048 ha-

1887 1086 2014 1141 bitat
2054 1084 2456 1141 inaccessibilem
2483 1126 2498 1153 ,
2535 1100 2684 1156 quem
2728 1101 2877 1141 nemo
2917 1085 3179 1139 honustum
3207 1083 3332 1140 vidit
3357 1127 3372 1152 ,
3400 1100 3492 1141 nec

1887 1178 2059 1233 videre
2087 1187 2252 1249 potest
2285 1177 2338 1248 (l
2365 1176 2504 1232 Tim.
2535 1193 2587 1232 vn
2610 1219 2626 1244 ,
2656 1175 2749 1249 16)
2780 1195 2795 1245 ;
2831 1186 2887 1232 et
2917 1175 3212 1257 secundum
3246 1175 3491 1247 Evange-

1889 1272 2020 1328 Iium
2052 1288 2067 1327 t
2099 1272 2269 1328 Deum
2295 1289 2444 1328 nemo
2483 1271 2611 1327 cidit
2633 1286 2878 1343 umquam
2901 1312 2917 1338 ,
2949 1271 3050 1326 nisi
3075 1270 3369 1344 unigenitus
3396 1267 3494 1325 Fi-

1890 1369 1994 1424 lius
2013 1408 2029 1436 ,
2061 1369 2150 1440 qui
2180 1378 2254 1423 est
2280 1369 2333 1422 in
2362 1369 2479 1423 sinu
2509 1365 2689 1422 Patris
2731 1365 2914 1439 (Joan.
2944 1380 2995 1431 ι,
3026 1364 3138 1436 18).
3181 1364 3333 1420 Hunc
3360 1378 3495 1435 quo-

1888 1476 1995 1534 que
2043 1461 2220 1518 solum
2251 1471 2561 1519 manentem
2612 1460 2719 1533 77
2760 1459 2833 1533 (e)
2883 1460 3260 1516 innascibilem
3290 1500 3306 1526 ,
3360 1459 3491 1531 quia

1892 1557 2094 1612 dictum
2140 1556 2211 1611 sit
2244 1573 2257 1609 :
2287 1554 2400 1629 Ego
2450 1572 2564 1611 sunt
2594 1557 2681 1626 qui
2711 1571 2824 1609 sum
2873 1552 3069 1627 (Exod.
3104 1570 3199 1620 nt,
3256 1551 3352 1625 ﬂ)
3384 1570 3398 1620 ;
3440 1559 3497 1609 et

1890 1664 2105 1704 rursum
2140 1664 2154 1703 :
2190 1646 2281 1704 Sic
2301 1648 2439 1702 dices
2455 1647 2581 1719 ﬁliis
2602 1645 2768 1703 Israel
2791 1663 2811 1703 :
2840 1647 2984 1702 Misit
3014 1665 3094 1703 me
3122 1646 3192 1702 ad
3226 1663 3311 1704 eos
3337 1648 3381 1703 is
3409 1647 3499 1718 qui

1892 1749 1967 1796 est
1993 1739 2215 1813 (Ibid.);
2237 1750 2292 1796 et
2313 1755 2409 1812 per
2429 1740 2720 1797 Jeremiam
2747 1758 2760 1796 :
2795 1740 2861 1814 (Ι)
2886 1742 2986 1810 Qui
3007 1758 3060 1797 es
3089 1738 3362 1807 Dominus,
3388 1739 3499 1795 Do-

1890 1833 2030 1886 mine
2056 1829 2272 1903 (lerem.
2300 1847 2338 1899 ι,
2381 1830 2457 1905 ϐ).

190 1926 290 1980 nisi
313 1943 443 1980 unus
473 1925 617 1981 Deus
646 1924 836 1997 (Παντὶ
859 1941 913 1992 x,
940 1926 1055 2000 18).
1084 1926 1221 1983 Tum
1251 1927 1393 1998 quod
1419 1928 1569 1984 solus
1600 1942 1790 1998 patens

1965 1915 2021 1970 9.
2070 1912 2245 1969 Fraus
2289 1915 2345 1969 in
2384 1914 2646 1986 praedictis
2691 1915 2855 1971 latens
2901 1916 3168 1988 retegitur.
3213 1946 3286 1959 —-
3327 1917 3504 1987 Atque

193 2020 300 2085 sit;
327 2020 450 2090 quia
498 2020 696 2076 Paulus
722 2019 920 2076 dixerit
951 2038 964 2074 :
992 2019 1154 2088 Quem
1198 2022 1510 2092 temporibus
1546 2022 1655 2077 suis
1704 2037 1792 2077 os-

197 2112 366 2168 tendet
403 2112 544 2168 nobis
578 2113 750 2168 beatus
791 2122 839 2168 et
876 2113 1016 2168 solus
1050 2122 1229 2184 potens
1274 2129 1293 2169 ε
1341 2113 1453 2169 Ilea:
1499 2130 1707 2186 regum,
1746 2123 1795 2168 et

204 2205 454 2260 Dominus
500 2205 873 2261 dominantium
922 2205 1138 2277 (lTim.
1165 2222 1220 2262 γι
1256 2249 1270 2274 ,
1320 2206 1432 2280 15).
1464 2206 1599 2263 Tum
1649 2206 1795 2278 quod

199 2298 342 2354 hunc
405 2298 653 2354 noverint
692 2298 1156 2355 inconvertibiletn
1192 2308 1254 2356 et
1313 2299 1792 2365 indemutabilem;

194 2392 315 2462 quia
348 2407 445 2466 per
473 2390 790 2463 prOphetam
817 2391 1017 2447 dixerit
1044 2410 1056 2445 :
1092 2390 1204 2466 Ego
1225 2409 1339 2447 sum
1371 2391 1626 2448 Dominus
1655 2391 1796 2449 Deus

194 2496 376 2549 tester,
410 2494 459 2538 et
498 2501 597 2538 non
620 2483 851 2539 demutor
882 2483 1137 2557 (Malach.
1167 2502 1259 2549 ιιι,
1291 2484 1352 2558 6)
1381 2502 1397 2552 ;
1466 2496 1521 2541 et
1564 2485 1797 2542 Jacobus

194 2576 473 2645 apostolus
500 2575 697 2631 dixerit
727 2576 798 2649 (ι,
836 2575 925 2648 17)
964 2577 1157 2646 :Apud
1196 2594 1341 2647 quem
1384 2594 1485 2637 non
1519 2588 1595 2633 est
1622 2578 1800 2634 demu-

194 2669 340 2724 tatio.
380 2668 534 2724 Hunc
557 2669 758 2738 juaum
782 2667 1021 2738 judicem
1043 2668 1251 2740 (supple
1271 2670 1354 2725 hic
1379 2679 1427 2725 et
1449 2672 1608 2743 infra,
1639 2688 1802 2728 nove-

196 2760 365 2834 rint),
391 2761 517 2832 quia
538 2760 796 2831 scriptum
819 2769 902 2817 est
926 2777 940 2814 :
973 2758 1112 2815 Deus
1142 2762 1311 2835 judea:
1333 2763 1509 2831 justas
1535 2804 1549 2829 ,
1578 2763 1728 2834 {ortis
1751 2771 1800 2819 et

193 2856 395 2925 patiens
426 2851 601 2926 (Psal.
641 2869 718 2908 vu
744 2895 759 2921 ,
784 2852 898 2924 12).
934 2853 1085 2909 Hunc
1130 2853 1338 2910 cunctis
1380 2867 1796 2926 procurantem,

194 2949 313 3016 quia
353 2947 615 3004 Dominus
637 2947 852 3015 dixerit,
886 2964 1007 3004 cum
1030 2949 1082 3005 ei
1102 2949 1167 3005 de
1188 2950 1375 3006 avibus
1402 2965 1584 3006 sermo
1612 2960 1756 3008 esset
1782 2969 1798 3007 :

194 3039 261 3093 Et
292 3040 459 3095 Pater
482 3052 641 3096 vester
662 3042 876 3098 caelestis
913 3044 1077 3113 pascit
1108 3043 1186 3116 (1)
1222 3043 1297 3117 (b)
1321 3043 1443 3100 illas
1474 3043 1690 3117 (Matth.
1722 3060 1800 3113 Vl,

193 3134 283 3207 26)
308 3154 329 3203 ;
354 3140 415 3193 et
437 3152 650 3191 rursum
685 3152 699 3191 :
738 3136 926 3192 Nonne
947 3138 1048 3193 duo
1070 3155 1297 3209 passeres
1328 3157 1442 3197 asse
1476 3150 1719 3207 veneunt,
1755 3150 1803 3197 et

198 3245 326 3283 unus
368 3246 433 3283 ea:
469 3228 575 3285 illis
603 3229 686 3303 (2)
715 3247 815 3285 ηοη
844 3230 981 3285 cadit
1005 3248 1159 3304 super
1183 3243 1369 3287 terram
1399 3234 1509 3287 sine
1546 3234 1804 3289 voluntate

1894 2006 2014 2062 haec
2040 2006 2163 2076 quis
2189 2021 2298 2062 non
2342 2007 2608 2080 intelligat
2649 2008 2804 2079 plena
2847 2008 3050 2064 fraudis
3077 2023 3202 2065 esse
3248 2016 3305 2064 et
3343 2008 3505 2080 plena

1895 2100 2161 2157 fallacite?
2189 2116 2311 2171 qua
2338 2116 2668 2173 quamquam
2714 2103 2823 2157 sint
2849 2102 3138 2158 subtiliter
3159 2100 3384 2159 confusa
3424 2110 3507 2158 ab-

1894 2207 2003 2263 que
2046 2192 2346 2261 permixta,
2376 2200 2558 2249 tamen
2601 2194 2851 2250 absolute
2889 2193 3239 2251 artiﬁciosam
3284 2194 3508 2251 mlitias

1894 2287 2223 2344 etstultitize
2262 2287 2615 2344 calliditatem
2642 2296 2697 2344 et
2726 2288 2985 2360 ineptiam
3032 2298 3314 2344 testantur.
3358 2288 3507 2346 lnter

1894 2387 2097 2435 ctntera
2126 2379 2273 2435 enim
2300 2378 2651 2447 addiderunt,
2681 2380 2860 2437 solum
2887 2395 2949 2436 se
2968 2380 3187 2441 Patrem
3217 2380 3510 2443 inuaseibi-

1898 2476 2006 2531 lem
2028 2475 2355 2545 cognovisse
2379 2492 2394 2531 ι
2419 2484 2689 2546 tamquam
2715 2475 2843 2531 hine
2873 2476 3161 2546 quisquam
3194 2476 3368 2545 possit
3390 2491 3512 2532 am-

1900 2568 2110 2639 bigere,
2140 2583 2287 2635 eum,
2318 2584 2387 2625 ex
2416 2584 2525 2640 quo
2556 2568 2650 2627 illa
2672 2569 2884 2642 genitus
2912 2570 2987 2625 sit
3018 2584 3113 2639 per
3134 2584 3297 2641 quem
3327 2569 3511 2630 otttnitt

1901 2668 2048 2730 sunt,
2079 2662 2131 2718 id
2156 2662 2300 2732 quod
2324 2664 2441 2734 ipse
2469 2672 2555 2721 est
2583 2678 2613 2717 a
2645 2662 2863 2720 nemine
2894 2674 3274 2720 concauum.
3307 2662 3364 2719 lu
3394 2664 3513 2734 ipso

1902 2754 2049 2809 enim
2074 2797 2091 2822 ,
2123 2753 2266 2824 quod
2306 2758 2461 2824 pater
2486 2753 2685 2813 dicitur
2704 2795 2719 2820 ,
2748 2755 2876 2839 ejus,
2904 2771 3065 2826 quem
3107 2755 3297 2827 genuit
3322 2768 3515 2815 auster

1904 2850 2247 2920 ostenditur;
2274 2850 2325 2907 id
2353 2850 2559 2906 habens
2586 2865 2783 2907 nomen
2810 2851 2953 2922 quod
2985 2866 3162 2921 neque
3213 2850 3516 2922 proiectum

1905 2960 1973 2999 ex
2000 2944 2105 2998 alio
2133 2944 2484 3013 intelligatur,
2518 2952 2572 2998 et
2600 2959 2664 2998 ex
2700 2958 2809 3015 quo
2842 2945 2886 2999 is
2917 2945 3004 3014 qui
3029 2944 3246 3015 genitus
3274 2955 3357 3007 est
3385 2945 3515 3003 sub-

1906 3028 2109 3095 stitisse
2137 3039 2415 3094 doceatur.
2450 3039 2615 3109 igitur
2641 3040 2715 3104 id,
2752 3040 2896 3110 quod
2928 3041 3041 3097 Deo
3063 3043 3201 3110 patri
3233 3032 3517 3112 proprium

1908 3140 2013 3201 est,
2044 3130 2321 3203 prepriutn
2349 3129 2399 3186 ei
2432 3146 2494 3186 ac
2524 3139 2795 3188 secretum
2823 3131 3212 3204 relinquamus,
3247 3134 3515 3188 conmen-

1911 3236 1991 3281 tes
2033 3226 2084 3280 in
2135 3240 2200 3280 eo
2229 3232 2447 3280 alterum
2479 3221 2697 3281 virtutis
2744 3225 3119 3281 innascibilem
3162 3233 3510 3296 poteStatem.

198 3322 383 3379 Patris
410 3324 725 3381 vestri98ed
745 3336 792 3380 et
816 3327 993 3395 capilli
1019 3327 1202 3399 capitis
1230 3328 1383 3382 vestri
1409 3328 1662 3382 numerati
1682 3339 1798 3382 sunt
1827 3318 1871 3382 C
1905 3321 2120 3377 Nemini
2150 3330 2328 3376 autem
2352 3318 2575 3377 dubium
2603 3336 2725 3377 esse
2749 3321 3021 3389 existimo,
3058 3320 3132 3377 ob
3156 3336 3276 3377 eam
3303 3336 3521 3378 causam

199 3416 423 3490 (Hattlt.
449 3434 504 3486 ι,
531 3417 648 3490 29).
681 3419 835 3475 [ἰυηο
855 3420 1037 3476 omnia
1059 3408 1456 3490 providentem,
1486 3423 1622 3478 sicut
1648 3422 1802 3479 beata

200 3510 455 3566 Susanna
481 3510 611 3566 dicit
636 3529 648 3564 ι
683 3506 821 3571 Deus
850 3521 1088 3578 wternus,
1116 3504 1530 3568 abscondunt-unt
1552 3515 1805 3587 cognitor,

197 3604 370 3657 sciens
397 3603 573 3657 omnia
599 3613 719 3657 ante
747 3604 1126 3674 generationem
1152 3620 1325 3660 eorum
1348 3603 1512 3677 (Dan.
1543 3618 1659 3673 xm,
1685 3605 1804 3679 42).

198 3697 358 3753 Hunc
408 3696 569 3752 etiam
618 3698 691 3770 (τ)
740 3698 1210 3771 iuconcep'tibilem
1243 3740 1258 3769 ,
1308 3697 1605 3755 secundum
1656 3698 1801 3772 quod

199 3788 409 3846 dictum
432 3794 519 3843 est
542 3806 554 3842 :
594 3786 789 3845 Caelum
816 3788 943 3847 mihi
973 3787 1186 3845 thronus
1211 3801 1307 3856 est,
1337 3799 1473 3846 terra
1498 3800 1671 3846 autem
1698 3808 1813 3849 sca-

197 3881 399 3939 bellum
424 3882 507 3955 (5)
538 3882 728 3951 pedum
768 3899 1017 3937 meorum.
1050 3883 1219 3950 Quam
1243 3882 1453 3937 domum
1490 3883 1814 3953 cdi/icabitis

200 3978 329 4032 mihi
352 4020 369 4045 ,
400 3985 491 4032 aut
516 3978 629 4048 quis
657 3977 801 4033 locus
831 3976 1157 4050 requietianis
1195 3978 1367 4033 mete?
1406 3977 1536 4033 Haec
1561 3980 1695 4034 enim
1735 3970 1816 4049 fe-

197 4069 266 4125 cit
288 4084 487 4124 manus
513 4085 647 4138 mea,
680 4077 727 4123 et
746 4078 865 4125 sunt
892 4070 1066 4126 omnia
1090 4067 1201 4125 haec
1226 4086 1337 4125 mea
1367 4066 1516 4141 (Esa.
1540 4086 1698 4137 LXVI,
1736 4067 1813 4141 1).

198 4163 361 4221 llunc
388 4179 607 4234 quoque
626 4164 928 4235 capientem
948 4165 1153 4233 omnia,
1180 4163 1351 4219 Paulo
1374 4172 1643 4219 testante:
1676 4163 1820 4229 Quo-

198 4257 345 4311 niam
376 4256 434 4310 in
457 4254 575 4327 ipso
594 4255 834 4324 uiuimus,
858 4263 906 4311 et
934 4271 1215 4325 movemur,
1246 4264 1292 4310 et
1316 4270 1494 4310 sumus
1517 4254 1654 4326 (Act.
1685 4267 1816 4324 mt,

197 4350 332 4421 28);
369 4358 429 4406 et
459 4349 885 4421 Psaltuographo
910 4350 1123 4408 dicente
1154 4369 1167 4406 :
1199 4348 1279 4425 (ά)
1314 4349 1429 4419 Quo
1451 4350 1599 4407 abibo
1623 4349 1688 4406 ab
1712 4350 1824 4422 spi-

197 4445 308 4498 ritu
334 4451 451 4511 tuo,
480 4452 528 4497 et
562 4460 596 4498 a
625 4442 761 4512 facie
785 4452 871 4498 tua
897 4459 997 4514 quo
1033 4444 1265 4515 fugiam?
1306 4443 1370 4500 Si
1408 4443 1721 4501 adscendere
1767 4447 1823 4500 iu

200 4537 420 4603 celant,
442 4545 498 4590 tu
518 4535 629 4591 illic
648 4552 741 4604 es;
769 4536 814 4591 si
832 4537 1141 4592 descendero
1166 4536 1246 4609 (4)
1270 4538 1339 4591 ad
1358 4536 1642 4610 infernum,
1666 4539 1820 4607 ades;

1912 3417 1964 3471 in
1993 3414 2342 3472 confessione
2372 3414 2468 3470 Dei
2499 3414 2670 3486 patris
2698 3413 2942 3486 quaedam
2973 3414 3092 3484 ejus
3120 3422 3393 3487 tamquam
3419 3429 3518 3486 pe-

1910 3510 2134 3569 culiaria
2162 3519 2217 3566 et
2249 3510 2454 3581 privata
2484 3509 2803 3576 memorari,
2855 3524 2924 3566 ne
2966 3517 3167 3583 praeter
3215 3511 3392 3580 ipsum
3436 3523 3529 3566 eo-

1912 3620 2034 3659 rum
2068 3603 2352 3675 quisquam
2384 3602 2654 3674 particeps
2700 3602 3056 3674 relinquatur.
3101 3604 3232 3659 Cum
3264 3603 3412 3659 cuitu
3440 3599 3528 3661 di-

1917 3708 2068 3764 cunt,
2103 3697 2276 3754 solum
2312 3696 2387 3771 (g)
2418 3714 2629 3765 verum,
2658 3698 2832 3754 solum
2857 3698 3087 3770 justum,
3113 3699 3284 3754 solum
3318 3700 3533 3771 sapien-

1916 3801 2051 3857 tem,
2080 3791 2258 3847 solum
2290 3791 2648 3859 invisibilem,
2702 3790 2880 3853 solum
2925 3790 3164 3857 bonum,
3216 3790 3392 3847 solum
3437 3806 3534 3863 po-

1914 3892 2146 3951 tentem,
2181 3882 2356 3938 soium
2380 3883 2840 3939 immortalitatem
2868 3881 3190 3949 habentem;
3212 3881 3269 3938 in
3297 3898 3365 3941 eo
3388 3881 3533 3953 quod

1920 3978 2070 4033 solus
2102 3979 2219 4033 haec
2245 3978 2349 4044 sit,
2382 3991 2412 4033 a
2440 3977 2825 4033 communione
2851 3990 3042 4032 eorum
3089 3976 3385 4033 secundum
3435 3977 3535 4033 has

1923 4071 2093 4131 Filius
2118 4081 2420 4144 separatur.
2462 4070 2543 4147 (h)
2572 4073 2690 4130 Soli
2713 4073 2876 4141 enim,
2903 4082 2961 4129 ut
2981 4073 3153 4146 aiunt,
3184 4075 3401 4149 prOpria
3424 4089 3533 4133 non

1922 4165 2317 4237 participantur
2345 4167 2414 4222 ab
2442 4167 2638 4223 altero.
2681 4167 2814 4235 Quae
2857 4169 2903 4223 si
2944 4167 2998 4223 in
3039 4167 3200 4227 Patre
3240 4167 3391 4234 solo,
3425 4183 3535 4225 non

1925 4260 2089 4315 etiam
2137 4260 2188 4314 in
2221 4258 2360 4315 Filio
2389 4274 2513 4316 esse
2540 4260 3029 4328 existimabantur;
3080 4274 3306 4317 necesse
3347 4269 3435 4317 est
3480 4268 3540 4317 ut

1924 4350 2094 4408 Filius
2124 4354 2264 4409 Deus
2287 4360 2342 4410 et
2368 4351 2559 4421 falsus,
2601 4364 2655 4411 et
2683 4354 2962 4423 insipiens,
2996 4360 3050 4411 et
3069 4353 3368 4410 secundum
3399 4368 3536 4411 con-

1925 4448 2217 4520 spicabiles
2241 4450 2499 4506 materias
2524 4462 2843 4521 corporeus,
2866 4457 2924 4505 et
2946 4447 3275 4517 malevolus,
3304 4458 3361 4504 et
3388 4448 3541 4505 infir-

1928 4557 2071 4611 mus,
2100 4552 2157 4600 et
2190 4551 2342 4599 extra
2384 4543 2851 4600 immortalitatem
2884 4556 3008 4599 esse
3034 4543 3287 4599 credatur
3306 4583 3323 4610 ,
3352 4542 3442 4612 qui
3471 4542 3542 4599 ab

198 4631 245 4684 si
274 4646 557 4702 sumpsero
585 4646 781 4701 pennas
812 4626 949 4685 meas
976 4639 1095 4686 ante
1121 4631 1287 4686 lucem
1306 4671 1323 4697 ,
1366 4640 1413 4686 et
1439 4629 1736 4691 habitavera
1764 4632 1821 4686 in
1930 4634 2016 4692 his
2039 4637 2315 4704 omnibus,
2346 4652 2469 4692 cum
2495 4637 2550 4693 in
2584 4636 2669 4691 his
2697 4635 2859 4691 Pater
2887 4637 2957 4690 sit
2983 4636 3152 4705 solus,
3185 4636 3474 4708 excipitur.

202 4723 487 4796 postremis
520 4724 676 4778 maris
720 4738 741 4778 :
770 4723 955 4793 etenim
985 4721 1065 4796 (5)
1104 4723 1230 4779 illuc
1273 4739 1458 4781 manus
1497 4733 1587 4783 tua
1611 4724 1827 4782 deducet
1852 4714 1909 4778 Β
1950 4794 1953 4797 η
2009 4728 2098 4787 10.
2148 4729 2278 4786 Filii
2299 4730 2463 4787 honor
2485 4731 2562 4788 nil
2582 4730 2801 4789 detrahit
2825 4728 2997 4793 Patri.
3024 4762 3095 4775 -—
3120 4729 3327 4793 Dieturi
3353 4742 3537 4793 autem

306 4955 369 5023 2)
411 4956 534 5010 Non
556 4955 719 5010 cadet.
750 4956 811 5013 In
838 4957 1050 5023 Graeco,
1079 4959 1136 5013 οὐ
1169 4968 1423 5017 πεσεῖται.

315 4886 372 4951 Ι)
403 4885 483 4941 Ita
510 4883 681 4941 codex
709 4883 837 4941 Ver.
865 4885 921 4940 lu
950 4886 1247 4951 anteriore,
1276 4886 1392 4942 illa.

315 4888 335 4942 Ι
403 4886 483 4941 Ita
510 4886 681 4941 codex
709 4886 837 4941 Ver.
865 4886 921 4940 lu
950 4886 1238 4949 anteriore.

306 4958 348 5012 2
411 4956 534 5010 Non
556 4955 719 5010 cadet.
750 4956 811 5013 In
838 4957 1050 5023 Graeco,
1079 4959 1136 5013 οὐ
1169 4980 1233 5017 πε

279 4886 373 5103 ἓξὲξ
406 5027 734 5085 Scomillum.
767 5028 1082 5085 Vitruviana
1113 5046 1238 5085 vox.

282 5173 371 5246 (a)
405 5171 463 5227 in
486 5171 623 5246 edit.
648 5182 695 5227 te
720 5173 887 5246 solum
913 5172 1098 5246 Deam.
1133 5175 1298 5230 Abest
1324 5175 1413 5231 hic
1442 5176 1611 5232 solum
1640 5192 1668 5231 τι
1700 5186 1833 5234 mss.

207 5243 374 5301 sicut
397 5253 454 5299 et
484 5244 522 5299 l.
555 5260 588 5299 ν
608 5285 624 5311 ,
659 5261 711 5299 ιι.
745 5243 819 5299 25
845 5253 904 5300 et
926 5246 1017 5301 26.
1045 5245 1146 5303 Ubi
1178 5250 1321 5304 hunc
1361 5249 1536 5304 locum
1561 5250 1630 5305 ab
1657 5249 1837 5307 hatre-

212 5317 352 5373 ticis
377 5325 697 5386 corruptum
732 5332 856 5373 esse
885 5317 1307 5374 demonstratur.

286 5409 376 5485 (Ab)
412 5364 837 5485 Editfittas.-t_\t
877 5364 1178 5485 tussiittta,
1202 5364 1419 5485 supple
1462 5364 1731 5482 volatilia,
1780 5421 1841 5473 ut

211 5480 428 5553 legitur
453 5495 575 5551 cap.
602 5482 636 5536 5
668 5482 724 5535 in
742 5480 932 5537 Matth.
966 5498 1120 5538 num.
1151 5483 1206 5541 9.

293 5574 383 5664 (a)
744 5575 861 5661 bas.
889 5619 904 5645 ,
947 5586 1001 5633 et
1047 5577 1314 5664 Carum“,
1356 5578 1831 5664 inconspicabilcnt.

214 5647 455 5726 Rectius
479 5647 570 5702 alii
601 5647 758 5716 libri,
790 5650 1253 5719 inconceptibitem,
1278 5647 1384 5710 hoc
1412 5659 1498 5710 est
1518 5647 1650 5726 {qui
1685 5654 1836 5713 nullo

212 5719 349 5791 capi
383 5719 503 5775 loco
530 5728 730 5790 potest.

215 5893 313 5940 est
329 5924 349 5948 ,
373 5901 478 5956 quo
504 5885 674 5940 abibo.

2013 4892 2099 5037 (ὁ)
2128 4893 2194 4949 In
2213 4894 2496 4968 infernum.

2016 4965 2075 5037 (5
2132 4966 2188 5022 lu
2210 4969 2496 5034 anteriore,

2016 4965 2099 5039 (5)
2132 4966 2188 5022 lu
2210 4965 2505 5034 anteriore,
2538 4968 2670 5025 illic.

1944 5173 2150 5231 omissa
2183 5182 2269 5230 est
2301 5191 2314 5229 :
2346 5189 2467 5230 cum
2500 5176 2585 5231 vel
2617 5191 2682 5231 ex
2706 5190 2768 5232 ea
2799 5177 3033 5237 maxime
3059 5175 3293 5235 Hilarius
3316 5177 3555 5238 incude-

1952 5249 2029 5302 ris
2059 5246 2378 5301 Arianorum
2402 5248 2688 5304 sententiis
2709 5247 2955 5307 fraudem
2975 5249 3292 5309 lateremus
3312 5250 3553 5309 evincat.

1953 5316 2277 5390 Restituitnr
2316 5333 2420 5390 ope
2449 5335 2581 5375 mss.

2020 5388 2094 5463 (f)
2152 5389 2320 5460 θεὼ,
2355 5388 2474 5446 ‘Er.
2506 5402 2561 5447 et
2588 5391 2740 5465 Lips.
2787 5408 2925 5465 quos
2962 5401 3023 5465 et
3069 5401 3340 5465 postrema
3384 5394 3557 5455 editio

1953 5460 2082 5519 Par.
2106 5470 2290 5535 secuta
2313 5469 2418 5529 est,
2449 5464 2536 5535 qui
2553 5480 2608 5520 es
2635 5460 2876 5532 Bantius,
2909 5460 3107 5521 omissa
3140 5481 3274 5523 voce
3301 5464 3559 5527 Dominus

1954 5544 2153 5625 prater
2202 5532 2362 5589 tidem
2411 5532 2542 5591 mss.
2596 5546 2651 5592 et
2699 5536 3072 5609 Septuaginta,
3148 5537 3183 5594 ,ὁ
3202 5535 3271 5596 ὢν
3320 5538 3560 5601 δέσποτα

1945 5623 2120 5663 Κύριε.

2020 5659 2106 5804 iit
2148 5676 2348 5804 ea;
3204 5698 3341 5804 at

2090 5749 2106 5816 )
2148 5749 2264 5807 ﬂoc
2290 5749 2348 5805 in
2391 5750 2785 5826 modumeﬂ'ati
2828 5751 3189 5826 philosophiei
3219 5757 3555 5819 enuntiatur.

301 5810 393 5899 (ά)
424 5811 482 5867 1η
514 5813 888 5899 compluribus
909 5830 1042 5876 mss.
1066 5832 1170 5889 qua
1201 5816 1306 5874 ibo.
1346 5817 1407 5875 ll
1443 5817 1840 5891 antiquioris"
1949 5810 2100 5899 ._At‘si'
2123 5831 2488 5899 computum
2732 5810 2899 5882 (Idib.
2938 5810 3557 5899 sociauoaiil‘pml

1950 5893 2097 5968 [eras
2123 5934 2137 5960 ,
2172 5893 2286 5968 Soli
2309 5893 2625 5968 enimsunt,
2660 5895 2804 5953 aiunt
2821 5915 2841 5968 ;
2865 5897 3210 5959 referendum
3236 5902 3341 5959 erit
3359 5893 3459 5957 soli
3487 5900 3556 5958 ad

303 5955 398 6029 (ε)
445 5957 566 6017 Vox
604 5959 957 6018 innascibilem
995 5957 1051 6019 in
1099 5960 1250 6035 prius
1275 5961 1510 6037 vulgatis
1552 5978 1842 6038 perperam
1953 5955 2197 6038 Patrem,
2227 5964 2373 6021 aiunt
2399 5964 2468 6025 ad
2496 5955 2750 6026 Arianos.
