4040 6328
451 278 555 344 107

1645 272 1894 336 SANC'I'I
1956 265 2215 335 HILARII
2267 275 2576 338 EPISCOPI

3651 276 3751 339 108

448 409 579 473 pote
599 399 745 456 Dens
772 395 910 469 ejus,
944 410 1068 453 cum
1093 396 1163 452 sit
1190 400 1314 451 ante
1345 393 1543 465 ipsum.
1576 394 1632 452 Si
1656 395 1800 451 enim
1822 392 1965 465 quod
1994 407 2057 447 ex
2081 393 2136 458 Α
2159 395 2417 453 deitatem.
2446 426 2518 437 —
2546 394 2677 451 Nam
2700 392 2803 450 hoc
2823 404 3012 451 eorum
3041 388 3337 465 principale
3351 400 3433 451 est
3459 409 3472 449 :
3504 392 3754 453 Nouimus

447 499 600 568 ipso,
632 494 846 566 etquod
886 510 949 549 ea:
974 501 1115 547 utero
1136 533 1150 558 ,
1196 498 1251 547 et
1275 490 1421 562 quod
1451 506 1514 545 eo;
1542 499 1687 559 patre
1717 489 1846 544 exivi
1889 496 1938 543 et
1967 502 2051 541 ve-

451 593 529 659 ni,
565 588 640 665 (a)
671 588 821 645 velut
854 598 1056 657 partem
1104 584 1222 657 ejus
1253 585 1412 640 unius
1454 584 1768 640 substantia:
1817 590 1873 637 ct
1897 581 2051 652 quasi

454 685 807 758 prolationem
838 680 1136 738 estendens
1189 681 1540 751 intelligitur;
1572 680 1903 750 compositus
1947 677 2054 734 erit

454 781 633 846 Pater,
666 788 720 835 et
765 776 1072 842 divisibilis,
1106 773 1185 848 (l)
1229 785 1283 830 et
1311 774 1680 831 convertibilis
1701 816 1715 839 ,
1766 782 1821 829 et
1857 786 2053 843 corpus

452 871 748 930 secundum
780 870 922 935 illos,
967 880 1042 938 et,
1066 877 1324 940 quantum
1354 870 1404 922 in
1436 867 1568 939 ipsis
1588 876 1692 933 est,
1720 880 2054 937 consequen-

454 968 524 1022 tia
550 964 796 1036 corporis
821 961 1095 1019 sustinens
1120 963 1237 1019 sine
1266 976 1495 1032 corpore
1525 946 1689 1015 Deus.
1719 961 1795 1030 (ὁ)

526 1059 616 1116 14.
660 1059 799 1126 Quia
826 1058 1000 1112 divina
1020 1074 1121 1111 non
1148 1056 1362 1129 percipit
1393 1054 1545 1111 homo
1571 1055 1670 1111 nisi
1699 1070 1765 1110 ea:
1790 1053 1884 1109 Dei
1909 1052 1973 1107 de
2001 1065 2056 1108 se

450 1149 621 1214 dictis.
645 1167 710 1207 ex
729 1149 810 1205 his
840 1150 1137 1222 refellenda:
1164 1156 1285 1204 sunt
1309 1148 1564 1203 Iueretica'
1596 1147 1923 1202 assertiones.
1955 1143 2056 1199 Dei

451 1245 592 1299 dicta
617 1259 722 1298 non
746 1242 902 1308 nude,
935 1241 1025 1297 sed
1051 1257 1114 1296 ea:
1142 1241 1247 1296 suis
1282 1241 1453 1296 causis
1475 1239 1831 1312 expendenda.
1859 1268 1932 1280 —
1958 1237 2057 1293 Hic

451 1352 639 1393 eorum
682 1350 836 1391 error
866 1343 969 1403 εει,
1002 1333 1119 1391 haec
1161 1334 1435 1390 mortifera
1467 1333 1735 1389 inStitutio
1764 1351 1775 1385 :
1803 1332 1869 1386 ad
1899 1330 2055 1401 cujus

456 1427 928 1484 conﬁrmationem
956 1434 1211 1497 corrupto
1242 1425 1608 1497 intelligentia:
1631 1440 1818 1492 srnsu,
1847 1424 2058 1479 divino-

451 1538 571 1578 rum
600 1522 865 1579 dictorum
901 1522 1206 1578 testimonia
1239 1530 1525 1592 usurpant,
1553 1532 1608 1576 et
1632 1520 1699 1577 de
1726 1520 1809 1575 his
1836 1520 1937 1576 sub
1964 1535 2057 1576 oc-

451 1617 669 1672 casione
697 1615 943 1671 humana:
973 1613 1288 1688 ignoranti.c
1318 1614 1671 1670 mentiuntur.
1703 1612 1918 1669 Nemini
1961 1628 2059 1667 au-

430 1710 557 1767 ‘tem
607 1709 826 1767 dubium
859 1725 981 1767 esse
1020 1718 1252 1782 Oportet,
1285 1708 1353 1765 ad
1401 1709 1705 1765 divinarum
1736 1722 1918 1765 rerum
1962 1721 2057 1763 ρος

2156 489 2422 559 inquiunt,
2468 506 2629 545 unum
2672 490 2840 543 solum
2884 487 3075 554 Deum,
3122 487 3304 561 Moyse
3347 489 3560 558 dicente,
3596 490 3754 559 Audi,

2154 581 2343 647 Israel,
2376 582 2627 637 Dominus
2656 582 2792 638 Deus
2813 592 2931 637 tuus
2950 598 3082 637 unus
3101 591 3173 638 est
3222 580 3406 655 (Deut.
3435 598 3512 651 γι,
3544 582 3622 656 4).
3654 583 3760 643 Sed

2157 674 2416 747 numquid
2467 675 2592 730 hinc
2639 677 2919 746 quisquam
2970 675 3069 731 fuit
3111 690 3280 732 ausus
3303 676 3622 748 ambigere?
3669 686 3761 734 aut

2157 786 2409 842 umquam
2438 770 2594 825 aliter
2636 785 2664 823 a
2694 784 2963 840 quoquam
2995 785 3183 826 eorum
3215 770 3567 841 praedicatum
3616 785 3757 839 esse,

2156 866 2249 930 qui
2284 864 2447 919 Deum
2468 862 2774 928 crederent,
2800 862 3072 934 cognitum
3118 873 3221 927 est,
3260 863 3362 918 nisi
3391 879 3555 918 unum
3590 863 3760 921 Deum

2156 973 2280 1015 ease
2302 974 2368 1014 ex
2398 973 2506 1029 quo
2529 957 2733 1026 omnia,
2783 972 2943 1012 unam
2985 958 3237 1013 virtutem
3285 958 3685 1027 innascibilem,
3710 966 3765 1017 et

2159 1069 2317 1109 unam
2348 1054 2485 1109 Itanc
2508 1068 2631 1110 esse
2650 1054 2768 1108 sine
2798 1051 2952 1108 initio
2974 1052 3335 1122 potestatem?
3382 1052 3489 1109 Sed
3514 1068 3623 1109 non
3672 1067 3766 1121 per

2159 1148 2234 1215 id,
2261 1147 2402 1219 quod
2435 1148 2574 1203 Deus
2599 1162 2737 1202 unus
2758 1157 2866 1214 est,
2899 1146 2995 1201 Dei
3023 1146 3134 1202 ﬁlio
3160 1146 3357 1202 accidit
3382 1149 3567 1218 negari
3601 1161 3765 1217 posse

2158 1241 2302 1313 quod
2328 1242 2469 1296 Deus
2507 1252 2611 1296 est.
2639 1240 2850 1313 Moyses
2883 1255 3135 1309 namque,
3167 1240 3252 1296 vel
3293 1241 3469 1311 potius
3499 1241 3645 1297 Deus
3675 1255 3766 1311 per

2158 1337 2400 1409 Moysen,
2430 1337 2629 1407 populo
2656 1346 2712 1391 et
2739 1335 2793 1390 in
2821 1334 3058 1409 Egypto
3083 1344 3141 1390 et
3181 1336 3233 1390 in
3263 1335 3483 1392 deserto
3514 1336 3686 1391 idolis
3714 1342 3767 1391 et

2159 1430 2406 1496 deorum,
2458 1439 2518 1486 ut
2563 1429 2840 1499 putabant,
2897 1428 3245 1500 religionibus
3299 1438 3605 1500 occupato,
3666 1428 3769 1486 hoc

2161 1523 2434 1581 constituit
2463 1523 2759 1595 principale
2785 1523 3117 1589 mandatum,
3166 1530 3224 1577 ut
3253 1536 3416 1578 unum
3449 1523 3618 1579 Deum
3645 1537 3764 1579 cre-

2161 1619 2351 1676 deret:
2384 1629 2438 1676 et
2486 1635 2615 1676 vere
2643 1634 2707 1675 ac
2737 1619 2932 1676 merito
2977 1620 3275 1677 constituit.
3311 1619 3460 1677 Unus
3489 1629 3575 1674 est
3620 1620 3767 1675 enim

2162 1711 2304 1768 Deus
2329 1728 2395 1769 ex
2427 1728 2533 1783 quo
2576 1713 2780 1768 omnia.
2815 1712 2923 1769 Sed
2953 1713 3248 1779 videamus,
3278 1727 3346 1768 an
3379 1711 3520 1768 idem
3550 1711 3763 1785 Moyses

448 1806 744 1876 gnitionem
796 1804 994 1860 divinis
1041 1804 1297 1861 utendum
1361 1819 1484 1861 esse
1534 1802 1816 1860 doctrinis.
1867 1800 2052 1873 Neque
2083 1807 2129 1869 Β
2157 1821 2279 1864 eum
2306 1823 2539 1880 quoque.
2572 1823 2669 1879 per
2690 1823 2848 1879 quem
2877 1808 3053 1863 omnia
3100 1820 3246 1877 sunt,
3281 1807 3448 1863 Deum
3471 1821 3599 1862 esse
3638 1820 3774 1863 con-

450 1902 594 1958 ettim
626 1902 904 1959 scientiam
944 1902 1245 1960 omlestium
1278 1918 1375 1975 per
1401 1912 1574 1960 semet
1602 1902 1835 1959 humana
1877 1896 2052 1958 imbe-

446 1994 643 2050 cillitas
663 2004 1045 2066 consequetur.
1068 2010 1244 2066 neque
1264 1994 1613 2053 invisibilium
1639 1995 2049 2067 intelligentiam

448 2089 565 2157 ipse
592 2087 695 2144 sibi
722 2087 1081 2160 corporalium
1109 2102 1300 2144 sensus
1330 2098 1590 2144 assumet.
1642 2087 1758 2143 Non
1789 2088 1932 2143 enim
1963 2086 2053 2144 vel

443 2181 497 2237 id
529 2181 669 2252 quod
695 2191 935 2239 creatum
970 2184 1022 2237 in
1071 2182 1227 2239 nobis
1274 2192 1436 2253 atque
1482 2183 1698 2239 carnale
1719 2192 1825 2248 est,
1857 2183 1941 2238 vel
1988 2181 2040 2237 id

443 2275 586 2345 quod
616 2276 666 2328 in
691 2291 849 2331 usum
873 2276 995 2332 vitae
1016 2287 1217 2333 nostra:
1243 2291 1310 2333 ex
1338 2276 1448 2333 Deo
1473 2275 1553 2350 (2)
1583 2277 1768 2332 datum
1792 2288 1894 2343 est,
1924 2291 2054 2333 suo-

444 2376 556 2423 met
580 2368 784 2439 judicio
812 2379 1057 2427 naturam
1087 2370 1361 2427 Creatoris
1390 2372 1474 2427 sui
1504 2387 1745 2444 opusque
1767 2372 2047 2428 discernit.

442 2460 558 2517 Non
586 2463 815 2518 subeunt
837 2463 1052 2534 ingenia
1082 2475 1268 2520 nostra
1313 2464 1366 2519 in
1419 2465 1696 2521 caelestem
1744 2466 2049 2534 scientiam,

442 2571 619 2627 neque
642 2557 1248 2628 incompreltensibilem
1274 2557 1527 2614 virtutem
1553 2574 1721 2614 sensu
1753 2560 1934 2629 aliquo
1967 2559 2051 2613 in-

444 2648 671 2706 firmitas
701 2657 886 2704 nostra
914 2650 1203 2721 concipiet.
1237 2650 1340 2719 lpsi
1381 2651 1450 2706 de
1477 2664 1537 2707 se
1580 2650 1688 2707 Deo
1714 2651 2049 2707 credendum

445 2752 566 2799 est:
596 2753 649 2798 et
680 2744 765 2809 iis,
799 2758 919 2815 qua:
943 2745 1234 2816 c0gnitioni
1282 2754 1479 2801 nostra:
1518 2744 1587 2801 de
1628 2761 1687 2803 se
1720 2746 1923 2808 tribuit,
1954 2746 2052 2802 ob.

443 2833 797 2905 sequendum.
831 2834 940 2891 Aut
983 2837 1129 2892 enim
1179 2852 1332 2893 more
1369 2839 1649 2908 gentilium
1697 2838 2051 2910 denegandus

442 2938 546 2998 est,
579 2931 623 2985 si
652 2931 960 2987 testimonia
990 2932 1107 3002 ejus
1138 2931 1584 3002 improbabuntur
1613 2950 1625 2986 :
1650 2934 1763 3006 82
1793 2942 1885 2988 aut
1907 2934 1951 2989 si
1990 2942 2049 2989 ut

444 3034 527 3082 est
557 3025 698 3081 Deus
724 3025 981 3093 creditur,
1013 3040 1120 3081 non
1151 3035 1325 3095 potest
1372 3025 1532 3081 aliter
1560 3025 1627 3081 de
1648 3043 1733 3093 eo,
1785 3042 1945 3097 quam
1994 3034 2051 3082 ιιι

448 3120 563 3190 ipse
592 3130 671 3175 est
702 3118 770 3177 de
812 3133 872 3177 se
903 3127 1150 3190 testatus,
1188 3119 1432 3192 intelligi.
1463 3121 1691 3178 Cessent
1716 3122 1899 3193 itaque
1926 3137 2049 3191 pro-

2158 1900 2334 1957 fessus
2358 1902 2449 1956 sit.
2479 1900 2593 1956 Non
2623 1901 2766 1957 enim
2797 1900 2938 1956 Patri
2965 1900 3224 1956 adimitur
3255 1899 3399 1971 quod
3439 1900 3586 1956 Deus
3628 1914 3771 1957 unus

2153 2007 2255 2065 est,
2283 1998 2408 2069 quia
2431 2007 2488 2054 et
2513 1997 2685 2054 Filius
2730 2000 2869 2055 Deus
2913 2000 3003 2053 sit.
3039 1997 3137 2053 Est
3160 1998 3303 2055 enim
3339 1997 3479 2054 Deus
3509 2012 3577 2054 ex
3624 1998 3757 2066 Deo,

2157 2107 2295 2146 unus
2319 2107 2383 2147 ex
2416 2107 2522 2147 uno
2548 2109 2561 2146 :
2587 2091 2657 2146 ob
2679 2091 2729 2147 id
2750 2106 2890 2147 unus
2914 2092 3074 2156 Deus,
3109 2092 3229 2162 quia
3254 2107 3322 2148 ex
3344 2107 3405 2148 se
3432 2092 3595 2148 Deus.
3622 2090 3769 2148 Con-

2157 2194 2236 2240 tra
2268 2200 2394 2241 vero
2445 2200 2553 2240 non
2584 2186 2760 2241 minus
2790 2201 2886 2256 per
2915 2185 2965 2240 id
2998 2184 3171 2241 Filius
3222 2185 3384 2249 Deus,
3435 2184 3562 2256 quia
3612 2185 3774 2241 Pater

2157 2275 2298 2330 Deus
2328 2292 2466 2332 unus
2492 2276 2597 2342 sit;
2628 2285 2713 2332 est
2753 2277 2898 2332 enim
2931 2277 3237 2348 uulgi-nitus
3284 2276 3428 2331 lilius
3484 2276 3583 2332 Dei
3612 2295 3628 2331 :
3661 2292 3767 2333 non

2156 2368 2512 2433 innasciltilis,
2546 2378 2602 2423 ut
2625 2367 2768 2424 Patri
2800 2368 3000 2424 adimat
3028 2369 3169 2438 quod
3198 2369 3339 2424 Deus
3364 2385 3501 2424 unus
3521 2372 3598 2425 sit
3628 2385 3646 2437 ;
3680 2385 3771 2426 ne-

2155 2479 2259 2535 que
2289 2460 2434 2517 aliud
2465 2464 2577 2534 ipse
2594 2478 2751 2534 quam
2785 2462 2944 2529 Deus,
2973 2462 3097 2533 quia
3124 2478 3191 2517 ett
3229 2462 3337 2518 Deo
3364 2470 3525 2517 natus
3553 2473 3661 2518 est.
3694 2462 3771 2519 De

2155 2575 2262 2630 quo
2294 2559 2535 2629 quamvis
2576 2558 2771 2629 ambigi
2800 2574 2905 2613 non
2938 2566 3202 2624 onorleat.
3236 2559 3367 2628 quin
3395 2557 3678 2612 nascendo
3706 2573 3770 2615 ex

2160 2652 2270 2707 Deo
2317 2653 2456 2722 Deus
2484 2650 2595 2725 83
2624 2652 2715 2718 sit,
2748 2666 2843 2720 per
2870 2652 3009 2721 quod
3042 2649 3163 2706 tidei
3194 2660 3395 2705 nostra:
3437 2649 3581 2704 Deus
3625 2665 3768 2707 unus

2159 2754 2275 2811 est;
2309 2756 2486 2802 tamen
2512 2746 2787 2800 videamus
2814 2760 2880 2798 an
2905 2743 3135 2817 Moyses,
3161 2744 3249 2812 qui
3272 2744 3337 2797 ad
3362 2743 3525 2799 Israel
3547 2742 3771 2810 dixerit,

2156 2839 2410 2894 Dominus
2438 2836 2579 2894 Deus
2605 2848 2724 2893 tuus
2751 2855 2883 2892 unus
2911 2848 3006 2904 est,
3038 2838 3133 2891 Dei
3174 2837 3340 2891 ﬁlium
3376 2837 3541 2891 Deum
3576 2837 3777 2909 praedi-

2156 2935 2378 2988 caverit.
2412 2932 2499 2989 Uti
2548 2935 2691 2987 enim
2738 2947 2837 2986 nos
2863 2930 2929 2985 ad
2961 2928 3319 2986 conﬁtendam
3358 2929 3572 2985 Domini
3601 2930 3777 2987 nostri

2160 3023 2287 3079 Jesu
2329 3022 2529 3080 Christi
2557 3023 2903 3079 divinitatem
2929 3021 3238 3078 testimonio
3268 3021 3417 3076 illius
3458 3022 3773 3093 oportebit,

2158 3118 2315 3188 cujus
2335 3119 2653 3174 auctoritate
2683 3118 2921 3174 haeretici
2954 3133 3118 3173 unum
3148 3125 3352 3171 tantum
3396 3116 3564 3171 Deum
3592 3116 3776 3172 conli-

448 3211 577 3282 pria:
601 3210 876 3268 hominum
900 3213 1202 3284 opiniones,
1227 3229 1401 3283 neque
1427 3229 1489 3270 se
1507 3214 1645 3270 ultra
1667 3214 1903 3270 divinam
1925 3230 2059 3269 con-
2090 3209 2132 3270 C
2168 3221 2345 3269 tentes
2374 3212 2515 3268 Filio
2547 3221 2733 3282 putent
2765 3211 3067 3283 negandum
3101 3224 3219 3267 esse
3243 3208 3386 3281 quod
3411 3208 3555 3266 Deus
3586 3209 3681 3264 sit.

454 3303 787 3377 stitutionegn
818 3302 897 3374 (ὅ)
920 3303 1154 3359 humana
1191 3305 1413 3361 consilia
1437 3305 2059 3376 extendant.Sequimur

450 3412 601 3470 ergo,
633 3397 889 3454 adversus
939 3399 1263 3471 irreligiosus
1286 3408 1341 3456 et
1372 3401 1565 3472 impias
1595 3400 1665 3457 de
1697 3401 1808 3457 Deo
1840 3399 2057 3455 institu-

452 3490 648 3558 tiones,
678 3492 819 3561 ipsas
862 3491 982 3551 illas
1010 3492 1319 3551 divinorttm
1350 3496 1618 3551 dictorum
1661 3494 2011 3550 auctoritates
2041 3512 2056 3550 :

452 3591 507 3639 et
529 3584 945 3655 unumquodque
988 3600 1054 3642 eo
1098 3587 1236 3657 ipso,
1288 3589 1357 3645 de
1382 3603 1491 3660 quo
1519 3587 1804 3659 quaeritur,
1836 3596 2058 3643 auctore

455 3676 818 3742 tractabimus,
869 3693 973 3733 non
1019 3679 1084 3734 ad
1118 3677 1404 3736 fallendum
1438 3690 1494 3737 et
1537 3681 1678 3737 male
1708 3679 2056 3736 imbuendam

456 3768 785 3825 audientium
834 3770 1157 3842 imperitiam
1183 3773 1442 3843 quasdam
1485 3773 1775 3829 verborum
1803 3772 2059 3828 enuntia—

458 3865 635 3920 tiones
663 3864 950 3922 subtractis
972 3882 1158 3922 eorum
1179 3867 1358 3923 causis
1385 3875 1723 3938 coaptantes.
1749 3866 2064 3938 Intelligen-

465 3957 533 4012 tia
562 3958 704 4013 enim
731 3958 993 4016 dictorum
1027 3974 1093 4015 cx
1125 3960 1305 4016 causis
1344 3969 1428 4015 est
1482 3960 1807 4017 assumenda
1851 3958 2065 4015 dicendi

469 4047 629 4123 (Vide
656 4069 812 4125 supra
837 4053 876 4110 l.
922 4068 983 4121 tt,
1016 4071 1070 4109 n.
1100 4054 1233 4126 50)}:
1266 4053 1389 4124 quia
1420 4069 1525 4108 non
1559 4054 1796 4109 sermoni
1831 4069 1940 4119 res,
1968 4051 2066 4109 sed

457 4146 535 4201 rei
566 4158 648 4203 est
675 4163 854 4203 sermo
892 4148 1188 4218 subjectus.
1227 4146 1426 4203 Verum
1474 4146 1655 4201 omnia
1705 4146 1868 4203 editis
1898 4146 2061 4202 simul

457 4250 510 4295 et
536 4240 744 4297 dicendi
769 4241 949 4298 causis
970 4250 1021 4296 et
1044 4240 1311 4297 dictorum
1337 4238 1623 4295 virtutibus
1646 4255 2061 4312 prosequemur.

459 4330 624 4407 Igitur
644 4336 851 4409 singula
877 4335 1171 4394 secundum
1194 4332 1580 4407 prOpositionis
1603 4334 1845 4391 ordinent
1875 4333 1946 4408 (c)
1983 4349 2069 4391 re-

460 4437 775 4486 ll‘ﬂClClllUl‘.

534 4523 621 4581 15.
664 4522 870 4596 Moyses
899 4522 1091 4591 dicens,
1128 4520 1269 4575 Deus
1292 4532 1433 4575 unus
1458 4527 1563 4586 est,
1586 4534 1689 4574 non
1712 4518 1918 4592 negavit
1940 4517 2071 4575 Filii

535 4683 613 4764 (_l__)
651 4682 896 4742 Secunda
929 4679 1246 4738 recensione
1276 4676 1653 4748 interpositum
1694 4684 1811 4745 est,
1859 4686 1909 4734 et
1959 4693 2076 4733 mu-
2098 4701 2155 4764 Β

458 4756 646 4814 labilis.

538 4890 616 4984 (a)
655 4892 865 4954 Griccc,
906 4890 975 4953 ὡς
992 4888 1166 4984 .ps'po‘;
1204 4894 1295 4984 eo?
1322 4885 1592 4984 ξμοουεζέου
1610 4888 1701 4984 Σιοιί
1729 4889 1816 4984 ᾡς⁴
1840 4891 2072 4984 mandem

468 4958 569 5023 ὐπό
595 4958 744 5022 suam
761 4970 966 5025 νοεῖται,
992 4958 1044 5014 itl
1072 4958 1177 5023 est,
1204 4958 1400 5029 velut'a
1421 4958 1723 5023 quibusdam
1744 4958 2068 5029 intelligitur,

470 5055 590 5105 pars
620 5048 691 5091 est
720 5036 945 5105 alicujus
971 5032 1059 5102 qui
1097 5032 1250 5105 unius
1277 5028 1572 5105 substantia:
1599 5031 1680 5095 sit,
1714 5042 1759 5105 et
1786 5035 1930 5102 quasi
1953 5052 2074 5101 pro-

469 5101 613 5163 latio.
680 5101 1071 5161 Patet'autcm
1128 5102 1388 5155 Hilarium
1440 5117 1504 5157 ex
1572 5101 1831 5157 mendoso
1883 5107 2073 5161 Codice

469 5180 667 5251 legisse
693 5180 763 5238 ὡς
803 5174 1060 5252 προϐολὴν
1086 5172 1366 5231 ἀποτείνων
1391 5215 1406 5242 ,
1455 5188 1561 5229 non
1610 5176 1679 5237 ὡς
1717 5177 1945 5253 προϐολή
1972 5178 2077 5234 ,δπό

470 5275 636 5309 τινων.

542 5322 619 5395 (b)
664 5318 817 5395 Ap_ud
869 5314 1228 5395 Epi‘phattium
1272 5314 1354 5368 Ita:
1386 5316 2075 5395 subnectuntnrsubscrip-

474 5388 652 5449 tiones
681 5388 866 5443 :Bene
892 5389 1060 5442 valere
1085 5398 1132 5441 te
1157 5395 1391 5458 optamus
1430 5388 1485 5442 in
1518 5388 1756 5456 Domino,
1782 5390 2073 5445 beatissime

473 5483 628 5533 papa,
659 5460 833 5533 Atius,
888 5459 1116 5533 Etltales,
1150 5459 1393 5533 Achilles,
1442 5458 1721 5533 Carpones.
1778 5461 2069 5527 Sarmatas,

479 5530 631 5589 Arius
687 5530 968 5603 presbyteri
998 5531 1244 5603 :diacotti
1291 5530 1551 5593 Euzoius,
1602 5532 1787 5587 Lucius
1811 5577 1829 5603 ,ί
1875 5534 2072 5600 Julius,

477 5600 697 5676 Menas,
718 5601 1007 5676 Melladius.
1042 5600 1201 5676 Gaius
1229 5616 1248 5657 :
1279 5605 1506 5676 episcopi
1524 5603 1791 5676 Secundus
1808 5602 2073 5676 Pentapo-

473 5679 555 5739 tis,
588 5674 827 5748 Theonas
854 5672 1126 5748 Africanus
1148 5674 1253 5745 (gr.
1299 5674 1502 5748 Λίϐυς),
1533 5675 1712 5731 Pistus
1732 5679 1819 5748 qui
1846 5672 2074 5731 Alexan-

472 5749 599 5801 ἀνία)
623 5748 687 5799 ab
716 5744 921 5799 Arionis
941 5744 1215 5801 collocatus
1244 5757 1336 5802 est.

544 5815 616 5891 (c)
658 5817 715 5872 ln
756 5832 860 5874 ms.
909 5813 1069 5875 Caro.
1121 5827 1176 5875 ct
1212 5834 1323 5876 uno
1346 5818 1504 5877 Colb.
1538 5819 1627 5876 hic
1667 5819 1927 5878 insertum
1959 5827 2067 5888 est,

2240 3307 2326 3362 16.
2373 3304 2439 3361 1η
2460 3306 2677 3362 historia
2712 3307 2984 3363 creationis
3031 3306 3193 3361 Deum
3222 3322 3326 3360 non
3354 3304 3648 3360 solitarium
3677 3304 3777 3359 do-

2167 3411 2261 3456 cet.
2294 3402 2438 3455 Alius
2466 3402 2658 3470 dicens,
2704 3402 2838 3456 alius
2887 3401 3113 3470 faciens;
3142 3410 3351 3471 uterque
3391 3398 3549 3454 Deus.
3599 3397 3778 3455 Filius

2168 3509 2241 3552 est
2277 3495 2414 3550 Deus
2440 3498 2656 3567 faciens.
2687 3525 2761 3537 ——
2788 3494 2954 3568 Igitur
2979 3511 3100 3551 cum
3129 3494 3372 3550 absoluta
3418 3494 3534 3549 hmo
3562 3494 3630 3548 de
3664 3494 3775 3550 Deo

2168 3602 2221 3645 et
2252 3591 2486 3659 perlecta
2531 3589 2800 3645 confessio
2846 3590 2936 3652 sit,
2987 3586 3284 3644 secundum
3329 3587 3649 3658 Apostolum
3708 3585 3781 3640 ita

2168 3683 2310 3755 loqui
2332 3724 2349 3750 ,
2378 3682 2459 3757 (tl)
2490 3681 2637 3738 Unus
2661 3681 2804 3737 Deus
2833 3692 2976 3755 pater
3000 3697 3065 3737 ea:
3091 3698 3190 3753 quo
3215 3681 3407 3748 omnia,
3440 3687 3489 3734 et
3508 3696 3645 3734 unus
3673 3677 3785 3733 Do-

2170 3780 2338 3832 minus
2366 3788 2537 3833 noster
2575 3776 2729 3832 Jesus
2755 3773 2989 3830 Christus
3032 3791 3123 3847 per
3151 3790 3298 3846 quem
3357 3773 3530 3827 omnia
3578 3770 3625 3845 (l
3656 3768 3783 3825 Cor.

2173 3886 2292 3938 vttt,
2318 3869 2401 3943 6),
2429 3869 2707 3926 videamus
2728 3869 2991 3939 originem
3016 3866 3225 3931 mttndi,
3247 3865 3374 3937 quid
3396 3865 3465 3921 de
3486 3881 3546 3921 ea
3570 3863 3791 3937 Moyses

2176 3964 2443 4034 loquatur.
2481 3963 2570 4017 Ait
2598 3978 2866 4033 namque:
2896 3958 2966 4014 Et
2987 3960 3119 4014 dixit
3144 3959 3307 4027 Deus,
3338 3957 3454 4013 Fiat
3487 3957 3787 4029 ﬁrmamen-

2175 4065 2284 4111 tum
2325 4056 2377 4110 in
2424 4054 2589 4109 medio
2640 4069 2805 4126 aquae,
2856 4064 2903 4108 et
2951 4054 3017 4108 sit
3061 4051 3292 4106 dividens
3335 4052 3467 4105 inter
3496 4064 3687 4120 aquam
3739 4056 3790 4104 et

2172 4161 2357 4215 aquam
2382 4160 2401 4197 :
2428 4154 2475 4199 et
2502 4144 2696 4213 factum
2720 4150 2797 4196 est
2821 4142 2916 4206 sic,
2946 4152 2995 4195 et
3041 4142 3162 4213 fecit
3192 4137 3333 4193 Deus
3373 4139 3786 4211 ﬁrmamentum,

2173 4247 2219 4291 et
2273 4238 2443 4291 divisit
2473 4234 2609 4291 Deus
2645 4251 2732 4306 per
2781 4235 3003 4288 medium
3050 4249 3200 4304 aqua:
3224 4230 3378 4306 (Gen.
3412 4246 3453 4297 ι,
3482 4230 3538 4299 6,
3569 4226 3653 4302 7).
3683 4228 3794 4285 Ha-

2176 4330 2271 4387 bes
2301 4347 2429 4401 ct‘go
2461 4331 2624 4385 Deum
2650 4344 2717 4384 cx
2761 4343 2888 4398 quo,
2919 4326 3085 4381 ltabes
3116 4326 3284 4381 Deum
3337 4340 3435 4395 Per
3460 4338 3643 4394 quem.
3675 4322 3791 4379 Aut

2177 4425 2222 4480 si
2274 4423 2325 4478 id
2358 4420 2599 4493 negabis,
2635 4434 2859 4476 necesse
2905 4428 2988 4475 est
3037 4419 3090 4473 id
3139 4417 3283 4489 quod
3312 4416 3514 4473 factum
3557 4423 3643 4471 est
3696 4430 3798 4486 per

2181 4532 2341 4589 quem
2389 4514 2588 4571 factum
2633 4515 2703 4569 sit
2732 4513 2928 4569 doceas
2956 4530 2970 4567 :
3002 4522 3095 4568 aut
3122 4521 3272 4568 certe
3319 4520 3570 4567 naturam
3612 4510 3797 4582 ipsam

2277 4675 2312 4728 2

2279 4748 2313 4801 5

2185 4891 2249 4945 de
2270 4905 2372 4944 uno
2403 4886 2511 4942 Deo
2541 4904 2559 4943 :
2586 4886 2725 4952 quod
2761 4900 2891 4940 sane
2919 4900 2982 4941 ex
3024 4884 3266 4956 margine
3304 4886 3358 4939 in
3389 4892 3592 4941 textum
3624 4884 3807 4953 ιπερ-

2183 4965 2275 5023 sit,
2306 4978 2426 5016 cum
2452 4962 2513 5012 :nl
2544 4958 2924 5030 subsequentia
2949 4956 3233 5013 indicanda
3257 4957 3308 5011 itt
3332 4957 3498 5012 limbo
3521 4972 3627 5012 non
3653 4958 3806 5013 male

2187 5034 2367 5089 locum
2408 5032 2652 5086 haberet.

2264 5105 2339 5180 (tl)
2387 5106 2461 5158 lix
2483 5103 2591 5180 ltoc
2622 5101 2860 5180 Apostoli
2882 5100 3011 5180 loco
3034 5100 3250 5180 Patrem
3271 5115 3300 5153 a
3326 5097 3463 5154 Filio
3482 5098 3807 5180 discernere

2189 5168 2434 5233 solebant
2483 5168 2743 5239 ltmretit-i,
2793 5188 2841 5224 nt
2882 5173 3049 5239 liqttet
3074 5189 3142 5226 ex
3199 5173 3282 5227 his
3310 5188 3459 5226 num.
3487 5171 3576 5235 19,
3610 5168 3806 5226 llilarii

2187 5256 2254 5304 ad
2288 5249 2543 5305 Arinnntn
2569 5246 2745 5312 dictis,
2784 5244 2973 5298 Dixisti
2996 5245 3149 5309 enim,
3181 5244 3262 5297 Ea:
3287 5241 3448 5297 Patre
3469 5245 3664 5305 omnia.
3711 5242 3809 5296 sed

2194 5338 2284 5391 per
2317 5320 2513 5373 Filium
2539 5319 2727 5391 omnia.
2780 5315 2889 5391 Nec
2920 5314 3302 5391 repugnabunt
3327 5312 3629 5391 catholici,
3661 5314 3807 5369 adeo

2192 5385 2248 5447 ut
2275 5392 2479 5446 "ll:ll'I0
2526 5389 2656 5443 niltil
2690 5386 3022 5452 lamiliarins,
3072 5402 3231 5456 quum
3275 5396 3327 5440 ιιι
3361 5387 3520 5440 Pater
3554 5385 3695 5440 Deus
3735 5400 3811 5440 ea:

2184 5481 2308 5535 quo,
2355 5480 2397 5516 ts
2425 5478 2487 5515 ea:
2531 5477 2653 5531 quo,
2698 5476 2761 5514 ea:
2788 5475 2889 5531 quo
2917 5460 3107 5525 omnia,
3162 5457 3326 5535 Filius
3357 5474 3489 5511 vero
3538 5460 3677 5535 Deus
3707 5471 3807 5527 per

2187 5528 2354 5602 quem,
2390 5534 2432 5586 is
2483 5528 2571 5599 per
2596 5548 2776 5602 quem,
2802 5528 2906 5602 'per
2953 5546 3099 5596 quem
3145 5528 3805 5602 omniacognotnittetun

2182 5600 2337 5675 Quod
2366 5600 2758 5660 ob~ervnndum
2806 5601 2923 5665 fuit,
2962 5610 3073 5654 tntn
3108 5600 3172 5655 ad
3202 5600 3615 5675 intelligentiam
3644 5615 3810 5675 voca-

2185 5671 2457 5744 bulorum,
2492 5688 2602 5730 tum
2628 5691 2695 5731 ne
2718 5675 3053 5745 ignoraretur
3084 5671 3392 5745 institutum
3418 5671 3610 5729 Hilarii
3641 5672 3806 5730 Aria-

2184 5764 2286 5805 nos
2310 5764 2377 5805 ex
2421 5748 2533 5805 suis
2572 5744 2809 5818 ipsorum
2842 5744 3007 5802 armis
3034 5744 3412 5801 conlodientis.

2379 4672 2574 4728 Natum
2605 4682 2699 4737 est,
2734 4687 2880 4741 mox,
2912 4671 3187 4727 discernet.

2377 4746 2832 4813 Consuetudinem,
2865 4760 3010 4812 ntox,
3044 4759 3320 4814 sequamur
3347 4759 3492 4815 ergo.
