4040 6328
250 303 345 365 I09

1436 291 1523 353 DE
1560 288 1932 353 TRINI‘I‘ATE
1970 292 2175 351 LIBER
2207 292 2296 351 IV.

3435 288 3541 354 llo
3626 348 3635 352 ,

245 416 596 475 creandorum
644 415 753 474 Deo
801 413 1144 473 obedientem
1190 402 1313 472 esse
1357 413 1436 489 (α)
1478 413 1840 478 demonstres,
1876 411 1916 474 Α
1946 421 2020 467 est
2047 427 2067 466 :
2093 425 2215 467 cum
2261 409 2331 467 ab
2372 425 2440 467 eo
2486 410 2626 483 ipso,
2657 411 2747 483 qui
2779 411 2897 468 haec
2940 422 3022 470 est
3049 414 3281 482 loculus,
3331 414 3382 469 in
3429 415 3542 485 ipsa

247 528 363 583 qua
383 511 448 567 ad
480 512 531 567 id
553 511 693 583 quod
726 510 928 565 dictum
957 519 1061 566 est:
1098 507 1217 565 Fiat
1246 508 1646 579 ﬁrmamentum,
1678 521 1737 561 se
1761 507 1843 576 ip-

246 618 356 658 sam
402 604 495 659 Dei
540 604 705 659 verbo
745 603 895 673 jussa
959 602 1274 656 lirmaverit.
1328 599 1435 656 Sed
1493 600 1609 655 lucc
1646 598 1843 655 divina:

248 695 539 766 Scriptura:
566 697 703 751 ratio
734 711 843 751 non
874 696 1086 765 recipit.
1116 694 1308 749 Omnia
1349 694 1516 761 enim,
1547 691 1841 749 secundum

249 788 589 862 proltltetam,
617 787 757 843 facta
783 804 849 844 ex
881 788 1048 843 nihilo
1103 796 1229 843 sunt
1272 786 1341 859 (ll
1382 785 1554 842 Maeli.
1587 801 1681 849 vn,
1710 784 1804 856 28)
1830 801 1843 839 :

248 900 347 942 nec
374 895 564 939 natura
593 882 770 953 aliqua
799 892 1026 937 manens
1048 880 1321 937 demntata
1355 881 1406 935 in
1436 879 1584 936 aliud
1611 887 1719 946 est,
1749 877 1845 934 sed

250 977 297 1037 id
322 976 467 1048 quod
499 990 604 1030 non
644 985 761 1031 erat
788 983 1028 1030 creatum
1058 983 1162 1037 est,
1193 982 1249 1028 et
1277 973 1582 1029 absolutum
1609 979 1713 1027 est.
1742 970 1849 1026 Per

251 1069 450 1142 quem?
494 1068 632 1125 Audi
678 1067 1066 1139 evangelistam
1094 1084 1106 1121 :
1138 1065 1325 1121 Omnia
1370 1082 1461 1137 per
1492 1067 1662 1136 ipsum
1714 1067 1851 1136 facta

248 1174 366 1221 sunt
397 1161 580 1231 (Joan.
612 1177 653 1232 t,
699 1162 776 1235 5).
807 1162 862 1218 Si
891 1163 1087 1233 quieris
1132 1176 1230 1232 per
1251 1178 1443 1233 quem,
1490 1163 1676 1218 audies
1701 1174 1853 1218 eum-

250 1258 374 1315 dem
419 1257 817 1327 Evangelistam
857 1255 1149 1319 dicentem,
1196 1254 1265 1309 In
1295 1255 1548 1326 principio
1580 1264 1687 1310 erat
1722 1254 1851 1309 Ver-

251 1354 391 1418 bum,
409 1361 457 1408 et
480 1351 701 1407 Verbum
719 1361 826 1406 erat
847 1350 987 1421 apud
1014 1348 1202 1416 Deum,
1229 1359 1275 1405 et
1306 1350 1441 1405 Deus
1467 1359 1576 1404 erat
1604 1349 1850 1415 Verbum,

251 1447 351 1501 hoc
378 1455 485 1500 erat
529 1446 583 1499 in
612 1444 867 1514 principio
913 1442 1053 1513 apud
1098 1441 1288 1497 Deum.
1341 1440 1528 1497 Omnia
1553 1459 1639 1513 per
1686 1442 1853 1513 ipsum

254 1541 396 1611 facta
416 1547 536 1595 sunt
564 1536 615 1610 (l
626 1538 731 1594 bid.
766 1535 901 1607 l-3).
934 1535 1090 1605 Quod
1118 1536 1164 1591 si
1210 1551 1410 1607 negare
1440 1537 1590 1592 voles
1618 1548 1648 1591 a
1693 1535 1855 1591 Patre

255 1635 458 1691 dictum
487 1631 683 1697 videri,
715 1629 835 1685 Fiat
859 1630 1240 1700 ﬁrmamentum
1288 1628 1441 1700 (Gen.
1476 1646 1515 1696 I,
1545 1629 1603 1703 6)
1629 1672 1642 1696 ,
1672 1628 1858 1684 audies

256 1741 471 1783 rursum
503 1726 822 1795 prophetam
850 1723 1142 1788 dicentem,
1167 1720 1195 1775 1
1203 1739 1288 1791 pse
1308 1722 1460 1784 dixit,
1488 1732 1534 1776 et
1556 1725 1693 1794 facta
1716 1730 1859 1788 sunt;

1944 503 2329 560 constitutione
2355 503 2537 560 mundi
2570 503 2710 561 Deus
2742 505 2901 561 fuerit
2929 507 3250 577 praedicatus
3271 518 3324 565 et
3351 508 3541 567 Filius.

1946 598 2051 656 Sed
2082 598 2379 664 videamus,
2416 600 2466 654 in
2495 614 2655 671 quem
2688 599 2983 670 profectum
3016 602 3133 658 haec
3159 603 3540 674 distinctiojn.

1944 692 2126 749 bentis
2142 693 2256 760 Dei,
2280 702 2335 748 et
2360 691 2609 748 facientis
2627 692 2719 749 Dei
2744 693 3098 767 (3)augeatur
3116 694 3212 767 (c).
3241 695 3374 751 Nam
3404 707 3545 751 tam«

1948 787 2048 841 etsi
2082 792 2272 841 sensus
2312 787 2614 841 communis
2644 786 3016 857 intelligentiae
3047 802 3151 844 non
3194 789 3441 862 recipiat,
3488 800 3548 845 ut

1951 880 2003 934 in
2035 895 2101 937 eo
2129 879 2272 950 quod
2296 879 2497 935 dictum
2524 888 2609 935 est
2639 896 2651 933 :
2680 879 2923 946 Jussit,et
2953 883 3092 952 facta
3119 891 3253 948 sunt,
3276 883 3549 939 solitarius

1950 984 2112 1046 atque
2163 975 2302 1030 idem
2356 974 2688 1047 signiﬁcatus
2738 990 2859 1032 esse
2902 977 3189 1044 credatur;
3258 986 3435 1032 tamen
3485 992 3552 1032 nc

1951 1066 2080 1139 quid
2110 1067 2307 1140 ambigi
2357 1069 2546 1137 possit,
2596 1078 2809 1137 oportet
2856 1082 2956 1134 ea,
3006 1085 3125 1141 qua:
3166 1070 3348 1126 mundi
3397 1082 3550 1125 crea-

1954 1162 2154 1217 tionem
2185 1172 2475 1251 consecuta
2503 1170 2648 1228 sunt,
2670 1162 2947 1234 explicari.
2982 1161 3078 1234 (V.
3110 1162 3287 1219 Tract.
3321 1163 3412 1219 Ps.
3443 1179 3550 1228 set,

1957 1256 2118 1327 It.'6.)

2030 1350 2119 1405 i7.
2164 1348 2347 1423 Neque
2382 1352 2435 1405 in
2463 1350 2727 1406 condendo
2758 1348 2962 1405 homine
2989 1349 3251 1405 solitarius
3294 1346 3453 1404 Deus.
3487 1377 3559 1391 ——

1959 1444 2089 1498 Cum
2138 1445 2299 1513 igitur
2327 1445 2563 1514 perfecto
2609 1444 2812 1499 mundo
2856 1444 2973 1513 ejus
3020 1444 3196 1499 incola
3248 1440 3558 1499 formandus

1962 1548 2125 1605 esset,
2156 1538 2236 1609 (ά)
2268 1538 2386 1592 talis
2416 1537 2484 1593 de
2509 1552 2574 1593 eo
2614 1550 2795 1591 sermo
2825 1546 2907 1592 est
2934 1555 2947 1592 :
2982 1535 3051 1591 Et
3080 1536 3211 1591 dixit
3256 1533 3418 1601 Deus,
3455 1535 3563 1591 Fu.

1960 1630 2157 1685 ciamus
2179 1630 2435 1683 hominem
2455 1629 2524 1683 ad
2544 1629 2817 1701 imaginem
2839 1637 2885 1683 et
2905 1628 3290 1683 similitudinem
3337 1638 3564 1685 nostram

1965 1724 2118 1796 (Gen.
2149 1740 2187 1789 t,
2220 1724 2332 1794 26).
2365 1723 2455 1798 [Et
2494 1740 2732 1791 rursum,
2768 1722 2831 1778 Et
2854 1723 2975 1794 fecit
3003 1721 3146 1780 Deus
3177 1723 3465 1791 hominem;
3499 1721 3566 1777 ad

257 1821 366 1892 ipse
388 1819 672 1885 mandauit,
699 1827 747 1873 et
775 1827 945 1871 creata
966 1823 1105 1870 sunt.
1141 1815 1313 1889 (Psal.
1348 1830 1569 1881 CXLVIII,
1597 1813 1677 1885 5.)
1705 1814 1857 1883 Quod
1891 1814 1940 1883 Β
1967 1819 2241 1891 imaginem
2265 1816 2362 1873 Dei
2390 1820 2508 1891 fecit
2537 1833 2652 1874 eam
2681 1816 2841 1891 (Ibid.
2873 1817 2968 1888 27)
2986 1816 3027 1890 ].
3057 1817 3253 1887 Quaero
3280 1830 3445 1884 nunc,
3476 1831 3568 1872 so-

262 1931 393 1987 ergo
418 1914 620 1971 dictum
648 1921 748 1977 est,
784 1908 905 1965 Fiat
922 1910 1340 1981 ﬁrmamentum;
1372 1909 1423 1963 in
1447 1922 1512 1963 eo
1531 1908 1674 1978 quod
1703 1907 1863 1963 Pater

263 2013 335 2068 sit
359 2010 565 2064 locutus
604 2004 924 2062 ostenditur.
953 2002 1106 2073 Quod
1134 2011 1311 2057 autem
1342 1999 1634 2071 adjicitur:
1660 1998 1725 2053 Et
1746 1997 1861 2068 [ac-

273 2113 381 2158 tam
403 2111 473 2157 est
501 2102 596 2167 sic,
625 2111 678 2155 et
703 2099 845 2170 quod
873 2097 1067 2153 fecisse
1110 2093 1225 2168 84
1267 2095 1406 2148 Deus
1434 2092 1668 2158 dicitur;
1703 2089 1756 2144 in
1799 2105 1865 2145 eo

278 2211 507 2269 persona
534 2192 814 2248 efﬁcientis
843 2199 928 2247 est
978 2186 1325 2259 intelligenda
1370 2185 1461 2256 qui
1489 2182 1669 2240 faciat.
1718 2182 1866 2237 Dixit

276 2290 441 2354 enim,
473 2301 519 2344 et
542 2291 679 2360 facta
702 2296 841 2352 sunt,
874 2300 980 2339 non
1003 2283 1191 2353 utique
1215 2281 1391 2337 solum
1416 2279 1605 2343 voluit,
1634 2287 1689 2333 et
1711 2276 1864 2332 fecit:

269 2384 550 2445 mandauit,
576 2391 623 2437 et
643 2390 814 2435 creata
834 2388 975 2444 sunt,
1000 2394 1106 2433 non
1131 2377 1316 2448 utique
1341 2374 1461 2445 quia
1484 2371 1866 2443 complacitum

269 2479 319 2534 ei
347 2486 453 2542 est,
482 2475 834 2538 exstiterunt;
868 2483 923 2527 ut
962 2468 1078 2542 (ita)
1114 2465 1693 2543 Metliatqtjsnﬂicj'um
1733 2464 1871 2518 inter

268 2586 330 2628 se
351 2578 405 2626 et
435 2584 501 2625 ea
528 2584 650 2640 quae
673 2576 857 2624 essent
882 2563 1117 2621 creando
1145 2573 1404 2618 cessaret.
1441 2561 1580 2617 Dicit
1606 2576 1734 2632 ergo
1760 2557 1873 2615 fieri

269 2664 421 2722 Deus
449 2678 513 2718 ex
557 2676 667 2733 quo
710 2660 889 2715 omnia
935 2666 1078 2725 sunt,
1113 2668 1168 2713 et
1216 2655 1342 2711 facit
1386 2655 1528 2711 Deus
1570 2670 1669 2726 per
1717 2668 1877 2725 quem

269 2758 455 2815 omnia
476 2756 583 2832 (1),
602 2754 794 2812 eodem
815 2753 1038 2822 parique
1068 2750 1285 2805 nomine
1307 2758 1360 2804 et
1386 2748 1438 2803 in
1463 2747 1692 2803 dicentis
1717 2747 1882 2816 signi-

270 2852 530 2908 ficatione
555 2859 609 2905 et
639 2850 693 2904 in
731 2846 1017 2903 efﬁcientis
1061 2842 1379 2914 operatione
1410 2841 1488 2915 (b)
1516 2840 1791 2896 confesso.
1824 2840 1880 2896 Si

267 2957 458 3002 autem
491 2946 635 3016 loqui
658 2941 904 3005 audebis,
933 2954 1041 2995 non
1065 2939 1134 2995 de
1162 2939 1296 2993 Filio
1317 2938 1445 3000 dici,
1486 2937 1549 2991 Et
1572 2938 1692 3008 fecit
1721 2935 1883 3001 Deus;

270 3052 323 3097 et
355 3040 450 3095 ubi
494 3038 599 3093 erit
643 3034 785 3107 quod
817 3034 1018 3088 dictum
1058 3039 1163 3094 est,
1198 3029 1387 3084 Omnia
1417 3044 1509 3098 per
1535 3029 1705 3098 ipsunt
1747 3028 1888 3098 facta

269 3142 399 3189 sunt
427 3139 484 3189 et
531 3129 664 3185 illud
707 3126 1063 3198 apostolicum
1096 3122 1199 3177 :Et
1243 3139 1372 3177 unus
1422 3120 1674 3175 Dominus
1720 3127 1889 3174 uoster

271 3227 436 3285 Iesus
466 3225 702 3282 Christus
732 3240 823 3293 per
857 3235 1007 3292 quem
1057 3219 1229 3273 omnia
1285 3216 1328 3291 (Ι
1362 3215 1483 3271 Cor.
1515 3231 1633 3280 vni,
1685 3214 1738 3285 6)
1771 3231 1787 3279 ;

275 3418 321 3472 si
354 3413 753 3486 impudentiam
786 3420 928 3465 tuam
964 3407 1079 3463 hrec
1100 3405 1357 3461 divinitus
1385 3403 1526 3459 dicta
1558 3400 1637 3475 (2)
1668 3403 1888 3457 convin-

278 3517 450 3575 cent;
502 3523 607 3561 non
654 3504 907 3559 adimitur
942 3502 1032 3557 Dei
1072 3499 1182 3553 lilio
1223 3496 1367 3567 qttod
1400 3496 1540 3551 Deus
1570 3495 1662 3561 sit,
1712 3509 1809 3565 per
1838 3492 1889 3548 id

277 3602 436 3676 quod
449 3599 651 3657 dictum
664 3605 746 3654 est
762 3595 951 3664 :Audi,
976 3592 1164 3660 Israel,
1189 3590 1443 3647 Dominus
1462 3588 1604 3645 Deus
1626 3599 1743 3644 tuus
1764 3604 1894 3644 unus

483 3740 807 3813 Adjungitnr
828 3747 965 3794 sunt.

358 3743 448 3891 (ι)
483 3743 807 3824 Adjungitttr
828 3747 952 3793 sunt,

356 3817 425 3892 (ε
492 3815 613 3871 Non
639 3821 952 3868 conmacent.

363 3918 446 3991 (ιι)
491 3914 557 3973 Ut
586 3913 883 3991 obedientite
909 3911 958 3965 vi
989 3909 1106 3965 talis
1133 3908 1413 3991 assisteret,
1447 3902 1895 3991 quemadmodum

281 3977 468 4049 babes
513 3991 563 4043 in
605 3987 748 4042 Psal.
795 3998 1018 4041 curnt.
1071 3996 1126 4035 ιι.
1157 3982 1213 4045 At,
1259 3980 1413 4047 cujus
1459 3979 1560 4033 loci
1611 3977 1895 4032 lectionem

281 4073 448 4122 recte
474 4076 505 4116 a
536 4059 695 4115 nobis
722 4056 1060 4112 emendatam
1096 4054 1262 4123 liquet
1289 4067 1355 4106 ex
1388 4051 1660 4123 praesenti,
1684 4051 1823 4123 sicut
1847 4057 1901 4103 et

283 4119 673 4193 ci‘sttbnexis,
707 4144 797 4183 nec
840 4138 1025 4181 natura
1068 4119 1243 4192 aliqua
1292 4119 1501 4176 manens
1532 4120 1607 4191 (id
1657 4130 1759 4187 est,
1787 4119 1897 4189 jam

284 4192 1118 4273 exsistens)demutatainalind
1140 4205 1232 4260 est,
1270 4202 1410 4260 clc.,
1462 4200 1607 4264 patet
1654 4192 1899 4246 eamdem

287 4296 413 4336 non
448 4270 591 4331 male
616 4290 645 4328 a
674 4272 829 4326 nobis
855 4270 1204 4325 intellectam.

368 4347 455 4423 (ὁ)
502 4346 669 4423 Editi,
697 4344 949 4423 confessio
980 4352 1054 4423 est
1078 4356 1096 4393 :
1127 4336 1483 4422 emendantur
1503 4352 1586 4423 (ιιι¹
1614 4350 1743 4423 ιιιςιεἶ
1781 4335 1906 4391 llaec

286 4406 489 4478 auiein
520 4406 808 4473 conclusio
826 4431 930 4468 non
965 4411 1027 4466 ad
1058 4416 1359 4478 proximum
1387 4423 1451 4462 ex
1478 4406 1696 4476 psalmis
1728 4409 1903 4461 locum

288 4490 566 4566 pertinet.
600 4489 694 4566 sed
714 4485 799 4566 _:_ttl_
820 4482 1375 4566 llLelllﬂrttll‘l‘CPnESLS
1413 4479 1595 4546 verba,
1626 4479 1679 4534 in
1708 4481 1903 4550 quibus

288 4551 564 4628 labetur,
590 4559 657 4614 Et
690 4559 820 4613 dixit
845 4555 1054 4611 Deus...
1087 4554 1150 4628 lit
1177 4551 1478 4628 fecit_Deas.

375 4636 460 4709 (ε)
506 4623 561 4689 Ιιι
585 4631 756 4709 Δ(ὶοιι).
789 4645 891 4683 ms.
942 4623 1268 4709 arguebatur.
1300 4624 1378 4709 ln_
1399 4623 1907 4709 quibusdamnutnet

290 4712 352 4767 in
382 4693 649 4777 ‘vulgatis,
699 4711 900 4775 agatur.
950 4693 1170 4777 Rectius
1199 4699 1248 4751 in
1296 4693 1686 4777 vetustioribus
1721 4693 1901 4777 Colb..

290 4764 659 4842 Caranetcf,
709 4764 958 4846 a'ugeatur
985 4788 1002 4826 :
1030 4770 1136 4825 hoc
1164 4780 1265 4836 est,
1300 4781 1366 4822 an
1417 4764 1516 4821 huc
1565 4764 1906 4846 distinctione

291 4836 656 4925 significetur
678 4836 866 4925 atteitts
895 4857 1248 4925 personarum
1303 4853 1580 4925 numerus.
1613 4836 1754 4925 quod
1787 4838 1905 4891 sine

290 4911 662 4982 cuitctatione
689 4911 923 4974 afﬂrmai
949 4914 1311 4970 Tertulliantts
1334 4911 1592 4982 adversus
1622 4911 1902 4982 l’rnxezim.

293 4978 367 5053 si:
405 4994 519 5049 ηε
552 4990 662 5044 Etsi
707 4989 894 5059 ubique
934 4999 1075 5059 teneo
1103 5001 1261 5059 unum
1302 4981 1633 5036 substantiam
1660 4985 1711 5033 in
1754 4978 1909 5059 tribas

294 5052 685 5124 cohtzrentibus
710 5078 729 5115 :
757 5052 923 5113 tamen
963 5057 1123 5111 alium
1151 5057 1320 5109 dicam
1347 5064 1543 5122 oportet
1587 5069 1672 5124 ea,
1692 5052 1912 5107 necessic

296 5123 418 5196 tate
447 5151 628 5190 sensus
654 5150 764 5186 eum
795 5132 881 5201 qui
918 5130 1077 5197 jubet,
1110 5140 1297 5201 etcum
1337 5125 1424 5201 qui
1444 5125 1610 5201 facit_._
1629 5123 1791 5201 Verbi
1820 5140 1915 5176 au-

294 5211 423 5286 geri
457 5207 566 5286 sim
595 5195 840 5286 repetere
890 5195 1013 5286 licet
1037 5216 1102 5257 ex
1255 5215 1372 5286 LIII.
1392 5196 1612 5286 μειῴί
1640 5195 1912 5286 '(‘lltristlum

294 5266 620 5350 ;‘ecipientes
659 5266 729 5350 in
756 5274 890 5350 ﬁlios
914 5271 1013 5350 Dei
1043 5272 1179 5350 aucti
1212 5269 1591 5350 praedicantur.
1639 5266 1763 5350 Hinc
1799 5267 1911 5350 dis-

298 5338 511 5411 tinc'tio
529 5338 764 5419 jubentis
783 5344 880 5419 Dei
896 5355 946 5399 ct
969 5344 1200 5419 facientis
1214 5338 1319 5396 Dei
1342 5339 1460 5419 aliis
1480 5341 1641 5419 etiam
1669 5338 1917 5419 Patribus

298 5410 588 5483 solemnis
636 5417 754 5485 fuit,
801 5410 1029 5482 Irenaeo,
1055 5415 1147 5472 lib.
1182 5430 1259 5479 III,
1308 5428 1358 5470 c.
1384 5412 1438 5485 8A.
1468 5422 1522 5465 et
1550 5412 1690 5485 Liv,
1741 5425 1791 5465 c.
1828 5410 1915 5473 75;

296 5480 682 5563 Tertulliani),
717 5480 787 5563 uti
818 5480 1076 5563 proxime
1107 5486 1357 5563 vidimus;
1400 5480 1799 5563 Origeni,_t_ont.
1830 5497 1912 5563 II;

303 5571 370 5626 ἰιι
401 5565 530 5622 Job.
568 5555 697 5618 edit.
732 5555 889 5617 ﬂuet.
925 5579 974 5624 p.
1017 5558 1107 5625 6-1;
1140 5556 1474 5617 Antioclteno
1501 5555 1727 5626 concilio
1759 5555 1917 5623 epist.

304 5625 391 5698 ad
421 5634 648 5694 Paulum
679 5633 972 5698 Samosat.;
1008 5626 1613 5701 llippolytoklibrcont.‘
1640 5625 1914 5701 litteram;

308 5695 653 5783 'Atbanasiﬂo,
682 5704 748 5783 de
761 5695 991 5783 decretis
1012 5695 1128 5783 Nic;
1147 5695 1541 5783 sy'n.;.Basili_ou,
1566 5695 1691 5783 lude
1715 5696 1920 5783 Spiritu

310 5789 543 5846 Sancto;
577 5769 802 5848 Cirillo,
830 5775 867 5830 ι.
892 5769 1309 5848 χχιι-Τιιθέίιιιιὶ
1333 5769 1920 5848 _p._255._AuguStinus

314 5841 736 5912 autem'Se'rm.
769 5841 899 5915 cite,
932 5864 986 5902 ιι.
1017 5846 1072 5912 6,
1121 5845 1309 5916 probat
1333 5841 1527 5898 Filium
1577 5843 1747 5912 ipsum
1800 5855 1922 5895 esse

1834 3223 1888 3269 θι

275 3273 445 3387 illud,
470 3273 1019 3393 et'facta
1040 3321 1153 3368 sunt
1208 3273 1325 3375 (Pi.
1354 3325 1575 3374 CXLVIII,
1602 3273 1663 3380 ὃ)
1684 3273 1887 3376 {Quod
1917 3273 1962 3338 Ο

1969 1911 2152 1967 lumne
2178 1912 2278 1966 sibi
2313 1911 2476 1965 Deum
2502 1911 2738 1966 locutum
2761 1909 3069 1977 existimes,
3103 1924 3169 1965 an
3202 1923 3329 1966 vero
3358 1923 3567 1965 sermo'

1973 2021 2094 2061 nem
2127 2004 2269 2061 hunc
2300 2006 2417 2075 ejus
2446 2006 2718 2077 intelligas
2749 2018 2858 2061 non
2889 2006 2986 2062 sibi
3012 2048 3026 2073 ,
3080 2006 3176 2063 sed
3226 2005 3292 2061 ad
3338 2007 3568 2061 alterum

1974 2098 2278 2153 exstitisse?
2306 2096 2359 2154 Si
2391 2097 2561 2153 solum
2592 2099 2755 2153 fuisse
2784 2098 2916 2153 dicis
2941 2115 2955 2166 ;
2984 2098 3103 2169 ejus
3130 2098 3298 2170 ipsius
3321 2113 3454 2155 voce
3484 2113 3574 2153 ar-
3614 2072 3643 2114 θ

1976 2191 2158 2260 gneris
2201 2191 2462 2256 dicentis,
2510 2191 2791 2247 Faciamus
2818 2193 3075 2247 hominem
3101 2193 3172 2247 ad
3210 2193 3486 2265 imaginem
3531 2202 3605 2248 et—

1974 2284 2363 2339 similitudinem
2408 2294 2657 2339 nostram.
2704 2285 2843 2340 Deus
2888 2286 3032 2342 enim
3085 2302 3179 2356 per
3211 2286 3576 2357 legislatoretn

1975 2376 2243 2450 (Moysen)
2290 2379 2584 2433 secundum
2636 2379 3044 2449 intelligentiam
3078 2388 3315 2436 nostram
3364 2380 3579 2436 locutus

1980 2480 2081 2537 est,
2117 2470 2293 2525 verbis
2315 2470 2427 2543 85
2466 2472 2736 2540 videlicet,
2772 2472 2968 2542 quibus
2998 2473 3071 2527 ιιιί
3114 2474 3228 2544 ipse
3261 2490 3360 2530 nos
3388 2475 3578 2540 voluit,

1981 2565 2346 2633 cognitionem
2370 2580 2557 2620 eorum
2592 2566 2745 2621 nobis
2772 2583 2891 2638 quae
2923 2567 3089 2637 gessit
3129 2569 3463 2639 impertiens.
3495 2569 3582 2626 Si.

1983 2656 2256 2729 gniﬁcatio
2286 2672 2515 2729 namque
2544 2658 2639 2714 Dei
2671 2659 2783 2715 lilio
2826 2676 2921 2731 per
2947 2676 3107 2733 quem
3138 2662 3273 2718 facta
3316 2672 3443 2719 sunt
3468 2679 3586 2720 om-

1989 2751 2098 2819 nia,
2132 2753 2183 2806 in
2214 2767 2280 2807 eo
2327 2753 2468 2823 quod
2499 2752 2572 2827 (e)
2618 2754 2817 2810 dictum
2849 2754 2927 2829 (4)
2973 2767 3138 2825 esset,
3174 2758 3239 2813 Et
3269 2758 3397 2813 dixit
3423 2756 3586 2829 Deus,

1990 2843 2112 2899 Fiat
2139 2845 2555 2915 ﬁrmamentum;
2582 2853 2637 2903 et
2667 2847 2742 2920 (in
2766 2863 2831 2902 eo
2855 2849 3022 2921 quod)
3042 2866 3254 2905 rursum
3284 2851 3355 2906 ita
3387 2853 3588 2908 dictant

1988 2948 2092 3006 est,
2123 2937 2187 2991 Et
2209 2940 2327 3009 fecit
2349 2937 2489 2994 Dens
2509 2940 2888 3010 ﬁrmamentum
2916 2956 2933 2996 :
2957 2958 3023 2998 ne
3047 2951 3222 2999 tamen
3242 2944 3310 3019 (Γ)
3335 2945 3421 3001 hic
3448 2946 3592 3002 idem

1990 3029 2164 3101 inanis
2194 3045 2256 3085 ac
2283 3030 2587 3101 superﬂuus
2616 3049 2794 3088 sermo
2822 3034 3237 3104 existimaretur,
3273 3037 3316 3092 si
3344 3038 3444 3094 sibi
3478 3039 3596 3110 ipse

1991 3123 2215 3179 dixisset
2242 3132 2299 3179 ut
2333 3124 2503 3191 ﬁeret,
2529 3134 2582 3181 ct
2605 3141 2817 3181 rursum
2850 3128 2963 3197 ipse
3014 3128 3230 3185 fecisset
3272 3129 3424 3202 (quid
3452 3133 3596 3188 enim

1996 3224 2102 3269 tam
2134 3215 2364 3271 alienum
2392 3218 2461 3270 ab
2489 3232 2554 3271 eo
2583 3218 2671 3288 qui
2701 3221 2849 3274 solus
2875 3231 3040 3285 esset,
3073 3230 3131 3277 ut
3160 3223 3261 3278 sibi
3293 3224 3593 3282 faciendum

1997 3305 2221 3373 diceret,
2254 3322 2376 3363 cum
2412 3309 2688 3366 voluntate
2719 3318 2926 3367 tantum
2952 3327 3087 3383 opus
3118 3323 3262 3371 esset
3284 3323 3341 3370 ut
3363 3316 3598 3391 fieret?);

1998 3400 2296 3456 absolutius
2343 3400 2515 3456 voluit
2559 3402 2781 3474 intelligi
2831 3406 3282 3476 signiﬁcationem
3313 3408 3451 3466 hanc
3491 3427 3599 3468 non

2000 3492 2065 3547 ad
2098 3508 2158 3549 se
2199 3500 2403 3549 tantum
2451 3509 2571 3549 esse
2610 3497 2969 3553 referendam.
3024 3500 3283 3569 Dicendo,
3324 3502 3603 3561 Faciamus

2002 3585 2260 3642 hominem
2286 3587 2354 3643 ad
2379 3588 2655 3660 imaginem
2677 3598 2724 3646 et
2767 3592 3158 3651 similitudinem
3202 3607 3451 3668 nostram,
3479 3612 3602 3656 sus-

2077 3725 2154 3872 (ὅ)
2192 3728 2473 3800 Argualur.

2077 3801 2131 3872 (4
2186 3800 2390 3855 Dictum
2413 3817 2473 3857 est

2077 3800 2154 3874 (4)
2186 3800 2390 3855 Dictum
2413 3810 2503 3857 est.

2007 3903 2181 3958 Patris
2212 3903 2541 3981 mandatum,
2573 3922 2675 3981 non
2701 3924 2755 3981 aq
2776 3919 3002 3981 tempore
3042 3910 3242 3977 datum,
3271 3915 3362 3968 sed
3388 3916 3605 3973 manda—

2010 3986 2116 4047 tum
2146 3985 2340 4029 natum.
2376 3975 2645 4041 Quomodo
2676 3979 2825 4042 enim,
2856 3975 3045 4047 inquit,
3080 4000 3180 4037 non
3205 3975 3277 4038 est
3308 3987 3606 4045 mandatum

2009 4045 2206 4120 Patris,
2234 4047 2372 4120 quod
2391 4058 2460 4101 est
2492 4047 2712 4102 Verbum
2741 4045 2960 4105 Patris?
2993 4054 3057 4107 Et
3085 4054 3177 4108 lib.
3206 4068 3391 4120 contra
3425 4059 3601 4116 Serm.

2008 4119 2193 4173 Ariutt.
2225 4133 2272 4173 c.
2300 4119 2725 4199 5,‘repreltendit
2751 4138 2862 4199 eos,
2890 4124 2975 4199 qui
3004 4128 3229 4195 formant
3249 4129 3345 4183 sibi
3367 4119 3420 4184 in
3445 4134 3608 4199 phan-

2011 4200 2223 4267 tasmate
2249 4189 2419 4267 cordis
2447 4192 2528 4243 sai
2564 4193 2712 4267 quasi
2740 4189 2866 4249 duos
2907 4189 3131 4267 aliquos,
3163 4200 3256 4253 etsi
3300 4189 3453 4266 iuxta
3475 4206 3608 4259 invi-

2011 4278 2140 4343 cem,
2168 4262 2221 4315 in
2244 4262 2349 4343 suis
2375 4270 2540 4316 tamen
2567 4262 2689 4317 locis
2714 4262 3223 4343 constitutoskunum
3244 4262 3527 4343 jubentem,
3560 4287 3607 4332 et

2008 4334 2683 4419 altertmt_obtmiip§raiitem
2726 4352 2871 4419 {nec
2898 4339 3191 4419 intelligunt
3208 4334 3384 4419 ipsum
3407 4334 3608 4419 jussia-

2008 4422 2122 4459 nem
2151 4403 2328 4461 Patris
2357 4416 2407 4459 ut
2433 4406 2610 4476 ﬁm‘ent
2632 4409 2827 4472 omnia,
2858 4426 2959 4466 non
2987 4403 3095 4468 esse
3121 4416 3218 4469 nisi
3238 4403 3477 4472 'Verbtim
3501 4417 3610 4475 Ραα

2010 4477 2101 4531 tris
2130 4495 2220 4550 per
2247 4478 2382 4547 quod
2412 4479 2549 4546 facta
2575 4490 2694 4535 sunt
2720 4482 2913 4536 omnia.

2083 4568 2417 4652 (dlAliquot
2449 4586 2576 4652 mss.
2609 4572 2725 4652 talis
2764 4572 2871 4652 Deo
2896 4586 3181 4652 sermo‘est.
3217 4578 3333 4634 Mox
3362 4597 3481 4652 quin
3514 4600 3611 4639 utt-

2008 4641 2145 4697 cin'is
2172 4641 2376 4697 inclusa
2400 4651 2544 4709 sunt,
2578 4658 2677 4699 nec
2704 4645 2866 4701 habet
2890 4657 3041 4701 tetus
3061 4645 3213 4704 Colb.
3242 4667 3340 4706 nt-c
3362 4641 3609 4710 ridentur

1932 4733 1987 4794 Ι)
2013 4714 2237 4794 multum
2260 4714 2479 4794 .ad_t'em
2515 4713 2709 4794 facere.
2741 4716 2930 4794 Simile
2958 4730 3039 4773 est
3054 4735 3441 4794 argumentum
3474 4742 3608 4782 con-

2011 4784 2121 4866 citii
2151 4785 2401 4866 initioab.
2449 4787 2605 4856 epist.
2636 4789 2701 4842 atl
2746 4790 2965 4866 Pa_t_tlttttt
2994 4808 3006 4844 :
3040 4784 3157 4857 Qui“
3171 4804 3340 4849 autem
3375 4800 3607 4866 mundat,

2011 4857 2161 4911 alteri
2191 4857 2443 4934 ntaudat,_
2469 4875 2614 4934 quem
2644 4862 2939 4934 uenalium
2982 4879 3087 4917 esse
3129 4882 3428 4934 persuasum
3455 4857 3611 4925 habe;

2011 4945 2326 5008 mus,_qua_m
2357 4929 2671 4999 unigenitum
2700 4932 2869 5000 ﬁlium
2896 4931 3080 5002 Deum,
3115 4929 3197 4991 cui
3237 4939 3389 5008 dixit,
3424 4940 3612 4997 Facia-

2015 5018 2127 5055 mus
2150 5000 2425 5067 hominem,
2450 5010 2555 5056 etc.

2093 5094 2166 5165 (e)
2200 5095 2521 5150 Particulam
2565 5112 2683 5175 cum
2716 5097 2802 5152 hic
2831 5098 3089 5175 omissam
3133 5102 3426 5175 aliquando
3458 5115 3612 5175 puta-

2022 5167 2227 5246 vimus;
2262 5178 2324 5246 ut
2345 5182 2407 5221 ex
2437 5171 2736 5246 [pistorium
2765 5179 2968 5225 tantum
2999 5174 3115 5246 loco
3140 5167 3257 5229 Filii
3292 5167 3612 5246 significatio

2023 5238 2418 5317 ostenderetur.
2587 5238 2708 5317 F_t|ii
2737 5244 3052 5317 exsistc‘ntia
3083 5259 3149 5299 ex
3182 5238 3411 5317 utroqu
3441 5252 3612 5304 conli-

2022 5311 2178 5383 citur,
2207 5317 2414 5383 etcum
2435 5311 2485 5365 ci
2515 5311 2767 5367 nimirum
2794 5314 3076 5370 mandatur
3108 5326 3163 5370 ιιι
3188 5311 3372 5383 facint;
3406 5328 3460 5375 et
3487 5337 3611 5378 cum

2024 5381 2576 5464 fecisseLsigui'l‘tcatnr
2610 5384 3272 5464 quod-mandatumnerat.
3321 5381 3413 5445 Ille
3442 5395 3608 5464 enim,

2024 5454 2109 5510 cui
2133 5452 2328 5535 dicitur
2354 5453 2478 5535 fiat
2498 5496 2510 5517 ,
2535 5452 2734 5535 quique
2757 5455 2950 5535 fecisse
2977 5457 3467 5535 prasdicatttrqttod
3492 5452 3617 5535 jus,-

2024 5539 2143 5581 sutn
2172 5534 2285 5593 est,
2319 5526 2454 5582 alius
2480 5536 2565 5581 est
2593 5526 2661 5584 ab
2703 5546 2769 5582 eo
2798 5529 2887 5598 qui
2910 5528 3068 5598 jussit
3106 5544 3171 5586 ac
3209 5526 3354 5588 dixit
3376 5526 3515 5592 Fiat:
3547 5537 3617 5594 Ut

2025 5610 2206 5654 autem
2239 5598 2397 5670 habet
2423 5600 2709 5654 concilium
2740 5599 3132 5670 Antioc.epist.
3161 5601 3230 5658 ad
3261 5604 3481 5663 Paulum
3516 5609 3615 5665 Sa-

2026 5677 2229 5744 mosat.
2253 5686 2265 5722 :
2297 5666 2344 5721 F
2348 5668 2493 5744 ilium
2515 5710 2528 5735 ,
2572 5672 2660 5740 qui
2681 5686 2881 5739 semper
2908 5666 3024 5726 cum
3052 5671 3212 5730 Patre
3240 5687 3334 5744 est,
3363 5681 3620 5737 credimus

2025 5741 2311 5813 implevisse
2340 5743 2649 5796 voluntatem
2679 5749 2946 5809 paternam
2984 5745 3038 5799 in
3074 5741 3330 5805 creatione
3367 5755 3614 5809 universi.

2099 5833 2168 5907 (Γ)
2203 5834 2364 5902 Editi,
2401 5837 2482 5890 hic
2519 5835 2729 5908 quidam
2757 5837 2928 5896 inanis
2960 5855 2978 5896 :
3008 5843 3341 5917 castigantur
3372 5863 3437 5903 ex
3481 5862 3618 5905 mss.
