4040 6328
464 294 565 355 Hi

1651 265 1893 327 SANCTI
1933 263 2191 325 HlLARll
2231 263 2541 327 EPISCOPI

3662 272 3768 332 “2

462 412 583 469 tulit
631 401 917 478 singularis
966 394 1372 468 intelligentiam
1401 386 1733 462 professione
1768 384 2049 442 consortii.
2082 385 2132 445 Α
2166 382 2261 439 Dei
2293 382 2373 457 (a)
2415 385 2514 457 feci
2551 385 2803 442 hominem
2838 385 2990 461 (Gen.
3036 402 3110 454 ix,
3142 386 3224 462 6).
3255 386 3435 445 Etiam
3466 387 3555 447 bic
3574 389 3772 447 distin-

463 502 807 564 Consortium
837 508 1013 553 autem
1043 507 1164 550 esse
1190 485 1404 560 aliquod
1428 482 1672 541 solitario
1705 479 1785 554 (I)
1818 480 1933 552 ipse
1960 478 2062 534 sibi

464 616 573 657 non
622 604 822 669 potest.
854 590 1039 659 Neque
1084 598 1300 642 rursum
1333 578 1526 651 recipit
1572 576 1797 632 solitarii
1827 571 2063 628 solitudo

464 667 960 767 faciamusmeque
1005 682 1286 754 quisquam
1315 674 1497 733 alieno
1541 688 1573 728 a
1602 687 1660 728 se
1704 681 1934 724 nostram
1986 667 2066 723 lo-

464 787 667 860 quitur.
702 781 938 851 Uterque
967 788 1169 839 sermo.
1217 781 1272 828 et
1312 770 1563 841 faciamus
1610 773 1665 823 et
1709 773 1957 829 nostram,
2008 769 2067 816 ut

464 856 764 937 solitarium
791 870 1150 940 eamdemque
1180 882 1290 922 non
1322 865 1553 936 patitur;
1587 862 1659 917 ita
1686 873 1860 929 neque
1885 856 2068 912 diver-

462 990 583 1032 sum
612 988 643 1028 a
672 969 1094 1037 sealienumque
1132 961 1420 1034 signiﬁcat.
1469 960 1574 1014 Aut
1616 969 1823 1027 qumro,
1864 953 1909 1007 si
1940 966 2062 1008 cum

462 1067 651 1124 audias
670 1062 993 1126 solitarittm,
1020 1068 1195 1113 utrum
1224 1070 1329 1112 non
1352 1053 1526 1124 ipsum
1558 1049 1918 1119 eamdemque
1943 1061 2066 1103 esse

463 1157 779 1217 existimes?
805 1167 1038 1211 autcum
1060 1149 1246 1207 audias
1269 1162 1374 1203 non
1399 1146 1570 1217 ipsum
1591 1157 1767 1214 neque
1790 1139 2063 1206 eumdem,

463 1251 762 1323 annequod
785 1248 1059 1305 solitarius
1086 1253 1294 1300 tantum
1315 1241 1387 1298 sit
1412 1236 1718 1310 intelligas?
1743 1235 1801 1292 In
1823 1232 2066 1290 solitario

461 1364 592 1419 ergo
619 1344 916 1408 solitarius,
969 1343 1024 1396 in
1072 1355 1177 1395 non
1206 1336 1395 1394 eodem
1421 1348 1552 1391 vero
1579 1347 1755 1404 neque
1786 1331 1925 1401 ipso,
1957 1341 2063 1384 non

465 1439 740 1499 solitarius
765 1439 1086 1509 reperietur.
1113 1431 1367 1490 Solitario
1391 1443 1522 1501 ergo
1546 1424 1816 1492 convenit,
1848 1423 2063 1490 faciam,

461 1543 517 1591 et
546 1549 756 1589 meam:
792 1546 897 1586 non
937 1526 1182 1585 solitario
1214 1538 1365 1591 vero,
1400 1520 1683 1594 faciamus,
1715 1528 1771 1573 et
1814 1525 2059 1572 nostram.

538 1627 627 1683 18.
679 1623 795 1680 Nec
825 1620 1051 1677 solitudo
1097 1626 1172 1673 est
1220 1632 1312 1671 nec
1357 1612 1639 1668 divinitatis
1677 1608 1963 1664 diversitas.
1994 1634 2067 1647 —-

460 1720 594 1776 Cum
626 1720 807 1789 itaque
837 1715 1083 1786 legimus,
1112 1709 1391 1766 Faciamus
1415 1706 1675 1761 hominem
1701 1703 1770 1756 ad
1788 1701 2064 1772 imaginem

2167 480 2347 553 guitttr
2370 481 2696 551 exemplum,
2725 497 2884 551 Opus,
2914 498 3167 554 operans.
3199 483 3340 539 Dens
3364 493 3591 540 testatur
3615 500 3677 541 se
3699 484 3765 542 ad

2167 572 2452 642 imaginem
2484 573 2576 628 Dei
2603 574 2877 630 hominem
2903 574 3115 630 fecisse.
3139 575 3272 631 Cum
3300 575 3580 632 faciendus
3603 578 3767 633 homo

2167 676 2272 733 est,
2303 667 2428 739 quia
2460 664 2535 739 (b)
2559 665 2629 722 de
2659 680 2740 733 se,
2770 682 2948 738 neque
2977 668 3043 721 ad
3069 684 3131 724 se
3157 667 3501 739 loquebatur,
3530 669 3673 725 dixit
3700 670 3768 726 ad

2168 760 2442 833 imaginem
2469 768 2696 815 nostram
2730 775 2749 814 :
2774 775 2896 816 cum
2921 767 3103 818 autem
3136 759 3308 818 factus
3341 761 3503 817 homo
3521 773 3628 830 est,
3663 762 3768 819 Fe-

2168 856 2235 911 cit
2280 853 2448 911 Deum
2489 856 2743 912 hominem
2767 856 2834 911 ad
2873 856 3149 928 imaginem
3190 855 3311 913 Dei.
3353 856 3472 913 Non
3508 857 3772 929 ignoravit

2167 950 2352 1020 utique
2392 950 2540 1007 verbi
2571 949 2954 1021 proprietatem
2982 991 2996 1014 ,
3028 949 3074 1004 si
3115 950 3216 1005 sibi
3259 950 3376 1021 ipse
3414 950 3767 1021 loqueretur,

2168 1051 2226 1098 ut
2254 1042 2500 1110 diceret,
2534 1041 2659 1098 Feci
2690 1042 2756 1099 ad
2790 1043 3077 1115 imaginem
3125 1059 3327 1101 meam.
3360 1044 3582 1101 Dixerat
3620 1047 3768 1103 enim

2167 1136 2233 1193 ad
2265 1136 2738 1192 demonstrandam
2783 1146 2993 1194 natura:
3037 1139 3298 1196 unitatem
3323 1184 3339 1209 ,
3391 1138 3676 1199 Faciamus
3702 1143 3770 1199 ad

2168 1241 2415 1288 nostram.
2447 1230 2634 1302 Neque
2669 1247 2882 1288 rursum
2914 1231 3158 1289 confudit
3183 1234 3251 1289 de
3279 1232 3523 1291 solitario
3560 1251 3623 1292 ac
3659 1252 3768 1293 non

2167 1328 2411 1385 solitario
2444 1328 2887 1397 intelligentiam:
2910 1342 3032 1384 cum
3064 1326 3342 1385 hominem
3375 1329 3516 1386 Deus
3540 1329 3766 1402 faciens,

2168 1424 2235 1478 ad
2262 1422 2533 1494 imaginem
2562 1420 2661 1477 Dei
2691 1421 2901 1479 fecerit.
3244 1482 3251 1489 ,

2238 1517 2331 1574 20.
2384 1516 2595 1573 Patrem
2623 1534 2727 1573 non
2764 1519 2860 1573 sibi
2894 1527 2951 1573 ut
2990 1517 3222 1575 solitario
3248 1533 3511 1578 Paculus
3538 1520 3768 1577 locutum

2168 1631 2297 1669 esse.
2325 1644 2397 1665 .-—
2431 1613 2584 1681 Quod
2617 1613 2662 1668 si
2710 1615 2876 1670 Deum
2924 1624 3129 1687 patrem
3172 1615 3473 1672 solitarium
3517 1616 3618 1672 sibi
3650 1616 3768 1674 hzrc

2169 1707 2408 1763 locutum
2437 1706 2600 1762 fuisse
2624 1706 2897 1764 afﬁrmare
2917 1708 3092 1775 voles,
3120 1717 3392 1778 tamquam
3421 1709 3647 1766 concedi
3674 1710 3767 1767 tibi

459 1826 508 1873 et
536 1778 926 1872 similitudinem
954 1818 1217 1872 nostram;
1239 1805 1361 1877 quia
1386 1818 1566 1858 sermo
1595 1810 1847 1870 uterque,
1878 1806 1937 1853 ut
1958 1812 2061 1853 non
2093 1778 2144 1843 Β
2174 1800 2365 1872 possit,
2397 1810 2453 1856 ιιι
2484 1817 2623 1857 unus
2657 1815 2843 1858 secum
2875 1801 3017 1858 velut
3053 1817 3175 1858 cum
3218 1804 3390 1860 altero
3416 1804 3481 1860 sit
3512 1803 3765 1871 locutus,

461 1907 764 1963 solitarium
798 1912 1027 1970 tantum,
1059 1899 1129 1955 ita
1163 1912 1338 1969 neque
1366 1894 1705 1951 dili‘crentem
1733 1905 1855 1947 esse
1888 1889 2058 1962 signi-

459 2005 620 2069 ficat;
650 2000 804 2057 nobis
834 2011 1050 2070 quoque
1077 1990 1465 2051 necsolitarius
1495 1998 1724 2054 tantum,
1747 2000 1847 2041 nec
1875 1984 2061 2040 direr-

404 2092 413 2103 ’
458 2113 552 2155 sus
580 2105 665 2153 est
711 2091 1055 2152 conﬁtendus
1099 2107 1112 2144 :
1151 2087 1364 2159 cognita
1397 2100 1494 2157 per
1532 2082 1620 2149 id,
1655 2081 1794 2152 quod
1833 2091 2060 2135 nostram

456 2190 734 2264 imaginem
764 2185 928 2250 dicit,
972 2199 1077 2238 non
1117 2181 1280 2237 etiam
1325 2179 1586 2249 imagines
1616 2184 1833 2230 nostras
1860 2215 1874 2239 ,
1902 2173 2061 2228 unius

460 2285 515 2341 in
565 2291 795 2354 utroque
837 2278 1164 2351 preprietate
1209 2285 1438 2330 naturre.
1481 2271 1598 2327 Non
1638 2268 1841 2326 sufﬁcit
1878 2278 2061 2323 autem

458 2378 628 2435 solam
657 2377 949 2432 verborum
993 2371 1241 2428 attulisse
1280 2370 1549 2425 rationem
1580 2407 1596 2433 ,
1645 2362 1750 2420 nisi
1790 2362 2058 2418 dictorum

456 2469 872 2542 intelligentiam
918 2466 1081 2522 etiam
1124 2480 1306 2521 rerum
1355 2460 1600 2532 operatio
1646 2464 2056 2526 consequatur:

456 2565 716 2636 scriptum
757 2561 901 2618 enim
947 2560 1019 2613 ita
1048 2566 1173 2614 est:
1210 2555 1277 2610 Et
1326 2555 1445 2627 fecit
1485 2551 1626 2609 Deus
1669 2550 1946 2615 hominem,
1991 2548 2061 2603 ad

452 2659 733 2729 imaginem
778 2652 878 2707 Dei
908 2653 1029 2725 fecit
1060 2667 1173 2706 eum
1205 2648 1357 2722 (Gen.
1394 2664 1447 2714 I,
1480 2644 1597 2717 27).
1625 2644 1855 2714 Qttazro,
1889 2644 1933 2700 si
1972 2658 2060 2698 so—

455 2750 639 2805 litario
662 2756 822 2818 atque
853 2745 952 2815 ipsi
981 2743 1045 2799 ad
1073 2758 1129 2797 se
1160 2739 1409 2797 eumdem
1437 2738 1533 2793 fuit
1561 2752 1744 2793 sermo
1766 2778 1780 2803 ,
1810 2736 1937 2807 quid
1972 2734 2059 2791 hic

454 2842 802 2901 sentiendum
826 2836 1145 2896 existimes?
1174 2834 1342 2890 Video
1376 2833 1519 2890 enim
1567 2849 1711 2888 nunc
1739 2833 2058 2903 tripertitam

454 2936 925 3008 signiﬁcationem,
961 2941 1015 2987 et
1041 2929 1307 2991 facientis,
1336 2935 1391 2982 et
1421 2926 1568 2994 facti,
1596 2936 1650 2981 et
1675 2924 1930 2995 exempli.
1956 2923 2057 2993 Qui

454 3033 627 3088 factus
656 3038 758 3095 est,
794 3027 957 3082 homo
985 3034 1107 3089 est;
1152 3023 1293 3078 Dens
1320 3030 1497 3077 autem
1532 3019 1687 3085 fecit;
1715 3030 1768 3074 et
1794 3034 1954 3090 quem
1983 3017 2057 3097 fe.-

457 3127 532 3183 cit
555 3169 570 3190 ,
614 3124 680 3179 ad
712 3120 1001 3192 imaginem
1033 3117 1129 3174 Dei
1178 3116 1324 3173 fecit.
1359 3116 1411 3172 Si
1444 3115 1510 3169 de
1558 3115 1804 3170 solitario
1830 3112 2056 3170 Genesis

454 3179 603 3276 esset
627 3179 850 3282 locuta:
875 3214 1104 3269 dixisset
1144 3212 1349 3282 utique,
1379 3208 1492 3281 86
1517 3208 1583 3262 Et
1613 3206 1741 3264 fecit
1769 3206 1834 3262 ad
1864 3205 2053 3277 imagi-
2081 3179 2130 3245 (ἶ

452 3327 578 3369 nem
616 3325 789 3365 suam.
840 3306 947 3363 Sed
988 3314 1385 3361 sacramentum
1424 3301 1793 3371 evangelicum
1840 3315 2053 3354 annun-

456 3408 619 3472 tians,
668 3420 775 3458 non
818 3400 957 3457 duos
982 3399 1114 3455 deos
1140 3439 1155 3464 ,
1201 3397 1297 3453 sed
1343 3397 1506 3452 Deum
1538 3404 1593 3452 et
1635 3396 1799 3451 Deum
1843 3396 2053 3451 elocuta

453 3507 573 3566 cst,
603 3511 723 3552 cum
765 3493 1036 3549 hominem
1066 3505 1162 3559 per
1190 3489 1357 3544 Deum
1401 3488 1652 3543 effectum
1682 3487 1751 3541 ad
1780 3487 2054 3560 imaginem

454 3590 553 3646 Dei
579 3590 730 3646 dicit.
765 3589 941 3658 Atque
984 3585 1056 3641 ita
1100 3585 1240 3639 Deus
1285 3584 1350 3638 ad
1391 3594 1732 3637 communem
1783 3580 1883 3635 sibi
1929 3595 2052 3635 cum

455 3685 571 3740 Deo
616 3683 903 3753 imaginem
934 3688 1095 3749 atque
1143 3674 1389 3732 eamdem
1418 3673 1825 3730 similitudinem
1874 3671 2054 3727 bomi-

452 3794 579 3835 nem
609 3777 877 3848 repnritur
901 3772 1113 3845 operari
1144 3789 1157 3825 :
1189 3782 1244 3825 ut
1273 3786 1370 3827 nec
1399 3769 1709 3826 solitudinis
1746 3768 2052 3840 intelligen-

455 3876 582 3932 tiam
620 3873 941 3946 signiﬁcatio
962 3870 1247 3928 efficientis
1284 3870 1576 3937 admittat,
1622 3884 1722 3924 nec
1748 3869 2052 3926 divinitatis

455 3968 818 4025 diversitatem
850 3966 916 4022 ad
947 3965 1191 4021 eamdem
1226 3964 1512 4036 imaginem
1542 3979 1606 4020 ac
1643 3963 2050 4021 similitudinem

453 4063 745 4139 constituta
778 4060 1013 4132 patiatur
1039 4058 1304 4130 operatio.

527 4155 617 4211 l9.
644 4153 762 4209 Alio
788 4153 898 4208 loco
921 4151 1147 4221 idipsum
1165 4150 1520 4220 conﬁrmatur.
1547 4180 1617 4190 --
1640 4148 1705 4205 Ει
1728 4165 2050 4223 quamquam

454 4248 784 4321 superﬂuum
830 4257 953 4319 post
995 4246 1110 4302 lucc
1140 4245 1480 4301 existimetur
1539 4246 1676 4301 ultra
1728 4248 1929 4319 aliquid
1976 4249 2055 4304 af-

455 4342 631 4409 ferre,
662 4342 784 4412 quia
817 4340 869 4395 in
912 4338 1108 4395 divinis
1155 4338 1317 4393 rebus
1353 4354 1460 4392 non
1503 4338 2047 4413 frequentinsdicta,

455 4435 551 4492 sed
594 4444 798 4491 tanturn
829 4433 967 4488 dicta
998 4431 1272 4488 sufﬁciunt
1306 4448 1319 4485 :
1356 4441 1533 4485 tamen
1573 4433 1700 4502 quid
1734 4433 1802 4489 tle
1831 4433 1933 4490 hoc
1960 4450 2054 4492 eo-

455 4530 579 4588 dem
610 4530 810 4584 dictutn
838 4527 938 4593 sit,
971 4526 1224 4597 cognosci
1258 4531 1486 4594 oportet.
1515 4524 1634 4581 Non
1672 4529 1816 4582 enim
1845 4529 2055 4585 divino-

452 4637 573 4679 rum
602 4621 889 4688 dictorum,
923 4618 1018 4676 sed
1048 4617 1422 4688 intelligentia:
1450 4627 1647 4673 nostrm
1673 4635 1701 4675 a
1733 4620 1889 4676 nobis
1915 4623 2055 4679 ratio
2078 4587 2136 4652 Β

453 4715 761 4789 praestanda
793 4723 893 4769 est.
928 4714 1068 4769 Deus
1091 4712 1157 4765 ad
1193 4710 1307 4767 Noe
1335 4711 1476 4765 inter
1505 4714 1669 4767 multa
1698 4716 1948 4771 mandata
1980 4717 2051 4772 ita

453 4809 692 4883 loquitur
723 4827 736 4863 :
777 4807 879 4875 Qui
910 4805 1149 4874 effuderit
1186 4803 1488 4875 sanguinem
1519 4805 1737 4861 hominis
1760 4848 1775 4875 ,
1816 4824 1909 4881 pro
1934 4826 2054 4866 san-

453 4903 607 4976 guine
646 4903 755 4974 ejus
792 4898 1085 4968 e/Tundemr
1120 4898 1294 4952 anima
1331 4895 1478 4966 ejus;
1517 4897 1636 4969 quia
1666 4898 1734 4955 ad
1775 4901 2052 4973 imaginem

525 5072 604 5147 (ι)
636 5072 768 5147 Ipsi.

522 5213 600 5283 (η)
630 5211 687 5266 1η
719 5207 969 5283 vulgatis,
1002 5203 1117 5275 fecit
1146 5202 1399 5283 hominﬁm
1431 5216 1448 5255 :
1479 5199 1755 5283 mendoso.

526 5273 603 5358 (ὁ)
636 5273 956 5358 Ριιιιὶειιιιιιιι
999 5273 1160 5358 neque
1204 5276 1272 5328 ab
1315 5273 1543 5358 Erasmo
1588 5273 1674 5329 bic
1709 5276 1911 5358 absque
1939 5279 2046 5335 ulla

451 5345 597 5415 mss:
621 5352 940 5409 auctoritate
970 5349 1229 5407 additam,
1262 5347 1400 5399 male
1429 5345 1756 5399 retinuerant
1783 5345 2050 5406 editiones

452 5436 763 5493 sequentes.
798 5421 874 5476 De
924 5437 977 5475 se
1014 5422 1212 5493 quippe
1241 5417 1561 5493 loquebatur
1587 5417 1750 5484 Dens,
1774 5429 2049 5493 quatenus

452 5504 506 5558 in
527 5488 698 5573 prima
719 5508 947 5573 ρεξτεοῐιθ
967 5488 1121 5573 die";
1143 5488 1442 5573 ξειείίὲπηιδν
1471 5488 1561 5542 “ed
1590 5505 1688 5543 "0"
1715 5491 1783 5545 ad
1807 5509 1881 5559 ‘e’
1913 5510 2049 5564 “"a'

450 5559 610 5630 terius
642 5559 745 5622 non
774 5568 826 5619 in
859 5564 1135 5634 singulari,
1169 5559 1403 5634 Faciant.

522 5645 596 5707 (cl
621 5641 699 5695 Ita
732 5651 865 5690 mss.
895 5632 967 5691 Αἱ
990 5635 1173 5691 excusi
1205 5632 1484 5697 mendose,
1514 5632 1649 5701 rapit
1677 5644 1937 5707 et‘sermo.

518 5705 603 5787 (ά)
628 5711 684 5766 1η
706 5707 862 5787 prius
887 5707 1117 5787 vulgatis
1146 5714 1327 5787 uincta
1356 5705 2036 5787 contgqnens.“(}onstanter

443 5805 471 5843 a
507 5773 639 5843 r‘ns’s.
674 5773 825 5838 abest
855 5773 1037 5834 cuncia
1067 5778 1172 5847 hic,
1209 5778 1245 5833 1.
1278 5790 1372 5847 xn,
1403 5791 1458 5829 ιι.
1483 5773 1573 5842 57,
1608 5777 1660 5832 in
1683 5776 1773 5834 Ps.
1806 5794 2032 5847 exnvm,

441 5876 496 5924 ιι.
526 5859 582 5926 4,
608 5865 738 5923 etc.,
766 5846 1225 5911 consentientibtts
1254 5846 1418 5904 LXX.

2169 1894 2527 1963 credaturqtte
2567 1894 2622 1950 in
2664 1910 2762 1961 eo,
2796 1894 2939 1965 quod
2985 1895 3055 1950 ad
3092 1896 3367 1968 imaginem
3406 1895 3504 1952 Dei
3537 1898 3639 1969 feci
3669 1900 3766 1952 ho-

2167 1991 2376 2057 minem,
2407 1990 2479 2045 ita
2499 1989 2738 2047 voluisse
2765 1989 3011 2060 intelligi,
3044 2000 3335 2062 tamquam,
3368 1992 3448 2048 Ad
3476 1991 3763 2063 imaginem

2167 2099 2341 2139 meam
2384 2082 2483 2139 feci
2528 2082 2833 2151 hominem;
2881 2083 3112 2155 prinnnn
3147 2084 3263 2155 ipse
3307 2085 3621 2142 testimonio
3676 2095 3767 2142 tuo

2165 2179 2524 2252 redargueris.
2553 2179 2742 2234 Dixisti
2766 2179 2907 2235 enim
2935 2221 2950 2245 ,
2984 2179 3062 2235 Ex
3101 2180 3261 2235 Patre
3290 2180 3471 2235 omnia
3500 2220 3517 2243 ,
3546 2179 3642 2236 sed
3670 2196 3768 2252 per

2165 2272 2361 2328 Filium
2393 2272 2596 2328 omnia.
2630 2271 2869 2343 Namque
2901 2288 2996 2342 per
3022 2273 3074 2328 id
3100 2272 3247 2344 quod
3273 2273 3475 2330 dictum
3506 2283 3624 2334 est.
3659 2273 3768 2330 Fa-
3840 2304 3844 2311 ~

2166 2367 2358 2421 ciamus
2393 2366 2649 2421 hominem
2673 2409 2687 2432 ,
2718 2381 2784 2421 ex
2812 2380 2878 2422 co
2898 2368 3048 2437 origo
3075 2378 3159 2423 est
3187 2383 3252 2422 ex
3280 2383 3389 2439 quo
3419 2366 3491 2441 (c)
3521 2369 3689 2439 coepit
3711 2375 3767 2425 et

2165 2474 2349 2515 sermo
2377 2477 2391 2515 :
2419 2460 2470 2514 in
2501 2475 2567 2515 eo
2596 2475 2727 2515 vero
2747 2459 2889 2531 quod
2921 2458 3064 2515 Deus
3094 2460 3163 2514 ad
3189 2460 3465 2533 imaginem
3500 2461 3596 2517 Dei
3621 2464 3762 2536 fecit,

2165 2551 2496 2622 signiﬁcatur
2512 2552 2671 2607 etiam
2703 2553 2748 2607 is
2779 2567 2874 2622 per
2897 2567 3055 2623 quem
3077 2555 3760 2625 consummaturoperatio.

2234 2631 2326 2699 Ξι.
2370 2645 2477 2700 Sed
2541 2645 2881 2718 Sapientiam,
2941 2662 3060 2718 qua:
3119 2646 3370 2702 haereticis
3421 2648 3762 2703 annitentibus

2165 2737 2396 2793 Christus
2424 2750 2514 2805 est,
2550 2741 2597 2794 ei
2624 2740 2872 2810 adfuisse.
2901 2769 2971 2781 ——
3001 2741 3135 2796 Tum
3165 2741 3379 2809 deinde,
3415 2758 3484 2798 ne
3511 2743 3643 2814 quid
3671 2743 3761 2798 tibi

2168 2830 2293 2886 hinc
2323 2831 2486 2887 liccat
2528 2834 2743 2888 mentiri
2771 2874 2785 2899 ,
2815 2834 3087 2904 Sapientia
3110 2877 3124 2902 ,
3154 2852 3312 2906 quam
3343 2846 3397 2891 tu
3433 2835 3549 2906 ipse
3580 2834 3763 2892 Chris-

2167 2934 2276 2979 tum
2307 2926 2586 2982 confessus
2612 2941 2670 2981 es
2690 2967 2706 2994 ,
2763 2927 3050 2984 eontraibit
3080 2928 3287 2996 dicens,
3320 2928 3451 2984 Cum
3480 2940 3648 2985 certos
3674 2946 3763 3002 ρο-

2164 3018 2312 3073 nebat
2340 3021 2506 3090 fontes
2531 3020 2622 3075 sub
2648 3021 2773 3075 cazlo
2798 3064 2813 3089 ,
2843 3039 2958 3077 cum
2999 3024 3155 3095 fortia
3192 3024 3410 3095 faciebat
3432 3024 3542 3096 87
3570 3027 3763 3096 fanda-

2163 3124 2334 3169 menta
2363 3125 2549 3183 terrm,
2595 3132 2735 3170 erant
2775 3116 2915 3186 apud
2957 3116 3104 3171 illum
3156 3117 3236 3190 (ιι)
3283 3133 3612 3188 componens.
3654 3119 3760 3191 Ego

2161 3226 2336 3276 eram,
2367 3211 2433 3265 ad
2469 3227 2620 3281 quam
2659 3210 2931 3284 gaudebat.
2978 3212 3219 3277 Quotidie
3257 3224 3427 3267 autem
3467 3213 3687 3269 laetabar
3709 3214 3759 3268 in

2160 3314 2431 3374 conspectu
2475 3308 2586 3379 ejus
2630 3306 2684 3360 in
2729 3306 2868 3360 omni
2910 3316 3137 3377 tempore
3177 3324 3292 3362 cum
3337 3309 3602 3364 laetaretur
3646 3309 3761 3364 orbe

2159 3396 2387 3468 perfecto
2416 3395 2499 3467 (2)
2526 3407 2571 3452 et
2602 3397 2865 3453 (tutaretur
2890 3398 2944 3451 in
2963 3400 3087 3467 [iliis
3116 3398 3380 3455 hominum
3412 3399 3599 3473 (Prov.
3624 3417 3719 3457 vnt
3738 3443 3755 3470 ,

2158 3487 2230 3543 28
2259 3500 2307 3543 et
2332 3487 2519 3560 δίψῃ).
2550 3489 2816 3544 Conclusa
2846 3499 2929 3546 est
2964 3491 3141 3547 omnis
3169 3494 3384 3547 occasio
3409 3533 3425 3558 ,
3468 3502 3521 3548 ct
3548 3502 3759 3548 coarta-

2162 3590 2246 3637 tur
2272 3582 2339 3637 ad
2364 3584 2477 3638 veri
2508 3582 2905 3640 confessionem
2932 3585 3220 3640 universus
3250 3600 3422 3641 error.
3454 3586 3628 3642 Adest
3654 3588 3757 3643 Deo

2159 3675 2335 3745 genita
2360 3683 2484 3731 ante
2507 3675 2700 3731 smcnla
2725 3674 3018 3746 Sapientia.
3044 3675 3229 3747 Neque
3258 3677 3432 3732 solum
3458 3677 3635 3743 adest,
3667 3677 3756 3734 sed

2158 3772 2319 3826 etiam
2371 3771 2665 3841 componit.
2721 3771 2816 3826 Est
2855 3786 2985 3841 ergo
3012 3785 3344 3842 componens
3379 3771 3521 3843 apud
3560 3772 3755 3843 ipsum.

2161 3865 2230 3939 (ε)
2257 3866 2500 3937 lntellige
2525 3865 2932 3937 compositionis
2960 3866 3045 3921 νει
3076 3865 3450 3937 dispositionis
3494 3866 3752 3924 ofﬁcium.

2158 3960 2320 4016 Pater
2347 3960 2486 4016 enim
2517 3959 2568 4014 in
2610 3974 2676 4016 eo
2705 3959 2848 4032 quod
2879 3960 3134 4032 loquitur,
3162 3960 3364 4028 efﬁcit;
3396 3961 3567 4017 Filius
3601 3963 3654 4018 in
3693 3976 3757 4018 eo

2157 4053 2303 4125 quod
2343 4063 2597 4124 operatur
2626 4069 2747 4125 qua:
2787 4053 2903 4110 ﬁeri
2931 4062 3058 4109 sunt
3087 4053 3226 4109 dicta
3253 4097 3269 4122 ,
3301 4056 3600 4127 componit.
3631 4035 3760 4113 Per-

2156 4160 2412 4204 sonarum
2445 4156 2623 4205 autem
2654 4147 2724 4203 ita
2753 4146 2891 4204 facta
2922 4145 3196 4204 distinctio
3223 4157 3329 4215 est,
3362 4157 3421 4205 ut
3449 4166 3584 4221 opus
3614 4150 3757 4209 refc-

2158 4253 2309 4298 ratur
2339 4242 2405 4296 ad
2436 4251 2747 4311 utrumque.
2780 4240 2912 4296 Nam
2943 4241 2994 4296 in
3025 4257 3090 4297 eo
3121 4242 3263 4313 quod
3294 4241 3531 4310 dicitur,
3562 4242 3756 4300 Facia-

2158 4353 2302 4403 mus,
2332 4347 2384 4390 et
2406 4335 2578 4405 jnssio
2605 4335 2685 4405 (f)
2714 4343 3056 4404 exrcquatur,
3093 4346 3142 4392 et
3177 4335 3374 4392 factum
3405 4355 3419 4391 :
3452 4336 3507 4393 in
3537 4352 3605 4394 eo
3632 4353 3761 4396 vero

2159 4426 2299 4500 quod
2350 4427 2628 4495 scribitur,
2662 4424 2823 4481 Erant
2871 4427 3014 4499 apud
3047 4428 3195 4483 illum
3237 4444 3549 4503 componens
3590 4430 3758 4506 (Ibid.

2159 4524 2263 4595 '50)
2290 4564 2304 4588 ,
2351 4538 2456 4578 non
2513 4522 2813 4578 solitarium
2855 4536 2916 4577 se
2959 4521 3060 4577 sibi
3090 4537 3211 4578 esse
3242 4522 3293 4578 in
3335 4525 3660 4594 operatione
3688 4526 3763 4581 si-

2160 4619 2400 4693 gnificat.
2430 4617 2668 4674 Ltctatur
2694 4628 2873 4672 autem
2901 4626 3028 4673 ante
3057 4633 3205 4683 enm,
3234 4633 3392 4689 quem
3420 4617 3528 4674 sibi
3553 4620 3762 4692 signiﬁ-

2161 4716 2321 4772 cabat
2366 4712 2671 4784 adgauderc
2710 4712 2933 4767 la'tanti.
2981 4710 3224 4779 Quotidie
3253 4722 3422 4766 autem
3454 4711 3671 4768 lwtabar
3707 4713 3761 4767 in

2162 4818 2435 4879 conspectu
2464 4808 2573 4880 ejus
2602 4807 2653 4860 in
2682 4805 2820 4860 annui
2841 4814 3086 4877 tempore,
3110 4804 3319 4875 quando
3350 4805 3625 4859 (tutabatur
3642 4804 3761 4860 orbe

2161 4907 2419 4980 perfecto,
2469 4913 2518 4960 et
2568 4902 2836 4957 (tutabatur
2862 4904 2916 4957 in
2955 4900 3082 4971 ﬁliis
3129 4899 3397 4956 hominum
3446 4898 3613 4972 (Ibid.
3650 4902 3754 4972 30,

2233 5075 2312 5150 (Ξ)
2342 5074 2410 5130 Et
2438 5069 2730 5127 (celabatur.

2233 5211 2302 5281 (ε)
2337 5210 2455 5265 Vat.
2487 5206 2603 5281 bas.
2639 5221 2765 5281 mss.
2794 5206 3126 5281 intelligisne.
3176 5207 3310 5281 Tum
3357 5208 3546 5265 inuno
3571 5208 3754 5280 Colb.,

2154 5278 2552 5354 compositionis
2594 5278 2675 5347 vel
2721 5278 3134 5354 dispensajionis.
3186 5280 3404 5354 Rectius
3432 5278 3751 5354 prognostra

2155 5350 2417 5427 sententia
2436 5350 2486 5405 in
2507 5350 2819 5427 altermnon
2840 5352 2901 5427 in
2931 5352 3091 5427 Cara.
3119 5353 3387 5427 omittitur
3411 5350 3492 5407 vel
3521 5353 3752 5427 disposi-

2154 5428 2322 5481 tionis.
2351 5425 2464 5479 Non
2486 5421 2627 5476 enim
2652 5422 2942 5496 bicagitnr
2959 5424 3026 5479 de
3048 5425 3317 5494 Sapientia
3347 5421 3615 5496 quatenus
3647 5426 3758 5483 Deo

2154 5499 2325 5555 caelos
2348 5494 2670 5567 praeparanti
2694 5494 2919 5567 aderat,
2950 5496 3042 5551 scd
3073 5507 3336 5567 quatenus
3363 5494 3751 5565 componebat.

2230 5568 2298 5642 (f)
2330 5564 2386 5626 ιιι
2417 5576 2520 5642 est,
2552 5574 2604 5642 et
2626 5564 2842 5642 iubens
2864 5577 2919 5642 et
2957 5564 3159 5642 faciens
3199 5564 3754 5642 exmttuatitur._Quo-

2155 5635 2296 5695 circa
2341 5656 2407 5696 ne
2435 5635 2630 5707 legeris
2659 5651 2781 5693 cum
2811 5637 2939 5693 Batl.
2979 5640 3267 5708 exequitur,
3297 5635 3390 5696 aut
3414 5655 3538 5696 cum
3568 5635 3665 5697 Er.
3694 5650 3754 5697 et

2146 5712 2272 5768 Par.
2295 5718 2593 5782 ca'equatur,
2620 5710 2789 5765 multo
2813 5711 2991 5768 minus
3015 5728 3135 5770 cum
3156 5727 3287 5770 mss.
3310 5711 3468 5770 Coll).
3490 5719 3546 5769 et
3559 5712 3748 5771 Germ.

2144 5795 2468 5859 exsequatur.
3062 5816 3069 5823 .
