4040 6328
274 371 383 432 115

1462 367 1550 424 DE
1608 366 1985 426 TRINITATE
2016 366 2218 424 LIBER
2257 367 2346 424 1V.

3475 367 3577 427 114

272 494 390 567 51).
435 493 661 551 Causam
710 492 907 547 l;etiti;e
946 504 1057 547 Stt.t‘.
1106 489 1382 562 Sapientia
1416 487 1730 562 docuit..(l)
1759 487 1874 543 ιω·
1902 491 1952 549 Α
1979 487 2123 542 enim
2153 502 2166 538 :
2199 484 2555 559 Multiplicans
2583 485 2935 556 multiplicabo
2962 501 3130 542 semen
3176 495 3319 542 tuum
3347 530 3362 555 ,
3391 498 3439 542 et
3480 504 3586 543 non

274 599 423 646 tatur
462 589 533 645 ob
562 588 801 644 lmtitiam
844 586 1039 651 Patris,
1071 587 1122 642 in
1153 586 1485 658 perfectione
1516 583 1702 639 mundi
1736 592 1792 640 et
1818 583 1875 639 in

272 683 402 741 filiis
425 682 706 736 hominum
736 681 988 736 Instantis.
1021 680 1295 749 Scriptum
1327 689 1409 734 est
1439 678 1583 735 enim
1614 695 1628 732 :
1659 678 1726 734 Et
1749 677 1876 732 vidit

273 769 416 827 Deus
455 769 579 840 quia
623 769 756 822 bona
793 777 910 821 sunt
944 765 1099 840 (Gen.
1134 768 1198 835 ι).
1252 765 1474 822 Placere
1521 765 1662 819 Patri
1709 778 1874 829 onera

272 875 368 917 sua
398 858 635 931 gaudet,
679 872 780 931 per
808 874 868 914 se
905 873 971 914 ex
1019 866 1291 929 prmeepto
1318 857 1435 926 ejus
1466 856 1684 913 effecta.
1730 856 1872 913 Gau-

271 953 420 1010 dium
452 952 596 1009 euim
638 967 795 1007 suntm
824 951 950 1008 hinc
976 968 1098 1009 esse
1140 952 1454 1023 proﬁtetur,
1484 952 1627 1024 quod
1660 952 1711 1005 in
1742 968 1874 1008 con-

268 1055 545 1103 sinnmato
573 1044 706 1100 urbe
730 1053 784 1100 et
808 1043 861 1099 in
890 1044 1014 1100 liliis
1061 1044 1340 1098 hominum
1365 1043 1528 1099 Pater
1553 1044 1707 1099 lctus
1733 1043 1875 1100 exis-

271 1149 414 1197 teret
446 1159 459 1195 :
485 1140 536 1194 in
569 1139 693 1209 ﬁliis
724 1139 983 1194 hominum
1010 1138 1080 1194 ob
1107 1138 1178 1206 id,
1205 1138 1326 1208 quia
1345 1136 1455 1207 jam
1486 1137 1538 1191 in
1567 1153 1671 1192 uno
1699 1136 1871 1193 Adam

268 1252 434 1293 omne
453 1234 674 1290 humani
693 1234 905 1304 generis
929 1233 1205 1289 exordium
1234 1233 1585 1288 eonsziti~set.
1613 1232 1728 1287 Non
1744 1247 1873 1303 ergo

268 1329 323 1385 in
356 1326 715 1383 fabricatione
743 1325 928 1382 mundi
960 1326 1235 1382 solitarius
1270 1325 1426 1379 Pater
1465 1325 1566 1380 sibi
1596 1326 1830 1394 loquitur
1852 1366 1867 1391 ,

267 1422 549 1491 Sapientia
586 1435 681 1477 sua
724 1434 906 1476 secum
936 1428 990 1475 et
1017 1426 1347 1491 coeperante
1369 1462 1383 1488 ,
1411 1426 1466 1476 et
1502 1430 1872 1475 consummata

265 1514 658 1584 cooperatione
689 1513 978 1585 gaudente.

341 1608 436 1663 22.
465 1605 741 1664 Conclusio
771 1623 948 1663 eorum
978 1623 1091 1681 qua:
1119 1625 1150 1662 a
1182 1624 1324 1662 num.
1375 1608 1442 1665 16
1486 1608 1701 1677 probata
1730 1619 1868 1665 sunt.

268 1736 342 1747 —
366 1702 485 1761 Non
516 1704 824 1773 ignoramus
853 1715 1031 1758 autem
1062 1703 1225 1759 multa
1261 1710 1317 1760 et
1351 1704 1582 1760 maxima
1613 1703 1678 1759 ad
1711 1704 1871 1759 abso-

266 1802 531 1857 lutionem
577 1801 767 1855 horum
806 1798 1069 1854 dictorum
1102 1815 1224 1856 esse
1266 1800 1468 1871 reliqua
1503 1799 1576 1869 (α)
1616 1817 1629 1855 :
1671 1800 1763 1855 sed
1793 1800 1874 1855 di-

1980 581 2385 636 dinunterabitnr
2422 597 2453 634 a
2485 580 2829 635 multitudine.
2873 580 3232 638 Ministerium
3276 582 3456 655 angeli
3490 598 3588 654 po-

1982 683 2147 730 testas
2174 674 2705 744 multiplicandarum
2753 676 2991 746 gentium
3024 676 3260 732 excedit.
3302 676 3410 733 Sed
3452 677 3582 748 quid

1980 767 2195 823 tandem
2234 767 2302 823 de
2332 783 2420 832 eo,
2455 768 2544 838 qui
2577 769 2673 822 Dei
2698 768 2937 839 Angelus
2963 766 3042 842 (5)
3076 786 3194 841 qua:
3224 769 3304 841 (ά)
3336 769 3435 824 soli
3469 771 3582 827 Deo

1977 864 2192 937 pr0pria
2222 873 2346 917 sunt
2396 862 2714 933 loquebatur
2739 905 2754 929 ,
2802 861 3078 933 Scriptura
3131 871 3326 918 testata
3356 864 3475 919 est?
3512 861 3584 919 Et

1976 959 2169 1011 vocarit
2195 972 2379 1010 nomen
2414 954 2627 1009 Domini
2646 957 2730 1026 qui
2764 955 3066 1023 loquebatur
3096 974 3297 1022 secum,
3334 955 3411 1010 Tu
3442 956 3580 1012 Deus

1976 1052 2063 1123 qui
2088 1050 2372 1120 adspexisti
2399 1067 2495 1104 me.
2534 1049 2766 1104 Primum
2791 1050 3015 1120 angelus
3046 1050 3158 1117 Dei,
3192 1050 3431 1106 secundo
3465 1052 3572 1105 Do-

1977 1142 2183 1207 minus;
2211 1141 2407 1196 vocavit
2438 1144 2580 1196 enim
2609 1158 2791 1195 nomen
2825 1140 3033 1196 Domini
3061 1142 3147 1213 qui
3176 1143 3476 1212 loquebatur
3500 1159 3583 1198 se-

1976 1254 2125 1305 cum;
2154 1238 2351 1292 dehinc
2383 1238 2541 1292 tertio
2590 1237 2731 1291 Deus
2757 1279 2772 1303 ,
2803 1235 2882 1291 Tu
2915 1238 3059 1293 enim
3099 1254 3151 1291 es
3206 1235 3348 1293 Deus
3373 1239 3460 1309 qui
3486 1238 3586 1293 ad-

1974 1330 2183 1401 spea‘isti
2202 1346 2301 1383 me.
2355 1330 2452 1397 Qui
2485 1330 2707 1400 angelus
2742 1328 2834 1384 Dei
2861 1329 3038 1384 dictus
3070 1336 3185 1393 est;
3235 1330 3371 1384 idem
3404 1331 3587 1386 Domi-

1977 1438 2077 1478 nus
2106 1435 2159 1478 et
2191 1423 2331 1478 Deus
2360 1431 2462 1477 est.
2491 1422 2587 1477 Est
2626 1432 2806 1477 autem
2837 1422 3135 1478 secundum
3168 1422 3484 1493 prophetam
3515 1424 3584 1477 li-

1976 1518 2080 1573 lius
2100 1517 2190 1572 Dei
2212 1517 2387 1590 magni
2413 1517 2613 1571 consilii
2641 1516 2849 1590 angelus
2875 1515 3048 1589 (Esai.
3078 1533 3155 1583 Ix,
3183 1516 3239 1584 6,
3264 1534 3366 1573 sec.
3389 1516 3579 1590 LXX).

1975 1609 2045 1667 Ut
2071 1626 2423 1682 personarum
2446 1609 2720 1665 distinctio
2751 1610 2991 1665 abSoluta
3024 1618 3167 1665 esset
3191 1653 3205 1677 ,
3234 1610 3459 1680 angelus
3486 1610 3580 1667 Dei

1975 1716 2054 1760 est
2104 1714 2473 1774 nimeupatus;
2504 1704 2591 1774 qui
2620 1704 2762 1758 enim
2791 1713 2873 1757 est
2904 1704 3044 1758 Deus
3072 1719 3135 1758 ex
3186 1703 3314 1766 Deo,
3364 1703 3481 1773 ipse
3502 1713 3587 1759 est

1977 1805 2033 1854 et
2071 1799 2296 1869 angelus
2343 1796 2457 1853 Dei.
2513 1797 2583 1852 Ut
2612 1813 2741 1851 vero
2786 1797 2959 1851 honor
2986 1796 3200 1852 debitus
3229 1796 3547 1853 redderetur
3568 1840 3584 1865 ,

273 1896 380 1951 lata
410 1911 440 1949 a
490 1894 645 1949 nobis
676 1894 1015 1964 potiusquam
1047 1891 1382 1948 dissimulata
1416 1892 1722 1958 habentur;
1758 1893 1871 1964 ple-
1900 1899 1949 1960 Β
1976 1901 2029 1949 et
2061 1893 2316 1947 Dotninus
2348 1901 2403 1947 et
2431 1891 2572 1947 Deus
2600 1900 2681 1946 est
2712 1891 3056 1962 praedicatus.

273 1990 396 2045 nior
422 2003 650 2059 namque
678 2001 865 2042 eorum
892 1995 1150 2042 tractatus
1179 1984 1636 2055 propositionibus
1657 1986 1871 2040 caneris

281 2090 603 2138 reservatur.
646 2078 799 2135 Nunc
844 2080 985 2135 enim
1028 2089 1232 2134 tantum
1281 2078 1346 2134 ad
1391 2079 1443 2134 id
1491 2080 1866 2149 respondetur,

285 2173 428 2246 quod
470 2174 521 2228 in
552 2172 884 2243 expositione
916 2171 1044 2227 ﬁdei
1083 2188 1196 2227 sua:
1217 2214 1232 2239 ,
1268 2172 1350 2227 vel
1384 2171 1562 2243 potius
1590 2170 1829 2242 perfidia:
1854 2213 1868 2238 ,

282 2267 352 2322 ab
390 2267 568 2338 impiis
597 2266 796 2322 dictum
843 2274 957 2332 est,
990 2281 1150 2320 unum
1180 2273 1385 2320 tantum
1421 2266 1586 2320 Demn
1632 2280 1659 2318 a
1691 2265 1874 2338 Moyse

277 2359 641 2432 pra-dicatum.
689 2360 753 2414 Et
783 2375 911 2414 vere
961 2360 1030 2414 ita
1086 2358 1435 2429 prredicatum
1486 2357 1869 2427 meminimus,

274 2452 397 2524 quia
451 2468 587 2509 unus
631 2453 746 2527 88
788 2452 931 2508 Deus
977 2460 1154 2507 estex
1210 2466 1318 2522 quo
1362 2452 1544 2506 omnia
1578 2469 1591 2505 :
1622 2450 1716 2507 sed
1764 2466 1874 2508 non

274 2554 558 2617 propterea
609 2544 967 2615 iguorandum
1007 2559 1166 2611 esse,
1199 2544 1322 2614 quia
1369 2542 1538 2599 Filius
1569 2544 1710 2599 Deus
1756 2555 1872 2611 est;

272 2652 397 2692 eum
442 2636 583 2692 idem
629 2637 844 2709 Moyses
878 2636 1050 2693 Deum
1077 2646 1132 2692 et
1181 2637 1347 2692 Deum
1396 2645 1509 2691 toto
1555 2635 1749 2709 Operis
1792 2638 1875 2693 sui

272 2744 504 2800 corpore
549 2728 620 2785 sit
661 2728 963 2801 professus.
1012 2730 1178 2799 Igitur
1222 2729 1515 2786 videndum
1559 2742 1681 2796 est,
1742 2747 1878 2802 quo-

269 2824 437 2880 modo
483 2822 559 2897 (b)
591 2832 646 2880 et
684 2824 879 2880 electio
910 2833 962 2879 et
992 2822 1070 2896 (2)
1102 2823 1368 2895 legislalio
1415 2823 1580 2880 Deum
1625 2832 1680 2881 et
1709 2825 1876 2882 Deum

267 2919 394 2991 pari
423 2916 784 2974 confessionis
811 2917 1003 2973 ordine
1033 2917 1311 2989 praedicet.

342 3012 439 3070 25.
474 3011 700 3085 Angelus
748 3009 850 3067 Dei
900 3012 1040 3083 Agar
1091 3012 1365 3079 allocutus,
1405 3011 1545 3066 Deus
1579 3021 1671 3068 est.
1704 3009 1878 3068 Filius

269 3118 319 3164 et
382 3107 598 3181 angelus
650 3105 746 3162 Dei
799 3114 849 3162 et
890 3104 1057 3162 Deus.
1113 3136 1187 3147 —
1234 3106 1361 3162 Post
1412 3106 1609 3162 multas
1646 3123 1880 3178 namque

272 3201 377 3258 Dei
441 3201 508 3256 ad
587 3199 857 3256 Abraham
925 3200 1320 3269 allocutiones,
1391 3216 1513 3256 eum
1593 3201 1878 3256 adversum

2048 1983 2137 2039 24.
2179 1982 2281 2039 Cur
2298 1984 2433 2038 idem
2462 1984 2673 2055 loquens
2695 1984 2762 2038 ad
2788 1983 2930 2057 Agar
2950 1976 3163 2056 angelus
3185 2026 3203 2054 ,
3226 1984 3297 2039 ad
3328 1984 3588 2039 Abraham

1979 2078 2121 2134 Deus
2165 2080 2386 2134 dicatur.
2426 2109 2498 2120 —
2544 2078 2609 2133 Et
2657 2079 2744 2133 ltic
2782 2078 2998 2150 quidem
3049 2080 3283 2149 primum
3318 2078 3584 2149 angelus,

1979 2174 2173 2231 deinde
2214 2173 2354 2229 idem
2387 2185 2571 2245 postea
2605 2182 2659 2228 et
2703 2174 2963 2229 Dominus
2992 2182 3046 2228 et
3071 2172 3216 2228 Deus
3250 2191 3263 2225 :
3305 2172 3371 2228 ad
3419 2171 3591 2227 Abra-

1979 2273 2101 2325 ham
2130 2283 2263 2324 vero
2304 2275 2507 2327 tantum
2540 2266 2704 2322 Deus.
2738 2265 2879 2322 Tuto
2928 2267 3072 2321 enim
3097 2307 3113 2332 ,
3161 2266 3273 2335 jam
3320 2279 3583 2335 persona-

1979 2378 2096 2418 rum
2128 2360 2208 2435 (4)
2237 2360 2565 2416 discretione
2588 2359 2887 2431 praemissa,
2920 2375 2988 2415 ne
3019 2357 3248 2414 solitarii
3276 2373 3430 2415 error
3451 2357 3582 2412 sub-

1978 2465 2159 2519 esset,
2212 2454 2520 2511 absolutum
2566 2463 2619 2509 et
2650 2470 2835 2509 verum
2871 2453 3126 2528 890jus
3172 2468 3367 2509 nomen
3414 2452 3585 2511 edici-

1982 2558 2087 2605 tur.
2134 2549 2408 2620 Scriptum
2441 2564 2676 2621 namque
2709 2558 2793 2604 est
2825 2568 2839 2604 :
2876 2548 2944 2603 Et
2974 2549 3106 2603 dixit
3138 2547 3281 2603 Deus
3310 2549 3381 2602 ad
3416 2547 3586 2602 Abra-

1981 2641 2132 2710 ham,
2166 2640 2299 2697 Ecce
2328 2641 2463 2697 Sara
2491 2657 2623 2698 uxor
2650 2650 2738 2696 tua
2766 2640 2931 2712 pariet
2966 2640 3135 2710 ﬁlium
3164 2640 3282 2706 tibi,
3308 2649 3357 2694 et
3384 2638 3586 2694 vocabis

1982 2749 2164 2788 nomen
2204 2733 2318 2804 ejus
2351 2731 2503 2788 Isaac
2537 2750 2555 2788 :
2587 2741 2631 2787 et
2660 2742 2886 2787 statuam
2926 2742 3283 2788 testamentum
3323 2749 3491 2788 meum
3517 2733 3587 2787 ad

1982 2828 2130 2883 illum
2170 2827 2224 2882 in
2253 2837 2610 2882 testamentum
2638 2836 2884 2883 teternum
2910 2870 2924 2894 ,
2954 2837 3001 2882 et
3027 2827 3209 2883 semini
3238 2827 3349 2898 ejus
3378 2836 3491 2897 post
3514 2826 3585 2881 il-

1984 2921 2110 2978 lum.
2141 2919 2219 2976 De
2246 2919 2440 2975 lsmael
2461 2931 2652 2988 autem,
2680 2936 2794 2975 ecce
2823 2921 3066 2976 exaudiui
3097 2929 3164 2987 te,
3186 2930 3234 2975 et
3257 2920 3489 2975 benedixi
3517 2919 3584 2984 ei,

1983 3025 2030 3068 et
2060 3011 2385 3086 amplificatio
2415 3029 2527 3068 eum
2569 3012 2718 3068 valde
2751 3029 2770 3067 :
2802 3013 3069 3068 duodecim
3097 3020 3272 3084 gentes
3293 3010 3584 3083 generabit.

1985 3117 2031 3163 et
2060 3106 2189 3161 dabo
2214 3123 2330 3162 eum
2358 3107 2408 3158 in
2436 3115 2632 3179 gentem
2659 3121 2897 3178 magnam
2925 3101 3083 3176 (Gen.
3124 3119 3254 3169 xm,
3291 3103 3358 3159 l9
3386 3144 3403 3171 ,
3462 3103 3581 3175 20).

1989 3196 2259 3266 Numquid
2284 3196 2594 3267 ambigitur,
2630 3196 2755 3266 quin
2784 3197 2872 3267 qui
2902 3196 3127 3266 angelus
3155 3194 3250 3251 Dei
3280 3196 3455 3250 dictus
3478 3207 3582 3261 est,

268 3298 422 3366 Agar
477 3294 607 3352 Sara
666 3304 1103 3350 commoveretur
1126 3337 1141 3361 ,
1182 3295 1465 3366 conceptui
1517 3296 1726 3350 ancilla:
1779 3295 1877 3349 do-
1909 3302 1955 3368 ρ
1987 3294 2128 3351 idem
2159 3310 2374 3349 rursum
2406 3292 2617 3349 dicatur
2643 3300 2699 3348 et
2727 3292 2907 3347 Deus?
2936 3291 3255 3361 Pariterque
3297 3290 3365 3346 de
3393 3289 3585 3346 lsmael

268 3388 421 3445 mina
476 3388 681 3446 sterilis
729 3388 993 3455 invidens,
1027 3404 1258 3459 eumque
1285 3387 1627 3445 discessisset
1670 3404 1698 3443 a
1751 3403 1882 3445 con-

267 3492 466 3555 Spectu
529 3484 685 3554 ejus,
763 3485 836 3538 ita
889 3481 958 3538 de
1026 3497 1087 3537 ea
1152 3481 1426 3552 Scriptura
1474 3483 1764 3550 loquitur:
1810 3480 1881 3538 Et

268 3578 406 3633 dixit
426 3578 654 3650 Angelus
675 3575 888 3631 Domini
910 3575 978 3629 ad
1000 3575 1162 3648 Agar,
1194 3573 1325 3630 Redi
1345 3576 1415 3629 ad
1435 3574 1697 3630 dominam
1713 3585 1877 3643 tuam,

267 3682 317 3728 et
376 3669 594 3725 humilia
629 3679 677 3725 te
721 3669 815 3724 sub
864 3668 1100 3723 manibus
1139 3667 1267 3739 ejus.
1309 3667 1376 3722 Et
1406 3668 1538 3723 dixit
1567 3668 1613 3721 ei
1651 3667 1879 3739 Angelus

267 3764 519 3831 Domini,
555 3762 907 3836 Multiplicans
932 3760 1279 3833 multiplicabo
1308 3778 1477 3816 semen
1509 3772 1670 3823 tuum,
1697 3771 1743 3816 et
1770 3778 1876 3816 non

263 3856 684 3913 dinumerabitur
710 3873 744 3910 α
787 3854 1115 3910 multitudine
1146 3852 1298 3926 (Cen.
1345 3870 1460 3919 xvr,
1497 3853 1531 3910 9
1566 3895 1581 3920 ,
1647 3853 1760 3926 10).
1806 3852 1876 3909 Et

264 3969 494 4010 rursum
534 3971 547 4007 :
581 3952 644 4008 Et
672 3954 864 4007 vocavit
903 3966 1082 4005 nomen
1114 3947 1325 4004 Domini
1349 3950 1436 4018 qui
1462 3949 1761 4018 loquebatur
1795 3964 1876 4003 se-

263 4060 393 4103 cum
418 4090 433 4113 ,
456 4047 534 4101 Tu
578 4044 717 4101 Deus
747 4047 831 4114 qui
873 4044 1157 4116 adspexisti
1204 4061 1280 4097 me
1312 4042 1499 4116 (lbid.,
1532 4043 1644 4113 15).
1696 4046 1875 4114 Ange-

258 4141 356 4197 lus
386 4139 464 4214 (c)
508 4139 599 4196 Dei
646 4138 883 4207 loquitur
945 4136 1184 4208 (duplex
1227 4143 1404 4189 autem
1456 4133 1508 4189 in
1550 4134 1743 4205 angelo
1782 4135 1874 4192 Dei

261 4234 596 4307 significatio
625 4241 709 4290 est
755 4251 768 4287 :
813 4233 928 4303 ipse
956 4232 1048 4302 qui
1078 4239 1193 4297 est,
1225 4239 1278 4285 et
1304 4217 1397 4285 ille
1427 4229 1581 4300 cujus
1609 4238 1690 4285 est
1720 4228 1740 4300 )
1775 4247 1788 4283 :
1822 4238 1877 4285 et

263 4331 519 4403 loquitur
563 4344 670 4384 non
713 4343 800 4384 res
844 4325 1138 4383 secundum
1191 4339 1388 4380 nutnen
1443 4320 1609 4378 oflicii
1655 4322 1769 4389 sui;
1803 4322 1879 4379 ait

338 4470 359 4540 (
368 4468 395 4522 ί
462 4465 777 4540 laetabatur.

334 4537 429 4612 (2)
460 4537 775 4612 Legisdatio.

337 4609 432 4686 (5)
467 4609 595 4677 eam
618 4609 750 4665 sola.

1985 3403 2166 3445 sermo
2196 3398 2274 3444 est
2300 3430 2314 3452 ,
2341 3394 2399 3442 et
2438 3401 2582 3441 nunc
2612 3393 2668 3441 et
2695 3384 2896 3440 dudum
2928 3383 3367 3455 multiplicandus
3395 3383 3462 3439 ab
3492 3400 3587 3439 ec-

1984 3480 2107 3536 dcm
2135 3488 2237 3537 est.
2271 3479 2336 3535 Et
2373 3496 2441 3535 ne
2470 3478 2608 3534 forte
2639 3493 2743 3533 non
2773 3476 2915 3533 idem
2944 3520 2958 3543 ,
2987 3476 3078 3549 qui
3107 3483 3254 3533 esset
3282 3476 3488 3531 loeutus
3514 3475 3581 3531 ad

1983 3575 2148 3646 Agar,
2180 3590 2285 3628 non
2318 3572 2464 3643 loqui
2488 3571 2834 3628 crederetur:
2864 3570 3110 3643 ejusdem
3142 3584 3389 3641 persona:
3416 3569 3584 3640 signi-

1983 3667 2289 3723 ﬁcationem
2321 3666 2538 3721 divinus
2577 3680 2757 3721 sermo
2790 3672 3016 3719 testatur
3039 3706 3053 3730 ,
3083 3663 3271 3720 dicens
3291 3705 3307 3727 ,
3340 3661 3406 3717 Et
3432 3662 3586 3718 bene-

1981 3760 2092 3815 dixi
2115 3758 2195 3830 (5)
2217 3760 2328 3815 eiet
2356 3756 2425 3831 (e)
2450 3756 2799 3829 multiplicabo
2830 3773 2965 3811 eum.
2999 3756 3311 3813 Benedictio
3334 3771 3404 3812 ex
3439 3771 3581 3827 pra:-

1980 3853 2139 3910 terito
2170 3863 2287 3920 est;
2320 3852 2432 3924 jam
2463 3854 2604 3907 enim
2633 3852 2699 3906 ad
2740 3854 2883 3924 Agar
2912 3866 3092 3906 sermo
3121 3850 3292 3906 fuerat
3316 3868 3328 3905 :
3350 3848 3428 3922 (f)
3457 3865 3579 3904 am-

1974 3947 2234 4019 pliﬁcatio
2283 3962 2412 4002 vero
2446 3948 2498 4001 in
2552 3945 2817 4010 futurum;
2875 3959 3017 3999 nunc
3073 3936 3477 4012 enim'primum
3509 3942 3576 3997 ad

1976 4043 2249 4098 Abraham
2278 4041 2346 4097 de
2366 4041 2557 4099 lsmael
2584 4041 2724 4096 Deus
2742 4039 2998 4110 loquitur.
3023 4034 3100 4110 (g)
3128 4035 3192 4091 Et
3213 4034 3278 4090 ad
3303 4033 3576 4091 Abraham

1982 4136 2126 4191 Deus
2151 4135 2421 4207 loquitur;
2445 4134 2511 4189 ad
2538 4136 2685 4204 Agar
2711 4146 2840 4188 vero
2864 4129 3091 4200 angelus
3121 4128 3214 4185 Dei
3239 4127 3451 4183 locutus
3472 4137 3577 4183 est.

1983 4228 2125 4283 Deus
2167 4227 2330 4299 igitur
2358 4235 2442 4282 est
2465 4269 2480 4296 ,
2510 4226 2600 4298 qui
2637 4224 2713 4298 th)
2745 4231 2801 4280 et
2828 4222 3054 4296 angelus
3080 4233 3165 4277 est
3196 4236 3210 4274 :
3253 4221 3379 4292 quia
3405 4222 3495 4292 qui
3525 4231 3582 4277 et

1980 4323 2205 4395 angelus
2233 4322 2328 4378 Dei
2355 4330 2472 4389 est,
2508 4321 2649 4378 Deus
2677 4330 2852 4378 estex
2885 4318 2994 4375 Deo
3038 4323 3218 4371 natus.
3263 4314 3358 4372 Dei
3397 4323 3579 4373 autem

2054 4459 2135 4533 (4)
2177 4461 2536 4533 Distinctione.

2056 4533 2137 4608 (5)
2177 4532 2335 4603 Eum,
2359 4542 2407 4589 et
2432 4532 2761 4606 ampli/icabo
2783 4546 2920 4588 eum.

341 4750 431 4825 (α)
461 4751 595 4806 Pim-
623 4764 745 4825 ίιυαε
772 4747 823 4802 in
847 4744 1047 4825 eodem.
1077 4745 1240 4825 Prov;
1266 4742 1688 4825 ωριιιαυεηιεξν
1775 4738 1884 4825 Ito-
1908 4742 1964 4804 D
1991 4734 2477 4825 ςενειηεειὶορῐτετίπ
2500 4727 3587 4825 "essetesset:luntres:“te

259 4814 449 4879 minus
491 4814 682 4876 creavit
723 4838 835 4888 me,
866 4828 1003 4884 etc.,
1035 4817 1087 4873 in
1132 4816 1327 4889 quibus
1357 4814 1693 4871 illustrandis
1741 4821 1883 4868 totus

257 4897 389 4953 fere
425 4895 561 4950 liber
586 4909 656 4949 xu
678 4935 693 4955 .
727 4900 1042 4961 occupatur.

337 4966 427 5039 (b)
454 4954 815 5039 Apttd._hips.
847 4954 904 5016 et
927 4962 1076 5039 Pan,
1106 4968 1151 5015 et
1180 4956 1713 5039 lectio_et_leg_islatio.
1742 4954 1883 5010 Rec-

257 5028 378 5095 tius
405 5028 536 5092 aliis
561 5037 612 5091 in
647 5028 821 5099 libris,
848 5043 896 5089 et
920 5033 1100 5089 electio
1126 5040 1173 5085 et
1202 5028 1612 5105 legislat‘io,'lto_e
1638 5038 1763 5105 est;
1783 5043 1883 5105 no_-_-

256 5127 402 5166 vum
436 5125 498 5163 ac
526 5117 679 5163 vetus
720 5098 1126 5162 Testamentum
1154 5143 1169 5166 ,
1213 5098 1509 5158 secundum
1553 5100 1684 5155 illud
1728 5098 1879 5155 Pauli

258 5185 442 5241 ltum.
478 5195 555 5245 st,
594 5181 624 5233 7
656 5198 671 5237 :
707 5176 859 5247 Quod
886 5177 1145 5246 quwrebat
1175 5172 1501 5247 lsraethoc
1530 5188 1632 5247 non
1657 5179 1731 5247 est
1755 5186 1880 5247 eon-

255 5263 484 5311 secutus
507 5293 522 5317 ,
543 5242 926 5307 velectiovautem
950 5258 1219 5301 consecuta
1244 5257 1335 5300 est.
1369 5246 1504 5301 Hinc
1531 5242 1879 5317 planius_jum

259 5328 369 5382 lib.
399 5340 455 5389 ν,
492 5314 546 5378 n.
571 5322 627 5384 2,
662 5321 727 5376 ad
760 5322 966 5375 huncce
990 5319 1186 5374 librum
1226 5318 1402 5372 habita
1432 5317 1640 5389 unione
1675 5332 1695 5389 ξ
1723 5314 1881 5370 Recte

255 5400 414 5456 enim
444 5386 611 5449 unum
640 5393 803 5448 Deum
826 5409 856 5445 a
885 5390 1068 5462 Moyse
1098 5390 1437 5462 prtcdicatum
1467 5386 1748 5462 Evangelia
1775 5395 1878 5442 tes-

259 5480 459 5527 tantur
485 5485 499 5521 :
526 5477 569 5519 el
594 5482 799 5536 rursum
821 5458 1040 5533 ﬁdelitér
1064 5458 1117 5515 in
1140 5460 1432 5536 Evangeliis
1453 5459 1620 5515 Deum
1646 5469 1694 5515 et
1720 5458 1880 5536 Deum

258 5541 489 5610 doceri,
510 5536 715 5610 Moyses
740 5531 909 5610 Deum
939 5551 1096 5610 unum
1116 5531 1403 5610 praedicans
1426 5542 1607 5586 auctor
1627 5541 1719 5587 est.
1745 5531 1882 5610 Hinc

257 5614 436 5670 facile
460 5603 687 5666 diluiiur
713 5609 982 5677 objeetum
1025 5603 1179 5671 illud,
1212 5604 1355 5673 quod
1385 5620 1485 5677 per
1512 5619 1572 5660 se
1606 5603 1875 5677 occurrit:

260 5688 327 5744 Si
360 5680 651 5740 electionis
690 5676 1123 5745 etlegislationis
1170 5677 1387 5732 nomine
1434 5676 1783 5747 Evangelium
1827 5680 1883 5729 et

262 5761 457 5830 legem
494 5754 761 5830 intelligat
802 5751 1040 5830 illiut-ius
1062 5790 1076 5815 ,
1112 5749 1494 5830 eurdeinceps
1524 5763 1594 5830 est
1618 5747 1731 5830 Sola
1760 5747 1882 5828 lege

261 5816 473 5887 etvnon
500 5842 563 5882 ex
600 5816 889 5895 Evangelio
917 5823 1084 5877 Deum
1111 5828 1174 5895 et
1195 5822 1361 5895 Deum
1386 5816 1642 5895 «istendit.
1672 5816 1882 5895 Quippe

265 5902 451 5958 Veluti
507 5914 622 5954 rem
667 5891 1003 5955 constantem
1056 5894 1241 5966 ponit,
1295 5894 1461 5950 Deum
1508 5901 1565 5949 et
1610 5892 1778 5948 Deum
1828 5891 1882 5945 in

1989 4819 2098 4864 tntn
2131 4801 2196 4864 ἐκ
2227 4807 2516 4876 Evangelia
2548 4801 2883 4873 lmecertum
2912 4804 3151 4876 futurum
3179 4801 3285 4867 sit,
3333 4815 3454 4876 cum
3499 4802 3585 4857 lex

1988 4892 2205 4937 ostensa
2234 4871 2403 4935 fuerit
2440 4877 2541 4932 hac
2570 4871 2732 4930 etiam
2776 4883 2923 4944 parte
2959 4889 3082 4928 eum
3117 4871 3409 4942 Evangelio
3450 4887 3585 4927 con-

1987 4953 2212 5008 sentire.
2246 4950 2401 5007 Unde
2426 4947 2653 5005 Genesis
2686 4946 2851 5001 Deum
2882 4954 2937 5000 et
2968 4945 3135 4999 Deum
3163 4944 3470 5011 eloruta,n.
3490 4944 3581 5011 18,

1986 5025 2183 5080 dicitur
2200 5065 2215 5088 ,
2249 5022 2595 5095 euangelicum
2622 5016 3358 5095 sacramentantﬁannuntians.

2057 5095 2138 5169 (ε)
2170 5087 2676 5169 Sola_edi_t_io_Par_.,
2720 5090 2944 5169 Angelus
2984 5087 3123 5169 Deus
3163 5104 3193 5169 :_
3222 5088 3484 5169 refellitur
3509 5101 3583 5169 es

1983 5160 2264 5224 subn'exis.
2304 5166 2383 5221 De
2404 5162 2748 5221 distinctione
2777 5160 2895 5233 ejus
2919 5161 3005 5233 qui
3032 5168 3105 5216 est
3146 5160 3215 5217 ab
3241 5173 3308 5216 eo
3334 5160 3481 5231 cujus
3512 5165 3588 5214 est

1984 5240 2094 5313 jam
2124 5250 2300 5294 actum
2326 5247 2411 5294 est
2435 5237 2502 5292 ad
2528 5235 2621 5291 lib.
2654 5250 2710 5294 tt.
2741 5251 2795 5288 n.
2827 5233 2918 5289 5‘2.

2062 5310 2142 5383 (d)
2171 5311 2226 5367 lu
2261 5311 2534 5383 plerisque
2563 5321 2628 5361 ac
2658 5305 3117 5383 po_t_ioribu_s_t_nss.
3145 5303 3421 5383 qua:__s_ola.

2061 5374 2135 5455 (ε)
2165 5374 2277 5440 Ms:
2312 5374 2539 5439 Carnut.
2593 5374 2875 5450 anipliabo.
2917 5377 3026 5434 Alii
3074 5374 3339 5442 nonnulli,
3397 5374 3591 5446 anipli-

2026 5456 2172 5512 cubo.

1985 5456 2294 5601 ﬁciii'us.
2334 5526 2489 5585 Colb.
2514 5541 2657 5601 cum
2699 5524 2886 5601 (ierat.
2932 5518 3242 5601 amplicabo.
3294 5517 3419 5601 V‘at.
3465 5518 3588 5601 bas.

1985 5589 2313 5672 ampliﬁcatio
2340 5616 2360 5655 :
2386 5599 2529 5669 quod
2562 5613 2667 5654 non
2699 5595 3033 5666 displiceret,
3065 5589 3115 5647 si
3145 5589 3293 5663 prius
3328 5590 3587 5662 benedixi,

1984 5686 2093 5727 non
2122 5672 2402 5727 benedictio
2425 5673 2713 5741 legeretur.

2059 5744 2135 5816 (g)
2162 5744 2344 5801 Verba
2364 5785 2378 5810 ,
2404 5754 2449 5797 et
2478 5735 2549 5795 ad
2585 5738 2847 5816 Abraham
2894 5736 3033 5792 Deus
3072 5736 3295 5809 loquitur
3316 5777 3330 5806 ,
3369 5735 3427 5794 in
3461 5743 3591 5794 ante

1986 5816 2219 5886 vulgatis
2242 5817 2464 5879 omissa,
2497 5815 2852 5886 restituuntur
2881 5826 2948 5886 ex_
2980 5824 3113 5886 mss.

1986 5850 2224 5962 ίυῧδιίδ
2664 5885 2753 5956 qui
2798 5884 3012 5957 angelus
3060 5880 3155 5938 Dei
3207 5880 3313 5951 est,
3358 5862 3477 5953 quin
3532 5866 3587 5934 et
