  <div class='ocr_page' id='page_1' title='image "/cluster/home/n/w/nwhite01/storage/ocr_20150623/10/hvd.32044015471279/063.png"; bbox 0 0 4040 6328; ppageno 0'>
   <div class='ocr_carea' id='block_1_1' title="bbox 424 290 520 345">
    <p class='ocr_par' dir='ltr' id='par_1_1' title="bbox 424 290 520 345">
     <span class='ocr_line' id='line_1_1' title="bbox 424 290 520 345; baseline 0 -1"><span class='ocrx_word' id='word_1_1' title='bbox 424 290 520 345; x_wconf 67' lang='lat' dir='ltr'><strong>H3</strong></span> 
     </span>
    </p>
   </div>
   <div class='ocr_carea' id='block_1_2' title="bbox 1598 284 2484 345">
    <p class='ocr_par' dir='ltr' id='par_1_2' title="bbox 1598 284 2484 345">
     <span class='ocr_line' id='line_1_2' title="bbox 1598 284 2484 345; baseline -0.005 -1"><span class='ocrx_word' id='word_1_2' title='bbox 1598 286 1843 344; x_wconf 67' lang='lat' dir='ltr'><strong>SANCTI</strong></span> <span class='ocrx_word' id='word_1_3' title='bbox 1883 285 2135 345; x_wconf 70' lang='lat' dir='ltr'><strong>lllLMlll</strong></span> <span class='ocrx_word' id='word_1_4' title='bbox 2182 284 2484 341; x_wconf 59' lang='lat' dir='ltr'><strong>lil’lSCthl</strong></span> 
     </span>
    </p>
   </div>
   <div class='ocr_carea' id='block_1_3' title="bbox 3618 258 3803 344">
    <p class='ocr_par' dir='ltr' id='par_1_3' title="bbox 3618 258 3803 344">
     <span class='ocr_line' id='line_1_3' title="bbox 3618 258 3803 344; baseline 0 0"><span class='ocrx_word' id='word_1_5' title='bbox 3618 289 3723 344; x_wconf 80' lang='lat' dir='ltr'><strong>HG</strong></span> <span class='ocrx_word' id='word_1_6' title='bbox 3797 258 3803 273; x_wconf 82' lang='grc'><em>’</em></span> 
     </span>
    </p>
   </div>
   <div class='ocr_carea' id='block_1_4' title="bbox 417 380 3810 479">
    <p class='ocr_par' dir='ltr' id='par_1_4' title="bbox 417 380 3810 479">
     <span class='ocr_line' id='line_1_4' title="bbox 417 380 3810 479; baseline 0.001 -18"><span class='ocrx_word' id='word_1_7' title='bbox 417 406 641 478; x_wconf 82' lang='lat' dir='ltr'><strong>angelus</strong></span> <span class='ocrx_word' id='word_1_8' title='bbox 661 408 733 463; x_wconf 87' lang='lat' dir='ltr'><strong>ob</strong></span> <span class='ocrx_word' id='word_1_9' title='bbox 759 407 811 463; x_wconf 91' lang='lat' dir='ltr'><strong>id</strong></span> <span class='ocrx_word' id='word_1_10' title='bbox 839 407 1033 474; x_wconf 86' lang='lat' dir='ltr'><strong>dictus,</strong></span> <span class='ocrx_word' id='word_1_11' title='bbox 1066 406 1187 479; x_wconf 78' lang='lat' dir='ltr'><strong>quis</strong></span> <span class='ocrx_word' id='word_1_12' title='bbox 1208 404 1383 478; x_wconf 79' lang='lat' dir='ltr'><strong>magni</strong></span> <span class='ocrx_word' id='word_1_13' title='bbox 1401 406 1615 461; x_wconf 88' lang='lat' dir='ltr'><strong>consilii</strong></span> <span class='ocrx_word' id='word_1_14' title='bbox 1644 406 1965 477; x_wconf 86' lang='lat' dir='ltr'><strong>estangelus</strong></span> <span class='ocrx_word' id='word_1_15' title='bbox 1998 423 2009 458; x_wconf 90' lang='lat'>:</span> <span class='ocrx_word' id='word_1_16' title='bbox 2040 405 2096 469; x_wconf 75' lang='grc' dir='ltr'><strong>Α</strong></span> <span class='ocrx_word' id='word_1_17' title='bbox 2120 416 2167 460; x_wconf 84' lang='grc' dir='ltr'><strong>ει</strong></span> <span class='ocrx_word' id='word_1_18' title='bbox 2200 407 2426 474; x_wconf 83' lang='lat' dir='ltr'><strong>concepit</strong></span> <span class='ocrx_word' id='word_1_19' title='bbox 2462 418 2507 463; x_wconf 88' lang='lat' dir='ltr'><strong>et</strong></span> <span class='ocrx_word' id='word_1_20' title='bbox 2535 409 2727 479; x_wconf 76' lang='lat' dir='ltr'><strong>peperit</strong></span> <span class='ocrx_word' id='word_1_21' title='bbox 2757 408 2891 463; x_wconf 90' lang='lat' dir='ltr'><strong>Sara</strong></span> <span class='ocrx_word' id='word_1_22' title='bbox 2917 407 3138 463; x_wconf 68' lang='lat' dir='ltr'><strong>Abrahae</strong></span> <span class='ocrx_word' id='word_1_23' title='bbox 3163 407 3331 479; x_wconf 76' lang='lat' dir='ltr'><strong>ﬁlium</strong></span> <span class='ocrx_word' id='word_1_24' title='bbox 3377 408 3432 464; x_wconf 88' lang='lat' dir='ltr'><strong>in</strong></span> <span class='ocrx_word' id='word_1_25' title='bbox 3473 421 3725 467; x_wconf 81' lang='lat' dir='ltr'><strong>senectute</strong></span> <span class='ocrx_word' id='word_1_26' title='bbox 3796 380 3810 439; x_wconf 63' lang='grc' dir='ltr'>ί</span> 
     </span>
    </p>
   </div>
   <div class='ocr_carea' id='block_1_5' title="bbox 421 496 2016 573">
    <p class='ocr_par' dir='ltr' id='par_1_5' title="bbox 421 496 2016 573">
     <span class='ocr_line' id='line_1_5' title="bbox 421 496 2016 573; baseline -0.003 -17"><span class='ocrx_word' id='word_1_27' title='bbox 421 502 562 558; x_wconf 85' lang='lat' dir='ltr'><strong>Deus</strong></span> <span class='ocrx_word' id='word_1_28' title='bbox 605 517 738 557; x_wconf 84' lang='lat' dir='ltr'><strong>vero</strong></span> <span class='ocrx_word' id='word_1_29' title='bbox 783 500 924 557; x_wconf 89' lang='lat' dir='ltr'><strong>idem</strong></span> <span class='ocrx_word' id='word_1_30' title='bbox 968 510 1149 572; x_wconf 86' lang='lat' dir='ltr'><strong>postea</strong></span> <span class='ocrx_word' id='word_1_31' title='bbox 1190 497 1595 555; x_wconf 88' lang='lat' dir='ltr'><strong>demonstratus</strong></span> <span class='ocrx_word' id='word_1_32' title='bbox 1641 507 1762 573; x_wconf 81' lang='lat' dir='ltr'><strong>est,</strong></span> <span class='ocrx_word' id='word_1_33' title='bbox 1816 514 1881 553; x_wconf 90' lang='lat' dir='ltr'><strong>ne</strong></span> <span class='ocrx_word' id='word_1_34' title='bbox 1924 496 2016 569; x_wconf 88' lang='lat' dir='ltr'><strong>qui</strong></span> 
     </span>
    </p>
   </div>
   <div class='ocr_carea' id='block_1_6' title="bbox 423 590 2020 666">
    <p class='ocr_par' dir='ltr' id='par_1_6' title="bbox 423 590 2020 666">
     <span class='ocr_line' id='line_1_6' title="bbox 423 590 2020 666; baseline -0.001 -18"><span class='ocrx_word' id='word_1_35' title='bbox 423 594 562 651; x_wconf 86' lang='lat' dir='ltr'><strong>Deus</strong></span> <span class='ocrx_word' id='word_1_36' title='bbox 606 605 708 657; x_wconf 89' lang='lat' dir='ltr'><strong>est,</strong></span> <span class='ocrx_word' id='word_1_37' title='bbox 741 610 862 659; x_wconf 83' lang='lat' dir='ltr'><strong>esse</strong></span> <span class='ocrx_word' id='word_1_38' title='bbox 887 593 1111 666; x_wconf 81' lang='lat' dir='ltr'><strong>angelus</strong></span> <span class='ocrx_word' id='word_1_39' title='bbox 1141 591 1475 648; x_wconf 71' lang='lat' dir='ltr'><strong>crederetur.</strong></span> <span class='ocrx_word' id='word_1_40' title='bbox 1524 590 1794 662; x_wconf 82' lang='lat' dir='ltr'><strong>Sequatur</strong></span> <span class='ocrx_word' id='word_1_41' title='bbox 1838 605 2020 646; x_wconf 84' lang='lat' dir='ltr'><strong>sermo</strong></span> 
     </span>
    </p>
   </div>
   <div class='ocr_carea' id='block_1_7' title="bbox 424 682 2023 757">
    <p class='ocr_par' dir='ltr' id='par_1_7' title="bbox 424 682 2023 757">
     <span class='ocr_line' id='line_1_7' title="bbox 424 682 2023 757; baseline 0 -15"><span class='ocrx_word' id='word_1_42' title='bbox 424 687 670 743; x_wconf 85' lang='lat' dir='ltr'><strong>ordinem</strong></span> <span class='ocrx_word' id='word_1_43' title='bbox 714 702 913 747; x_wconf 82' lang='lat' dir='ltr'><strong>rerum.</strong></span> <span class='ocrx_word' id='word_1_44' title='bbox 983 685 1221 757; x_wconf 80' lang='lat' dir='ltr'><strong>Angelus</strong></span> <span class='ocrx_word' id='word_1_45' title='bbox 1255 684 1463 740; x_wconf 90' lang='lat' dir='ltr'><strong>Domini</strong></span> <span class='ocrx_word' id='word_1_46' title='bbox 1510 682 1577 739; x_wconf 87' lang='lat' dir='ltr'><strong>ad</strong></span> <span class='ocrx_word' id='word_1_47' title='bbox 1616 683 1763 756; x_wconf 85' lang='lat' dir='ltr'><strong>Agar</strong></span> <span class='ocrx_word' id='word_1_48' title='bbox 1810 685 2023 742; x_wconf 79' lang='lat' dir='ltr'><strong>locutus</strong></span> 
     </span>
    </p>
   </div>
   <div class='ocr_carea' id='block_1_8' title="bbox 423 773 2024 847">
    <p class='ocr_par' dir='ltr' id='par_1_8' title="bbox 423 773 2024 847">
     <span class='ocr_line' id='line_1_8' title="bbox 423 773 2024 847; baseline -0.003 -12"><span class='ocrx_word' id='word_1_49' title='bbox 423 787 541 846; x_wconf 88' lang='lat' dir='ltr'><strong>est;</strong></span> <span class='ocrx_word' id='word_1_50' title='bbox 581 779 719 833; x_wconf 83' lang='lat' dir='ltr'><strong>idem</strong></span> <span class='ocrx_word' id='word_1_51' title='bbox 752 777 817 833; x_wconf 87' lang='lat' dir='ltr'><strong>ad</strong></span> <span class='ocrx_word' id='word_1_52' title='bbox 848 776 1120 832; x_wconf 84' lang='lat' dir='ltr'><strong>Abraham</strong></span> <span class='ocrx_word' id='word_1_53' title='bbox 1170 777 1311 831; x_wconf 92' lang='lat' dir='ltr'><strong>Deus</strong></span> <span class='ocrx_word' id='word_1_54' title='bbox 1343 775 1579 847; x_wconf 90' lang='lat' dir='ltr'><strong>loquitur</strong></span> <span class='ocrx_word' id='word_1_55' title='bbox 1599 817 1614 842; x_wconf 96' lang='lat'><strong>,</strong></span> <span class='ocrx_word' id='word_1_56' title='bbox 1642 792 1706 831; x_wconf 82' lang='lat' dir='ltr'><strong>ex</strong></span> <span class='ocrx_word' id='word_1_57' title='bbox 1736 774 1925 831; x_wconf 90' lang='lat' dir='ltr'><strong>eodem</strong></span> <span class='ocrx_word' id='word_1_58' title='bbox 1955 773 2024 830; x_wconf 91' lang='lat' dir='ltr'><strong>ad</strong></span> 
     </span>
    </p>
   </div>
   <div class='ocr_carea' id='block_1_9' title="bbox 425 869 2025 944">
    <p class='ocr_par' dir='ltr' id='par_1_9' title="bbox 425 869 2025 944">
     <span class='ocr_line' id='line_1_9' title="bbox 425 869 2025 944; baseline -0.003 -15"><span class='ocrx_word' id='word_1_59' title='bbox 425 882 713 944; x_wconf 88' lang='lat' dir='ltr'><strong>utrumque</strong></span> <span class='ocrx_word' id='word_1_60' title='bbox 742 871 800 926; x_wconf 86' lang='lat' dir='ltr'><strong>lit</strong></span> <span class='ocrx_word' id='word_1_61' title='bbox 829 888 1034 926; x_wconf 85' lang='lat' dir='ltr'><strong>sermo.</strong></span> <span class='ocrx_word' id='word_1_62' title='bbox 1054 869 1397 927; x_wconf 77' lang='lat' dir='ltr'><strong>Benedicitur</strong></span> <span class='ocrx_word' id='word_1_63' title='bbox 1421 869 1628 937; x_wconf 82' lang='lat' dir='ltr'><strong>lsmael,</strong></span> <span class='ocrx_word' id='word_1_64' title='bbox 1661 870 1784 925; x_wconf 88' lang='lat' dir='ltr'><strong>etin</strong></span> <span class='ocrx_word' id='word_1_65' title='bbox 1808 876 2025 940; x_wconf 82' lang='lat' dir='ltr'><strong>gentem</strong></span> 
     </span>
    </p>
   </div>
   <div class='ocr_carea' id='block_1_10' title="bbox 424 961 1648 1038">
    <p class='ocr_par' dir='ltr' id='par_1_10' title="bbox 424 961 1648 1038">
     <span class='ocr_line' id='line_1_10' title="bbox 424 961 1648 1038; baseline -0.003 -17"><span class='ocrx_word' id='word_1_66' title='bbox 424 981 671 1038; x_wconf 86' lang='lat' dir='ltr'><strong>magnam</strong></span> <span class='ocrx_word' id='word_1_67' title='bbox 699 962 1116 1033; x_wconf 71' lang='lat' dir='ltr'><strong>ainpliﬁrandus</strong></span> <span class='ocrx_word' id='word_1_68' title='bbox 1142 977 1263 1017; x_wconf 88' lang='lat' dir='ltr'><strong>esse</strong></span> <span class='ocrx_word' id='word_1_69' title='bbox 1294 961 1648 1031; x_wconf 73' lang='lat' dir='ltr'><strong>promittitur.</strong></span> 
     </span>
    </p>
   </div>
   <div class='ocr_carea' id='block_1_11' title="bbox 493 1052 2029 1131">
    <p class='ocr_par' dir='ltr' id='par_1_11' title="bbox 493 1052 2029 1131">
     <span class='ocr_line' id='line_1_11' title="bbox 493 1052 2029 1131; baseline -0.001 -20"><span class='ocrx_word' id='word_1_70' title='bbox 493 1060 583 1113; x_wconf 72' lang='lat'><strong>25.</strong></span> <span class='ocrx_word' id='word_1_71' title='bbox 615 1058 925 1129; x_wconf 75' lang='lat' dir='ltr'><strong>Referuntur</strong></span> <span class='ocrx_word' id='word_1_72' title='bbox 950 1067 993 1109; x_wconf 83' lang='lat' dir='ltr'><strong>et</strong></span> <span class='ocrx_word' id='word_1_73' title='bbox 1014 1056 1124 1131; x_wconf 84' lang='lat' dir='ltr'><strong>alia</strong></span> <span class='ocrx_word' id='word_1_74' title='bbox 1153 1056 1278 1119; x_wconf 81' lang='lat' dir='ltr'><strong>visa,</strong></span> <span class='ocrx_word' id='word_1_75' title='bbox 1304 1054 1459 1122; x_wconf 86' lang='lat' dir='ltr'><strong>dicta,</strong></span> <span class='ocrx_word' id='word_1_76' title='bbox 1489 1063 1728 1126; x_wconf 77' lang='lat' dir='ltr'><strong>gesta.—</strong></span> <span class='ocrx_word' id='word_1_77' title='bbox 1751 1052 2029 1123; x_wconf 77' lang='lat' dir='ltr'><strong>Scriptura</strong></span> 
     </span>
    </p>
   </div>
   <div class='ocr_carea' id='block_1_12' title="bbox 427 1147 2031 1221">
    <p class='ocr_par' dir='ltr' id='par_1_12' title="bbox 427 1147 2031 1221">
     <span class='ocr_line' id='line_1_12' title="bbox 427 1147 2031 1221; baseline -0.004 -15"><span class='ocrx_word' id='word_1_78' title='bbox 427 1161 480 1206; x_wconf 91' lang='lat' dir='ltr'><strong>ct</strong></span> <span class='ocrx_word' id='word_1_79' title='bbox 513 1166 607 1221; x_wconf 88' lang='lat' dir='ltr'><strong>per</strong></span> <span class='ocrx_word' id='word_1_80' title='bbox 635 1148 905 1204; x_wconf 77' lang='lat' dir='ltr'><strong>Abraham</strong></span> <span class='ocrx_word' id='word_1_81' title='bbox 934 1189 948 1207; x_wconf 88' lang='lat'><strong>.</strong></span> <span class='ocrx_word' id='word_1_82' title='bbox 985 1148 1150 1203; x_wconf 89' lang='lat' dir='ltr'><strong>Deum</strong></span> <span class='ocrx_word' id='word_1_83' title='bbox 1198 1162 1320 1203; x_wconf 83' lang='lat' dir='ltr'><strong>esse</strong></span> <span class='ocrx_word' id='word_1_84' title='bbox 1348 1148 1434 1218; x_wconf 90' lang='lat' dir='ltr'><strong>qui</strong></span> <span class='ocrx_word' id='word_1_85' title='bbox 1469 1147 1780 1216; x_wconf 89' lang='lat' dir='ltr'><strong>loqueretur</strong></span> <span class='ocrx_word' id='word_1_86' title='bbox 1800 1187 1813 1209; x_wconf 90' lang='lat'><strong>,</strong></span> <span class='ocrx_word' id='word_1_87' title='bbox 1842 1154 2031 1201; x_wconf 81' lang='lat' dir='ltr'><strong>osten-</strong></span> 
     </span>
    </p>
   </div>
   <div class='ocr_carea' id='block_1_13' title="bbox 428 1238 2035 1315">
    <p class='ocr_par' dir='ltr' id='par_1_13' title="bbox 428 1238 2035 1315">
     <span class='ocr_line' id='line_1_13' title="bbox 428 1238 2035 1315; baseline -0.004 -13"><span class='ocrx_word' id='word_1_88' title='bbox 428 1247 528 1302; x_wconf 88' lang='lat' dir='ltr'><strong>dit.</strong></span> <span class='ocrx_word' id='word_1_89' title='bbox 559 1246 789 1300; x_wconf 74' lang='lat' dir='ltr'><strong>Abrahae</strong></span> <span class='ocrx_word' id='word_1_90' title='bbox 828 1258 1041 1315; x_wconf 91' lang='lat' dir='ltr'><strong>quoque</strong></span> <span class='ocrx_word' id='word_1_91' title='bbox 1066 1241 1217 1297; x_wconf 84' lang='lat' dir='ltr'><strong>Isaac</strong></span> <span class='ocrx_word' id='word_1_92' title='bbox 1263 1240 1398 1297; x_wconf 82' lang='lat' dir='ltr'><strong>tilius</strong></span> <span class='ocrx_word' id='word_1_93' title='bbox 1443 1242 1794 1311; x_wconf 82' lang='lat' dir='ltr'><strong>promittitur.</strong></span> <span class='ocrx_word' id='word_1_94' title='bbox 1832 1238 2035 1295; x_wconf 87' lang='lat' dir='ltr'><strong>Dehinc</strong></span> 
     </span>
    </p>
   </div>
   <div class='ocr_carea' id='block_1_14' title="bbox 430 1332 2036 1412">
    <p class='ocr_par' dir='ltr' id='par_1_14' title="bbox 430 1332 2036 1412">
     <span class='ocr_line' id='line_1_14' title="bbox 430 1332 2036 1412; baseline -0.006 -16"><span class='ocrx_word' id='word_1_95' title='bbox 430 1347 621 1412; x_wconf 86' lang='lat' dir='ltr'><strong>postea</strong></span> <span class='ocrx_word' id='word_1_96' title='bbox 649 1339 914 1393; x_wconf 86' lang='lat' dir='ltr'><strong>assistunt</strong></span> <span class='ocrx_word' id='word_1_97' title='bbox 946 1337 1042 1391; x_wconf 79' lang='lat' dir='ltr'><strong>viri</strong></span> <span class='ocrx_word' id='word_1_98' title='bbox 1070 1344 1202 1391; x_wconf 87' lang='lat' dir='ltr'><strong>tres.</strong></span> <span class='ocrx_word' id='word_1_99' title='bbox 1229 1334 1501 1389; x_wconf 85' lang='lat' dir='ltr'><strong>Abraham</strong></span> <span class='ocrx_word' id='word_1_100' title='bbox 1532 1333 1836 1403; x_wconf 78' lang='lat' dir='ltr'><strong>conspectis</strong></span> <span class='ocrx_word' id='word_1_101' title='bbox 1863 1332 2036 1388; x_wconf 86' lang='lat' dir='ltr'><strong>tribus</strong></span> 
     </span>
    </p>
   </div>
   <div class='ocr_carea' id='block_1_15' title="bbox 433 1429 2036 1499">
    <p class='ocr_par' dir='ltr' id='par_1_15' title="bbox 433 1429 2036 1499">
     <span class='ocr_line' id='line_1_15' title="bbox 433 1429 2036 1499; baseline -0.005 -10"><span class='ocrx_word' id='word_1_102' title='bbox 433 1451 599 1490; x_wconf 89' lang='lat' dir='ltr'><strong>uuum</strong></span> <span class='ocrx_word' id='word_1_103' title='bbox 659 1434 888 1499; x_wconf 90' lang='lat' dir='ltr'><strong>adorat,</strong></span> <span class='ocrx_word' id='word_1_104' title='bbox 946 1440 1001 1489; x_wconf 92' lang='lat' dir='ltr'><strong>ct</strong></span> <span class='ocrx_word' id='word_1_105' title='bbox 1056 1430 1341 1487; x_wconf 87' lang='lat' dir='ltr'><strong>Dominum</strong></span> <span class='ocrx_word' id='word_1_106' title='bbox 1398 1429 1704 1485; x_wconf 84' lang='lat' dir='ltr'><strong>conﬁtetur.</strong></span> <span class='ocrx_word' id='word_1_107' title='bbox 1758 1429 2036 1498; x_wconf 81' lang='lat' dir='ltr'><strong>Scriptura</strong></span> 
     </span>
    </p>
   </div>
   <div class='ocr_carea' id='block_1_16' title="bbox 435 1519 2040 1593">
    <p class='ocr_par' dir='ltr' id='par_1_16' title="bbox 435 1519 2040 1593">
     <span class='ocr_line' id='line_1_16' title="bbox 435 1519 2040 1593; baseline -0.005 -11"><span class='ocrx_word' id='word_1_108' title='bbox 435 1527 714 1583; x_wconf 85' lang='lat' dir='ltr'><strong>adstitisse</strong></span> <span class='ocrx_word' id='word_1_109' title='bbox 742 1526 888 1580; x_wconf 88' lang='lat' dir='ltr'><strong>viros</strong></span> <span class='ocrx_word' id='word_1_110' title='bbox 919 1535 1029 1579; x_wconf 88' lang='lat' dir='ltr'><strong>tres</strong></span> <span class='ocrx_word' id='word_1_111' title='bbox 1065 1522 1234 1579; x_wconf 83' lang='lat' dir='ltr'><strong>edidit</strong></span> <span class='ocrx_word' id='word_1_112' title='bbox 1265 1540 1277 1576; x_wconf 90' lang='lat'><strong>:</strong></span> <span class='ocrx_word' id='word_1_113' title='bbox 1306 1521 1399 1578; x_wconf 86' lang='lat' dir='ltr'><strong>sed</strong></span> <span class='ocrx_word' id='word_1_114' title='bbox 1429 1520 1733 1593; x_wconf 80' lang='lat' dir='ltr'><strong>patriarcha</strong></span> <span class='ocrx_word' id='word_1_115' title='bbox 1758 1536 1862 1575; x_wconf 91' lang='lat' dir='ltr'><strong>non</strong></span> <span class='ocrx_word' id='word_1_116' title='bbox 1887 1519 2040 1591; x_wconf 87' lang='lat' dir='ltr'><strong>igno-</strong></span> 
     </span>
    </p>
   </div>
   <div class='ocr_carea' id='block_1_17' title="bbox 436 1613 2042 1691">
    <p class='ocr_par' dir='ltr' id='par_1_17' title="bbox 436 1613 2042 1691">
     <span class='ocr_line' id='line_1_17' title="bbox 436 1613 2042 1691; baseline -0.004 -16"><span class='ocrx_word' id='word_1_117' title='bbox 436 1629 524 1675; x_wconf 86' lang='lat' dir='ltr'><strong>rat</strong></span> <span class='ocrx_word' id='word_1_118' title='bbox 563 1619 655 1691; x_wconf 89' lang='lat' dir='ltr'><strong>qui</strong></span> <span class='ocrx_word' id='word_1_119' title='bbox 703 1628 755 1673; x_wconf 90' lang='lat' dir='ltr'><strong>et</strong></span> <span class='ocrx_word' id='word_1_120' title='bbox 804 1617 1110 1673; x_wconf 87' lang='lat' dir='ltr'><strong>adorandus</strong></span> <span class='ocrx_word' id='word_1_121' title='bbox 1160 1618 1228 1670; x_wconf 87' lang='lat' dir='ltr'><strong>sit</strong></span> <span class='ocrx_word' id='word_1_122' title='bbox 1271 1626 1325 1672; x_wconf 91' lang='lat' dir='ltr'><strong>et</strong></span> <span class='ocrx_word' id='word_1_123' title='bbox 1354 1614 1716 1671; x_wconf 85' lang='lat' dir='ltr'><strong>conlitendus.</strong></span> <span class='ocrx_word' id='word_1_124' title='bbox 1744 1613 2042 1669; x_wconf 85' lang='lat' dir='ltr'><strong>lndiscreta</strong></span> 
     </span>
    </p>
   </div>
   <div class='ocr_carea' id='block_1_18' title="bbox 440 1708 2041 1782">
    <p class='ocr_par' dir='ltr' id='par_1_18' title="bbox 440 1708 2041 1782">
     <span class='ocr_line' id='line_1_18' title="bbox 440 1708 2041 1782; baseline -0.003 -15"><span class='ocrx_word' id='word_1_125' title='bbox 440 1713 808 1768; x_wconf 73' lang='lat' dir='ltr'><strong>assistentium</strong></span> <span class='ocrx_word' id='word_1_126' title='bbox 851 1712 1059 1782; x_wconf 89' lang='lat' dir='ltr'><strong>species</strong></span> <span class='ocrx_word' id='word_1_127' title='bbox 1101 1719 1216 1777; x_wconf 87' lang='lat' dir='ltr'><strong>est;</strong></span> <span class='ocrx_word' id='word_1_128' title='bbox 1263 1708 1358 1765; x_wconf 91' lang='lat' dir='ltr'><strong>sed</strong></span> <span class='ocrx_word' id='word_1_129' title='bbox 1413 1709 1503 1765; x_wconf 90' lang='lat' dir='ltr'><strong>ille</strong></span> <span class='ocrx_word' id='word_1_130' title='bbox 1556 1708 1839 1763; x_wconf 88' lang='lat' dir='ltr'><strong>Dominum</strong></span> <span class='ocrx_word' id='word_1_131' title='bbox 1886 1722 2041 1763; x_wconf 87' lang='lat' dir='ltr'><strong>suum</strong></span> 
     </span>
    </p>
   </div>
   <div class='ocr_carea' id='block_1_19' title="bbox 2122 500 3726 576">
    <p class='ocr_par' dir='ltr' id='par_1_19' title="bbox 2122 500 3726 576">
     <span class='ocr_line' id='line_1_19' title="bbox 2122 500 3726 576; baseline 0.002 -21"><span class='ocrx_word' id='word_1_132' title='bbox 2122 516 2236 565; x_wconf 86' lang='lat' dir='ltr'><strong>sua,</strong></span> <span class='ocrx_word' id='word_1_133' title='bbox 2264 509 2311 554; x_wconf 90' lang='lat' dir='ltr'><strong>et</strong></span> <span class='ocrx_word' id='word_1_134' title='bbox 2342 500 2395 555; x_wconf 89' lang='lat' dir='ltr'><strong>in</strong></span> <span class='ocrx_word' id='word_1_135' title='bbox 2418 510 2643 574; x_wconf 86' lang='lat' dir='ltr'><strong>tempore</strong></span> <span class='ocrx_word' id='word_1_136' title='bbox 2669 502 2799 557; x_wconf 90' lang='lat' dir='ltr'><strong>sicut</strong></span> <span class='ocrx_word' id='word_1_137' title='bbox 2828 500 3030 557; x_wconf 89' lang='lat' dir='ltr'><strong>locutus</strong></span> <span class='ocrx_word' id='word_1_138' title='bbox 3070 511 3143 556; x_wconf 89' lang='lat' dir='ltr'><strong>est</strong></span> <span class='ocrx_word' id='word_1_139' title='bbox 3172 501 3255 556; x_wconf 91' lang='lat' dir='ltr'><strong>illi</strong></span> <span class='ocrx_word' id='word_1_140' title='bbox 3286 500 3541 557; x_wconf 77' lang='lat' dir='ltr'><strong>Dominus</strong></span> <span class='ocrx_word' id='word_1_141' title='bbox 3568 500 3726 576; x_wconf 77' lang='lat' dir='ltr'><strong>(Cen.</strong></span> 
     </span>
    </p>
   </div>
   <div class='ocr_carea' id='block_1_20' title="bbox 2122 591 3729 664">
    <p class='ocr_par' dir='ltr' id='par_1_20' title="bbox 2122 591 3729 664">
     <span class='ocr_line' id='line_1_20' title="bbox 2122 591 3729 664; baseline 0.002 -18"><span class='ocrx_word' id='word_1_142' title='bbox 2122 606 2248 658; x_wconf 70' lang='lat' dir='ltr'><strong>sui,</strong></span> <span class='ocrx_word' id='word_1_143' title='bbox 2284 591 2308 649; x_wconf 83' lang='grc'><strong>1</strong></span> <span class='ocrx_word' id='word_1_144' title='bbox 2347 633 2362 659; x_wconf 93' lang='grc'><strong>,</strong></span> <span class='ocrx_word' id='word_1_145' title='bbox 2411 591 2508 664; x_wconf 74' lang='grc'><strong>2).</strong></span> <span class='ocrx_word' id='word_1_146' title='bbox 2536 592 2737 650; x_wconf 85' lang='lat' dir='ltr'><strong>Dehinc</strong></span> <span class='ocrx_word' id='word_1_147' title='bbox 2778 592 3002 663; x_wconf 77' lang='lat' dir='ltr'><strong>expulsa</strong></span> <span class='ocrx_word' id='word_1_148' title='bbox 3049 593 3118 647; x_wconf 93' lang='lat' dir='ltr'><strong>de</strong></span> <span class='ocrx_word' id='word_1_149' title='bbox 3157 592 3392 648; x_wconf 75' lang='lat' dir='ltr'><strong>Abrahae</strong></span> <span class='ocrx_word' id='word_1_150' title='bbox 3415 592 3579 650; x_wconf 87' lang='lat' dir='ltr'><strong>dumo</strong></span> <span class='ocrx_word' id='word_1_151' title='bbox 3604 610 3729 650; x_wconf 82' lang='lat' dir='ltr'><strong>cum</strong></span> 
     </span>
    </p>
   </div>
   <div class='ocr_carea' id='block_1_21' title="bbox 2126 682 3733 758">
    <p class='ocr_par' dir='ltr' id='par_1_21' title="bbox 2126 682 3733 758">
     <span class='ocr_line' id='line_1_21' title="bbox 2126 682 3733 758; baseline 0.001 -19"><span class='ocrx_word' id='word_1_152' title='bbox 2126 682 2238 739; x_wconf 87' lang='lat' dir='ltr'><strong>lilio</strong></span> <span class='ocrx_word' id='word_1_153' title='bbox 2264 699 2363 741; x_wconf 87' lang='lat' dir='ltr'><strong>suo</strong></span> <span class='ocrx_word' id='word_1_154' title='bbox 2390 685 2669 751; x_wconf 87' lang='lat' dir='ltr'><strong>ancilla,et</strong></span> <span class='ocrx_word' id='word_1_155' title='bbox 2698 687 2747 740; x_wconf 91' lang='lat' dir='ltr'><strong>iu</strong></span> <span class='ocrx_word' id='word_1_156' title='bbox 2772 686 2987 742; x_wconf 90' lang='lat' dir='ltr'><strong>deserto</strong></span> <span class='ocrx_word' id='word_1_157' title='bbox 3013 686 3083 741; x_wconf 90' lang='lat' dir='ltr'><strong>ob</strong></span> <span class='ocrx_word' id='word_1_158' title='bbox 3111 702 3267 758; x_wconf 80' lang='lat' dir='ltr'><strong>aqua:</strong></span> <span class='ocrx_word' id='word_1_159' title='bbox 3295 688 3534 758; x_wconf 84' lang='lat' dir='ltr'><strong>inopiam</strong></span> <span class='ocrx_word' id='word_1_160' title='bbox 3564 688 3733 746; x_wconf 81' lang='lat' dir='ltr'><strong>inter-</strong></span> 
     </span>
    </p>
   </div>
   <div class='ocr_carea' id='block_1_22' title="bbox 2126 776 3738 854">
    <p class='ocr_par' dir='ltr' id='par_1_22' title="bbox 2126 776 3738 854">
     <span class='ocr_line' id='line_1_22' title="bbox 2126 776 3738 854; baseline 0.004 -23"><span class='ocrx_word' id='word_1_161' title='bbox 2126 776 2260 835; x_wconf 89' lang='lat' dir='ltr'><strong>itum</strong></span> <span class='ocrx_word' id='word_1_162' title='bbox 2303 779 2452 849; x_wconf 86' lang='lat' dir='ltr'><strong>pueri</strong></span> <span class='ocrx_word' id='word_1_163' title='bbox 2502 780 2725 835; x_wconf 88' lang='lat' dir='ltr'><strong>timente</strong></span> <span class='ocrx_word' id='word_1_164' title='bbox 2759 820 2773 844; x_wconf 93' lang='lat'><strong>,</strong></span> <span class='ocrx_word' id='word_1_165' title='bbox 2816 779 3005 834; x_wconf 86' lang='lat' dir='ltr'><strong>eadem</strong></span> <span class='ocrx_word' id='word_1_166' title='bbox 3056 779 3331 850; x_wconf 85' lang='lat' dir='ltr'><strong>Scriptura</strong></span> <span class='ocrx_word' id='word_1_167' title='bbox 3380 781 3494 847; x_wconf 86' lang='lat' dir='ltr'><strong>ait,</strong></span> <span class='ocrx_word' id='word_1_168' title='bbox 3548 780 3620 854; x_wconf 89' lang='lat' dir='ltr'><strong>(c)</strong></span> <span class='ocrx_word' id='word_1_169' title='bbox 3669 781 3738 838; x_wconf 82' lang='lat' dir='ltr'><strong>Et</strong></span> 
     </span>
    </p>
   </div>
   <div class='ocr_carea' id='block_1_23' title="bbox 2128 868 3742 943">
    <p class='ocr_par' dir='ltr' id='par_1_23' title="bbox 2128 868 3742 943">
     <span class='ocr_line' id='line_1_23' title="bbox 2128 868 3742 943; baseline 0.002 -18"><span class='ocrx_word' id='word_1_170' title='bbox 2128 870 2390 926; x_wconf 77' lang='lat' dir='ltr'><strong>exaudivit</strong></span> <span class='ocrx_word' id='word_1_171' title='bbox 2422 868 2676 927; x_wconf 77' lang='lat' dir='ltr'><strong>Dominus</strong></span> <span class='ocrx_word' id='word_1_172' title='bbox 2709 870 2848 927; x_wconf 89' lang='lat' dir='ltr'><strong>Deus</strong></span> <span class='ocrx_word' id='word_1_173' title='bbox 2876 887 3045 927; x_wconf 89' lang='lat' dir='ltr'><strong>vocem</strong></span> <span class='ocrx_word' id='word_1_174' title='bbox 3066 874 3210 943; x_wconf 85' lang='lat' dir='ltr'><strong>pueri</strong></span> <span class='ocrx_word' id='word_1_175' title='bbox 3230 872 3318 928; x_wconf 76' lang='lat' dir='ltr'><strong>ubi</strong></span> <span class='ocrx_word' id='word_1_176' title='bbox 3341 884 3450 929; x_wconf 85' lang='lat' dir='ltr'><strong>erat</strong></span> <span class='ocrx_word' id='word_1_177' title='bbox 3470 916 3486 938; x_wconf 88' lang='lat'><strong>,</strong></span> <span class='ocrx_word' id='word_1_178' title='bbox 3514 883 3561 927; x_wconf 87' lang='lat' dir='ltr'><strong>et</strong></span> <span class='ocrx_word' id='word_1_179' title='bbox 3588 890 3742 930; x_wconf 73' lang='lat' dir='ltr'><strong>voca-</strong></span> 
     </span>
    </p>
   </div>
   <div class='ocr_carea' id='block_1_24' title="bbox 2131 961 3744 1034">
    <p class='ocr_par' dir='ltr' id='par_1_24' title="bbox 2131 961 3744 1034">
     <span class='ocr_line' id='line_1_24' title="bbox 2131 961 3744 1034; baseline 0.002 -18"><span class='ocrx_word' id='word_1_180' title='bbox 2131 962 2199 1016; x_wconf 88' lang='lat' dir='ltr'><strong>vit</strong></span> <span class='ocrx_word' id='word_1_181' title='bbox 2240 962 2451 1033; x_wconf 80' lang='lat' dir='ltr'><strong>angelus</strong></span> <span class='ocrx_word' id='word_1_182' title='bbox 2492 961 2584 1016; x_wconf 86' lang='lat' dir='ltr'><strong>Dei</strong></span> <span class='ocrx_word' id='word_1_183' title='bbox 2613 965 2751 1034; x_wconf 84' lang='lat' dir='ltr'><strong>Agar</strong></span> <span class='ocrx_word' id='word_1_184' title='bbox 2794 964 2857 1018; x_wconf 89' lang='lat' dir='ltr'><strong>de</strong></span> <span class='ocrx_word' id='word_1_185' title='bbox 2904 964 3067 1030; x_wconf 69' lang='lat' dir='ltr'><strong>coelo,</strong></span> <span class='ocrx_word' id='word_1_186' title='bbox 3118 972 3167 1017; x_wconf 90' lang='lat' dir='ltr'><strong>et</strong></span> <span class='ocrx_word' id='word_1_187' title='bbox 3207 963 3338 1019; x_wconf 78' lang='lat' dir='ltr'><strong>dixit</strong></span> <span class='ocrx_word' id='word_1_188' title='bbox 3376 966 3447 1026; x_wconf 88' lang='lat' dir='ltr'><strong>ei,</strong></span> <span class='ocrx_word' id='word_1_189' title='bbox 3484 963 3625 1031; x_wconf 79' lang='lat' dir='ltr'><strong>Quid</strong></span> <span class='ocrx_word' id='word_1_190' title='bbox 3668 975 3744 1020; x_wconf 84' lang='lat' dir='ltr'><strong>est</strong></span> 
     </span>
    </p>
   </div>
   <div class='ocr_carea' id='block_1_25' title="bbox 2133 1052 3742 1128">
    <p class='ocr_par' dir='ltr' id='par_1_25' title="bbox 2133 1052 3742 1128">
     <span class='ocr_line' id='line_1_25' title="bbox 2133 1052 3742 1128; baseline 0.002 -20"><span class='ocrx_word' id='word_1_191' title='bbox 2133 1053 2310 1125; x_wconf 82' lang='lat' dir='ltr'><strong>Agar?</strong></span> <span class='ocrx_word' id='word_1_192' title='bbox 2332 1055 2438 1110; x_wconf 89' lang='lat' dir='ltr'><strong>noli</strong></span> <span class='ocrx_word' id='word_1_193' title='bbox 2464 1055 2672 1120; x_wconf 87' lang='lat' dir='ltr'><strong>timere;</strong></span> <span class='ocrx_word' id='word_1_194' title='bbox 2694 1056 2956 1110; x_wconf 72' lang='lat' dir='ltr'><strong>exaudivit</strong></span> <span class='ocrx_word' id='word_1_195' title='bbox 2977 1058 3109 1111; x_wconf 87' lang='lat' dir='ltr'><strong>enim</strong></span> <span class='ocrx_word' id='word_1_196' title='bbox 3133 1052 3275 1111; x_wconf 87' lang='lat' dir='ltr'><strong>Deus</strong></span> <span class='ocrx_word' id='word_1_197' title='bbox 3300 1073 3472 1112; x_wconf 83' lang='lat' dir='ltr'><strong>vocem</strong></span> <span class='ocrx_word' id='word_1_198' title='bbox 3504 1059 3651 1128; x_wconf 86' lang='lat' dir='ltr'><strong>pueri</strong></span> <span class='ocrx_word' id='word_1_199' title='bbox 3679 1059 3742 1112; x_wconf 86' lang='lat' dir='ltr'><strong>de</strong></span> 
     </span>
    </p>
   </div>
   <div class='ocr_carea' id='block_1_26' title="bbox 2136 1146 3745 1220">
    <p class='ocr_par' dir='ltr' id='par_1_26' title="bbox 2136 1146 3745 1220">
     <span class='ocr_line' id='line_1_26' title="bbox 2136 1146 3745 1220; baseline 0.002 -20"><span class='ocrx_word' id='word_1_200' title='bbox 2136 1146 2247 1201; x_wconf 91' lang='lat' dir='ltr'><strong>loco</strong></span> <span class='ocrx_word' id='word_1_201' title='bbox 2278 1147 2330 1202; x_wconf 87' lang='lat' dir='ltr'><strong>in</strong></span> <span class='ocrx_word' id='word_1_202' title='bbox 2356 1165 2456 1217; x_wconf 89' lang='lat' dir='ltr'><strong>quo</strong></span> <span class='ocrx_word' id='word_1_203' title='bbox 2476 1156 2571 1204; x_wconf 85' lang='lat' dir='ltr'><strong>est.</strong></span> <span class='ocrx_word' id='word_1_204' title='bbox 2606 1146 2796 1220; x_wconf 84' lang='lat' dir='ltr'><strong>Surge,</strong></span> <span class='ocrx_word' id='word_1_205' title='bbox 2833 1159 2879 1202; x_wconf 88' lang='lat' dir='ltr'><strong>et</strong></span> <span class='ocrx_word' id='word_1_206' title='bbox 2927 1148 3102 1219; x_wconf 89' lang='lat' dir='ltr'><strong>accipe</strong></span> <span class='ocrx_word' id='word_1_207' title='bbox 3144 1165 3382 1217; x_wconf 87' lang='lat' dir='ltr'><strong>puerum,</strong></span> <span class='ocrx_word' id='word_1_208' title='bbox 3409 1161 3458 1204; x_wconf 89' lang='lat' dir='ltr'><strong>et</strong></span> <span class='ocrx_word' id='word_1_209' title='bbox 3484 1161 3601 1204; x_wconf 88' lang='lat' dir='ltr'><strong>tene</strong></span> <span class='ocrx_word' id='word_1_210' title='bbox 3631 1168 3745 1205; x_wconf 88' lang='lat' dir='ltr'><strong>ma-</strong></span> 
     </span>
    </p>
   </div>
   <div class='ocr_carea' id='block_1_27' title="bbox 2138 1240 3742 1314">
    <p class='ocr_par' dir='ltr' id='par_1_27' title="bbox 2138 1240 3742 1314">
     <span class='ocr_line' id='line_1_27' title="bbox 2138 1240 3742 1314; baseline 0.004 -22"><span class='ocrx_word' id='word_1_211' title='bbox 2138 1256 2261 1293; x_wconf 88' lang='lat' dir='ltr'><strong>num</strong></span> <span class='ocrx_word' id='word_1_212' title='bbox 2287 1256 2420 1312; x_wconf 59' lang='lat' dir='ltr'><strong>ejus;</strong></span> <span class='ocrx_word' id='word_1_213' title='bbox 2450 1242 2503 1295; x_wconf 88' lang='lat' dir='ltr'><strong>in</strong></span> <span class='ocrx_word' id='word_1_214' title='bbox 2531 1250 2730 1312; x_wconf 79' lang='lat' dir='ltr'><strong>gentem</strong></span> <span class='ocrx_word' id='word_1_215' title='bbox 2759 1241 2893 1295; x_wconf 89' lang='lat' dir='ltr'><strong>enim</strong></span> <span class='ocrx_word' id='word_1_216' title='bbox 2923 1258 3160 1314; x_wconf 88' lang='lat' dir='ltr'><strong>magnam</strong></span> <span class='ocrx_word' id='word_1_217' title='bbox 3192 1243 3382 1312; x_wconf 78' lang='lat' dir='ltr'><strong>faciam</strong></span> <span class='ocrx_word' id='word_1_218' title='bbox 3403 1258 3521 1298; x_wconf 84' lang='lat' dir='ltr'><strong>cum</strong></span> <span class='ocrx_word' id='word_1_219' title='bbox 3545 1240 3742 1312; x_wconf 86' lang='lat' dir='ltr'><strong>(lbid.,</strong></span> 
     </span>
    </p>
   </div>
   <div class='ocr_carea' id='block_1_28' title="bbox 2142 1332 2411 1405">
    <p class='ocr_par' dir='ltr' id='par_1_28' title="bbox 2142 1332 2411 1405">
     <span class='ocr_line' id='line_1_28' title="bbox 2142 1332 2411 1405; baseline -0.007 -16"><span class='ocrx_word' id='word_1_220' title='bbox 2142 1334 2253 1400; x_wconf 67' lang='lat'><strong>17,</strong></span> <span class='ocrx_word' id='word_1_221' title='bbox 2300 1332 2411 1405; x_wconf 83' lang='lat' dir='ltr'><strong>t8).</strong></span> 
     </span>
    </p>
   </div>
   <div class='ocr_carea' id='block_1_29' title="bbox 2212 1428 3754 1503">
    <p class='ocr_par' dir='ltr' id='par_1_29' title="bbox 2212 1428 3754 1503">
     <span class='ocr_line' id='line_1_29' title="bbox 2212 1428 3754 1503; baseline 0.001 -19"><span class='ocrx_word' id='word_1_222' title='bbox 2212 1429 2303 1486; x_wconf 77' lang='lat'><strong>26.</strong></span> <span class='ocrx_word' id='word_1_223' title='bbox 2330 1428 2713 1503; x_wconf 64' lang='lat' dir='ltr'><strong>Earpenduntur</strong></span> <span class='ocrx_word' id='word_1_224' title='bbox 2753 1429 2973 1500; x_wconf 84' lang='lat' dir='ltr'><strong>singula.</strong></span> <span class='ocrx_word' id='word_1_225' title='bbox 3013 1428 3183 1485; x_wconf 83' lang='lat' dir='ltr'><strong>Filius</strong></span> <span class='ocrx_word' id='word_1_226' title='bbox 3226 1441 3275 1487; x_wconf 84' lang='lat' dir='ltr'><strong>et</strong></span> <span class='ocrx_word' id='word_1_227' title='bbox 3322 1429 3499 1503; x_wconf 81' lang='lat' dir='ltr'><strong>magni</strong></span> <span class='ocrx_word' id='word_1_228' title='bbox 3545 1430 3754 1486; x_wconf 74' lang='lat' dir='ltr'><strong>consilii</strong></span> 
     </span>
    </p>
   </div>
   <div class='ocr_carea' id='block_1_30' title="bbox 2145 1522 3756 1596">
    <p class='ocr_par' dir='ltr' id='par_1_30' title="bbox 2145 1522 3756 1596">
     <span class='ocr_line' id='line_1_30' title="bbox 2145 1522 3756 1596; baseline -0.002 -13"><span class='ocrx_word' id='word_1_229' title='bbox 2145 1525 2358 1596; x_wconf 77' lang='lat' dir='ltr'><strong>angelus</strong></span> <span class='ocrx_word' id='word_1_230' title='bbox 2383 1536 2479 1591; x_wconf 89' lang='lat' dir='ltr'><strong>est,</strong></span> <span class='ocrx_word' id='word_1_231' title='bbox 2505 1533 2555 1580; x_wconf 86' lang='lat' dir='ltr'><strong>et</strong></span> <span class='ocrx_word' id='word_1_232' title='bbox 2586 1522 2856 1591; x_wconf 83' lang='lat' dir='ltr'><strong>Dominus,</strong></span> <span class='ocrx_word' id='word_1_233' title='bbox 2884 1532 2931 1579; x_wconf 88' lang='lat' dir='ltr'><strong>et</strong></span> <span class='ocrx_word' id='word_1_234' title='bbox 2956 1522 3111 1579; x_wconf 90' lang='lat' dir='ltr'><strong>Deus.</strong></span> <span class='ocrx_word' id='word_1_235' title='bbox 3133 1524 3350 1591; x_wconf 81' lang='lat' dir='ltr'><strong>—-Qu:e</strong></span> <span class='ocrx_word' id='word_1_236' title='bbox 3376 1523 3621 1595; x_wconf 70' lang='lat' dir='ltr'><strong>perﬁdia:</strong></span> <span class='ocrx_word' id='word_1_237' title='bbox 3652 1539 3756 1580; x_wconf 68' lang='lat' dir='ltr'><strong>ea:-</strong></span> 
     </span>
    </p>
   </div>
   <div class='ocr_carea' id='block_1_31' title="bbox 2146 1608 3757 1691">
    <p class='ocr_par' dir='ltr' id='par_1_31' title="bbox 2146 1608 3757 1691">
     <span class='ocr_line' id='line_1_31' title="bbox 2146 1608 3757 1691; baseline 0 -19"><span class='ocrx_word' id='word_1_238' title='bbox 2146 1617 2282 1672; x_wconf 84' lang='lat' dir='ltr'><strong>citas</strong></span> <span class='ocrx_word' id='word_1_239' title='bbox 2306 1608 2419 1683; x_wconf 75' lang='lat' dir='ltr'><strong>esi,</strong></span> <span class='ocrx_word' id='word_1_240' title='bbox 2452 1632 2572 1688; x_wconf 73' lang='lat' dir='ltr'><strong>quae</strong></span> <span class='ocrx_word' id='word_1_241' title='bbox 2613 1616 2874 1672; x_wconf 85' lang='lat' dir='ltr'><strong>increduli</strong></span> <span class='ocrx_word' id='word_1_242' title='bbox 2904 1617 3084 1673; x_wconf 89' lang='lat' dir='ltr'><strong>cordis</strong></span> <span class='ocrx_word' id='word_1_243' title='bbox 3112 1616 3191 1691; x_wconf 79' lang='grc' dir='ltr'><strong>(ά)</strong></span> <span class='ocrx_word' id='word_1_244' title='bbox 3223 1618 3439 1674; x_wconf 90' lang='lat' dir='ltr'><strong>obtusio</strong></span> <span class='ocrx_word' id='word_1_245' title='bbox 3475 1626 3564 1673; x_wconf 88' lang='lat' dir='ltr'><strong>est</strong></span> <span class='ocrx_word' id='word_1_246' title='bbox 3586 1659 3605 1685; x_wconf 83' lang='lat'><strong>,</strong></span> <span class='ocrx_word' id='word_1_247' title='bbox 3636 1632 3757 1689; x_wconf 72' lang='lat' dir='ltr'><strong>qua:</strong></span> 
     </span>
    </p>
   </div>
   <div class='ocr_carea' id='block_1_32' title="bbox 2148 1710 3761 1782">
    <p class='ocr_par' dir='ltr' id='par_1_32' title="bbox 2148 1710 3761 1782">
     <span class='ocr_line' id='line_1_32' title="bbox 2148 1710 3761 1782; baseline 0.001 -18"><span class='ocrx_word' id='word_1_248' title='bbox 2148 1710 2563 1782; x_wconf 83' lang='lat' dir='ltr'><strong>irreligiositatis</strong></span> <span class='ocrx_word' id='word_1_249' title='bbox 2624 1711 2930 1777; x_wconf 87' lang='lat' dir='ltr'><strong>temeritas,</strong></span> <span class='ocrx_word' id='word_1_250' title='bbox 2987 1720 3079 1767; x_wconf 87' lang='lat' dir='ltr'><strong>aut</strong></span> <span class='ocrx_word' id='word_1_251' title='bbox 3132 1712 3385 1781; x_wconf 83' lang='lat' dir='ltr'><strong>ignorare</strong></span> <span class='ocrx_word' id='word_1_252' title='bbox 3445 1711 3602 1775; x_wconf 70' lang='lat' dir='ltr'><strong>haec,</strong></span> <span class='ocrx_word' id='word_1_253' title='bbox 3670 1719 3761 1766; x_wconf 79' lang='lat' dir='ltr'><strong>aut</strong></span> 
     </span>
    </p>
   </div>
   <div class='ocr_carea' id='block_1_33' title="bbox 443 1803 3762 1876">
    <p class='ocr_par' dir='ltr' id='par_1_33' title="bbox 443 1803 3762 1876">
     <span class='ocr_line' id='line_1_33' title="bbox 443 1803 3762 1876; baseline -0.001 -16"><span class='ocrx_word' id='word_1_254' title='bbox 443 1807 568 1861; x_wconf 87' lang='lat' dir='ltr'><strong>lidei</strong></span> <span class='ocrx_word' id='word_1_255' title='bbox 599 1808 767 1862; x_wconf 86' lang='lat' dir='ltr'><strong>oculis</strong></span> <span class='ocrx_word' id='word_1_256' title='bbox 797 1814 853 1861; x_wconf 89' lang='lat' dir='ltr'><strong>et</strong></span> <span class='ocrx_word' id='word_1_257' title='bbox 880 1806 996 1861; x_wconf 77' lang='lat' dir='ltr'><strong>visu</strong></span> <span class='ocrx_word' id='word_1_258' title='bbox 1020 1806 1220 1861; x_wconf 88' lang='lat' dir='ltr'><strong>mentis</strong></span> <span class='ocrx_word' id='word_1_259' title='bbox 1251 1803 1489 1876; x_wconf 77' lang='lat' dir='ltr'><strong>agnovit.</strong></span> <span class='ocrx_word' id='word_1_260' title='bbox 1523 1804 1727 1858; x_wconf 85' lang='lat' dir='ltr'><strong>Deltiuc</strong></span> <span class='ocrx_word' id='word_1_261' title='bbox 1757 1804 2040 1875; x_wconf 87' lang='lat' dir='ltr'><strong>sequitur:</strong></span> <span class='ocrx_word' id='word_1_262' title='bbox 2074 1806 2122 1868; x_wconf 91' lang='lat' dir='ltr'><strong>B</strong></span> <span class='ocrx_word' id='word_1_263' title='bbox 2149 1819 2255 1860; x_wconf 91' lang='lat' dir='ltr'><strong>non</strong></span> <span class='ocrx_word' id='word_1_264' title='bbox 2306 1804 2546 1875; x_wconf 78' lang='lat' dir='ltr'><strong>ignorata</strong></span> <span class='ocrx_word' id='word_1_265' title='bbox 2586 1803 2901 1876; x_wconf 70' lang='lat' dir='ltr'><strong>negligere?</strong></span> <span class='ocrx_word' id='word_1_266' title='bbox 2932 1804 3090 1859; x_wconf 84' lang='lat' dir='ltr'><strong>Certe</strong></span> <span class='ocrx_word' id='word_1_267' title='bbox 3128 1805 3199 1859; x_wconf 89' lang='lat' dir='ltr'><strong>ita</strong></span> <span class='ocrx_word' id='word_1_268' title='bbox 3228 1812 3661 1860; x_wconf 85' lang='lat' dir='ltr'><strong>commemorata</strong></span> <span class='ocrx_word' id='word_1_269' title='bbox 3708 1812 3762 1859; x_wconf 88' lang='lat' dir='ltr'><strong>et</strong></span> 
     </span>
    </p>
   </div>
   <div class='ocr_carea' id='block_1_34' title="bbox 445 1894 2045 1972">
    <p class='ocr_par' dir='ltr' id='par_1_34' title="bbox 445 1894 2045 1972">
     <span class='ocr_line' id='line_1_34' title="bbox 445 1894 2045 1972; baseline -0.002 -19"><span class='ocrx_word' id='word_1_270' title='bbox 445 1898 509 1954; x_wconf 83' lang='lat' dir='ltr'><strong>Et</strong></span> <span class='ocrx_word' id='word_1_271' title='bbox 526 1899 780 1972; x_wconf 67' lang='lat' dir='ltr'><strong>sodixit</strong></span> <span class='ocrx_word' id='word_1_272' title='bbox 801 1898 866 1964; x_wconf 85' lang='lat' dir='ltr'><strong>ei,</strong></span> <span class='ocrx_word' id='word_1_273' title='bbox 884 1896 1157 1953; x_wconf 82' lang='lat' dir='ltr'><strong>Revertens</strong></span> <span class='ocrx_word' id='word_1_274' title='bbox 1184 1897 1379 1955; x_wconf 77' lang='lat' dir='ltr'><strong>veniam</strong></span> <span class='ocrx_word' id='word_1_275' title='bbox 1398 1894 1468 1950; x_wconf 87' lang='lat' dir='ltr'><strong>ad</strong></span> <span class='ocrx_word' id='word_1_276' title='bbox 1488 1905 1536 1952; x_wconf 90' lang='lat' dir='ltr'><strong>te</strong></span> <span class='ocrx_word' id='word_1_277' title='bbox 1554 1896 1623 1948; x_wconf 87' lang='lat' dir='ltr'><strong>ad</strong></span> <span class='ocrx_word' id='word_1_278' title='bbox 1643 1895 1738 1950; x_wconf 85' lang='lat' dir='ltr'><strong>hoc</strong></span> <span class='ocrx_word' id='word_1_279' title='bbox 1766 1905 1962 1966; x_wconf 89' lang='lat' dir='ltr'><strong>tempus</strong></span> <span class='ocrx_word' id='word_1_280' title='bbox 1991 1897 2045 1950; x_wconf 89' lang='lat' dir='ltr'><strong>in</strong></span> 
     </span>
    </p>
   </div>
   <div class='ocr_carea' id='block_1_35' title="bbox 446 1988 2044 2064">
    <p class='ocr_par' dir='ltr' id='par_1_35' title="bbox 446 1988 2044 2064">
     <span class='ocr_line' id='line_1_35' title="bbox 446 1988 2044 2064; baseline -0.001 -17"><span class='ocrx_word' id='word_1_281' title='bbox 446 1996 710 2064; x_wconf 78' lang='lat' dir='ltr'><strong>futuram,</strong></span> <span class='ocrx_word' id='word_1_282' title='bbox 742 2002 787 2047; x_wconf 90' lang='lat' dir='ltr'><strong>et</strong></span> <span class='ocrx_word' id='word_1_283' title='bbox 816 1992 1014 2047; x_wconf 82' lang='lat' dir='ltr'><strong>habebit</strong></span> <span class='ocrx_word' id='word_1_284' title='bbox 1038 1992 1205 2062; x_wconf 82' lang='lat' dir='ltr'><strong>[ilium</strong></span> <span class='ocrx_word' id='word_1_285' title='bbox 1251 1990 1388 2048; x_wconf 87' lang='lat' dir='ltr'><strong>Sara</strong></span> <span class='ocrx_word' id='word_1_286' title='bbox 1430 2006 1561 2046; x_wconf 73' lang='lat' dir='ltr'><strong>uxor</strong></span> <span class='ocrx_word' id='word_1_287' title='bbox 1591 1998 1677 2044; x_wconf 89' lang='lat' dir='ltr'><strong>tua</strong></span> <span class='ocrx_word' id='word_1_288' title='bbox 1707 1988 1859 2063; x_wconf 79' lang='lat' dir='ltr'><strong>(Gen.</strong></span> <span class='ocrx_word' id='word_1_289' title='bbox 1890 2005 2044 2057; x_wconf 83' lang='lat' dir='ltr'><strong>xvut,</strong></span> 
     </span>
    </p>
   </div>
   <div class='ocr_carea' id='block_1_36' title="bbox 449 2080 2049 2157">
    <p class='ocr_par' dir='ltr' id='par_1_36' title="bbox 449 2080 2049 2157">
     <span class='ocr_line' id='line_1_36' title="bbox 449 2080 2049 2157; baseline -0.001 -18"><span class='ocrx_word' id='word_1_290' title='bbox 449 2085 572 2157; x_wconf 78' lang='grc'><strong>10).</strong></span> <span class='ocrx_word' id='word_1_291' title='bbox 605 2086 669 2139; x_wconf 80' lang='lat' dir='ltr'><strong>Et</strong></span> <span class='ocrx_word' id='word_1_292' title='bbox 697 2095 817 2155; x_wconf 90' lang='lat' dir='ltr'><strong>post</strong></span> <span class='ocrx_word' id='word_1_293' title='bbox 856 2086 972 2141; x_wconf 80' lang='lat' dir='ltr'><strong>lucc</strong></span> <span class='ocrx_word' id='word_1_294' title='bbox 1013 2083 1149 2140; x_wconf 81' lang='lat' dir='ltr'><strong>dixit</strong></span> <span class='ocrx_word' id='word_1_295' title='bbox 1191 2085 1239 2139; x_wconf 91' lang='lat' dir='ltr'><strong>ei</strong></span> <span class='ocrx_word' id='word_1_296' title='bbox 1270 2083 1561 2149; x_wconf 88' lang='lat' dir='ltr'><strong>Dominus,</strong></span> <span class='ocrx_word' id='word_1_297' title='bbox 1593 2080 1717 2136; x_wconf 86' lang='lat' dir='ltr'><strong>Non</strong></span> <span class='ocrx_word' id='word_1_298' title='bbox 1750 2082 1924 2137; x_wconf 89' lang='lat' dir='ltr'><strong>celabo</strong></span> <span class='ocrx_word' id='word_1_299' title='bbox 1957 2099 2049 2155; x_wconf 88' lang='lat' dir='ltr'><strong>ego</strong></span> 
     </span>
    </p>
   </div>
   <div class='ocr_carea' id='block_1_37' title="bbox 447 2172 2047 2251">
    <p class='ocr_par' dir='ltr' id='par_1_37' title="bbox 447 2172 2047 2251">
     <span class='ocr_line' id='line_1_37' title="bbox 447 2172 2047 2251; baseline -0.003 -19"><span class='ocrx_word' id='word_1_300' title='bbox 447 2177 706 2231; x_wconf 79' lang='lat' dir='ltr'><strong>Abraham</strong></span> <span class='ocrx_word' id='word_1_301' title='bbox 735 2176 815 2251; x_wconf 92' lang='grc' dir='ltr'><strong>(Ι)</strong></span> <span class='ocrx_word' id='word_1_302' title='bbox 854 2192 1068 2243; x_wconf 85' lang='lat' dir='ltr'><strong>puerum</strong></span> <span class='ocrx_word' id='word_1_303' title='bbox 1092 2192 1257 2229; x_wconf 83' lang='lat' dir='ltr'><strong>meum</strong></span> <span class='ocrx_word' id='word_1_304' title='bbox 1288 2190 1401 2245; x_wconf 77' lang='lat' dir='ltr'><strong>qua:</strong></span> <span class='ocrx_word' id='word_1_305' title='bbox 1433 2176 1668 2247; x_wconf 83' lang='lat' dir='ltr'><strong>facturus</strong></span> <span class='ocrx_word' id='word_1_306' title='bbox 1697 2190 1813 2228; x_wconf 87' lang='lat' dir='ltr'><strong>sum</strong></span> <span class='ocrx_word' id='word_1_307' title='bbox 1837 2172 1857 2247; x_wconf 94' lang='lat'>(</span> <span class='ocrx_word' id='word_1_308' title='bbox 1880 2172 2047 2241; x_wconf 84' lang='lat' dir='ltr'><strong>lbid.,</strong></span> 
     </span>
    </p>
   </div>
   <div class='ocr_carea' id='block_1_38' title="bbox 451 2265 2054 2343">
    <p class='ocr_par' dir='ltr' id='par_1_38' title="bbox 451 2265 2054 2343">
     <span class='ocr_line' id='line_1_38' title="bbox 451 2265 2054 2343; baseline -0.001 -18"><span class='ocrx_word' id='word_1_309' title='bbox 451 2270 563 2343; x_wconf 83' lang='grc'><strong>17).</strong></span> <span class='ocrx_word' id='word_1_310' title='bbox 595 2269 660 2325; x_wconf 86' lang='grc' dir='ltr'><em>Ει</em></span> <span class='ocrx_word' id='word_1_311' title='bbox 687 2285 901 2325; x_wconf 87' lang='lat' dir='ltr'><strong>rursum</strong></span> <span class='ocrx_word' id='word_1_312' title='bbox 934 2288 946 2323; x_wconf 92' lang='lat'>:</span> <span class='ocrx_word' id='word_1_313' title='bbox 978 2267 1126 2325; x_wconf 72' lang='lat' dir='ltr'><strong>Dixit</strong></span> <span class='ocrx_word' id='word_1_314' title='bbox 1149 2278 1319 2325; x_wconf 89' lang='lat' dir='ltr'><strong>autem</strong></span> <span class='ocrx_word' id='word_1_315' title='bbox 1347 2266 1621 2333; x_wconf 80' lang='lat' dir='ltr'><strong>Dominus,</strong></span> <span class='ocrx_word' id='word_1_316' title='bbox 1653 2265 1861 2323; x_wconf 85' lang='lat' dir='ltr'><strong>Clamor</strong></span> <span class='ocrx_word' id='word_1_317' title='bbox 1884 2265 2054 2323; x_wconf 85' lang='lat' dir='ltr'><strong>Sodo-</strong></span> 
     </span>
    </p>
   </div>
   <div class='ocr_carea' id='block_1_39' title="bbox 450 2363 2054 2434">
    <p class='ocr_par' dir='ltr' id='par_1_39' title="bbox 450 2363 2054 2434">
     <span class='ocr_line' id='line_1_39' title="bbox 450 2363 2054 2434; baseline -0.002 -15"><span class='ocrx_word' id='word_1_318' title='bbox 450 2382 650 2419; x_wconf 86' lang='lat' dir='ltr'><strong>morum</strong></span> <span class='ocrx_word' id='word_1_319' title='bbox 679 2375 727 2419; x_wconf 84' lang='lat' dir='ltr'><strong>et</strong></span> <span class='ocrx_word' id='word_1_320' title='bbox 752 2363 1053 2421; x_wconf 79' lang='lat' dir='ltr'><strong>Gomorrha:</strong></span> <span class='ocrx_word' id='word_1_321' title='bbox 1096 2364 1336 2434; x_wconf 88' lang='lat' dir='ltr'><strong>impletus</strong></span> <span class='ocrx_word' id='word_1_322' title='bbox 1380 2373 1486 2429; x_wconf 88' lang='lat' dir='ltr'><strong>est,</strong></span> <span class='ocrx_word' id='word_1_323' title='bbox 1523 2370 1574 2417; x_wconf 89' lang='lat' dir='ltr'><strong>et</strong></span> <span class='ocrx_word' id='word_1_324' title='bbox 1618 2370 1826 2433; x_wconf 85' lang='lat' dir='ltr'><strong>peccata</strong></span> <span class='ocrx_word' id='word_1_325' title='bbox 1878 2376 2054 2415; x_wconf 87' lang='lat' dir='ltr'><strong>eorum</strong></span> 
     </span>
    </p>
   </div>
   <div class='ocr_carea' id='block_1_40' title="bbox 452 2453 2056 2530">
    <p class='ocr_par' dir='ltr' id='par_1_40' title="bbox 452 2453 2056 2530">
     <span class='ocr_line' id='line_1_40' title="bbox 452 2453 2056 2530; baseline -0.002 -18"><span class='ocrx_word' id='word_1_326' title='bbox 452 2474 643 2530; x_wconf 89' lang='lat' dir='ltr'><strong>magna</strong></span> <span class='ocrx_word' id='word_1_327' title='bbox 692 2457 839 2512; x_wconf 83' lang='lat' dir='ltr'><strong>valde</strong></span> <span class='ocrx_word' id='word_1_328' title='bbox 888 2455 1076 2529; x_wconf 89' lang='lat' dir='ltr'><strong>(lbid.,</strong></span> <span class='ocrx_word' id='word_1_329' title='bbox 1121 2456 1240 2529; x_wconf 72' lang='grc'><strong>20).</strong></span> <span class='ocrx_word' id='word_1_330' title='bbox 1280 2455 1347 2510; x_wconf 82' lang='grc' dir='ltr'><em>Ει</em></span> <span class='ocrx_word' id='word_1_331' title='bbox 1400 2470 1610 2510; x_wconf 88' lang='lat' dir='ltr'><strong>rursum</strong></span> <span class='ocrx_word' id='word_1_332' title='bbox 1660 2463 1778 2525; x_wconf 92' lang='lat' dir='ltr'><strong>post</strong></span> <span class='ocrx_word' id='word_1_333' title='bbox 1829 2453 2056 2509; x_wconf 89' lang='lat' dir='ltr'><strong>multum</strong></span> 
     </span>
    </p>
   </div>
   <div class='ocr_carea' id='block_1_41' title="bbox 454 2546 2058 2622">
    <p class='ocr_par' dir='ltr' id='par_1_41' title="bbox 454 2546 2058 2622">
     <span class='ocr_line' id='line_1_41' title="bbox 454 2546 2058 2622; baseline -0.004 -15"><span class='ocrx_word' id='word_1_334' title='bbox 454 2553 617 2608; x_wconf 89' lang='lat' dir='ltr'><strong>alium</strong></span> <span class='ocrx_word' id='word_1_335' title='bbox 651 2566 981 2617; x_wconf 87' lang='lat' dir='ltr'><strong>sermonem,</strong></span> <span class='ocrx_word' id='word_1_336' title='bbox 1003 2566 1163 2622; x_wconf 87' lang='lat' dir='ltr'><strong>quem</strong></span> <span class='ocrx_word' id='word_1_337' title='bbox 1186 2549 1467 2606; x_wconf 80' lang='lat' dir='ltr'><strong>brevitatis</strong></span> <span class='ocrx_word' id='word_1_338' title='bbox 1492 2546 1670 2604; x_wconf 90' lang='lat' dir='ltr'><strong>studio</strong></span> <span class='ocrx_word' id='word_1_339' title='bbox 1695 2546 2058 2615; x_wconf 63' lang='lat' dir='ltr'><strong>prietermitti-</strong></span> 
     </span>
    </p>
   </div>
   <div class='ocr_carea' id='block_1_42' title="bbox 456 2642 2058 2717">
    <p class='ocr_par' dir='ltr' id='par_1_42' title="bbox 456 2642 2058 2717">
     <span class='ocr_line' id='line_1_42' title="bbox 456 2642 2058 2717; baseline -0.002 -15"><span class='ocrx_word' id='word_1_340' title='bbox 456 2662 596 2713; x_wconf 90' lang='lat' dir='ltr'><strong>mus,</strong></span> <span class='ocrx_word' id='word_1_341' title='bbox 627 2662 750 2701; x_wconf 88' lang='lat' dir='ltr'><strong>cum</strong></span> <span class='ocrx_word' id='word_1_342' title='bbox 780 2645 847 2701; x_wconf 90' lang='lat' dir='ltr'><strong>de</strong></span> <span class='ocrx_word' id='word_1_343' title='bbox 866 2645 1027 2717; x_wconf 88' lang='lat' dir='ltr'><strong>justis</strong></span> <span class='ocrx_word' id='word_1_344' title='bbox 1054 2662 1157 2700; x_wconf 88' lang='lat' dir='ltr'><strong>una</strong></span> <span class='ocrx_word' id='word_1_345' title='bbox 1186 2660 1309 2700; x_wconf 89' lang='lat' dir='ltr'><strong>cum</strong></span> <span class='ocrx_word' id='word_1_346' title='bbox 1342 2644 1551 2715; x_wconf 88' lang='lat' dir='ltr'><strong>iujustis</strong></span> <span class='ocrx_word' id='word_1_347' title='bbox 1578 2642 1862 2714; x_wconf 85' lang='lat' dir='ltr'><strong>perdendis</strong></span> <span class='ocrx_word' id='word_1_348' title='bbox 1886 2642 2058 2698; x_wconf 74' lang='lat' dir='ltr'><strong>Abra-</strong></span> 
     </span>
    </p>
   </div>
   <div class='ocr_carea' id='block_1_43' title="bbox 460 2737 2064 2812">
    <p class='ocr_par' dir='ltr' id='par_1_43' title="bbox 460 2737 2064 2812">
     <span class='ocr_line' id='line_1_43' title="bbox 460 2737 2064 2812; baseline -0.003 -15"><span class='ocrx_word' id='word_1_349' title='bbox 460 2742 583 2797; x_wconf 84' lang='lat' dir='ltr'><strong>ham</strong></span> <span class='ocrx_word' id='word_1_350' title='bbox 606 2752 751 2797; x_wconf 61' lang='lat' dir='ltr'><strong>esset</strong></span> <span class='ocrx_word' id='word_1_351' title='bbox 777 2742 1059 2807; x_wconf 84' lang='lat' dir='ltr'><strong>sollicitus,</strong></span> <span class='ocrx_word' id='word_1_352' title='bbox 1091 2741 1165 2794; x_wconf 87' lang='lat' dir='ltr'><strong>ait</strong></span> <span class='ocrx_word' id='word_1_353' title='bbox 1199 2757 1211 2793; x_wconf 88' lang='lat'><strong>:</strong></span> <span class='ocrx_word' id='word_1_354' title='bbox 1239 2737 1595 2810; x_wconf 77' lang='lat' dir='ltr'><strong>Nequaquam,</strong></span> <span class='ocrx_word' id='word_1_355' title='bbox 1621 2755 1707 2810; x_wconf 84' lang='lat' dir='ltr'><strong>qat</strong></span> <span class='ocrx_word' id='word_1_356' title='bbox 1725 2738 1936 2812; x_wconf 84' lang='lat' dir='ltr'><strong>judicas</strong></span> <span class='ocrx_word' id='word_1_357' title='bbox 1962 2749 2064 2792; x_wconf 87' lang='lat' dir='ltr'><strong>ter-</strong></span> 
     </span>
    </p>
   </div>
   <div class='ocr_carea' id='block_1_44' title="bbox 457 2831 2063 2907">
    <p class='ocr_par' dir='ltr' id='par_1_44' title="bbox 457 2831 2063 2907">
     <span class='ocr_line' id='line_1_44' title="bbox 457 2831 2063 2907; baseline -0.002 -16"><span class='ocrx_word' id='word_1_358' title='bbox 457 2853 593 2903; x_wconf 88' lang='lat' dir='ltr'><strong>ram,</strong></span> <span class='ocrx_word' id='word_1_359' title='bbox 624 2836 779 2907; x_wconf 81' lang='lat' dir='ltr'><strong>facies</strong></span> <span class='ocrx_word' id='word_1_360' title='bbox 807 2832 904 2889; x_wconf 88' lang='lat' dir='ltr'><strong>hoc</strong></span> <span class='ocrx_word' id='word_1_361' title='bbox 924 2835 1197 2899; x_wconf 85' lang='lat' dir='ltr'><strong>iudicium.</strong></span> <span class='ocrx_word' id='word_1_362' title='bbox 1220 2831 1299 2907; x_wconf 83' lang='grc' dir='ltr'><strong>(α)</strong></span> <span class='ocrx_word' id='word_1_363' title='bbox 1329 2831 1395 2886; x_wconf 82' lang='lat' dir='ltr'><strong>Et</strong></span> <span class='ocrx_word' id='word_1_364' title='bbox 1427 2834 1556 2887; x_wconf 74' lang='lat' dir='ltr'><strong>dixit</strong></span> <span class='ocrx_word' id='word_1_365' title='bbox 1586 2831 1862 2899; x_wconf 81' lang='lat' dir='ltr'><strong>Dominus,</strong></span> <span class='ocrx_word' id='word_1_366' title='bbox 1896 2832 1971 2905; x_wconf 68' lang='grc'><strong>(2)</strong></span> <span class='ocrx_word' id='word_1_367' title='bbox 2001 2831 2063 2888; x_wconf 97' lang='lat' dir='ltr'><strong>Si</strong></span> 
     </span>
    </p>
   </div>
   <div class='ocr_carea' id='block_1_45' title="bbox 458 2925 2066 3001">
    <p class='ocr_par' dir='ltr' id='par_1_45' title="bbox 458 2925 2066 3001">
     <span class='ocr_line' id='line_1_45' title="bbox 458 2925 2066 3001; baseline -0.004 -18"><span class='ocrx_word' id='word_1_368' title='bbox 458 2932 698 2984; x_wconf 86' lang='lat' dir='ltr'><strong>invenero</strong></span> <span class='ocrx_word' id='word_1_369' title='bbox 712 2929 762 2982; x_wconf 88' lang='lat' dir='ltr'><strong>in</strong></span> <span class='ocrx_word' id='word_1_370' title='bbox 777 2926 1017 2984; x_wconf 82' lang='lat' dir='ltr'><strong>Sodomis</strong></span> <span class='ocrx_word' id='word_1_371' title='bbox 1032 2927 1400 3001; x_wconf 83' lang='lat' dir='ltr'><strong>quinquaginta</strong></span> <span class='ocrx_word' id='word_1_372' title='bbox 1403 2929 1577 2999; x_wconf 86' lang='lat' dir='ltr'><strong>justas</strong></span> <span class='ocrx_word' id='word_1_373' title='bbox 1594 2926 1643 2979; x_wconf 89' lang='lat' dir='ltr'><strong>in</strong></span> <span class='ocrx_word' id='word_1_374' title='bbox 1660 2926 1873 2991; x_wconf 85' lang='lat' dir='ltr'><strong>civitate,</strong></span> <span class='ocrx_word' id='word_1_375' title='bbox 1892 2925 2066 2979; x_wconf 90' lang='lat' dir='ltr'><strong>remit-</strong></span> 
     </span>
    </p>
   </div>
   <div class='ocr_carea' id='block_1_46' title="bbox 462 3021 2063 3097">
    <p class='ocr_par' dir='ltr' id='par_1_46' title="bbox 462 3021 2063 3097">
     <span class='ocr_line' id='line_1_46' title="bbox 462 3021 2063 3097; baseline -0.002 -16"><span class='ocrx_word' id='word_1_376' title='bbox 462 3038 562 3083; x_wconf 88' lang='lat' dir='ltr'><strong>tam</strong></span> <span class='ocrx_word' id='word_1_377' title='bbox 595 3028 731 3081; x_wconf 85' lang='lat' dir='ltr'><strong>omui</strong></span> <span class='ocrx_word' id='word_1_378' title='bbox 757 3026 869 3080; x_wconf 89' lang='lat' dir='ltr'><strong>loco</strong></span> <span class='ocrx_word' id='word_1_379' title='bbox 895 3034 1103 3095; x_wconf 81' lang='lat' dir='ltr'><strong>propter</strong></span> <span class='ocrx_word' id='word_1_380' title='bbox 1133 3023 1209 3094; x_wconf 90' lang='lat' dir='ltr'><strong>(b)</strong></span> <span class='ocrx_word' id='word_1_381' title='bbox 1240 3024 1357 3079; x_wconf 87' lang='lat' dir='ltr'><strong>illos</strong></span> <span class='ocrx_word' id='word_1_382' title='bbox 1386 3021 1517 3097; x_wconf 84' lang='lat' dir='ltr'><strong>(1b.,</strong></span> <span class='ocrx_word' id='word_1_383' title='bbox 1542 3023 1633 3090; x_wconf 74' lang='lat'><strong>‘25,</strong></span> <span class='ocrx_word' id='word_1_384' title='bbox 1688 3023 1814 3093; x_wconf 74' lang='lat'><strong>26).</strong></span> <span class='ocrx_word' id='word_1_385' title='bbox 1852 3021 1918 3077; x_wconf 85' lang='lat' dir='ltr'><strong>Et</strong></span> <span class='ocrx_word' id='word_1_386' title='bbox 1947 3039 2063 3077; x_wconf 89' lang='lat' dir='ltr'><strong>rur-</strong></span> 
     </span>
    </p>
   </div>
   <div class='ocr_carea' id='block_1_47' title="bbox 461 3115 2062 3183">
    <p class='ocr_par' dir='ltr' id='par_1_47' title="bbox 461 3115 2062 3183">
     <span class='ocr_line' id='line_1_47' title="bbox 461 3115 2062 3183; baseline -0.002 -8"><span class='ocrx_word' id='word_1_387' title='bbox 461 3136 581 3177; x_wconf 89' lang='lat' dir='ltr'><strong>sum</strong></span> <span class='ocrx_word' id='word_1_388' title='bbox 626 3129 1000 3176; x_wconf 73' lang='lat' dir='ltr'><strong>c0tisummatu</strong></span> <span class='ocrx_word' id='word_1_389' title='bbox 1031 3131 1287 3173; x_wconf 86' lang='lat' dir='ltr'><strong>sermone</strong></span> <span class='ocrx_word' id='word_1_390' title='bbox 1316 3116 1381 3170; x_wconf 92' lang='lat' dir='ltr'><strong>ad</strong></span> <span class='ocrx_word' id='word_1_391' title='bbox 1413 3116 1513 3171; x_wconf 88' lang='lat' dir='ltr'><strong>Lot</strong></span> <span class='ocrx_word' id='word_1_392' title='bbox 1543 3115 1761 3171; x_wconf 77' lang='lat' dir='ltr'><strong>fratrem</strong></span> <span class='ocrx_word' id='word_1_393' title='bbox 1795 3115 2062 3183; x_wconf 51' lang='lat' dir='ltr'><strong>Abrahae,</strong></span> 
     </span>
    </p>
   </div>
   <div class='ocr_carea' id='block_1_48' title="bbox 2151 1897 3765 1969">
    <p class='ocr_par' dir='ltr' id='par_1_48' title="bbox 2151 1897 3765 1969">
     <span class='ocr_line' id='line_1_48' title="bbox 2151 1897 3765 1969; baseline 0 -14"><span class='ocrx_word' id='word_1_394' title='bbox 2151 1897 2294 1954; x_wconf 88' lang='lat' dir='ltr'><strong>dicta</strong></span> <span class='ocrx_word' id='word_1_395' title='bbox 2325 1906 2470 1964; x_wconf 87' lang='lat' dir='ltr'><strong>sunt,</strong></span> <span class='ocrx_word' id='word_1_396' title='bbox 2519 1911 2587 1953; x_wconf 91' lang='lat' dir='ltr'><strong>ne</strong></span> <span class='ocrx_word' id='word_1_397' title='bbox 2632 1897 3038 1969; x_wconf 87' lang='lat' dir='ltr'><strong>intelligentiam</strong></span> <span class='ocrx_word' id='word_1_398' title='bbox 3076 1898 3320 1955; x_wconf 85' lang='lat' dir='ltr'><strong>veritatis</strong></span> <span class='ocrx_word' id='word_1_399' title='bbox 3363 1914 3520 1954; x_wconf 87' lang='lat' dir='ltr'><strong>error</strong></span> <span class='ocrx_word' id='word_1_400' title='bbox 3564 1898 3765 1969; x_wconf 83' lang='lat' dir='ltr'><strong>aliquis</strong></span> 
     </span>
    </p>
   </div>
   <div class='ocr_carea' id='block_1_49' title="bbox 2152 1991 3764 2064">
    <p class='ocr_par' dir='ltr' id='par_1_49' title="bbox 2152 1991 3764 2064">
     <span class='ocr_line' id='line_1_49' title="bbox 2152 1991 3764 2064; baseline -0.001 -17"><span class='ocrx_word' id='word_1_401' title='bbox 2152 2003 2242 2048; x_wconf 90' lang='lat' dir='ltr'><strong>aut</strong></span> <span class='ocrx_word' id='word_1_402' title='bbox 2274 1991 2577 2049; x_wconf 87' lang='lat' dir='ltr'><strong>obscuritas</strong></span> <span class='ocrx_word' id='word_1_403' title='bbox 2609 1991 2917 2064; x_wconf 87' lang='lat' dir='ltr'><strong>impediret.</strong></span> <span class='ocrx_word' id='word_1_404' title='bbox 2946 1992 3077 2061; x_wconf 66' lang='lat' dir='ltr'><strong>Quae</strong></span> <span class='ocrx_word' id='word_1_405' title='bbox 3114 1991 3161 2048; x_wconf 89' lang='lat' dir='ltr'><strong>si</strong></span> <span class='ocrx_word' id='word_1_406' title='bbox 3193 2006 3298 2048; x_wconf 91' lang='lat' dir='ltr'><strong>non</strong></span> <span class='ocrx_word' id='word_1_407' title='bbox 3329 2006 3493 2062; x_wconf 83' lang='lat' dir='ltr'><strong>posse</strong></span> <span class='ocrx_word' id='word_1_408' title='bbox 3523 1991 3764 2063; x_wconf 82' lang='lat' dir='ltr'><strong>ignorari</strong></span> 
     </span>
    </p>
   </div>
   <div class='ocr_carea' id='block_1_50' title="bbox 2153 2084 3767 2160">
    <p class='ocr_par' dir='ltr' id='par_1_50' title="bbox 2153 2084 3767 2160">
     <span class='ocr_line' id='line_1_50' title="bbox 2153 2084 3767 2160; baseline 0 -19"><span class='ocrx_word' id='word_1_409' title='bbox 2153 2084 2480 2153; x_wconf 86' lang='lat' dir='ltr'><strong>doceamus;</strong></span> <span class='ocrx_word' id='word_1_410' title='bbox 2535 2086 2826 2156; x_wconf 80' lang='lat' dir='ltr'><strong>impietatis</strong></span> <span class='ocrx_word' id='word_1_411' title='bbox 2873 2100 2993 2142; x_wconf 87' lang='lat' dir='ltr'><strong>esse</strong></span> <span class='ocrx_word' id='word_1_412' title='bbox 3040 2085 3111 2160; x_wconf 87' lang='grc' dir='ltr'><strong>(ε)</strong></span> <span class='ocrx_word' id='word_1_413' title='bbox 3159 2085 3362 2142; x_wconf 88' lang='lat' dir='ltr'><strong>crimen</strong></span> <span class='ocrx_word' id='word_1_414' title='bbox 3414 2100 3648 2143; x_wconf 82' lang='lat' dir='ltr'><strong>necesse</strong></span> <span class='ocrx_word' id='word_1_415' title='bbox 3686 2094 3767 2142; x_wconf 89' lang='lat' dir='ltr'><strong>est</strong></span> 
     </span>
    </p>
   </div>
   <div class='ocr_carea' id='block_1_51' title="bbox 2155 2179 3767 2252">
    <p class='ocr_par' dir='ltr' id='par_1_51' title="bbox 2155 2179 3767 2252">
     <span class='ocr_line' id='line_1_51' title="bbox 2155 2179 3767 2252; baseline 0.001 -17"><span class='ocrx_word' id='word_1_416' title='bbox 2155 2180 2298 2252; x_wconf 90' lang='lat' dir='ltr'><strong>quod</strong></span> <span class='ocrx_word' id='word_1_417' title='bbox 2327 2191 2573 2251; x_wconf 81' lang='lat' dir='ltr'><strong>negatur.</strong></span> <span class='ocrx_word' id='word_1_418' title='bbox 2605 2181 2841 2252; x_wconf 78' lang='lat' dir='ltr'><strong>Angelus</strong></span> <span class='ocrx_word' id='word_1_419' title='bbox 2869 2180 2964 2237; x_wconf 88' lang='lat' dir='ltr'><strong>Dei</strong></span> <span class='ocrx_word' id='word_1_420' title='bbox 3012 2179 3162 2250; x_wconf 82' lang='lat' dir='ltr'><strong>IOqui</strong></span> <span class='ocrx_word' id='word_1_421' title='bbox 3182 2180 3249 2236; x_wconf 88' lang='lat' dir='ltr'><strong>ad</strong></span> <span class='ocrx_word' id='word_1_422' title='bbox 3293 2183 3437 2252; x_wconf 77' lang='lat' dir='ltr'><strong>Agar</strong></span> <span class='ocrx_word' id='word_1_423' title='bbox 3464 2181 3660 2251; x_wconf 71' lang='lat' dir='ltr'><strong>erepit,</strong></span> <span class='ocrx_word' id='word_1_424' title='bbox 3693 2179 3767 2236; x_wconf 82' lang='lat' dir='ltr'><strong>ls-</strong></span> 
     </span>
    </p>
   </div>
   <div class='ocr_carea' id='block_1_52' title="bbox 2158 2271 3770 2345">
    <p class='ocr_par' dir='ltr' id='par_1_52' title="bbox 2158 2271 3770 2345">
     <span class='ocr_line' id='line_1_52' title="bbox 2158 2271 3770 2345; baseline -0.001 -17"><span class='ocrx_word' id='word_1_425' title='bbox 2158 2272 2387 2329; x_wconf 90' lang='lat' dir='ltr'><strong>maelem</strong></span> <span class='ocrx_word' id='word_1_426' title='bbox 2417 2271 2470 2327; x_wconf 76' lang='lat' dir='ltr'><strong>iu</strong></span> <span class='ocrx_word' id='word_1_427' title='bbox 2499 2282 2712 2343; x_wconf 86' lang='lat' dir='ltr'><strong>gentem</strong></span> <span class='ocrx_word' id='word_1_428' title='bbox 2742 2289 2990 2344; x_wconf 84' lang='lat' dir='ltr'><strong>magnam</strong></span> <span class='ocrx_word' id='word_1_429' title='bbox 3016 2272 3555 2343; x_wconf 87' lang='lat' dir='ltr'><strong>adaucturus,-eique</strong></span> <span class='ocrx_word' id='word_1_430' title='bbox 3578 2271 3669 2345; x_wconf 71' lang='grc' dir='ltr'><strong>(ι)</strong></span> <span class='ocrx_word' id='word_1_431' title='bbox 3691 2273 3770 2328; x_wconf 85' lang='grc' dir='ltr'><strong>ίιι⁴</strong></span> 
     </span>
    </p>
   </div>
   <div class='ocr_carea' id='block_1_53' title="bbox 2161 2360 3766 2442">
    <p class='ocr_par' dir='ltr' id='par_1_53' title="bbox 2161 2360 3766 2442">
     <span class='ocr_line' id='line_1_53' title="bbox 2161 2360 3766 2442; baseline 0 -19"><span class='ocrx_word' id='word_1_432' title='bbox 2161 2366 2551 2423; x_wconf 89' lang='lat' dir='ltr'><strong>numerabilem</strong></span> <span class='ocrx_word' id='word_1_433' title='bbox 2586 2360 2715 2442; x_wconf 68' lang='grc' dir='ltr'><strong>ἐι</strong></span> <span class='ocrx_word' id='word_1_434' title='bbox 2774 2368 2950 2440; x_wconf 85' lang='lat' dir='ltr'><strong>gentis</strong></span> <span class='ocrx_word' id='word_1_435' title='bbox 3013 2368 3327 2439; x_wconf 85' lang='lat' dir='ltr'><strong>progeniem</strong></span> <span class='ocrx_word' id='word_1_436' title='bbox 3386 2376 3766 2439; x_wconf 66' lang='lat' dir='ltr'><strong>praematurus.</strong></span> 
     </span>
    </p>
   </div>
   <div class='ocr_carea' id='block_1_54' title="bbox 2159 2461 3768 2519">
    <p class='ocr_par' dir='ltr' id='par_1_54' title="bbox 2159 2461 3768 2519">
     <span class='ocr_line' id='line_1_54' title="bbox 2159 2461 3768 2519; baseline 0 -2"><span class='ocrx_word' id='word_1_437' title='bbox 2159 2461 2441 2518; x_wconf 79' lang='lat' dir='ltr'><strong>Confessio</strong></span> <span class='ocrx_word' id='word_1_438' title='bbox 2477 2461 2745 2518; x_wconf 78' lang='lat' dir='ltr'><strong>audientis</strong></span> <span class='ocrx_word' id='word_1_439' title='bbox 2773 2470 2824 2517; x_wconf 90' lang='lat' dir='ltr'><strong>et</strong></span> <span class='ocrx_word' id='word_1_440' title='bbox 2851 2462 3136 2517; x_wconf 88' lang='lat' dir='ltr'><strong>Dominum</strong></span> <span class='ocrx_word' id='word_1_441' title='bbox 3172 2477 3296 2517; x_wconf 88' lang='lat' dir='ltr'><strong>eum</strong></span> <span class='ocrx_word' id='word_1_442' title='bbox 3339 2476 3461 2518; x_wconf 90' lang='lat' dir='ltr'><strong>esse</strong></span> <span class='ocrx_word' id='word_1_443' title='bbox 3501 2472 3560 2519; x_wconf 90' lang='lat' dir='ltr'><strong>et</strong></span> <span class='ocrx_word' id='word_1_444' title='bbox 3602 2462 3768 2517; x_wconf 85' lang='lat' dir='ltr'><strong>Deum</strong></span> 
     </span>
    </p>
   </div>
   <div class='ocr_carea' id='block_1_55' title="bbox 2161 2552 3773 2625">
    <p class='ocr_par' dir='ltr' id='par_1_55' title="bbox 2161 2552 3773 2625">
     <span class='ocr_line' id='line_1_55' title="bbox 2161 2552 3773 2625; baseline 0.001 -14"><span class='ocrx_word' id='word_1_445' title='bbox 2161 2554 2372 2611; x_wconf 90' lang='lat' dir='ltr'><strong>edocet.</strong></span> <span class='ocrx_word' id='word_1_446' title='bbox 2404 2552 2687 2611; x_wconf 90' lang='lat' dir='ltr'><strong>Sermonis</strong></span> <span class='ocrx_word' id='word_1_447' title='bbox 2714 2555 2857 2609; x_wconf 87' lang='lat' dir='ltr'><strong>enim</strong></span> <span class='ocrx_word' id='word_1_448' title='bbox 2888 2554 3172 2609; x_wconf 76' lang='lat' dir='ltr'><strong>exordium</strong></span> <span class='ocrx_word' id='word_1_449' title='bbox 3208 2553 3277 2609; x_wconf 89' lang='lat' dir='ltr'><strong>ab</strong></span> <span class='ocrx_word' id='word_1_450' title='bbox 3309 2553 3505 2625; x_wconf 84' lang='lat' dir='ltr'><strong>angelo</strong></span> <span class='ocrx_word' id='word_1_451' title='bbox 3536 2555 3636 2610; x_wconf 84' lang='lat' dir='ltr'><strong>Dei</strong></span> <span class='ocrx_word' id='word_1_452' title='bbox 3662 2570 3773 2612; x_wconf 73' lang='lat' dir='ltr'><strong>ete-</strong></span> 
     </span>
    </p>
   </div>
   <div class='ocr_carea' id='block_1_56' title="bbox 2164 2648 3773 2722">
    <p class='ocr_par' dir='ltr' id='par_1_56' title="bbox 2164 2648 3773 2722">
     <span class='ocr_line' id='line_1_56' title="bbox 2164 2648 3773 2722; baseline 0.002 -18"><span class='ocrx_word' id='word_1_453' title='bbox 2164 2650 2276 2720; x_wconf 92' lang='lat' dir='ltr'><strong>pit,</strong></span> <span class='ocrx_word' id='word_1_454' title='bbox 2313 2648 2408 2704; x_wconf 90' lang='lat' dir='ltr'><strong>sed</strong></span> <span class='ocrx_word' id='word_1_455' title='bbox 2436 2649 2490 2705; x_wconf 91' lang='lat' dir='ltr'><strong>in</strong></span> <span class='ocrx_word' id='word_1_456' title='bbox 2521 2648 2860 2704; x_wconf 74' lang='lat' dir='ltr'><strong>confessione</strong></span> <span class='ocrx_word' id='word_1_457' title='bbox 2892 2650 2984 2705; x_wconf 87' lang='lat' dir='ltr'><strong>Dei</strong></span> <span class='ocrx_word' id='word_1_458' title='bbox 3014 2649 3275 2704; x_wconf 87' lang='lat' dir='ltr'><strong>constitit.</strong></span> <span class='ocrx_word' id='word_1_459' title='bbox 3308 2648 3384 2706; x_wconf 86' lang='lat' dir='ltr'><strong>Ita</strong></span> <span class='ocrx_word' id='word_1_460' title='bbox 3416 2650 3507 2721; x_wconf 89' lang='lat' dir='ltr'><strong>qui</strong></span> <span class='ocrx_word' id='word_1_461' title='bbox 3541 2649 3628 2722; x_wconf 82' lang='grc'><strong>(5)</strong></span> <span class='ocrx_word' id='word_1_462' title='bbox 3675 2651 3773 2708; x_wconf 85' lang='lat' dir='ltr'><strong>sub</strong></span> 
     </span>
    </p>
   </div>
   <div class='ocr_carea' id='block_1_57' title="bbox 2166 2743 3775 2819">
    <p class='ocr_par' dir='ltr' id='par_1_57' title="bbox 2166 2743 3775 2819">
     <span class='ocr_line' id='line_1_57' title="bbox 2166 2743 3775 2819; baseline 0.001 -19"><span class='ocrx_word' id='word_1_463' title='bbox 2166 2745 2467 2801; x_wconf 81' lang='lat' dir='ltr'><strong>ministerio</strong></span> <span class='ocrx_word' id='word_1_464' title='bbox 2499 2743 2568 2819; x_wconf 68' lang='grc' dir='ltr'><strong>(ί)</strong></span> <span class='ocrx_word' id='word_1_465' title='bbox 2595 2745 2770 2816; x_wconf 88' lang='lat' dir='ltr'><strong>magni</strong></span> <span class='ocrx_word' id='word_1_466' title='bbox 2815 2745 3027 2800; x_wconf 88' lang='lat' dir='ltr'><strong>consilii</strong></span> <span class='ocrx_word' id='word_1_467' title='bbox 3066 2744 3380 2811; x_wconf 87' lang='lat' dir='ltr'><strong>nuntiandi,</strong></span> <span class='ocrx_word' id='word_1_468' title='bbox 3421 2746 3515 2801; x_wconf 82' lang='lat' dir='ltr'><strong>Dei</strong></span> <span class='ocrx_word' id='word_1_469' title='bbox 3547 2746 3775 2817; x_wconf 73' lang='lat' dir='ltr'><strong>angelus</strong></span> 
     </span>
    </p>
   </div>
   <div class='ocr_carea' id='block_1_58' title="bbox 2167 2835 3775 2908">
    <p class='ocr_par' dir='ltr' id='par_1_58' title="bbox 2167 2835 3775 2908">
     <span class='ocr_line' id='line_1_58' title="bbox 2167 2835 3775 2908; baseline 0 -15"><span class='ocrx_word' id='word_1_470' title='bbox 2167 2848 2269 2905; x_wconf 90' lang='lat' dir='ltr'><strong>est,</strong></span> <span class='ocrx_word' id='word_1_471' title='bbox 2301 2839 2417 2908; x_wconf 86' lang='lat' dir='ltr'><strong>ipse</strong></span> <span class='ocrx_word' id='word_1_472' title='bbox 2441 2847 2495 2892; x_wconf 91' lang='lat' dir='ltr'><strong>et</strong></span> <span class='ocrx_word' id='word_1_473' title='bbox 2531 2850 2717 2892; x_wconf 86' lang='lat' dir='ltr'><strong>natura</strong></span> <span class='ocrx_word' id='word_1_474' title='bbox 2745 2845 2801 2893; x_wconf 91' lang='lat' dir='ltr'><strong>et</strong></span> <span class='ocrx_word' id='word_1_475' title='bbox 2831 2836 3047 2893; x_wconf 85' lang='lat' dir='ltr'><strong>nemine</strong></span> <span class='ocrx_word' id='word_1_476' title='bbox 3078 2837 3217 2893; x_wconf 88' lang='lat' dir='ltr'><strong>Deus</strong></span> <span class='ocrx_word' id='word_1_477' title='bbox 3245 2847 3346 2892; x_wconf 89' lang='lat' dir='ltr'><strong>est.</strong></span> <span class='ocrx_word' id='word_1_478' title='bbox 3375 2835 3586 2893; x_wconf 83' lang='lat' dir='ltr'><strong>Nomen</strong></span> <span class='ocrx_word' id='word_1_479' title='bbox 3628 2839 3775 2894; x_wconf 85' lang='lat' dir='ltr'><strong>enim</strong></span> 
     </span>
    </p>
   </div>
   <div class='ocr_carea' id='block_1_59' title="bbox 2169 2929 3775 3000">
    <p class='ocr_par' dir='ltr' id='par_1_59' title="bbox 2169 2929 3775 3000">
     <span class='ocr_line' id='line_1_59' title="bbox 2169 2929 3775 3000; baseline -0.001 -14"><span class='ocrx_word' id='word_1_480' title='bbox 2169 2944 2393 2995; x_wconf 56' lang='lat' dir='ltr'><strong>natura},</strong></span> <span class='ocrx_word' id='word_1_481' title='bbox 2420 2947 2529 2987; x_wconf 88' lang='lat' dir='ltr'><strong>non</strong></span> <span class='ocrx_word' id='word_1_482' title='bbox 2555 2930 2758 2986; x_wconf 91' lang='lat' dir='ltr'><strong>nomini</strong></span> <span class='ocrx_word' id='word_1_483' title='bbox 2780 2942 2970 2986; x_wconf 88' lang='lat' dir='ltr'><strong>natura</strong></span> <span class='ocrx_word' id='word_1_484' title='bbox 2992 2930 3357 3000; x_wconf 81' lang='lat' dir='ltr'><strong>componitur.</strong></span> <span class='ocrx_word' id='word_1_485' title='bbox 3387 2929 3586 2985; x_wconf 84' lang='lat' dir='ltr'><strong>Iisdem</strong></span> <span class='ocrx_word' id='word_1_486' title='bbox 3609 2932 3775 2987; x_wconf 82' lang='lat' dir='ltr'><strong>etiam</strong></span> 
     </span>
    </p>
   </div>
   <div class='ocr_carea' id='block_1_60' title="bbox 2168 3021 3776 3097">
    <p class='ocr_par' dir='ltr' id='par_1_60' title="bbox 2168 3021 3776 3097">
     <span class='ocr_line' id='line_1_60' title="bbox 2168 3021 3776 3097; baseline 0 -17"><span class='ocrx_word' id='word_1_487' title='bbox 2168 3025 2235 3081; x_wconf 89' lang='lat' dir='ltr'><strong>de</strong></span> <span class='ocrx_word' id='word_1_488' title='bbox 2265 3024 2427 3081; x_wconf 89' lang='lat' dir='ltr'><strong>rebus</strong></span> <span class='ocrx_word' id='word_1_489' title='bbox 2454 3024 2519 3079; x_wconf 89' lang='lat' dir='ltr'><strong>ad</strong></span> <span class='ocrx_word' id='word_1_490' title='bbox 2542 3023 2814 3080; x_wconf 85' lang='lat' dir='ltr'><strong>Abraham</strong></span> <span class='ocrx_word' id='word_1_491' title='bbox 2848 3024 2987 3079; x_wconf 88' lang='lat' dir='ltr'><strong>Deus</strong></span> <span class='ocrx_word' id='word_1_492' title='bbox 3011 3023 3248 3094; x_wconf 90' lang='lat' dir='ltr'><strong>loquitur</strong></span> <span class='ocrx_word' id='word_1_493' title='bbox 3274 3041 3289 3077; x_wconf 88' lang='lat'><strong>:</strong></span> <span class='ocrx_word' id='word_1_494' title='bbox 3320 3021 3399 3097; x_wconf 71' lang='grc' dir='ltr'><strong>(ς)</strong></span> <span class='ocrx_word' id='word_1_495' title='bbox 3426 3024 3776 3080; x_wconf 86' lang='lat' dir='ltr'><strong>benedictum</strong></span> 
     </span>
    </p>
   </div>
   <div class='ocr_carea' id='block_1_61' title="bbox 2165 3118 3776 3190">
    <p class='ocr_par' dir='ltr' id='par_1_61' title="bbox 2165 3118 3776 3190">
     <span class='ocr_line' id='line_1_61' title="bbox 2165 3118 3776 3190; baseline 0.002 -18"><span class='ocrx_word' id='word_1_496' title='bbox 2165 3119 2276 3190; x_wconf 83' lang='lat' dir='ltr'><strong>jam</strong></span> <span class='ocrx_word' id='word_1_497' title='bbox 2336 3119 2543 3173; x_wconf 88' lang='lat' dir='ltr'><strong>lsmaeli</strong></span> <span class='ocrx_word' id='word_1_498' title='bbox 2601 3120 2846 3183; x_wconf 88' lang='lat' dir='ltr'><strong>docetur,</strong></span> <span class='ocrx_word' id='word_1_499' title='bbox 2904 3125 2961 3175; x_wconf 84' lang='lat' dir='ltr'><strong>et</strong></span> <span class='ocrx_word' id='word_1_500' title='bbox 3005 3118 3468 3188; x_wconf 72' lang='lat' dir='ltr'><strong>multiplicandqu</strong></span> <span class='ocrx_word' id='word_1_501' title='bbox 3522 3121 3776 3175; x_wconf 83' lang='lat' dir='ltr'><strong>eumdem</strong></span> 
     </span>
    </p>
   </div>
   <div class='ocr_carea' id='block_1_62' title="bbox 462 3206 3777 3284">
    <p class='ocr_par' dir='ltr' id='par_1_62' title="bbox 462 3206 3777 3284">
     <span class='ocr_line' id='line_1_62' title="bbox 462 3206 3777 3284; baseline -0.001 -14"><span class='ocrx_word' id='word_1_502' title='bbox 462 3215 736 3284; x_wconf 82' lang='lat' dir='ltr'><strong>Scriptura</strong></span> <span class='ocrx_word' id='word_1_503' title='bbox 766 3214 928 3277; x_wconf 91' lang='lat' dir='ltr'><strong>dicit,</strong></span> <span class='ocrx_word' id='word_1_504' title='bbox 956 3211 1021 3265; x_wconf 88' lang='lat' dir='ltr'><strong>Et</strong></span> <span class='ocrx_word' id='word_1_505' title='bbox 1045 3210 1298 3266; x_wconf 83' lang='lat' dir='ltr'><strong>Dominus</strong></span> <span class='ocrx_word' id='word_1_506' title='bbox 1322 3211 1399 3283; x_wconf 82' lang='grc'><strong>(5)</strong></span> <span class='ocrx_word' id='word_1_507' title='bbox 1430 3211 1557 3280; x_wconf 88' lang='lat' dir='ltr'><strong>pluit</strong></span> <span class='ocrx_word' id='word_1_508' title='bbox 1594 3227 1748 3280; x_wconf 87' lang='lat' dir='ltr'><strong>super</strong></span> <span class='ocrx_word' id='word_1_509' title='bbox 1780 3211 2063 3265; x_wconf 87' lang='lat' dir='ltr'><strong>Sodomam</strong></span> <span class='ocrx_word' id='word_1_510' title='bbox 2092 3206 2135 3270; x_wconf 93' lang='lat' dir='ltr'>C</span> <span class='ocrx_word' id='word_1_511' title='bbox 2169 3228 2290 3269; x_wconf 87' lang='lat' dir='ltr'><strong>esse</strong></span> <span class='ocrx_word' id='word_1_512' title='bbox 2313 3214 2365 3269; x_wconf 90' lang='lat' dir='ltr'><strong>in</strong></span> <span class='ocrx_word' id='word_1_513' title='bbox 2390 3220 2606 3284; x_wconf 85' lang='lat' dir='ltr'><strong>gentem</strong></span> <span class='ocrx_word' id='word_1_514' title='bbox 2635 3230 2646 3267; x_wconf 92' lang='lat'>:</span> <span class='ocrx_word' id='word_1_515' title='bbox 2675 3210 2959 3275; x_wconf 73' lang='lat' dir='ltr'><strong>Benedixi,</strong></span> <span class='ocrx_word' id='word_1_516' title='bbox 2986 3210 3189 3282; x_wconf 89' lang='lat' dir='ltr'><strong>inquit,</strong></span> <span class='ocrx_word' id='word_1_517' title='bbox 3218 3212 3268 3269; x_wconf 84' lang='lat' dir='ltr'><strong>ei</strong></span> <span class='ocrx_word' id='word_1_518' title='bbox 3291 3210 3443 3282; x_wconf 72' lang='lat' dir='ltr'><strong>(Gen.</strong></span> <span class='ocrx_word' id='word_1_519' title='bbox 3468 3227 3587 3267; x_wconf 77' lang='lat' dir='ltr'><strong>xvu</strong></span> <span class='ocrx_word' id='word_1_520' title='bbox 3608 3254 3625 3274; x_wconf 89' lang='lat'><strong>,</strong></span> <span class='ocrx_word' id='word_1_521' title='bbox 3661 3214 3777 3278; x_wconf 67' lang='grc' dir='ltr'><strong>ΞΟ).</strong></span> 
     </span>
    </p>
   </div>
   <div class='ocr_carea' id='block_1_63' title="bbox 462 3301 2065 3377">
    <p class='ocr_par' dir='ltr' id='par_1_63' title="bbox 462 3301 2065 3377">
     <span class='ocr_line' id='line_1_63' title="bbox 462 3301 2065 3377; baseline -0.002 -14"><span class='ocrx_word' id='word_1_522' title='bbox 462 3317 512 3363; x_wconf 87' lang='grc' dir='ltr'><strong>ει</strong></span> <span class='ocrx_word' id='word_1_523' title='bbox 560 3304 900 3361; x_wconf 78' lang='lat' dir='ltr'><strong>Gomorrham</strong></span> <span class='ocrx_word' id='word_1_524' title='bbox 942 3304 1161 3374; x_wconf 83' lang='lat' dir='ltr'><strong>sulphur</strong></span> <span class='ocrx_word' id='word_1_525' title='bbox 1208 3313 1258 3358; x_wconf 88' lang='lat' dir='ltr'><strong>et</strong></span> <span class='ocrx_word' id='word_1_526' title='bbox 1309 3305 1476 3377; x_wconf 81' lang='lat' dir='ltr'><strong>ignem</strong></span> <span class='ocrx_word' id='word_1_527' title='bbox 1515 3321 1546 3356; x_wconf 92' lang='lat' dir='ltr'><strong>a</strong></span> <span class='ocrx_word' id='word_1_528' title='bbox 1579 3301 1798 3358; x_wconf 86' lang='lat' dir='ltr'><strong>Domino</strong></span> <span class='ocrx_word' id='word_1_529' title='bbox 1840 3304 1903 3358; x_wconf 89' lang='lat' dir='ltr'><strong>de</strong></span> <span class='ocrx_word' id='word_1_530' title='bbox 1940 3306 2065 3360; x_wconf 70' lang='lat' dir='ltr'><strong>caelo</strong></span> 
     </span>
    </p>
   </div>
   <div class='ocr_carea' id='block_1_64' title="bbox 467 3392 2061 3471">
    <p class='ocr_par' dir='ltr' id='par_1_64' title="bbox 467 3392 2061 3471">
     <span class='ocr_line' id='line_1_64' title="bbox 467 3392 2061 3471; baseline -0.003 -16"><span class='ocrx_word' id='word_1_531' title='bbox 467 3399 623 3471; x_wconf 83' lang='lat' dir='ltr'><strong>(Gen.</strong></span> <span class='ocrx_word' id='word_1_532' title='bbox 656 3415 765 3459; x_wconf 55' lang='grc' dir='ltr'><em>χιχ,</em></span> <span class='ocrx_word' id='word_1_533' title='bbox 798 3396 913 3469; x_wconf 78' lang='lat' dir='ltr'><strong>2i).</strong></span> <span class='ocrx_word' id='word_1_534' title='bbox 950 3397 1015 3452; x_wconf 86' lang='lat' dir='ltr'><strong>Et</strong></span> <span class='ocrx_word' id='word_1_535' title='bbox 1044 3412 1257 3450; x_wconf 76' lang='lat' dir='ltr'><strong>rursum</strong></span> <span class='ocrx_word' id='word_1_536' title='bbox 1289 3412 1301 3447; x_wconf 88' lang='lat'><strong>:</strong></span> <span class='ocrx_word' id='word_1_537' title='bbox 1340 3393 1403 3448; x_wconf 84' lang='lat' dir='ltr'><strong>Et</strong></span> <span class='ocrx_word' id='word_1_538' title='bbox 1428 3392 1678 3448; x_wconf 77' lang='lat' dir='ltr'><strong>Dominus</strong></span> <span class='ocrx_word' id='word_1_539' title='bbox 1707 3396 1922 3450; x_wconf 82' lang='lat' dir='ltr'><strong>visitavit</strong></span> <span class='ocrx_word' id='word_1_540' title='bbox 1960 3396 2061 3451; x_wconf 85' lang='lat' dir='ltr'><strong>Sa-</strong></span> 
     </span>
    </p>
   </div>
   <div class='ocr_carea' id='block_1_65' title="bbox 464 3486 2062 3561">
    <p class='ocr_par' dir='ltr' id='par_1_65' title="bbox 464 3486 2062 3561">
     <span class='ocr_line' id='line_1_65' title="bbox 464 3486 2062 3561; baseline -0.002 -13"><span class='ocrx_word' id='word_1_541' title='bbox 464 3510 602 3561; x_wconf 88' lang='lat' dir='ltr'><strong>ram,</strong></span> <span class='ocrx_word' id='word_1_542' title='bbox 634 3493 763 3547; x_wconf 89' lang='lat' dir='ltr'><strong>sicut</strong></span> <span class='ocrx_word' id='word_1_543' title='bbox 785 3491 944 3554; x_wconf 77' lang='lat' dir='ltr'><strong>dixit,</strong></span> <span class='ocrx_word' id='word_1_544' title='bbox 973 3499 1020 3544; x_wconf 89' lang='lat' dir='ltr'><strong>et</strong></span> <span class='ocrx_word' id='word_1_545' title='bbox 1055 3489 1173 3559; x_wconf 81' lang='lat' dir='ltr'><strong>feeit</strong></span> <span class='ocrx_word' id='word_1_546' title='bbox 1200 3486 1341 3542; x_wconf 84' lang='lat' dir='ltr'><strong>Deus</strong></span> <span class='ocrx_word' id='word_1_547' title='bbox 1377 3486 1527 3542; x_wconf 77' lang='lat' dir='ltr'><strong>Sane</strong></span> <span class='ocrx_word' id='word_1_548' title='bbox 1566 3488 1696 3542; x_wconf 85' lang='lat' dir='ltr'><strong>sicut</strong></span> <span class='ocrx_word' id='word_1_549' title='bbox 1727 3488 1927 3547; x_wconf 87' lang='lat' dir='ltr'><strong>locutus</strong></span> <span class='ocrx_word' id='word_1_550' title='bbox 1955 3502 2062 3560; x_wconf 85' lang='lat' dir='ltr'><strong>est,</strong></span> 
     </span>
    </p>
   </div>
   <div class='ocr_carea' id='block_1_66' title="bbox 537 3630 985 3703">
    <p class='ocr_par' dir='ltr' id='par_1_66' title="bbox 537 3630 985 3703">
     <span class='ocr_line' id='line_1_66' title="bbox 537 3630 985 3703; baseline -0.009 -14"><span class='ocrx_word' id='word_1_551' title='bbox 537 3631 618 3703; x_wconf 83' lang='lat' dir='ltr'><strong>(l)</strong></span> <span class='ocrx_word' id='word_1_552' title='bbox 650 3630 823 3686; x_wconf 82' lang='lat' dir='ltr'><strong>Puero</strong></span> <span class='ocrx_word' id='word_1_553' title='bbox 852 3644 985 3685; x_wconf 83' lang='lat' dir='ltr'><strong>meo.</strong></span> 
     </span>
    </p>
   </div>
   <div class='ocr_carea' id='block_1_67' title="bbox 537 3698 1275 3774">
    <p class='ocr_par' dir='ltr' id='par_1_67' title="bbox 537 3698 1275 3774">
     <span class='ocr_line' id='line_1_67' title="bbox 537 3698 1275 3774; baseline -0.007 -16"><span class='ocrx_word' id='word_1_554' title='bbox 537 3698 617 3774; x_wconf 70' lang='grc'><strong>(2)</strong></span> <span class='ocrx_word' id='word_1_555' title='bbox 653 3704 714 3760; x_wconf 87' lang='lat' dir='ltr'><strong>Si</strong></span> <span class='ocrx_word' id='word_1_556' title='bbox 742 3704 980 3758; x_wconf 85' lang='lat' dir='ltr'><strong>invenero</strong></span> <span class='ocrx_word' id='word_1_557' title='bbox 1012 3698 1275 3774; x_wconf 63' lang='lat' dir='ltr'><strong>Sodomis.</strong></span> 
     </span>
    </p>
   </div>
   <div class='ocr_carea' id='block_1_68' title="bbox 538 3766 1638 3852">
    <p class='ocr_par' dir='ltr' id='par_1_68' title="bbox 538 3766 1638 3852">
     <span class='ocr_line' id='line_1_68' title="bbox 538 3766 1638 3852; baseline -0.007 -19"><span class='ocrx_word' id='word_1_558' title='bbox 538 3766 617 3852; x_wconf 80' lang='grc'><strong>(5)</strong></span> <span class='ocrx_word' id='word_1_559' title='bbox 646 3774 823 3830; x_wconf 87' lang='lat' dir='ltr'><strong>Pluvit</strong></span> <span class='ocrx_word' id='word_1_560' title='bbox 843 3789 996 3847; x_wconf 82' lang='lat' dir='ltr'><strong>super</strong></span> <span class='ocrx_word' id='word_1_561' title='bbox 1025 3770 1254 3828; x_wconf 86' lang='lat' dir='ltr'><strong>Sodoma</strong></span> <span class='ocrx_word' id='word_1_562' title='bbox 1283 3779 1329 3825; x_wconf 90' lang='lat' dir='ltr'><strong>et</strong></span> <span class='ocrx_word' id='word_1_563' title='bbox 1356 3766 1638 3825; x_wconf 86' lang='lat' dir='ltr'><strong>Gomorra.</strong></span> 
     </span>
    </p>
   </div>
   <div class='ocr_carea' id='block_1_69' title="bbox 466 3885 2068 3963">
    <p class='ocr_par' dir='ltr' id='par_1_69' title="bbox 466 3885 2068 3963">
     <span class='ocr_line' id='line_1_69' title="bbox 466 3885 2068 3963; baseline -0.002 -15"><span class='ocrx_word' id='word_1_564' title='bbox 466 3892 557 3963; x_wconf 89' lang='lat' dir='ltr'><strong>qui</strong></span> <span class='ocrx_word' id='word_1_565' title='bbox 577 3934 591 3957; x_wconf 89' lang='lat'><strong>,</strong></span> <span class='ocrx_word' id='word_1_566' title='bbox 617 3900 723 3947; x_wconf 87' lang='lat' dir='ltr'><strong>etc.</strong></span> <span class='ocrx_word' id='word_1_567' title='bbox 750 3886 1065 3963; x_wconf 84' lang='lat' dir='ltr'><strong>Elegantius</strong></span> <span class='ocrx_word' id='word_1_568' title='bbox 1098 3887 1152 3942; x_wconf 91' lang='lat' dir='ltr'><strong>in</strong></span> <span class='ocrx_word' id='word_1_569' title='bbox 1193 3901 1322 3941; x_wconf 91' lang='lat' dir='ltr'><strong>mss.</strong></span> <span class='ocrx_word' id='word_1_570' title='bbox 1358 3886 1451 3963; x_wconf 77' lang='lat' dir='ltr'><strong>qui</strong></span> <span class='ocrx_word' id='word_1_571' title='bbox 1480 3894 1528 3939; x_wconf 87' lang='lat' dir='ltr'><strong>et</strong></span> <span class='ocrx_word' id='word_1_572' title='bbox 1556 3885 1772 3963; x_wconf 76' lang='lat' dir='ltr'><strong>angelus</strong></span> <span class='ocrx_word' id='word_1_573' title='bbox 1809 3896 1919 3953; x_wconf 86' lang='lat' dir='ltr'><strong>est,</strong></span> <span class='ocrx_word' id='word_1_574' title='bbox 1951 3887 2068 3963; x_wconf 81' lang='lat' dir='ltr'><strong>sine</strong></span> 
     </span>
    </p>
   </div>
   <div class='ocr_carea' id='block_1_70' title="bbox 470 3957 2062 4030">
    <p class='ocr_par' dir='ltr' id='par_1_70' title="bbox 470 3957 2062 4030">
     <span class='ocr_line' id='line_1_70' title="bbox 470 3957 2062 4030; baseline -0.004 -8"><span class='ocrx_word' id='word_1_575' title='bbox 470 3957 589 4022; x_wconf 83' lang='lat' dir='ltr'><strong>Dei.</strong></span> <span class='ocrx_word' id='word_1_576' title='bbox 615 3963 801 4019; x_wconf 89' lang='lat' dir='ltr'><strong>Hilarii</strong></span> <span class='ocrx_word' id='word_1_577' title='bbox 825 3957 1221 4030; x_wconf 73' lang='lat' dir='ltr'><strong>eirpositionem</strong></span> <span class='ocrx_word' id='word_1_578' title='bbox 1244 3957 1783 4030; x_wconf 81' lang='lat' dir='ltr'><strong>conﬁrmarejuverit</strong></span> <span class='ocrx_word' id='word_1_579' title='bbox 1808 3975 1871 4014; x_wconf 83' lang='lat' dir='ltr'><strong>ex</strong></span> <span class='ocrx_word' id='word_1_580' title='bbox 1903 3961 2062 4027; x_wconf 85' lang='lat' dir='ltr'><strong>epist.</strong></span> 
     </span>
    </p>
   </div>
   <div class='ocr_carea' id='block_1_71' title="bbox 468 4029 2066 4105">
    <p class='ocr_par' dir='ltr' id='par_1_71' title="bbox 468 4029 2066 4105">
     <span class='ocr_line' id='line_1_71' title="bbox 468 4029 2066 4105; baseline -0.004 -11"><span class='ocrx_word' id='word_1_581' title='bbox 468 4036 685 4094; x_wconf 89' lang='lat' dir='ltr'><strong>concilii</strong></span> <span class='ocrx_word' id='word_1_582' title='bbox 723 4029 1013 4090; x_wconf 81' lang='lat' dir='ltr'><strong>Antliioch.</strong></span> <span class='ocrx_word' id='word_1_583' title='bbox 1038 4032 1106 4087; x_wconf 91' lang='lat' dir='ltr'><strong>de</strong></span> <span class='ocrx_word' id='word_1_584' title='bbox 1143 4029 1627 4105; x_wconf 10' lang='lat' dir='ltr'><strong>Christoidiceutis</strong></span> <span class='ocrx_word' id='word_1_585' title='bbox 1659 4047 1672 4084; x_wconf 93' lang='lat'><strong>:</strong></span> <span class='ocrx_word' id='word_1_586' title='bbox 1708 4029 1810 4098; x_wconf 81' lang='lat' dir='ltr'><strong>Qui</strong></span> <span class='ocrx_word' id='word_1_587' title='bbox 1848 4032 2066 4105; x_wconf 79' lang='lat' dir='ltr'><strong>impleas</strong></span> 
     </span>
    </p>
   </div>
   <div class='ocr_carea' id='block_1_72' title="bbox 466 4103 2065 4178">
    <p class='ocr_par' dir='ltr' id='par_1_72' title="bbox 466 4103 2065 4178">
     <span class='ocr_line' id='line_1_72' title="bbox 466 4103 2065 4178; baseline -0.004 -14"><span class='ocrx_word' id='word_1_588' title='bbox 466 4112 776 4165; x_wconf 85' lang='lat' dir='ltr'><strong>voluntatem</strong></span> <span class='ocrx_word' id='word_1_589' title='bbox 824 4114 1102 4178; x_wconf 79' lang='lat' dir='ltr'><strong>paternam</strong></span> <span class='ocrx_word' id='word_1_590' title='bbox 1136 4103 1730 4178; x_wconf 75' lang='lat' dir='ltr'><strong>patriarchisapparet,</strong></span> <span class='ocrx_word' id='word_1_591' title='bbox 1762 4103 1953 4178; x_wconf 77' lang='lat' dir='ltr'><strong>etcum</strong></span> <span class='ocrx_word' id='word_1_592' title='bbox 1992 4107 2065 4178; x_wconf 87' lang='lat' dir='ltr'><strong>eis</strong></span> 
     </span>
    </p>
   </div>
   <div class='ocr_carea' id='block_1_73' title="bbox 470 4171 2061 4252">
    <p class='ocr_par' dir='ltr' id='par_1_73' title="bbox 470 4171 2061 4252">
     <span class='ocr_line' id='line_1_73' title="bbox 470 4171 2061 4252; baseline -0.004 -15"><span class='ocrx_word' id='word_1_593' title='bbox 470 4181 726 4252; x_wconf 87' lang='lat' dir='ltr'><strong>loquitur,</strong></span> <span class='ocrx_word' id='word_1_594' title='bbox 759 4171 1030 4252; x_wconf 61' lang='lat' dir='ltr'><strong>in_&#39;eisdem</strong></span> <span class='ocrx_word' id='word_1_595' title='bbox 1056 4171 1389 4252; x_wconf 68' lang='lat' dir='ltr'><strong>clausuliset</strong></span> <span class='ocrx_word' id='word_1_596' title='bbox 1430 4171 1618 4252; x_wconf 71' lang='lat' dir='ltr'><strong>eisdem</strong></span> <span class='ocrx_word' id='word_1_597' title='bbox 1665 4175 1915 4252; x_wconf 81' lang='lat' dir='ltr'><strong>capitibus</strong></span> <span class='ocrx_word' id='word_1_598' title='bbox 1966 4177 2061 4231; x_wconf 86' lang='lat' dir='ltr'><strong>ali-</strong></span> 
     </span>
    </p>
   </div>
   <div class='ocr_carea' id='block_1_74' title="bbox 472 4244 2065 4323">
    <p class='ocr_par' dir='ltr' id='par_1_74' title="bbox 472 4244 2065 4323">
     <span class='ocr_line' id='line_1_74' title="bbox 472 4244 2065 4323; baseline -0.007 -17"><span class='ocrx_word' id='word_1_599' title='bbox 472 4244 678 4323; x_wconf 74' lang='lat' dir='ltr'><strong>quando</strong></span> <span class='ocrx_word' id='word_1_600' title='bbox 734 4249 936 4323; x_wconf 71' lang='lat' dir='ltr'><strong>quidem</strong></span> <span class='ocrx_word' id='word_1_601' title='bbox 991 4258 1251 4323; x_wconf 82' lang='lat' dir='ltr'><strong>tamquam</strong></span> <span class='ocrx_word' id='word_1_602' title='bbox 1302 4244 1548 4315; x_wconf 79' lang='lat' dir='ltr'><strong>Angelus,</strong></span> <span class='ocrx_word' id='word_1_603' title='bbox 1598 4246 1903 4323; x_wconf 76' lang='lat' dir='ltr'><strong>quandoque</strong></span> <span class='ocrx_word' id='word_1_604' title='bbox 1949 4264 2065 4323; x_wconf 74' lang='lat' dir='ltr'><strong>vero</strong></span> 
     </span>
    </p>
   </div>
   <div class='ocr_carea' id='block_1_75' title="bbox 472 4318 2071 4391">
    <p class='ocr_par' dir='ltr' id='par_1_75' title="bbox 472 4318 2071 4391">
     <span class='ocr_line' id='line_1_75' title="bbox 472 4318 2071 4391; baseline -0.003 -14"><span class='ocrx_word' id='word_1_605' title='bbox 472 4318 731 4391; x_wconf 78' lang='lat' dir='ltr'><strong>tamquam</strong></span> <span class='ocrx_word' id='word_1_606' title='bbox 762 4318 1036 4391; x_wconf 82' lang='lat' dir='ltr'><strong>Dominus,</strong></span> <span class='ocrx_word' id='word_1_607' title='bbox 1060 4319 1366 4391; x_wconf 84' lang='lat' dir='ltr'><strong>quandoque</strong></span> <span class='ocrx_word' id='word_1_608' title='bbox 1390 4326 1567 4391; x_wconf 76' lang='lat' dir='ltr'><strong>autem</strong></span> <span class='ocrx_word' id='word_1_609' title='bbox 1598 4318 1891 4391; x_wconf 13' lang='lat' dir='ltr'><strong>Deus‘essei</strong></span> <span class='ocrx_word' id='word_1_610' title='bbox 1917 4322 2071 4388; x_wconf 76' lang='lat' dir='ltr'><strong>afﬁr-</strong></span> 
     </span>
    </p>
   </div>
   <div class='ocr_carea' id='block_1_76' title="bbox 472 4386 2073 4463">
    <p class='ocr_par' dir='ltr' id='par_1_76' title="bbox 472 4386 2073 4463">
     <span class='ocr_line' id='line_1_76' title="bbox 472 4386 2073 4463; baseline -0.001 -16"><span class='ocrx_word' id='word_1_611' title='bbox 472 4386 860 4463; x_wconf 47' lang='lat' dir='ltr'><strong>ntaturLDeum</strong></span> <span class='ocrx_word' id='word_1_612' title='bbox 881 4389 1014 4442; x_wconf 87' lang='lat' dir='ltr'><strong>enim</strong></span> <span class='ocrx_word' id='word_1_613' title='bbox 1035 4386 1256 4463; x_wconf 63' lang='lat' dir='ltr'><strong>universi</strong></span> <span class='ocrx_word' id='word_1_614' title='bbox 1276 4386 1491 4463; x_wconf 84' lang='lat' dir='ltr'><strong>impium</strong></span> <span class='ocrx_word' id='word_1_615' title='bbox 1517 4388 1893 4463; x_wconf 72' lang='lat' dir='ltr'><strong>est_ea:istintari</strong></span> <span class='ocrx_word' id='word_1_616' title='bbox 1903 4386 2073 4463; x_wconf 59' lang='lat' dir='ltr'><strong>ange-</strong></span> 
     </span>
    </p>
   </div>
   <div class='ocr_carea' id='block_1_77' title="bbox 475 4457 2075 4529">
    <p class='ocr_par' dir='ltr' id='par_1_77' title="bbox 475 4457 2075 4529">
     <span class='ocr_line' id='line_1_77' title="bbox 475 4457 2075 4529; baseline -0.009 -9"><span class='ocrx_word' id='word_1_617' title='bbox 475 4467 601 4520; x_wconf 88' lang='lat' dir='ltr'><strong>lum.</strong></span> <span class='ocrx_word' id='word_1_618' title='bbox 632 4459 810 4515; x_wconf 82' lang='lat' dir='ltr'><strong>Filius</strong></span> <span class='ocrx_word' id='word_1_619' title='bbox 830 4476 946 4514; x_wconf 89' lang='lat' dir='ltr'><strong>vero</strong></span> <span class='ocrx_word' id='word_1_620' title='bbox 973 4460 1182 4527; x_wconf 84' lang='lat' dir='ltr'><strong>angelus</strong></span> <span class='ocrx_word' id='word_1_621' title='bbox 1207 4457 1384 4515; x_wconf 88' lang='lat' dir='ltr'><strong>Patris</strong></span> <span class='ocrx_word' id='word_1_622' title='bbox 1404 4467 1495 4519; x_wconf 87' lang='lat' dir='ltr'><strong>est,</strong></span> <span class='ocrx_word' id='word_1_623' title='bbox 1525 4459 1613 4527; x_wconf 85' lang='lat' dir='ltr'><strong>qui</strong></span> <span class='ocrx_word' id='word_1_624' title='bbox 1641 4467 1713 4511; x_wconf 88' lang='lat' dir='ltr'><strong>est</strong></span> <span class='ocrx_word' id='word_1_625' title='bbox 1752 4458 1860 4529; x_wconf 87' lang='lat' dir='ltr'><strong>ipse</strong></span> <span class='ocrx_word' id='word_1_626' title='bbox 1893 4457 2075 4514; x_wconf 79' lang='lat' dir='ltr'><strong>Domi-</strong></span> 
     </span>
    </p>
   </div>
   <div class='ocr_carea' id='block_1_78' title="bbox 473 4529 2072 4615">
    <p class='ocr_par' dir='ltr' id='par_1_78' title="bbox 473 4529 2072 4615">
     <span class='ocr_line' id='line_1_78' title="bbox 473 4529 2072 4615; baseline -0.003 -24"><span class='ocrx_word' id='word_1_627' title='bbox 473 4553 574 4591; x_wconf 85' lang='lat' dir='ltr'><strong>nus</strong></span> <span class='ocrx_word' id='word_1_628' title='bbox 597 4544 644 4589; x_wconf 91' lang='lat' dir='ltr'><strong>et</strong></span> <span class='ocrx_word' id='word_1_629' title='bbox 663 4533 825 4615; x_wconf 57' lang='lat' dir='ltr'><strong>Deus.</strong></span> <span class='ocrx_word' id='word_1_630' title='bbox 846 4532 1112 4615; x_wconf 70' lang='lat' dir='ltr'><strong>Scriptum</strong></span> <span class='ocrx_word' id='word_1_631' title='bbox 1134 4540 1207 4615; x_wconf 74' lang='lat' dir='ltr'><strong>est</strong></span> <span class='ocrx_word' id='word_1_632' title='bbox 1228 4531 1384 4615; x_wconf 62' lang='lat' dir='ltr'><strong>enim,</strong></span> <span class='ocrx_word' id='word_1_633' title='bbox 1405 4529 1639 4615; x_wconf 47' lang='lat' dir='ltr'><strong>Alngelus</strong></span> <span class='ocrx_word' id='word_1_634' title='bbox 1655 4532 1824 4615; x_wconf 59' lang='lat' dir='ltr'><strong>magni</strong></span> <span class='ocrx_word' id='word_1_635' title='bbox 1849 4532 2072 4615; x_wconf 61' lang='lat' dir='ltr'><strong>consilii.</strong></span> 
     </span>
    </p>
   </div>
   <div class='ocr_carea' id='block_1_79' title="bbox 476 4599 2076 4677">
    <p class='ocr_par' dir='ltr' id='par_1_79' title="bbox 476 4599 2076 4677">
     <span class='ocr_line' id='line_1_79' title="bbox 476 4599 2076 4677; baseline -0.003 -14"><span class='ocrx_word' id='word_1_636' title='bbox 476 4605 735 4677; x_wconf 82' lang='lat' dir='ltr'><strong>Apposite</strong></span> <span class='ocrx_word' id='word_1_637' title='bbox 758 4599 1413 4677; x_wconf 72' lang='lat' dir='ltr'><strong>&#39;l‘ertullianus,_de(lar_ne</strong></span> <span class='ocrx_word' id='word_1_638' title='bbox 1438 4599 1835 4677; x_wconf 55' lang='grc' dir='ltr'><strong>(ἷιιιίειῐμιξμ⁸</strong></span> <span class='ocrx_word' id='word_1_639' title='bbox 1851 4600 2076 4677; x_wconf 78' lang='lat' dir='ltr'><strong>:_Dictus</strong></span> 
     </span>
    </p>
   </div>
   <div class='ocr_carea' id='block_1_80' title="bbox 472 4671 2066 4749">
    <p class='ocr_par' dir='ltr' id='par_1_80' title="bbox 472 4671 2066 4749">
     <span class='ocr_line' id='line_1_80' title="bbox 472 4671 2066 4749; baseline -0.003 -15"><span class='ocrx_word' id='word_1_640' title='bbox 472 4671 551 4736; x_wconf 81' lang='lat' dir='ltr'><strong>est</strong></span> <span class='ocrx_word' id='word_1_641' title='bbox 566 4671 750 4749; x_wconf 51' lang='lat' dir='ltr'><strong>&#39;magni</strong></span> <span class='ocrx_word' id='word_1_642' title='bbox 780 4676 983 4731; x_wconf 84' lang='lat' dir='ltr'><strong>consilii</strong></span> <span class='ocrx_word' id='word_1_643' title='bbox 1009 4674 1254 4749; x_wconf 75' lang='lat' dir='ltr'><strong>angelus,</strong></span> <span class='ocrx_word' id='word_1_644' title='bbox 1295 4671 1353 4749; x_wconf 76' lang='lat' dir='ltr'><strong>id</strong></span> <span class='ocrx_word' id='word_1_645' title='bbox 1380 4680 1451 4726; x_wconf 84' lang='lat' dir='ltr'><strong>est</strong></span> <span class='ocrx_word' id='word_1_646' title='bbox 1480 4676 1718 4749; x_wconf 81' lang='lat' dir='ltr'><strong>nuntius,</strong></span> <span class='ocrx_word' id='word_1_647' title='bbox 1743 4673 1904 4749; x_wconf 65' lang='lat' dir='ltr'><strong>glﬁcii</strong></span> <span class='ocrx_word' id='word_1_648' title='bbox 1923 4715 1937 4738; x_wconf 96' lang='lat'><strong>,</strong></span> <span class='ocrx_word' id='word_1_649' title='bbox 1965 4693 2066 4731; x_wconf 81' lang='lat' dir='ltr'><strong>non</strong></span> 
     </span>
    </p>
   </div>
   <div class='ocr_carea' id='block_1_81' title="bbox 475 4743 2065 4817">
    <p class='ocr_par' dir='ltr' id='par_1_81' title="bbox 475 4743 2065 4817">
     <span class='ocr_line' id='line_1_81' title="bbox 475 4743 2065 4817; baseline -0.003 -11"><span class='ocrx_word' id='word_1_650' title='bbox 475 4743 683 4807; x_wconf 68' lang='lat' dir='ltr'><strong>naturti</strong></span> <span class='ocrx_word' id='word_1_651' title='bbox 703 4749 968 4803; x_wconf 86' lang='lat' dir='ltr'><strong>vocabulo.</strong></span> <span class='ocrx_word' id='word_1_652' title='bbox 1001 4743 1247 4817; x_wconf 68' lang='lat' dir='ltr'><strong>Magnum</strong></span> <span class='ocrx_word' id='word_1_653' title='bbox 1276 4744 1409 4798; x_wconf 88' lang='lat' dir='ltr'><strong>enim</strong></span> <span class='ocrx_word' id='word_1_654' title='bbox 1438 4744 1710 4815; x_wconf 86' lang='lat' dir='ltr'><strong>cogitatum</strong></span> <span class='ocrx_word' id='word_1_655' title='bbox 1738 4743 1949 4810; x_wconf 86' lang='lat' dir='ltr'><strong>Patris,</strong></span> <span class='ocrx_word' id='word_1_656' title='bbox 1977 4765 2065 4802; x_wconf 87' lang='lat' dir='ltr'><strong>su-</strong></span> 
     </span>
    </p>
   </div>
   <div class='ocr_carea' id='block_1_82' title="bbox 476 4817 2068 4896">
    <p class='ocr_par' dir='ltr' id='par_1_82' title="bbox 476 4817 2068 4896">
     <span class='ocr_line' id='line_1_82' title="bbox 476 4817 2068 4896; baseline -0.003 -18"><span class='ocrx_word' id='word_1_657' title='bbox 476 4839 568 4896; x_wconf 84' lang='lat' dir='ltr'><strong>per</strong></span> <span class='ocrx_word' id='word_1_658' title='bbox 598 4819 1029 4896; x_wconf 73' lang='lat' dir='ltr'><strong>hominisscilicet</strong></span> <span class='ocrx_word' id='word_1_659' title='bbox 1074 4817 1428 4896; x_wconf 75' lang='lat' dir='ltr'><strong>restitutione,</strong></span> <span class='ocrx_word' id='word_1_660' title='bbox 1462 4819 1855 4896; x_wconf 68' lang='lat' dir='ltr'><strong>annuntiaturus</strong></span> <span class='ocrx_word' id='word_1_661' title='bbox 1880 4821 2068 4896; x_wconf 63' lang='lat' dir='ltr'><strong>sarculo</strong></span> 
     </span>
    </p>
   </div>
   <div class='ocr_carea' id='block_1_83' title="bbox 477 4887 2069 4961">
    <p class='ocr_par' dir='ltr' id='par_1_83' title="bbox 477 4887 2069 4961">
     <span class='ocr_line' id='line_1_83' title="bbox 477 4887 2069 4961; baseline -0.001 -12"><span class='ocrx_word' id='word_1_662' title='bbox 477 4887 608 4949; x_wconf 74' lang='lat' dir='ltr'><strong>erat.</strong></span> <span class='ocrx_word' id='word_1_663' title='bbox 640 4891 763 4946; x_wconf 88' lang='lat' dir='ltr'><strong>Non</strong></span> <span class='ocrx_word' id='word_1_664' title='bbox 782 4891 894 4944; x_wconf 87' lang='lat' dir='ltr'><strong>ideo</strong></span> <span class='ocrx_word' id='word_1_665' title='bbox 931 4900 1097 4961; x_wconf 71' lang='lat' dir='ltr'><strong>tamen</strong></span> <span class='ocrx_word' id='word_1_666' title='bbox 1122 4891 1196 4943; x_wconf 87' lang='lat' dir='ltr'><strong>sic</strong></span> <span class='ocrx_word' id='word_1_667' title='bbox 1220 4887 1436 4961; x_wconf 59' lang='lat' dir='ltr'><strong>angelus</strong></span> <span class='ocrx_word' id='word_1_668' title='bbox 1462 4887 1825 4961; x_wconf 64' lang='lat' dir='ltr'><strong>intelligendus</strong></span> <span class='ocrx_word' id='word_1_669' title='bbox 1864 4900 1921 4945; x_wconf 89' lang='lat' dir='ltr'><strong>ut</strong></span> <span class='ocrx_word' id='word_1_670' title='bbox 1959 4889 2069 4947; x_wconf 64' lang='lat' dir='ltr'><strong>Gao</strong></span> 
     </span>
    </p>
   </div>
   <div class='ocr_carea' id='block_1_84' title="bbox 478 4955 2074 5031">
    <p class='ocr_par' dir='ltr' id='par_1_84' title="bbox 478 4955 2074 5031">
     <span class='ocr_line' id='line_1_84' title="bbox 478 4955 2074 5031; baseline 0 -14"><span class='ocrx_word' id='word_1_671' title='bbox 478 4966 605 5019; x_wconf 89' lang='lat' dir='ltr'><strong>briel</strong></span> <span class='ocrx_word' id='word_1_672' title='bbox 632 4974 721 5017; x_wconf 90' lang='lat' dir='ltr'><strong>aut</strong></span> <span class='ocrx_word' id='word_1_673' title='bbox 738 4960 990 5031; x_wconf 82' lang='lat' dir='ltr'><strong>Raphael.</strong></span> <span class='ocrx_word' id='word_1_674' title='bbox 1021 4958 1158 5014; x_wconf 86' lang='lat' dir='ltr'><strong>Nam</strong></span> <span class='ocrx_word' id='word_1_675' title='bbox 1170 4970 1215 5015; x_wconf 92' lang='lat' dir='ltr'><strong>et</strong></span> <span class='ocrx_word' id='word_1_676' title='bbox 1239 4955 1288 5012; x_wconf 86' lang='lat' dir='ltr'><em>F</em></span> <span class='ocrx_word' id='word_1_677' title='bbox 1290 4955 1410 5031; x_wconf 83' lang='lat' dir='ltr'><strong>ilius</strong></span> <span class='ocrx_word' id='word_1_678' title='bbox 1432 4976 1466 5012; x_wconf 94' lang='lat' dir='ltr'><strong>a</strong></span> <span class='ocrx_word' id='word_1_679' title='bbox 1488 4955 1709 5015; x_wconf 67' lang='lat' dir='ltr'><strong>Domino</strong></span> <span class='ocrx_word' id='word_1_680' title='bbox 1735 4963 1893 5016; x_wconf 80' lang='lat' dir='ltr'><strong>vincte</strong></span> <span class='ocrx_word' id='word_1_681' title='bbox 1916 4964 2074 5017; x_wconf 87' lang='lat' dir='ltr'><strong>mitti—</strong></span> 
     </span>
    </p>
   </div>
   <div class='ocr_carea' id='block_1_85' title="bbox 477 5030 2074 5099">
    <p class='ocr_par' dir='ltr' id='par_1_85' title="bbox 477 5030 2074 5099">
     <span class='ocr_line' id='line_1_85' title="bbox 477 5030 2074 5099; baseline 0 -8"><span class='ocrx_word' id='word_1_682' title='bbox 477 5046 562 5091; x_wconf 89' lang='lat' dir='ltr'><strong>tur</strong></span> <span class='ocrx_word' id='word_1_683' title='bbox 590 5036 659 5091; x_wconf 83' lang='lat' dir='ltr'><strong>ad</strong></span> <span class='ocrx_word' id='word_1_684' title='bbox 697 5035 917 5089; x_wconf 83' lang='lat' dir='ltr'><strong>cultores</strong></span> <span class='ocrx_word' id='word_1_685' title='bbox 959 5032 1088 5086; x_wconf 88' lang='lat' dir='ltr'><strong>sicut</strong></span> <span class='ocrx_word' id='word_1_686' title='bbox 1125 5042 1169 5084; x_wconf 90' lang='lat' dir='ltr'><strong>et</strong></span> <span class='ocrx_word' id='word_1_687' title='bbox 1211 5030 1393 5099; x_wconf 72' lang='lat' dir='ltr'><strong>{uirtuti</strong></span> <span class='ocrx_word' id='word_1_688' title='bbox 1415 5071 1429 5092; x_wconf 88' lang='lat'><strong>,</strong></span> <span class='ocrx_word' id='word_1_689' title='bbox 1456 5042 1562 5087; x_wconf 86' lang='lat' dir='ltr'><strong>etc.</strong></span> <span class='ocrx_word' id='word_1_690' title='bbox 1598 5031 1693 5088; x_wconf 87' lang='lat' dir='ltr'><strong>llis</strong></span> <span class='ocrx_word' id='word_1_691' title='bbox 1722 5034 2074 5091; x_wconf 86' lang='lat' dir='ltr'><strong>consentiunt</strong></span> 
     </span>
    </p>
   </div>
   <div class='ocr_carea' id='block_1_86' title="bbox 476 5101 2070 5175">
    <p class='ocr_par' dir='ltr' id='par_1_86' title="bbox 476 5101 2070 5175">
     <span class='ocr_line' id='line_1_86' title="bbox 476 5101 2070 5175; baseline -0.002 -12"><span class='ocrx_word' id='word_1_692' title='bbox 476 5108 743 5169; x_wconf 85' lang='lat' dir='ltr'><strong>Justinus,</strong></span> <span class='ocrx_word' id='word_1_693' title='bbox 773 5105 902 5157; x_wconf 83' lang='lat' dir='ltr'><strong>dial.</strong></span> <span class='ocrx_word' id='word_1_694' title='bbox 931 5118 1050 5157; x_wconf 87' lang='lat' dir='ltr'><strong>cum</strong></span> <span class='ocrx_word' id='word_1_695' title='bbox 1095 5102 1333 5175; x_wconf 82' lang='lat' dir='ltr'><strong>Tryph.;_</strong></span> <span class='ocrx_word' id='word_1_696' title='bbox 1365 5101 1697 5175; x_wconf 64' lang='lat' dir='ltr'><strong>Epiphanius</strong></span> <span class='ocrx_word' id='word_1_697' title='bbox 1738 5103 1869 5159; x_wconf 70' lang='lat' dir='ltr'><strong>liter.</strong></span> <span class='ocrx_word' id='word_1_698' title='bbox 1906 5121 2029 5163; x_wconf 65' lang='lat' dir='ltr'><strong>um:</strong></span> <span class='ocrx_word' id='word_1_699' title='bbox 2052 5149 2070 5175; x_wconf 87' lang='lat'><strong>,</strong></span> 
     </span>
    </p>
   </div>
   <div class='ocr_carea' id='block_1_87' title="bbox 479 5170 2072 5244">
    <p class='ocr_par' dir='ltr' id='par_1_87' title="bbox 479 5170 2072 5244">
     <span class='ocr_line' id='line_1_87' title="bbox 479 5170 2072 5244; baseline 0.001 -12"><span class='ocrx_word' id='word_1_700' title='bbox 479 5195 537 5234; x_wconf 82' lang='grc' dir='ltr'><strong>η.</strong></span> <span class='ocrx_word' id='word_1_701' title='bbox 565 5178 652 5233; x_wconf 81' lang='grc'><strong>55.</strong></span> <span class='ocrx_word' id='word_1_702' title='bbox 682 5175 892 5230; x_wconf 83' lang='lat' dir='ltr'><strong>Videsis</strong></span> <span class='ocrx_word' id='word_1_703' title='bbox 915 5170 1292 5244; x_wconf 78' lang='lat' dir='ltr'><strong>Augustinum,</strong></span> <span class='ocrx_word' id='word_1_704' title='bbox 1322 5170 1424 5231; x_wconf 69' lang='lat' dir='ltr'><strong>lib.</strong></span> <span class='ocrx_word' id='word_1_705' title='bbox 1446 5170 1483 5227; x_wconf 75' lang='grc' dir='ltr'><strong>ιι</strong></span> <span class='ocrx_word' id='word_1_706' title='bbox 1503 5177 1569 5229; x_wconf 89' lang='lat' dir='ltr'><strong>de</strong></span> <span class='ocrx_word' id='word_1_707' title='bbox 1596 5170 1745 5233; x_wconf 84' lang='lat' dir='ltr'><strong>Trin.</strong></span> <span class='ocrx_word' id='word_1_708' title='bbox 1774 5191 1823 5230; x_wconf 91' lang='lat' dir='ltr'><strong>c.</strong></span> <span class='ocrx_word' id='word_1_709' title='bbox 1856 5178 1943 5235; x_wconf 73' lang='grc'><strong>15.</strong></span> <span class='ocrx_word' id='word_1_710' title='bbox 1968 5170 2072 5234; x_wconf 56' lang='lat' dir='ltr'><strong>Ne;</strong></span> 
     </span>
    </p>
   </div>
   <div class='ocr_carea' id='block_1_88' title="bbox 479 5245 2073 5328">
    <p class='ocr_par' dir='ltr' id='par_1_88' title="bbox 479 5245 2073 5328">
     <span class='ocr_line' id='line_1_88' title="bbox 479 5245 2073 5328; baseline 0.002 -28"><span class='ocrx_word' id='word_1_711' title='bbox 479 5266 585 5328; x_wconf 77' lang='lat' dir='ltr'><strong>que</strong></span> <span class='ocrx_word' id='word_1_712' title='bbox 613 5247 912 5305; x_wconf 80' lang='lat' dir='ltr'><strong>audiendus</strong></span> <span class='ocrx_word' id='word_1_713' title='bbox 935 5245 1217 5328; x_wconf 72' lang='lat' dir='ltr'><strong>Origenes,</strong></span> <span class='ocrx_word' id='word_1_714' title='bbox 1244 5247 1334 5315; x_wconf 83' lang='lat' dir='ltr'><strong>qui</strong></span> <span class='ocrx_word' id='word_1_715' title='bbox 1364 5254 1420 5299; x_wconf 90' lang='lat' dir='ltr'><strong>ut</strong></span> <span class='ocrx_word' id='word_1_716' title='bbox 1452 5246 1763 5328; x_wconf 73' lang='lat' dir='ltr'><strong>humanam,</strong></span> <span class='ocrx_word' id='word_1_717' title='bbox 1909 5266 2073 5328; x_wconf 79' lang='lat' dir='ltr'><strong>auge-</strong></span> 
     </span>
    </p>
   </div>
   <div class='ocr_carea' id='block_1_89' title="bbox 478 5316 2074 5392">
    <p class='ocr_par' dir='ltr' id='par_1_89' title="bbox 478 5316 2074 5392">
     <span class='ocr_line' id='line_1_89' title="bbox 478 5316 2074 5392; baseline 0.001 -17"><span class='ocrx_word' id='word_1_718' title='bbox 478 5316 636 5379; x_wconf 82' lang='lat' dir='ltr'><strong>licam</strong></span> <span class='ocrx_word' id='word_1_719' title='bbox 683 5328 923 5377; x_wconf 83' lang='lat' dir='ltr'><strong>naturam</strong></span> <span class='ocrx_word' id='word_1_720' title='bbox 955 5332 983 5371; x_wconf 90' lang='lat' dir='ltr'><strong>a</strong></span> <span class='ocrx_word' id='word_1_721' title='bbox 1015 5316 1227 5392; x_wconf 58' lang='lat' dir='ltr'><strong>Christo</strong></span> <span class='ocrx_word' id='word_1_722' title='bbox 1273 5327 1602 5392; x_wconf 58' lang='lat' dir='ltr'><strong>assumptum</strong></span> <span class='ocrx_word' id='word_1_723' title='bbox 1650 5317 1875 5392; x_wconf 67' lang='lat' dir='ltr'><strong>docuit,</strong></span> <span class='ocrx_word' id='word_1_724' title='bbox 1917 5316 2074 5392; x_wconf 64' lang='lat' dir='ltr'><strong>cuius</strong></span> 
     </span>
    </p>
   </div>
   <div class='ocr_carea' id='block_1_90' title="bbox 480 5387 2073 5456">
    <p class='ocr_par' dir='ltr' id='par_1_90' title="bbox 480 5387 2073 5456">
     <span class='ocr_line' id='line_1_90' title="bbox 480 5387 2073 5456; baseline 0 -9"><span class='ocrx_word' id='word_1_725' title='bbox 480 5392 600 5447; x_wconf 63' lang='lat' dir='ltr'><strong>ha&#39;c</strong></span> <span class='ocrx_word' id='word_1_726' title='bbox 642 5402 767 5447; x_wconf 87' lang='lat' dir='ltr'><strong>sunt</strong></span> <span class='ocrx_word' id='word_1_727' title='bbox 802 5402 930 5444; x_wconf 86' lang='lat' dir='ltr'><strong>tom.</strong></span> <span class='ocrx_word' id='word_1_728' title='bbox 964 5404 979 5443; x_wconf 87' lang='grc' dir='ltr'><strong>ι</strong></span> <span class='ocrx_word' id='word_1_729' title='bbox 1023 5389 1076 5443; x_wconf 91' lang='lat' dir='ltr'><strong>in</strong></span> <span class='ocrx_word' id='word_1_730' title='bbox 1103 5388 1297 5443; x_wconf 86' lang='lat' dir='ltr'><strong>Johau.</strong></span> <span class='ocrx_word' id='word_1_731' title='bbox 1323 5428 1336 5451; x_wconf 91' lang='lat'><strong>,</strong></span> <span class='ocrx_word' id='word_1_732' title='bbox 1389 5406 1438 5456; x_wconf 88' lang='lat' dir='ltr'><strong>p.</strong></span> <span class='ocrx_word' id='word_1_733' title='bbox 1490 5388 1602 5442; x_wconf 69' lang='grc' dir='ltr'><strong>δίζε</strong></span> <span class='ocrx_word' id='word_1_734' title='bbox 1638 5387 1873 5444; x_wconf 86' lang='lat' dir='ltr'><strong>Christus</strong></span> <span class='ocrx_word' id='word_1_735' title='bbox 1921 5387 2073 5449; x_wconf 72' lang='lat' dir='ltr'><strong>homo</strong></span> 
     </span>
    </p>
   </div>
   <div class='ocr_carea' id='block_1_91' title="bbox 478 5459 2079 5537">
    <p class='ocr_par' dir='ltr' id='par_1_91' title="bbox 478 5459 2079 5537">
     <span class='ocr_line' id='line_1_91' title="bbox 478 5459 2079 5537; baseline 0.002 -22"><span class='ocrx_word' id='word_1_736' title='bbox 478 5462 804 5537; x_wconf 64' lang='lat' dir='ltr'><strong>hominibus,</strong></span> <span class='ocrx_word' id='word_1_737' title='bbox 835 5459 1028 5537; x_wconf 80' lang='lat' dir='ltr'><strong>angelis</strong></span> <span class='ocrx_word' id='word_1_738' title='bbox 1042 5460 1475 5537; x_wconf 56' lang='lat' dir='ltr'><strong>angelusjactus</strong></span> <span class='ocrx_word' id='word_1_739' title='bbox 1502 5460 1857 5537; x_wconf 64' lang='lat' dir='ltr'><strong>est._(}uippe,</strong></span> <span class='ocrx_word' id='word_1_740' title='bbox 1906 5462 2079 5537; x_wconf 85' lang='lat' dir='ltr'><strong>inquit</strong></span> 
     </span>
    </p>
   </div>
   <div class='ocr_carea' id='block_1_92' title="bbox 478 5530 2076 5599">
    <p class='ocr_par' dir='ltr' id='par_1_92' title="bbox 478 5530 2076 5599">
     <span class='ocr_line' id='line_1_92' title="bbox 478 5530 2076 5599; baseline -0.002 -10"><span class='ocrx_word' id='word_1_741' title='bbox 478 5533 866 5599; x_wconf 86' lang='lat' dir='ltr'><strong>Tertulliauus,</strong></span> <span class='ocrx_word' id='word_1_742' title='bbox 903 5530 985 5589; x_wconf 57' lang='lat' dir='ltr'><strong>&#39;de</strong></span> <span class='ocrx_word' id='word_1_743' title='bbox 1033 5530 1209 5588; x_wconf 76' lang='lat' dir='ltr'><strong>Carne</strong></span> <span class='ocrx_word' id='word_1_744' title='bbox 1237 5530 1460 5595; x_wconf 79' lang='lat' dir='ltr'><strong>Christi,</strong></span> <span class='ocrx_word' id='word_1_745' title='bbox 1512 5547 1566 5585; x_wconf 78' lang='grc' dir='ltr'><em>ιι.</em></span> <span class='ocrx_word' id='word_1_746' title='bbox 1598 5530 1685 5595; x_wconf 76' lang='lat' dir='ltr'><strong>M,</strong></span> <span class='ocrx_word' id='word_1_747' title='bbox 1720 5530 1779 5587; x_wconf 84' lang='lat' dir='ltr'><strong>ut</strong></span> <span class='ocrx_word' id='word_1_748' title='bbox 1817 5530 2076 5593; x_wconf 71' lang='lat' dir='ltr'><strong>hominem</strong></span> 
     </span>
    </p>
   </div>
   <div class='ocr_carea' id='block_1_93' title="bbox 481 5600 2083 5678">
    <p class='ocr_par' dir='ltr' id='par_1_93' title="bbox 481 5600 2083 5678">
     <span class='ocr_line' id='line_1_93' title="bbox 481 5600 2083 5678; baseline 0.004 -20"><span class='ocrx_word' id='word_1_749' title='bbox 481 5614 701 5678; x_wconf 84' lang='lat' dir='ltr'><strong>gestaret</strong></span> <span class='ocrx_word' id='word_1_750' title='bbox 750 5605 1005 5678; x_wconf 79' lang='lat' dir='ltr'><strong>Christus,</strong></span> <span class='ocrx_word' id='word_1_751' title='bbox 1026 5600 1451 5678; x_wconf 83' lang='lat' dir='ltr'><strong>salushominum</strong></span> <span class='ocrx_word' id='word_1_752' title='bbox 1477 5603 1838 5678; x_wconf 58' lang='lat' dir='ltr'><strong>fuitcausa...</strong></span> <span class='ocrx_word' id='word_1_753' title='bbox 1856 5615 1906 5661; x_wconf 87' lang='lat' dir='ltr'><strong>ut</strong></span> <span class='ocrx_word' id='word_1_754' title='bbox 1927 5624 2083 5676; x_wconf 81' lang='lat' dir='ltr'><strong>auge-</strong></span> 
     </span>
    </p>
   </div>
   <div class='ocr_carea' id='block_1_94' title="bbox 484 5673 2084 5750">
    <p class='ocr_par' dir='ltr' id='par_1_94' title="bbox 484 5673 2084 5750">
     <span class='ocr_line' id='line_1_94' title="bbox 484 5673 2084 5750; baseline 0 -17"><span class='ocrx_word' id='word_1_755' title='bbox 484 5673 592 5733; x_wconf 84' lang='lat' dir='ltr'><strong>lum</strong></span> <span class='ocrx_word' id='word_1_756' title='bbox 612 5685 852 5750; x_wconf 84' lang='lat' dir='ltr'><strong>gestaret,</strong></span> <span class='ocrx_word' id='word_1_757' title='bbox 866 5673 997 5730; x_wconf 87' lang='lat' dir='ltr'><strong>nihil</strong></span> <span class='ocrx_word' id='word_1_758' title='bbox 1022 5676 1122 5750; x_wconf 80' lang='lat' dir='ltr'><strong>tale</strong></span> <span class='ocrx_word' id='word_1_759' title='bbox 1142 5676 1204 5732; x_wconf 87' lang='lat' dir='ltr'><strong>de</strong></span> <span class='ocrx_word' id='word_1_760' title='bbox 1233 5691 1389 5733; x_wconf 82' lang='lat' dir='ltr'><strong>causa</strong></span> <span class='ocrx_word' id='word_1_761' title='bbox 1411 5673 1702 5750; x_wconf 78' lang='lat' dir='ltr'><strong>est_..._.’_Va_m</strong></span> <span class='ocrx_word' id='word_1_762' title='bbox 1727 5675 1927 5750; x_wconf 65' lang='lat' dir='ltr'><strong>nullum</strong></span> <span class='ocrx_word' id='word_1_763' title='bbox 1942 5673 2084 5733; x_wconf 84' lang='lat' dir='ltr'><strong>man-</strong></span> 
     </span>
    </p>
   </div>
   <div class='ocr_carea' id='block_1_95' title="bbox 482 5744 2022 5821">
    <p class='ocr_par' dir='ltr' id='par_1_95' title="bbox 482 5744 2022 5821">
     <span class='ocr_line' id='line_1_95' title="bbox 482 5744 2022 5821; baseline 0 -18"><span class='ocrx_word' id='word_1_764' title='bbox 482 5744 669 5821; x_wconf 75' lang='lat' dir='ltr'><strong>datum</strong></span> <span class='ocrx_word' id='word_1_765' title='bbox 687 5749 749 5821; x_wconf 87' lang='lat' dir='ltr'><strong>de</strong></span> <span class='ocrx_word' id='word_1_766' title='bbox 776 5749 939 5821; x_wconf 77' lang='lat' dir='ltr'><strong>salute</strong></span> <span class='ocrx_word' id='word_1_767' title='bbox 963 5748 1261 5821; x_wconf 83' lang='lat' dir='ltr'><strong>angelorum</strong></span> <span class='ocrx_word' id='word_1_768' title='bbox 1289 5748 1509 5821; x_wconf 75' lang='lat' dir='ltr'><strong>suscepit</strong></span> <span class='ocrx_word' id='word_1_769' title='bbox 1532 5744 1767 5821; x_wconf 77' lang='lat' dir='ltr'><strong>Christus</strong></span> <span class='ocrx_word' id='word_1_770' title='bbox 1790 5765 1821 5802; x_wconf 89' lang='lat' dir='ltr'><strong>a</strong></span> <span class='ocrx_word' id='word_1_771' title='bbox 1847 5746 2022 5804; x_wconf 87' lang='lat' dir='ltr'><strong>Patre.</strong></span> 
     </span>
    </p>
   </div>
   <div class='ocr_carea' id='block_1_96' title="bbox 480 5817 2084 5899">
    <p class='ocr_par' dir='ltr' id='par_1_96' title="bbox 480 5817 2084 5899">
     <span class='ocr_line' id='line_1_96' title="bbox 480 5817 2084 5899; baseline 0.014 -43"><span class='ocrx_word' id='word_1_772' title='bbox 480 5858 504 5892; x_wconf 38' lang='grc' dir='ltr'>ι</span> <span class='ocrx_word' id='word_1_773' title='bbox 525 5850 531 5857; x_wconf 94' lang='grc'><em>.</em></span> <span class='ocrx_word' id='word_1_774' title='bbox 556 5820 633 5893; x_wconf 76' lang='grc' dir='ltr'><strong>(α)</strong></span> <span class='ocrx_word' id='word_1_775' title='bbox 657 5820 753 5876; x_wconf 73' lang='lat' dir='ltr'><strong>Hic</strong></span> <span class='ocrx_word' id='word_1_776' title='bbox 776 5817 1049 5891; x_wconf 68' lang='lat' dir='ltr'><strong>adjiciunt</strong></span> <span class='ocrx_word' id='word_1_777' title='bbox 1059 5819 1209 5891; x_wconf 87' lang='lat' dir='ltr'><strong>prius</strong></span> <span class='ocrx_word' id='word_1_778' title='bbox 1229 5817 1442 5891; x_wconf 80' lang='lat' dir='ltr'><strong>excusi,</strong></span> <span class='ocrx_word' id='word_1_779' title='bbox 1456 5828 1513 5879; x_wconf 88' lang='lat' dir='ltr'><strong>ut</strong></span> <span class='ocrx_word' id='word_1_780' title='bbox 1539 5819 1724 5892; x_wconf 86' lang='lat' dir='ltr'><strong>perdas</strong></span> <span class='ocrx_word' id='word_1_781' title='bbox 1742 5823 1945 5899; x_wconf 82' lang='lat' dir='ltr'><strong>justum</strong></span> <span class='ocrx_word' id='word_1_782' title='bbox 1965 5838 2084 5878; x_wconf 88' lang='lat' dir='ltr'><strong>cum</strong></span> 
     </span>
    </p>
   </div>
   <div class='ocr_carea' id='block_1_97' title="bbox 2172 3302 3781 3376">
    <p class='ocr_par' dir='ltr' id='par_1_97' title="bbox 2172 3302 3781 3376">
     <span class='ocr_line' id='line_1_97' title="bbox 2172 3302 3781 3376; baseline -0.002 -15"><span class='ocrx_word' id='word_1_783' title='bbox 2172 3304 2286 3361; x_wconf 84' lang='lat' dir='ltr'><strong>Non</strong></span> <span class='ocrx_word' id='word_1_784' title='bbox 2347 3304 2530 3376; x_wconf 88' lang='lat' dir='ltr'><strong>itaque</strong></span> <span class='ocrx_word' id='word_1_785' title='bbox 2586 3304 2886 3359; x_wconf 86' lang='lat' dir='ltr'><strong>demutavit</strong></span> <span class='ocrx_word' id='word_1_786' title='bbox 2952 3318 3198 3374; x_wconf 69' lang='lat' dir='ltr'><strong>persona:</strong></span> <span class='ocrx_word' id='word_1_787' title='bbox 3268 3318 3381 3359; x_wconf 75' lang='lat' dir='ltr'><strong>suae</strong></span> <span class='ocrx_word' id='word_1_788' title='bbox 3424 3302 3781 3374; x_wconf 76' lang='lat' dir='ltr'><strong>signiﬁcatio-</strong></span> 
     </span>
    </p>
   </div>
   <div class='ocr_carea' id='block_1_98' title="bbox 2171 3395 3782 3468">
    <p class='ocr_par' dir='ltr' id='par_1_98' title="bbox 2171 3395 3782 3468">
     <span class='ocr_line' id='line_1_98' title="bbox 2171 3395 3782 3468; baseline -0.002 -13"><span class='ocrx_word' id='word_1_789' title='bbox 2171 3415 2294 3455; x_wconf 87' lang='lat' dir='ltr'><strong>nem</strong></span> <span class='ocrx_word' id='word_1_790' title='bbox 2321 3416 2334 3453; x_wconf 90' lang='lat'><strong>:</strong></span> <span class='ocrx_word' id='word_1_791' title='bbox 2360 3414 2417 3454; x_wconf 88' lang='lat' dir='ltr'><strong>se</strong></span> <span class='ocrx_word' id='word_1_792' title='bbox 2441 3398 2582 3453; x_wconf 87' lang='lat' dir='ltr'><strong>enim</strong></span> <span class='ocrx_word' id='word_1_793' title='bbox 2611 3397 2720 3468; x_wconf 85' lang='lat' dir='ltr'><strong>jam</strong></span> <span class='ocrx_word' id='word_1_794' title='bbox 2739 3396 3076 3454; x_wconf 81' lang='lat' dir='ltr'><strong>benedixisse</strong></span> <span class='ocrx_word' id='word_1_795' title='bbox 3104 3395 3459 3453; x_wconf 79' lang='lat' dir='ltr'><strong>demonstrat.</strong></span> <span class='ocrx_word' id='word_1_796' title='bbox 3497 3397 3782 3468; x_wconf 80' lang='lat' dir='ltr'><strong>Scriptura</strong></span> 
     </span>
    </p>
   </div>
   <div class='ocr_carea' id='block_1_99' title="bbox 2174 3488 3784 3568">
    <p class='ocr_par' dir='ltr' id='par_1_99' title="bbox 2174 3488 3784 3568">
     <span class='ocr_line' id='line_1_99' title="bbox 2174 3488 3784 3568; baseline -0.006 -15"><span class='ocrx_word' id='word_1_797' title='bbox 2174 3500 2323 3553; x_wconf 86' lang='lat' dir='ltr'><strong>certe</strong></span> <span class='ocrx_word' id='word_1_798' title='bbox 2379 3490 2706 3548; x_wconf 83' lang='lat' dir='ltr'><strong>sacramenti</strong></span> <span class='ocrx_word' id='word_1_799' title='bbox 2761 3489 3009 3545; x_wconf 87' lang='lat' dir='ltr'><strong>ordinem</strong></span> <span class='ocrx_word' id='word_1_800' title='bbox 3069 3499 3124 3546; x_wconf 89' lang='lat' dir='ltr'><strong>et</strong></span> <span class='ocrx_word' id='word_1_801' title='bbox 3182 3503 3325 3545; x_wconf 72' lang='lat' dir='ltr'><strong>verte</strong></span> <span class='ocrx_word' id='word_1_802' title='bbox 3377 3488 3784 3568; x_wconf 64' lang='lat' dir='ltr'><strong>praedicationis</strong></span> 
     </span>
    </p>
   </div>
   <div class='ocr_carea' id='block_1_100' title="bbox 2245 3626 2843 3701">
    <p class='ocr_par' dir='ltr' id='par_1_100' title="bbox 2245 3626 2843 3701">
     <span class='ocr_line' id='line_1_100' title="bbox 2245 3626 2843 3701; baseline -0.003 -19"><span class='ocrx_word' id='word_1_803' title='bbox 2245 3626 2327 3701; x_wconf 64' lang='grc'><strong>(4)</strong></span> <span class='ocrx_word' id='word_1_804' title='bbox 2357 3626 2843 3701; x_wconf 17' lang='lat' dir='ltr'><strong>Iinenumerabilem.</strong></span> 
     </span>
    </p>
   </div>
   <div class='ocr_carea' id='block_1_101' title="bbox 2248 3699 2775 3771">
    <p class='ocr_par' dir='ltr' id='par_1_101' title="bbox 2248 3699 2775 3771">
     <span class='ocr_line' id='line_1_101' title="bbox 2248 3699 2775 3771; baseline -0.008 -15"><span class='ocrx_word' id='word_1_805' title='bbox 2248 3699 2327 3771; x_wconf 82' lang='lat'><strong>(5)</strong></span> <span class='ocrx_word' id='word_1_806' title='bbox 2366 3699 2474 3756; x_wconf 85' lang='lat' dir='ltr'><strong>Sub</strong></span> <span class='ocrx_word' id='word_1_807' title='bbox 2513 3699 2775 3771; x_wconf 84' lang='lat' dir='ltr'><strong>mysterio.</strong></span> 
     </span>
    </p>
   </div>
   <div class='ocr_carea' id='block_1_102' title="bbox 2172 3887 3792 3960">
    <p class='ocr_par' dir='ltr' id='par_1_102' title="bbox 2172 3887 3792 3960">
     <span class='ocr_line' id='line_1_102' title="bbox 2172 3887 3792 3960; baseline 0.002 -15"><span class='ocrx_word' id='word_1_808' title='bbox 2172 3891 2390 3960; x_wconf 84' lang='lat' dir='ltr'><strong>impiis:</strong></span> <span class='ocrx_word' id='word_1_809' title='bbox 2421 3890 2780 3949; x_wconf 87' lang='lat' dir='ltr'><strong>renitentibus</strong></span> <span class='ocrx_word' id='word_1_810' title='bbox 2807 3902 2937 3945; x_wconf 89' lang='lat' dir='ltr'><strong>mss.</strong></span> <span class='ocrx_word' id='word_1_811' title='bbox 2989 3887 3096 3947; x_wconf 89' lang='lat' dir='ltr'><strong>Sed</strong></span> <span class='ocrx_word' id='word_1_812' title='bbox 3135 3899 3192 3946; x_wconf 91' lang='lat' dir='ltr'><strong>et</strong></span> <span class='ocrx_word' id='word_1_813' title='bbox 3230 3890 3348 3947; x_wconf 76' lang='lat' dir='ltr'><strong>luce</strong></span> <span class='ocrx_word' id='word_1_814' title='bbox 3390 3904 3513 3947; x_wconf 92' lang='lat' dir='ltr'><strong>cum</strong></span> <span class='ocrx_word' id='word_1_815' title='bbox 3564 3893 3616 3948; x_wconf 91' lang='lat' dir='ltr'><strong>in</strong></span> <span class='ocrx_word' id='word_1_816' title='bbox 3686 3896 3792 3951; x_wconf 86' lang='lat' dir='ltr'><strong>line</strong></span> 
     </span>
    </p>
   </div>
   <div class='ocr_carea' id='block_1_103' title="bbox 2174 3962 3784 4035">
    <p class='ocr_par' dir='ltr' id='par_1_103' title="bbox 2174 3962 3784 4035">
     <span class='ocr_line' id='line_1_103' title="bbox 2174 3962 3784 4035; baseline 0.004 -17"><span class='ocrx_word' id='word_1_817' title='bbox 2174 3979 2301 4018; x_wconf 87' lang='lat' dir='ltr'><strong>num</strong></span> <span class='ocrx_word' id='word_1_818' title='bbox 2349 3964 2440 4027; x_wconf 70' lang='grc'><strong>27,</strong></span> <span class='ocrx_word' id='word_1_819' title='bbox 2484 3964 2606 4020; x_wconf 86' lang='lat' dir='ltr'><strong>aliis</strong></span> <span class='ocrx_word' id='word_1_820' title='bbox 2651 3962 2829 4019; x_wconf 79' lang='lat' dir='ltr'><strong>verbis</strong></span> <span class='ocrx_word' id='word_1_821' title='bbox 2883 3973 2937 4017; x_wconf 91' lang='lat' dir='ltr'><strong>et</strong></span> <span class='ocrx_word' id='word_1_822' title='bbox 2981 3965 3087 4017; x_wconf 86' lang='lat' dir='ltr'><strong>alio</strong></span> <span class='ocrx_word' id='word_1_823' title='bbox 3135 3963 3351 4030; x_wconf 90' lang='lat' dir='ltr'><strong>ordine,</strong></span> <span class='ocrx_word' id='word_1_824' title='bbox 3406 3980 3602 4035; x_wconf 86' lang='lat' dir='ltr'><strong>nempe</strong></span> <span class='ocrx_word' id='word_1_825' title='bbox 3651 3978 3784 4025; x_wconf 84' lang='lat' dir='ltr'><strong>ante</strong></span> 
     </span>
    </p>
   </div>
   <div class='ocr_carea' id='block_1_104' title="bbox 2170 4035 3787 4106">
    <p class='ocr_par' dir='ltr' id='par_1_104' title="bbox 2170 4035 3787 4106">
     <span class='ocr_line' id='line_1_104' title="bbox 2170 4035 3787 4106; baseline 0.003 -17"><span class='ocrx_word' id='word_1_826' title='bbox 2170 4036 2417 4105; x_wconf 75' lang='lat' dir='ltr'><strong>proxime</strong></span> <span class='ocrx_word' id='word_1_827' title='bbox 2444 4035 2609 4101; x_wconf 91' lang='lat' dir='ltr'><strong>dicta,</strong></span> <span class='ocrx_word' id='word_1_828' title='bbox 2634 4050 2743 4090; x_wconf 91' lang='lat' dir='ltr'><strong>non</strong></span> <span class='ocrx_word' id='word_1_829' title='bbox 2768 4044 2889 4106; x_wconf 87' lang='lat' dir='ltr'><strong>post</strong></span> <span class='ocrx_word' id='word_1_830' title='bbox 2913 4035 3305 4101; x_wconf 79' lang='lat' dir='ltr'><strong>exhibeantur;</strong></span> <span class='ocrx_word' id='word_1_831' title='bbox 3331 4044 3477 4106; x_wconf 84' lang='lat' dir='ltr'><strong>patet</strong></span> <span class='ocrx_word' id='word_1_832' title='bbox 3502 4037 3589 4093; x_wconf 87' lang='lat' dir='ltr'><strong>hic</strong></span> <span class='ocrx_word' id='word_1_833' title='bbox 3612 4036 3787 4094; x_wconf 82' lang='lat' dir='ltr'><strong>inter-</strong></span> 
     </span>
    </p>
   </div>
   <div class='ocr_carea' id='block_1_105' title="bbox 2170 4106 2649 4177">
    <p class='ocr_par' dir='ltr' id='par_1_105' title="bbox 2170 4106 2649 4177">
     <span class='ocr_line' id='line_1_105' title="bbox 2170 4106 2649 4177; baseline -0.002 -16"><span class='ocrx_word' id='word_1_834' title='bbox 2170 4106 2435 4177; x_wconf 86' lang='lat' dir='ltr'><strong>polatoris</strong></span> <span class='ocrx_word' id='word_1_835' title='bbox 2462 4122 2649 4176; x_wconf 89' lang='lat' dir='ltr'><strong>opera.</strong></span> 
     </span>
    </p>
   </div>
   <div class='ocr_carea' id='block_1_106' title="bbox 2245 4176 3638 4249">
    <p class='ocr_par' dir='ltr' id='par_1_106' title="bbox 2245 4176 3638 4249">
     <span class='ocr_line' id='line_1_106' title="bbox 2245 4176 3638 4249; baseline 0.003 -18"><span class='ocrx_word' id='word_1_836' title='bbox 2245 4176 2319 4249; x_wconf 88' lang='lat' dir='ltr'><strong>(b)</strong></span> <span class='ocrx_word' id='word_1_837' title='bbox 2353 4178 2408 4233; x_wconf 91' lang='lat' dir='ltr'><strong>In</strong></span> <span class='ocrx_word' id='word_1_838' title='bbox 2440 4177 2688 4245; x_wconf 74' lang='lat' dir='ltr'><strong>vulgatis,</strong></span> <span class='ocrx_word' id='word_1_839' title='bbox 2706 4177 2825 4232; x_wconf 88' lang='lat' dir='ltr'><strong>illos</strong></span> <span class='ocrx_word' id='word_1_840' title='bbox 2850 4179 3034 4243; x_wconf 82' lang='lat' dir='ltr'><strong>iustos.</strong></span> <span class='ocrx_word' id='word_1_841' title='bbox 3066 4178 3234 4234; x_wconf 78' lang='lat' dir='ltr'><strong>Abest</strong></span> <span class='ocrx_word' id='word_1_842' title='bbox 3247 4179 3422 4249; x_wconf 87' lang='lat' dir='ltr'><strong>justos</strong></span> <span class='ocrx_word' id='word_1_843' title='bbox 3449 4194 3478 4234; x_wconf 89' lang='lat' dir='ltr'><strong>a</strong></span> <span class='ocrx_word' id='word_1_844' title='bbox 3505 4192 3638 4235; x_wconf 89' lang='lat' dir='ltr'><strong>mss.</strong></span> 
     </span>
    </p>
   </div>
   <div class='ocr_carea' id='block_1_107' title="bbox 2241 4249 3788 4322">
    <p class='ocr_par' dir='ltr' id='par_1_107' title="bbox 2241 4249 3788 4322">
     <span class='ocr_line' id='line_1_107' title="bbox 2241 4249 3788 4322; baseline 0.003 -18"><span class='ocrx_word' id='word_1_845' title='bbox 2241 4250 2316 4322; x_wconf 90' lang='lat' dir='ltr'><strong>(c)</strong></span> <span class='ocrx_word' id='word_1_846' title='bbox 2347 4251 2508 4316; x_wconf 84' lang='lat' dir='ltr'><strong>Editi,</strong></span> <span class='ocrx_word' id='word_1_847' title='bbox 2525 4260 2571 4305; x_wconf 90' lang='lat' dir='ltr'><strong>et</strong></span> <span class='ocrx_word' id='word_1_848' title='bbox 2590 4267 2703 4304; x_wconf 84' lang='lat' dir='ltr'><strong>ecce</strong></span> <span class='ocrx_word' id='word_1_849' title='bbox 2726 4251 3001 4305; x_wconf 70' lang='lat' dir='ltr'><strong>exaudivit.</strong></span> <span class='ocrx_word' id='word_1_850' title='bbox 3026 4249 3160 4305; x_wconf 85' lang='lat' dir='ltr'><strong>Tres</strong></span> <span class='ocrx_word' id='word_1_851' title='bbox 3182 4265 3316 4306; x_wconf 85' lang='lat' dir='ltr'><strong>mss.</strong></span> <span class='ocrx_word' id='word_1_852' title='bbox 3339 4261 3386 4306; x_wconf 84' lang='lat' dir='ltr'><strong>et</strong></span> <span class='ocrx_word' id='word_1_853' title='bbox 3404 4252 3621 4307; x_wconf 81' lang='lat' dir='ltr'><strong>audivit.</strong></span> <span class='ocrx_word' id='word_1_854' title='bbox 3647 4252 3788 4320; x_wconf 79' lang='lat' dir='ltr'><strong>Alii,</strong></span> 
     </span>
    </p>
   </div>
   <div class='ocr_carea' id='block_1_108' title="bbox 2172 4322 3173 4393">
    <p class='ocr_par' dir='ltr' id='par_1_108' title="bbox 2172 4322 3173 4393">
     <span class='ocr_line' id='line_1_108' title="bbox 2172 4322 3173 4393; baseline -0.001 -16"><span class='ocrx_word' id='word_1_855' title='bbox 2172 4325 2552 4378; x_wconf 86' lang='lat' dir='ltr'><strong>consentiente</strong></span> <span class='ocrx_word' id='word_1_856' title='bbox 2581 4336 2783 4393; x_wconf 73' lang='lat' dir='ltr'><strong>grtnco,</strong></span> <span class='ocrx_word' id='word_1_857' title='bbox 2815 4331 2862 4393; x_wconf 87' lang='lat' dir='ltr'><strong>et</strong></span> <span class='ocrx_word' id='word_1_858' title='bbox 2894 4322 3173 4376; x_wconf 71' lang='lat' dir='ltr'><strong>exaudivit.</strong></span> 
     </span>
    </p>
   </div>
   <div class='ocr_carea' id='block_1_109' title="bbox 2248 4392 3580 4466">
    <p class='ocr_par' dir='ltr' id='par_1_109' title="bbox 2248 4392 3580 4466">
     <span class='ocr_line' id='line_1_109' title="bbox 2248 4392 3580 4466; baseline 0.003 -20"><span class='ocrx_word' id='word_1_859' title='bbox 2248 4393 2328 4466; x_wconf 77' lang='grc' dir='ltr'><strong>(ἀ)</strong></span> <span class='ocrx_word' id='word_1_860' title='bbox 2356 4395 2412 4449; x_wconf 89' lang='lat' dir='ltr'><strong>lu</strong></span> <span class='ocrx_word' id='word_1_861' title='bbox 2441 4408 2573 4450; x_wconf 89' lang='lat' dir='ltr'><strong>mss.</strong></span> <span class='ocrx_word' id='word_1_862' title='bbox 2593 4392 2695 4449; x_wconf 81' lang='lat' dir='ltr'><strong>hic</strong></span> <span class='ocrx_word' id='word_1_863' title='bbox 2720 4402 2776 4448; x_wconf 90' lang='lat' dir='ltr'><strong>et</strong></span> <span class='ocrx_word' id='word_1_864' title='bbox 2795 4392 2923 4450; x_wconf 87' lang='lat' dir='ltr'><strong>alibi</strong></span> <span class='ocrx_word' id='word_1_865' title='bbox 2955 4401 3296 4462; x_wconf 89' lang='lat' dir='ltr'><strong>constanter,</strong></span> <span class='ocrx_word' id='word_1_866' title='bbox 3317 4394 3580 4450; x_wconf 78' lang='lat' dir='ltr'><strong>obtunsio.</strong></span> 
     </span>
    </p>
   </div>
   <div class='ocr_carea' id='block_1_110' title="bbox 2250 4485 3795 4561">
    <p class='ocr_par' dir='ltr' id='par_1_110' title="bbox 2250 4485 3795 4561">
     <span class='ocr_line' id='line_1_110' title="bbox 2250 4485 3795 4561; baseline 0.004 -20"><span class='ocrx_word' id='word_1_867' title='bbox 2250 4487 2321 4561; x_wconf 83' lang='grc' dir='ltr'><strong>(ε)</strong></span> <span class='ocrx_word' id='word_1_868' title='bbox 2345 4488 2596 4561; x_wconf 77' lang='lat' dir='ltr'><strong>criminis</strong></span> <span class='ocrx_word' id='word_1_869' title='bbox 2618 4486 2774 4561; x_wconf 84' lang='lat' dir='ltr'><strong>hujus</strong></span> <span class='ocrx_word' id='word_1_870' title='bbox 2804 4488 2895 4561; x_wconf 91' lang='lat' dir='ltr'><strong>qui</strong></span> <span class='ocrx_word' id='word_1_871' title='bbox 2920 4485 2998 4541; x_wconf 90' lang='lat' dir='ltr'><strong>rei</strong></span> <span class='ocrx_word' id='word_1_872' title='bbox 3014 4485 3150 4561; x_wconf 82' lang='lat' dir='ltr'><strong>sint,</strong></span> <span class='ocrx_word' id='word_1_873' title='bbox 3180 4489 3352 4558; x_wconf 89' lang='lat' dir='ltr'><strong>aperit</strong></span> <span class='ocrx_word' id='word_1_874' title='bbox 3379 4488 3472 4543; x_wconf 92' lang='lat' dir='ltr'><strong>lib.</strong></span> <span class='ocrx_word' id='word_1_875' title='bbox 3498 4504 3577 4554; x_wconf 77' lang='lat' dir='ltr'><strong>vr,</strong></span> <span class='ocrx_word' id='word_1_876' title='bbox 3604 4505 3659 4546; x_wconf 93' lang='lat' dir='ltr'><strong>n.</strong></span> <span class='ocrx_word' id='word_1_877' title='bbox 3698 4491 3795 4559; x_wconf 66' lang='lat'><strong>15,</strong></span> 
     </span>
    </p>
   </div>
   <div class='ocr_carea' id='block_1_111' title="bbox 2181 4559 3796 4631">
    <p class='ocr_par' dir='ltr' id='par_1_111' title="bbox 2181 4559 3796 4631">
     <span class='ocr_line' id='line_1_111' title="bbox 2181 4559 3796 4631; baseline 0.004 -19"><span class='ocrx_word' id='word_1_878' title='bbox 2181 4559 2317 4629; x_wconf 85' lang='lat' dir='ltr'><strong>quos</strong></span> <span class='ocrx_word' id='word_1_879' title='bbox 2357 4560 2608 4614; x_wconf 86' lang='lat' dir='ltr'><strong>nimirum</strong></span> <span class='ocrx_word' id='word_1_880' title='bbox 2635 4560 2913 4630; x_wconf 86' lang='lat' dir='ltr'><strong>impietatis</strong></span> <span class='ocrx_word' id='word_1_881' title='bbox 2940 4559 3201 4624; x_wconf 89' lang='lat' dir='ltr'><strong>voluntas,</strong></span> <span class='ocrx_word' id='word_1_882' title='bbox 3234 4570 3285 4615; x_wconf 92' lang='lat' dir='ltr'><strong>et</strong></span> <span class='ocrx_word' id='word_1_883' title='bbox 3319 4575 3424 4614; x_wconf 92' lang='lat' dir='ltr'><strong>non</strong></span> <span class='ocrx_word' id='word_1_884' title='bbox 3458 4561 3796 4631; x_wconf 51' lang='lat' dir='ltr'><strong>ignorantia.</strong></span> 
     </span>
    </p>
   </div>
   <div class='ocr_carea' id='block_1_112' title="bbox 2101 4624 3794 4702">
    <p class='ocr_par' dir='ltr' id='par_1_112' title="bbox 2101 4624 3794 4702">
     <span class='ocr_line' id='line_1_112' title="bbox 2101 4624 3794 4702; baseline 0.003 -17"><span class='ocrx_word' id='word_1_885' title='bbox 2101 4624 2156 4685; x_wconf 88' lang='lat' dir='ltr'><strong>D</strong></span> <span class='ocrx_word' id='word_1_886' title='bbox 2182 4624 2234 4685; x_wconf 78' lang='lat' dir='ltr'><strong>in</strong></span> <span class='ocrx_word' id='word_1_887' title='bbox 2265 4646 2450 4685; x_wconf 84' lang='lat' dir='ltr'><strong>errore</strong></span> <span class='ocrx_word' id='word_1_888' title='bbox 2487 4624 2719 4686; x_wconf 52' lang='lat' dir='ltr'><strong>detinet}</strong></span> <span class='ocrx_word' id='word_1_889' title='bbox 2748 4631 2954 4697; x_wconf 87' lang='lat' dir='ltr'><strong>Quibus</strong></span> <span class='ocrx_word' id='word_1_890' title='bbox 2984 4646 3115 4685; x_wconf 85' lang='lat' dir='ltr'><strong>vero</strong></span> <span class='ocrx_word' id='word_1_891' title='bbox 3142 4632 3317 4702; x_wconf 74' lang='lat' dir='ltr'><strong>prnnis</strong></span> <span class='ocrx_word' id='word_1_892' title='bbox 3340 4632 3450 4686; x_wconf 89' lang='lat' dir='ltr'><strong>sint</strong></span> <span class='ocrx_word' id='word_1_893' title='bbox 3480 4624 3794 4699; x_wconf 56' lang='lat' dir='ltr'><strong>inultaudi,</strong></span> 
     </span>
    </p>
   </div>
   <div class='ocr_carea' id='block_1_113' title="bbox 2179 4702 3801 4774">
    <p class='ocr_par' dir='ltr' id='par_1_113' title="bbox 2179 4702 3801 4774">
     <span class='ocr_line' id='line_1_113' title="bbox 2179 4702 3801 4774; baseline 0.003 -18"><span class='ocrx_word' id='word_1_894' title='bbox 2179 4704 2229 4756; x_wconf 92' lang='lat' dir='ltr'><strong>iu</strong></span> <span class='ocrx_word' id='word_1_895' title='bbox 2263 4703 2476 4767; x_wconf 85' lang='lat' dir='ltr'><strong>eodem,</strong></span> <span class='ocrx_word' id='word_1_896' title='bbox 2512 4704 2604 4757; x_wconf 89' lang='lat' dir='ltr'><strong>lib.</strong></span> <span class='ocrx_word' id='word_1_897' title='bbox 2650 4720 2704 4756; x_wconf 92' lang='lat' dir='ltr'><strong>n.</strong></span> <span class='ocrx_word' id='word_1_898' title='bbox 2746 4703 2781 4757; x_wconf 76' lang='grc' dir='ltr'><strong>’ὅ</strong></span> <span class='ocrx_word' id='word_1_899' title='bbox 2803 4744 2817 4767; x_wconf 93' lang='grc'><strong>,</strong></span> <span class='ocrx_word' id='word_1_900' title='bbox 2862 4702 2940 4756; x_wconf 84' lang='lat' dir='ltr'><strong>sic</strong></span> <span class='ocrx_word' id='word_1_901' title='bbox 2962 4703 3199 4756; x_wconf 85' lang='lat' dir='ltr'><strong>declarat</strong></span> <span class='ocrx_word' id='word_1_902' title='bbox 3235 4721 3249 4758; x_wconf 88' lang='lat'><strong>:</strong></span> <span class='ocrx_word' id='word_1_903' title='bbox 3282 4702 3419 4756; x_wconf 84' lang='lat' dir='ltr'><strong>Nam</strong></span> <span class='ocrx_word' id='word_1_904' title='bbox 3456 4704 3801 4774; x_wconf 83' lang='lat' dir='ltr'><strong>judicatarus</strong></span> 
     </span>
    </p>
   </div>
   <div class='ocr_carea' id='block_1_114' title="bbox 2176 4775 3800 4848">
    <p class='ocr_par' dir='ltr' id='par_1_114' title="bbox 2176 4775 3800 4848">
     <span class='ocr_line' id='line_1_114' title="bbox 2176 4775 3800 4848; baseline 0.001 -20"><span class='ocrx_word' id='word_1_905' title='bbox 2176 4776 2288 4841; x_wconf 83' lang='lat' dir='ltr'><strong>ipse</strong></span> <span class='ocrx_word' id='word_1_906' title='bbox 2332 4777 2394 4829; x_wconf 76' lang='lat' dir='ltr'><strong>ile</strong></span> <span class='ocrx_word' id='word_1_907' title='bbox 2434 4775 2667 4829; x_wconf 85' lang='lat' dir='ltr'><strong>omnibus</strong></span> <span class='ocrx_word' id='word_1_908' title='bbox 2692 4816 2705 4838; x_wconf 95' lang='lat'><strong>,</strong></span> <span class='ocrx_word' id='word_1_909' title='bbox 2739 4783 2784 4827; x_wconf 89' lang='lat' dir='ltr'><strong>et</strong></span> <span class='ocrx_word' id='word_1_910' title='bbox 2821 4790 2915 4848; x_wconf 86' lang='lat' dir='ltr'><strong>pro</strong></span> <span class='ocrx_word' id='word_1_911' title='bbox 2943 4775 3228 4848; x_wconf 85' lang='lat' dir='ltr'><strong>utajestatis</strong></span> <span class='ocrx_word' id='word_1_912' title='bbox 3279 4789 3387 4828; x_wconf 72' lang='lat' dir='ltr'><strong>sua:</strong></span> <span class='ocrx_word' id='word_1_913' title='bbox 3432 4776 3800 4834; x_wconf 75' lang='lat' dir='ltr'><strong>misericordia</strong></span> 
     </span>
    </p>
   </div>
   <div class='ocr_carea' id='block_1_115' title="bbox 2181 4846 3802 4919">
    <p class='ocr_par' dir='ltr' id='par_1_115' title="bbox 2181 4846 3802 4919">
     <span class='ocr_line' id='line_1_115' title="bbox 2181 4846 3802 4919; baseline 0.004 -20"><span class='ocrx_word' id='word_1_914' title='bbox 2181 4862 2342 4917; x_wconf 71' lang='lat' dir='ltr'><strong>paena:</strong></span> <span class='ocrx_word' id='word_1_915' title='bbox 2371 4850 2604 4900; x_wconf 85' lang='lat' dir='ltr'><strong>meritum</strong></span> <span class='ocrx_word' id='word_1_916' title='bbox 2632 4846 2889 4919; x_wconf 80' lang='lat' dir='ltr'><strong>ignoranti</strong></span> <span class='ocrx_word' id='word_1_917' title='bbox 2911 4846 3270 4919; x_wconf 82' lang='lat' dir='ltr'><strong>moderaturus</strong></span> <span class='ocrx_word' id='word_1_918' title='bbox 3308 4848 3471 4919; x_wconf 86' lang='lat' dir='ltr'><strong>errori</strong></span> <span class='ocrx_word' id='word_1_919' title='bbox 3494 4889 3509 4913; x_wconf 90' lang='lat'><strong>,</strong></span> <span class='ocrx_word' id='word_1_920' title='bbox 3545 4859 3802 4918; x_wconf 81' lang='lat' dir='ltr'><strong>negantes</strong></span> 
     </span>
    </p>
   </div>
   <div class='ocr_carea' id='block_1_116' title="bbox 2179 4917 3371 4989">
    <p class='ocr_par' dir='ltr' id='par_1_116' title="bbox 2179 4917 3371 4989">
     <span class='ocr_line' id='line_1_116' title="bbox 2179 4917 3371 4989; baseline -0.002 -16"><span class='ocrx_word' id='word_1_921' title='bbox 2179 4935 2235 4974; x_wconf 86' lang='lat' dir='ltr'><strong>se</strong></span> <span class='ocrx_word' id='word_1_922' title='bbox 2252 4919 2369 4989; x_wconf 87' lang='lat' dir='ltr'><strong>jam</strong></span> <span class='ocrx_word' id='word_1_923' title='bbox 2396 4934 2497 4972; x_wconf 88' lang='lat' dir='ltr'><strong>non</strong></span> <span class='ocrx_word' id='word_1_924' title='bbox 2516 4917 2773 4987; x_wconf 67' lang='lat' dir='ltr'><strong>iudicabit</strong></span> <span class='ocrx_word' id='word_1_925' title='bbox 2802 4917 2975 4986; x_wconf 84' lang='lat' dir='ltr'><strong>utique</strong></span> <span class='ocrx_word' id='word_1_926' title='bbox 2995 4962 3008 4983; x_wconf 91' lang='lat'><strong>,</strong></span> <span class='ocrx_word' id='word_1_927' title='bbox 3039 4918 3128 4970; x_wconf 87' lang='lat' dir='ltr'><strong>sed</strong></span> <span class='ocrx_word' id='word_1_928' title='bbox 3151 4918 3371 4987; x_wconf 73' lang='lat' dir='ltr'><strong>negabit.</strong></span> 
     </span>
    </p>
   </div>
   <div class='ocr_carea' id='block_1_117' title="bbox 2256 5007 3799 5082">
    <p class='ocr_par' dir='ltr' id='par_1_117' title="bbox 2256 5007 3799 5082">
     <span class='ocr_line' id='line_1_117' title="bbox 2256 5007 3799 5082; baseline 0.002 -18"><span class='ocrx_word' id='word_1_929' title='bbox 2256 5007 2333 5082; x_wconf 83' lang='lat' dir='ltr'><strong>(f)</strong></span> <span class='ocrx_word' id='word_1_930' title='bbox 2359 5008 2547 5064; x_wconf 85' lang='lat' dir='ltr'><strong>Plures</strong></span> <span class='ocrx_word' id='word_1_931' title='bbox 2578 5023 2706 5062; x_wconf 88' lang='lat' dir='ltr'><strong>mss.</strong></span> <span class='ocrx_word' id='word_1_932' title='bbox 2728 5022 2871 5082; x_wconf 83' lang='lat' dir='ltr'><strong>__ctun</strong></span> <span class='ocrx_word' id='word_1_933' title='bbox 2900 5008 3170 5082; x_wconf 68' lang='lat' dir='ltr'><strong>vulgatis,</strong></span> <span class='ocrx_word' id='word_1_934' title='bbox 3204 5008 3296 5063; x_wconf 86' lang='lat' dir='ltr'><strong>sub</strong></span> <span class='ocrx_word' id='word_1_935' title='bbox 3336 5009 3595 5081; x_wconf 81' lang='lat' dir='ltr'><strong>mysterio.</strong></span> <span class='ocrx_word' id='word_1_936' title='bbox 3625 5009 3799 5082; x_wconf 78' lang='lat' dir='ltr'><strong>Magis</strong></span> 
     </span>
    </p>
   </div>
   <div class='ocr_carea' id='block_1_118' title="bbox 2186 5078 3795 5151">
    <p class='ocr_par' dir='ltr' id='par_1_118' title="bbox 2186 5078 3795 5151">
     <span class='ocr_line' id='line_1_118' title="bbox 2186 5078 3795 5151; baseline 0.004 -18"><span class='ocrx_word' id='word_1_937' title='bbox 2186 5078 2361 5151; x_wconf 77' lang='lat' dir='ltr'><strong>placet</strong></span> <span class='ocrx_word' id='word_1_938' title='bbox 2399 5095 2522 5135; x_wconf 89' lang='lat' dir='ltr'><strong>cum</strong></span> <span class='ocrx_word' id='word_1_939' title='bbox 2559 5095 2689 5135; x_wconf 82' lang='lat' dir='ltr'><strong>is.</strong></span> <span class='ocrx_word' id='word_1_940' title='bbox 2718 5078 3236 5151; x_wconf 40' lang='lat' dir='ltr'><strong>Caruutlﬂemigq</strong></span> <span class='ocrx_word' id='word_1_941' title='bbox 3265 5078 3401 5143; x_wconf 67' lang='lat' dir='ltr'><strong>etc.,</strong></span> <span class='ocrx_word' id='word_1_942' title='bbox 3425 5084 3520 5135; x_wconf 87' lang='lat' dir='ltr'><strong>sub</strong></span> <span class='ocrx_word' id='word_1_943' title='bbox 3552 5078 3795 5139; x_wconf 64' lang='lat' dir='ltr'><strong>ministe-</strong></span> 
     </span>
    </p>
   </div>
   <div class='ocr_carea' id='block_1_119' title="bbox 2176 5150 3795 5222">
    <p class='ocr_par' dir='ltr' id='par_1_119' title="bbox 2176 5150 3795 5222">
     <span class='ocr_line' id='line_1_119' title="bbox 2176 5150 3795 5222; baseline 0.002 -16"><span class='ocrx_word' id='word_1_944' title='bbox 2176 5153 2274 5208; x_wconf 89' lang='lat' dir='ltr'><strong>rio.</strong></span> <span class='ocrx_word' id='word_1_945' title='bbox 2316 5150 2386 5208; x_wconf 91' lang='lat' dir='ltr'><strong>Ut</strong></span> <span class='ocrx_word' id='word_1_946' title='bbox 2429 5153 2574 5206; x_wconf 90' lang='lat' dir='ltr'><strong>enim</strong></span> <span class='ocrx_word' id='word_1_947' title='bbox 2625 5165 2787 5220; x_wconf 88' lang='lat' dir='ltr'><strong>supra</strong></span> <span class='ocrx_word' id='word_1_948' title='bbox 2834 5165 2900 5205; x_wconf 81' lang='lat' dir='ltr'><strong>ex</strong></span> <span class='ocrx_word' id='word_1_949' title='bbox 2947 5150 3281 5206; x_wconf 87' lang='lat' dir='ltr'><strong>Tertulliauo</strong></span> <span class='ocrx_word' id='word_1_950' title='bbox 3336 5152 3795 5222; x_wconf 80' lang='lat' dir='ltr'><strong>observabamus,</strong></span> 
     </span>
    </p>
   </div>
   <div class='ocr_carea' id='block_1_120' title="bbox 2177 5221 3797 5295">
    <p class='ocr_par' dir='ltr' id='par_1_120' title="bbox 2177 5221 3797 5295">
     <span class='ocr_line' id='line_1_120' title="bbox 2177 5221 3797 5295; baseline 0.002 -17"><span class='ocrx_word' id='word_1_951' title='bbox 2177 5224 2424 5278; x_wconf 71' lang='lat' dir='ltr'><strong>Christus</strong></span> <span class='ocrx_word' id='word_1_952' title='bbox 2461 5225 2638 5291; x_wconf 87' lang='lat' dir='ltr'><strong>magni</strong></span> <span class='ocrx_word' id='word_1_953' title='bbox 2662 5222 2873 5295; x_wconf 81' lang='lat' dir='ltr'><strong>consilii</strong></span> <span class='ocrx_word' id='word_1_954' title='bbox 2897 5223 3118 5293; x_wconf 84' lang='lat' dir='ltr'><strong>angelus</strong></span> <span class='ocrx_word' id='word_1_955' title='bbox 3146 5221 3322 5278; x_wconf 88' lang='lat' dir='ltr'><strong>dictus</strong></span> <span class='ocrx_word' id='word_1_956' title='bbox 3362 5234 3446 5279; x_wconf 91' lang='lat' dir='ltr'><strong>est</strong></span> <span class='ocrx_word' id='word_1_957' title='bbox 3484 5224 3658 5295; x_wconf 62' lang='lat' dir='ltr'><strong>agis-ii,</strong></span> <span class='ocrx_word' id='word_1_958' title='bbox 3688 5221 3797 5281; x_wconf 71' lang='lat' dir='ltr'><strong>non</strong></span> 
     </span>
    </p>
   </div>
   <div class='ocr_carea' id='block_1_121' title="bbox 2176 5293 3801 5362">
    <p class='ocr_par' dir='ltr' id='par_1_121' title="bbox 2176 5293 3801 5362">
     <span class='ocr_line' id='line_1_121' title="bbox 2176 5293 3801 5362; baseline 0.001 -12"><span class='ocrx_word' id='word_1_959' title='bbox 2176 5306 2377 5350; x_wconf 73' lang='lat' dir='ltr'><strong>natura:</strong></span> <span class='ocrx_word' id='word_1_960' title='bbox 2402 5295 2667 5350; x_wconf 84' lang='lat' dir='ltr'><strong>vocabulo.</strong></span> <span class='ocrx_word' id='word_1_961' title='bbox 2704 5294 2770 5349; x_wconf 88' lang='lat' dir='ltr'><strong>Et</strong></span> <span class='ocrx_word' id='word_1_962' title='bbox 2812 5293 3048 5349; x_wconf 84' lang='lat' dir='ltr'><strong>Hilarius</strong></span> <span class='ocrx_word' id='word_1_963' title='bbox 3094 5295 3229 5362; x_wconf 83' lang='lat' dir='ltr'><strong>ipse,</strong></span> <span class='ocrx_word' id='word_1_964' title='bbox 3255 5296 3346 5351; x_wconf 90' lang='lat' dir='ltr'><strong>lib.</strong></span> <span class='ocrx_word' id='word_1_965' title='bbox 3382 5312 3443 5356; x_wconf 74' lang='grc' dir='ltr'><em>ν,</em></span> <span class='ocrx_word' id='word_1_966' title='bbox 3481 5293 3539 5350; x_wconf 70' lang='lat' dir='ltr'><strong>tr.</strong></span> <span class='ocrx_word' id='word_1_967' title='bbox 3579 5297 3636 5351; x_wconf 80' lang='grc' dir='ltr'>Η</span> <span class='ocrx_word' id='word_1_968' title='bbox 3672 5317 3689 5353; x_wconf 87' lang='lat'><strong>:</strong></span> <span class='ocrx_word' id='word_1_969' title='bbox 3732 5297 3801 5351; x_wconf 85' lang='lat' dir='ltr'><strong>In</strong></span> 
     </span>
    </p>
   </div>
   <div class='ocr_carea' id='block_1_122' title="bbox 2178 5366 3802 5439">
    <p class='ocr_par' dir='ltr' id='par_1_122' title="bbox 2178 5366 3802 5439">
     <span class='ocr_line' id='line_1_122' title="bbox 2178 5366 3802 5439; baseline 0.002 -18"><span class='ocrx_word' id='word_1_970' title='bbox 2178 5369 2359 5439; x_wconf 82' lang='lat' dir='ltr'><strong>angelo</strong></span> <span class='ocrx_word' id='word_1_971' title='bbox 2401 5366 2550 5438; x_wconf 76' lang='lat' dir='ltr'><strong>o/ﬁcti</strong></span> <span class='ocrx_word' id='word_1_972' title='bbox 2597 5367 2765 5429; x_wconf 79' lang='lat' dir='ltr'><strong>potius</strong></span> <span class='ocrx_word' id='word_1_973' title='bbox 2810 5382 2964 5439; x_wconf 85' lang='lat' dir='ltr'><strong>quam</strong></span> <span class='ocrx_word' id='word_1_974' title='bbox 3010 5375 3217 5439; x_wconf 53' lang='lat' dir='ltr'><strong>natura;</strong></span> <span class='ocrx_word' id='word_1_975' title='bbox 3250 5366 3641 5439; x_wconf 83' lang='lat' dir='ltr'><strong>intelligentiam</strong></span> <span class='ocrx_word' id='word_1_976' title='bbox 3681 5385 3802 5425; x_wconf 76' lang='lat' dir='ltr'><strong>esse</strong></span> 
     </span>
    </p>
   </div>
   <div class='ocr_carea' id='block_1_123' title="bbox 2179 5437 3602 5510">
    <p class='ocr_par' dir='ltr' id='par_1_123' title="bbox 2179 5437 3602 5510">
     <span class='ocr_line' id='line_1_123' title="bbox 2179 5437 3602 5510; baseline -0.001 -17"><span class='ocrx_word' id='word_1_977' title='bbox 2179 5437 2308 5494; x_wconf 80' lang='lat' dir='ltr'><strong>hinc</strong></span> <span class='ocrx_word' id='word_1_978' title='bbox 2340 5437 2550 5508; x_wconf 88' lang='lat' dir='ltr'><strong>probat,</strong></span> <span class='ocrx_word' id='word_1_979' title='bbox 2575 5439 2716 5510; x_wconf 91' lang='lat' dir='ltr'><strong>quod</strong></span> <span class='ocrx_word' id='word_1_980' title='bbox 2745 5438 2919 5509; x_wconf 87' lang='lat' dir='ltr'><strong>angeli</strong></span> <span class='ocrx_word' id='word_1_981' title='bbox 2953 5438 3172 5492; x_wconf 84' lang='lat' dir='ltr'><strong>ministri</strong></span> <span class='ocrx_word' id='word_1_982' title='bbox 3197 5438 3289 5494; x_wconf 91' lang='lat' dir='ltr'><strong>Dei</strong></span> <span class='ocrx_word' id='word_1_983' title='bbox 3322 5437 3602 5495; x_wconf 73' lang='lat' dir='ltr'><strong>vocentur.</strong></span> 
     </span>
    </p>
   </div>
   <div class='ocr_carea' id='block_1_124' title="bbox 2256 5528 3794 5614">
    <p class='ocr_par' dir='ltr' id='par_1_124' title="bbox 2256 5528 3794 5614">
     <span class='ocr_line' id='line_1_124' title="bbox 2256 5528 3794 5614; baseline 0.001 -29"><span class='ocrx_word' id='word_1_984' title='bbox 2256 5530 2421 5603; x_wconf 84' lang='lat' dir='ltr'><strong>(g)lta</strong></span> <span class='ocrx_word' id='word_1_985' title='bbox 2439 5529 2839 5612; x_wconf 68' lang='lat' dir='ltr'><strong>prznstantiores</strong></span> <span class='ocrx_word' id='word_1_986' title='bbox 2855 5546 2983 5614; x_wconf 77' lang='lat' dir='ltr'><strong>mss.</strong></span> <span class='ocrx_word' id='word_1_987' title='bbox 3005 5528 3400 5614; x_wconf 36' lang='lat' dir='ltr'><strong>Colb.,‘(.1arn...</strong></span> <span class='ocrx_word' id='word_1_988' title='bbox 3427 5530 3637 5614; x_wconf 75' lang='lat' dir='ltr'><strong>Remig.</strong></span> <span class='ocrx_word' id='word_1_989' title='bbox 3660 5546 3794 5610; x_wconf 75' lang='lat' dir='ltr'><strong>eum</strong></span> 
     </span>
    </p>
   </div>
   <div class='ocr_carea' id='block_1_125' title="bbox 2183 5600 3797 5672">
    <p class='ocr_par' dir='ltr' id='par_1_125' title="bbox 2183 5600 3797 5672">
     <span class='ocr_line' id='line_1_125' title="bbox 2183 5600 3797 5672; baseline 0.002 -16"><span class='ocrx_word' id='word_1_990' title='bbox 2183 5600 2368 5672; x_wconf 72' lang='lat' dir='ltr'><strong>Germ.</strong></span> <span class='ocrx_word' id='word_1_991' title='bbox 2394 5620 2423 5654; x_wconf 79' lang='grc' dir='ltr'><strong>ιι</strong></span> <span class='ocrx_word' id='word_1_992' title='bbox 2444 5600 2622 5672; x_wconf 88' lang='lat' dir='ltr'><strong>prima</strong></span> <span class='ocrx_word' id='word_1_993' title='bbox 2652 5617 2831 5658; x_wconf 83' lang='lat' dir='ltr'><strong>manu.</strong></span> <span class='ocrx_word' id='word_1_994' title='bbox 2858 5606 2927 5656; x_wconf 84' lang='lat' dir='ltr'><strong>At</strong></span> <span class='ocrx_word' id='word_1_995' title='bbox 2954 5603 3006 5656; x_wconf 90' lang='lat' dir='ltr'><strong>in</strong></span> <span class='ocrx_word' id='word_1_996' title='bbox 3036 5602 3269 5671; x_wconf 85' lang='lat' dir='ltr'><strong>vulgatis</strong></span> <span class='ocrx_word' id='word_1_997' title='bbox 3293 5644 3308 5669; x_wconf 91' lang='lat'><strong>,</strong></span> <span class='ocrx_word' id='word_1_998' title='bbox 3334 5602 3656 5657; x_wconf 78' lang='lat' dir='ltr'><strong>benedictum</strong></span> <span class='ocrx_word' id='word_1_999' title='bbox 3673 5601 3797 5672; x_wconf 70' lang='lat' dir='ltr'><strong>jam</strong></span> 
     </span>
    </p>
   </div>
   <div class='ocr_carea' id='block_1_126' title="bbox 2183 5671 3799 5755">
    <p class='ocr_par' dir='ltr' id='par_1_126' title="bbox 2183 5671 3799 5755">
     <span class='ocr_line' id='line_1_126' title="bbox 2183 5671 3799 5755; baseline 0.002 -27"><span class='ocrx_word' id='word_1_1000' title='bbox 2183 5671 2464 5755; x_wconf 78' lang='lat' dir='ltr'><strong>lsmaelem</strong></span> <span class='ocrx_word' id='word_1_1001' title='bbox 2505 5690 2523 5728; x_wconf 91' lang='lat'><strong><em>:</em></strong></span> <span class='ocrx_word' id='word_1_1002' title='bbox 2558 5689 2623 5729; x_wconf 88' lang='lat' dir='ltr'><strong>ac</strong></span> <span class='ocrx_word' id='word_1_1003' title='bbox 2663 5674 2861 5755; x_wconf 70' lang='lat' dir='ltr'><strong>deinde</strong></span> <span class='ocrx_word' id='word_1_1004' title='bbox 2904 5671 3045 5755; x_wconf 50' lang='lat' dir='ltr'><strong>Par.</strong></span> <span class='ocrx_word' id='word_1_1005' title='bbox 3086 5683 3209 5755; x_wconf 79' lang='lat' dir='ltr'><strong>pust</strong></span> <span class='ocrx_word' id='word_1_1006' title='bbox 3247 5674 3421 5755; x_wconf 34' lang='lat' dir='ltr'><strong>Lips...</strong></span> <span class='ocrx_word' id='word_1_1007' title='bbox 3469 5671 3799 5755; x_wconf 31' lang='lat' dir='ltr'><strong>dooetn’uec</strong></span> 
     </span>
    </p>
   </div>
   <div class='ocr_carea' id='block_1_127' title="bbox 2182 5744 3799 5876">
    <p class='ocr_par' dir='ltr' id='par_1_127' title="bbox 2182 5744 3799 5876">
     <span class='ocr_line' id='line_1_127' title="bbox 2182 5744 3799 5876; baseline 0.002 -75"><span class='ocrx_word' id='word_1_1008' title='bbox 2182 5745 2350 5876; x_wconf 54' lang='grc' dir='ltr'><strong>⁶Ῥιιιιο</strong></span> <span class='ocrx_word' id='word_1_1009' title='bbox 2401 5756 2520 5817; x_wconf 85' lang='lat' dir='ltr'><strong>post</strong></span> <span class='ocrx_word' id='word_1_1010' title='bbox 2573 5760 2694 5802; x_wconf 83' lang='lat' dir='ltr'><strong>cum</strong></span> <span class='ocrx_word' id='word_1_1011' title='bbox 2751 5746 2872 5802; x_wconf 85' lang='lat' dir='ltr'><strong>aliis</strong></span> <span class='ocrx_word' id='word_1_1012' title='bbox 2918 5744 3119 5813; x_wconf 86' lang='lat' dir='ltr'><strong>editis,</strong></span> <span class='ocrx_word' id='word_1_1013' title='bbox 3171 5744 3452 5815; x_wconf 62' lang='lat' dir='ltr'><strong>benedixit,</strong></span> <span class='ocrx_word' id='word_1_1014' title='bbox 3507 5761 3603 5819; x_wconf 81' lang='lat' dir='ltr'><strong>pro</strong></span> <span class='ocrx_word' id='word_1_1015' title='bbox 3641 5744 3799 5805; x_wconf 76' lang='lat' dir='ltr'><strong>benc-</strong></span> 
     </span>
     <span class='ocr_line' id='line_1_128' title="bbox 2216 5835 2313 5876; baseline -0.021 0"><span class='ocrx_word' id='word_1_1016' title='bbox 2216 5835 2313 5876; x_wconf 74' lang='lat' dir='ltr'><strong>ixi.</strong></span> 
     </span>
    </p>
   </div>
   <div class='ocr_carea' id='block_1_128' title="bbox 2216 5835 2313 5881">
    <p class='ocr_par' dir='ltr' id='par_1_128' title="bbox 2216 5835 2313 5881">
     <span class='ocr_line' id='line_1_129' title="bbox 2216 5835 2313 5881; baseline 0.01 -7"><span class='ocrx_word' id='word_1_1017' title='bbox 2216 5835 2313 5881; x_wconf 66' lang='grc' dir='ltr'><em>ιπι.</em></span> 
     </span>
    </p>
   </div>
  </div>
