4040 6328
235 324 341 383 117

1467 323 1558 382 DE
1588 322 1962 384 TRINITA'I‘E
2001 327 2207 387 LIBER
2242 329 2333 388 IV.

3443 339 3545 398 “8

230 436 488 505 modum,
544 436 613 493 ab
662 437 855 509 angelo
912 436 1008 494 Dei
1060 434 1357 510 incipiens,
1406 446 1464 497 et
1511 450 1700 513 postea
1744 442 1840 498 iis-
1868 445 1924 506 Α
1950 444 2042 500 Dei
2072 444 2216 502 Deus
2246 446 2510 518 praestitit.
2534 447 2613 505 lta
2637 464 2699 508 se
2728 450 2897 508 Deum
2941 458 2998 510 et
3044 452 3315 526 loquendo
3360 464 3415 512 et
3468 457 3547 511 I'u-

229 532 357 591 dem
386 532 455 589 de
491 531 656 590 rebus
681 531 931 590 eumdem
976 531 1290 605 loquentem
1341 533 1510 591 Deum
1564 535 1839 604 confessa,

227 626 494 685 servavit.

302 724 396 780 27.
434 721 531 777 Vir
559 736 709 792 quem
733 720 983 777 extribus
1015 719 1199 777 adorat
1228 720 1487 777 Abraham
1510 764 1526 791 ,
1549 719 1833 791 Dominus,

227 815 399 881 Deus.
430 825 479 873 et
494 817 666 890 judea:
688 824 785 872 est.
820 846 893 858 ——
920 815 1173 872 Procedit
1209 825 1393 871 autem
1439 816 1684 887 pleniore
1712 816 1842 872 doc-

230 915 395 973 trina:
420 912 665 984 profectu
693 926 878 967 sermo
902 911 1152 976 divinus,
1183 910 1322 965 Deus
1363 910 1522 966 isthic
1560 911 1627 965 ad
1666 909 1842 965 Abra-

228 1009 359 1064 ham
387 1006 656 1077 loquitur,
679 1002 1188 1075 parituramSaram
1218 1003 1522 1075 pollicetur.
1556 1003 1689 1059 Post
1724 1003 1840 1061 haec

223 1099 333 1158 viri
366 1109 474 1156 tres
501 1097 709 1155 sedenti
733 1099 1017 1163 aSsISluul,
1037 1112 1203 1153 unum
1233 1095 1443 1165 adorat,
1467 1108 1521 1154 et
1555 1098 1837 1154 Dominum

222 1194 541 1251 conﬁtetur.
567 1191 821 1264 Idemque
853 1200 909 1247 et
932 1192 1189 1249 adoratus
1217 1202 1274 1248 et
1310 1195 1592 1250 confessus
1623 1195 1691 1249 ab
1718 1195 1833 1263 illo,

223 1297 476 1360 tempore
507 1287 702 1343 eodem
738 1287 791 1342 in
821 1286 1057 1343 futurum
1095 1287 1394 1343 rediturum
1438 1304 1497 1343 se
1537 1291 1832 1358 promittit,

220 1398 278 1444 et
302 1386 455 1444 Suras
480 1384 648 1439 ﬁlium
675 1382 910 1439 futurum
941 1383 1082 1439 Deus
1102 1383 1169 1438 ad
1200 1384 1469 1439 Abraham
1494 1384 1707 1440 locutus
1727 1394 1831 1441 est.

219 1479 370 1537 Idem
403 1485 591 1550 postea
621 1476 690 1534 de
719 1477 887 1533 rebus
928 1477 1057 1546 ipsis
1097 1478 1347 1533 eumdem
1389 1479 1472 1534 vir
1499 1479 1568 1534 ab
1592 1494 1658 1535 eo
1690 1481 1834 1535 visus

218 1574 538 1647 alloquitur.
565 1572 869 1628 Demutatio
903 1582 1107 1629 tantum
1142 1573 1203 1628 ﬁt
1230 1573 1508 1629 nominum
1531 1616 1546 1639 ,
1574 1574 1703 1630 nihil
1747 1584 1829 1629 ta-

226 1684 356 1725 men
381 1668 451 1724 de
476 1666 829 1724 confessione
855 1652 1107 1723 decessit.
1134 1666 1320 1724 Virum
1361 1669 1504 1724 enim
1532 1668 1663 1724 licet
1703 1683 1837 1725 con-

216 1773 498 1836 spectum,
553 1763 825 1819 Abraham
877 1770 1058 1818 tamen
1112 1759 1191 1833 (a)
1246 1762 1529 1817 Dominum
1590 1762 1834 1820 adoravit

1944 536 2137 594 ciendo
2163 538 2450 611 signiﬁcat.
2469 539 2553 614 (ά)
2575 542 2688 598 Viri
2722 544 2919 602 deinde
2950 544 3019 602 de
3043 547 3349 620 conspectis
3372 549 3546 607 tribus

1944 630 2052 685 duo
2074 631 2272 687 abeunt
2296 650 2309 686 :
2332 632 2427 689 sed
2455 633 2549 705 qui
2576 634 2799 705 residet,
2831 646 2887 693 et
2913 638 3175 695 Dominus
3199 649 3252 695 et
3276 639 3416 697 Deus
3438 649 3541 698 est.

1943 722 2129 795 Neque
2154 725 2326 781 solum
2354 726 2614 783 Dominus
2640 736 2697 785 et
2721 730 2862 787 Deus
2889 741 3007 800 est,
3040 732 3137 789 sed
3162 742 3220 790 et
3241 734 3407 803 judex
3436 745 3540 792 est.

1946 821 2107 878 Stans
2154 823 2298 879 enim
2350 832 2477 881 ante
2520 824 2804 882 Dominum
2857 828 3129 885 Abraham
3175 830 3329 898 dixit,
3375 831 3543 887 Nullo

1943 916 2096 970 modo
2123 925 2177 970 tu
2202 917 2358 987 facies
2384 917 2480 971 hoc
2505 918 2730 989 uerbum,
2757 920 2987 977 occidere
2998 926 3204 997 justum
3225 940 3339 978 cum
3357 924 3540 995 impio,

1944 1020 1989 1065 et
2045 1012 2140 1065 erit
2152 1014 2331 1085 justus
2374 1013 2505 1068 sicut
2550 1014 2759 1087 impius.
2813 1015 3174 1089 Nequaquam,
3209 1020 3296 1091 qui
3330 1020 3543 1094 judicas

1944 1118 2143 1159 omnem
2176 1114 2388 1171 terram,
2417 1105 2577 1174 facies
2614 1105 2711 1161 hoc
2729 1107 2992 1181 judicium
3021 1108 3042 1183 (
3065 1108 3192 1165 Gen.
3223 1126 3390 1178 xvut,
3412 1110 3541 1184 25).

1941 1194 2081 1251 Toto
2102 1195 2266 1266 igitur
2289 1212 2545 1254 sermone
2569 1213 2670 1254 suo
2700 1199 2975 1257 Abraham
3023 1200 3216 1269 ﬁdem,
3265 1204 3336 1259 ob
3381 1218 3542 1275 quam

1936 1287 2264 1359 justiﬁcatus
2295 1289 2598 1358 est,docet,
2618 1290 2901 1347 Dominum
2934 1307 3091 1349 suum
3114 1309 3179 1349 ex
3209 1294 3381 1351 tribus
3401 1296 3547 1366 agni-

1941 1388 2078 1448 tum,
2106 1392 2160 1438 et
2189 1383 2364 1438 solum
2387 1383 2694 1454 adoratum,
2723 1395 2778 1442 et
2798 1383 2879 1459 (1)
2912 1387 3198 1444 Dominum
3228 1387 3298 1461 (e)
3331 1387 3546 1444 confes-

1940 1488 2033 1530 sus
2061 1484 2114 1529 et
2128 1474 2387 1542 judicem.

2009 1566 2100 1622 28.
2128 1565 2300 1623 Unum
2329 1584 2394 1623 ea:
2422 1569 2615 1635 tribus,
2645 1586 2746 1625 non
2776 1578 2879 1626 tres
2908 1570 2963 1625 in
2990 1587 3093 1626 uno
3122 1570 3388 1628 Abraham
3416 1573 3547 1628 ado-

1937 1670 2040 1715 rat.
2075 1658 2368 1716 Discrimen
2395 1662 2530 1717 inter
2569 1664 2732 1718 uisum
2761 1663 2892 1734 Lot,
2927 1674 2973 1720 et
3011 1666 3175 1721 visum
3200 1666 3442 1723 Abrahte.
3471 1696 3544 1711 --

1941 1752 2019 1807 Ac
2056 1767 2125 1809 ne
2168 1751 2308 1809 forte
2352 1752 2631 1813 existimes
2680 1754 2734 1810 in
2789 1757 2947 1812 unius
2990 1756 3352 1827 confessione,
3382 1760 3540 1814 trium

222 1857 398 1925 (Gen.
427 1873 591 1922 xvnt,
615 1857 654 1912 2
678 1899 695 1923 ,
747 1855 823 1931 5)
877 1864 1323 1912 :sacramentum
1375 1857 1587 1912 scilicet
1635 1855 1831 1912 futurae
1861 1860 1910 1921 Β
1937 1846 2176 1903 omnium
2215 1848 2477 1916 virorum,
2518 1850 2609 1921 qui
2664 1852 2822 1908 simul
2863 1851 3213 1922 videbantur,
3260 1853 3522 1910 honorem

216 1951 614 2023 corporationis
641 1964 962 2021 agnoscens.
986 1948 1099 2005 Nec
1124 1957 1302 2004 tamen
1327 1956 1488 2005 tanta:
1519 1949 1642 2005 ﬁdei
1673 1950 1825 2004 testi-

221 2047 408 2102 monio
431 2044 632 2112 caruit;
665 2044 893 2101 Domino
925 2045 977 2100 in
1026 2043 1340 2116 Evangeliis
1367 2043 1620 2111 dicente,
1652 2044 1825 2100 Abra-

227 2141 352 2197 ham
397 2151 551 2211 pater
593 2147 770 2196 vester
818 2136 897 2209 (b)
954 2138 1266 2201 laetabatur.
1316 2145 1376 2192 ut
1424 2137 1634 2194 videret
1679 2137 1824 2193 diem

226 2249 409 2290 meum
446 2240 538 2289 :et
558 2232 718 2299 vidit,
741 2239 797 2288 et
827 2230 1040 2287 laetatus
1070 2239 1156 2287 est
1179 2233 1196 2303 (
1221 2231 1380 2286 Joan.
1412 2247 1543 2297 vni,
1576 2231 1646 2287 56
1664 2222 1826 2303 ).Vir

219 2343 351 2400 ergo
378 2337 697 2397 conspectus
725 2326 1023 2384 rediturum
1062 2340 1124 2383 se
1158 2337 1408 2399 tempore
1432 2327 1625 2384 eodem
1656 2327 1822 2398 polli-

215 2429 393 2476 cetur.
426 2418 698 2476 Contuere
741 2418 1052 2489 sponsionis
1090 2417 1345 2475 eﬁ‘ectum
1378 2436 1391 2474 :
1422 2429 1697 2475 memento
1745 2428 1826 2476 ta-

215 2528 339 2569 men
373 2513 545 2567 virum
586 2527 713 2568 esse
752 2512 843 2580 qui
889 2510 1173 2583 spondeat.
1200 2512 1337 2579 Quid
1376 2527 1507 2582 ergo
1549 2512 1824 2581 Scriptura

216 2605 364 2671 dicit,
388 2604 461 2659 Et
485 2602 740 2662 Dominus
763 2605 987 2659 uisitauit
1019 2603 1207 2660 Suram
1237 2603 1399 2677 (Gen.
1430 2620 1554 2672 ιιι,
1592 2602 1700 2675 I)?
1734 2604 1826 2659 Vir

215 2711 346 2768 ergo
373 2698 476 2752 iste
501 2695 758 2753 Dominus
779 2703 887 2760 est,
908 2694 1157 2752 efﬁciens
1177 2696 1320 2765 quod
1350 2695 1660 2766 spopondit.
1684 2696 1825 2763 Quid

215 2799 395 2851 autem
423 2790 709 2860 sequitur?
734 2788 802 2844 Et
830 2791 953 2862 fecit
985 2787 1126 2846 Deus
1162 2789 1311 2846 Sara:
1340 2792 1470 2845 sicut
1512 2788 1712 2845 locutus
1748 2800 1825 2846 est

217 2884 429 2958 (Ibid.).
462 2883 559 2943 Vir
584 2885 637 2941 in
662 2883 933 2956 loquendo
964 2892 1325 2953 nuncupatus,
1355 2883 1739 2955 Dominus”
1769 2883 1824 2940 in

221 2978 530 3034 visitatiune
550 2976 904 3053 signiﬁcatus,
934 2976 1074 3032 Deus
1100 2976 1423 3047 praedicatur
1450 2978 1502 3031 in
1533 2976 1694 3032 luctu.
1719 2976 1827 3032 Lo-

217 3082 396 3129 cututn
420 3080 572 3130 certe
597 3074 772 3128 virum
801 3088 907 3128 non
940 3073 1157 3143 ignoras
1182 3113 1196 3136 ,
1224 3071 1314 3141 qui
1341 3070 1572 3127 Abrahae
1599 3080 1656 3126 et
1678 3071 1826 3128 visus

214 3177 294 3227 est
317 3178 380 3224 et
411 3168 647 3223 locutus.
679 3167 848 3223 Deum
892 3166 1168 3237 quomodo
1214 3166 1517 3237 ignorabis,
1546 3166 1824 3236 Scriptura

1929 1940 2231 2007 contineri;
2260 1950 2519 1998 contuere
2545 1942 2675 2015 quid
2709 1945 3014 2015 conspectis
3058 1944 3271 2002 duobus
3311 1946 3403 2017 qui
3425 1947 3537 2001 dis-

1927 2048 2203 2092 cesserant
2224 2035 2325 2090 ι.οι
2349 2034 2547 2092 dixerit
2574 2054 2588 2091 :
2620 2039 2705 2109 (Γ)
2737 2037 2804 2092 Et
2832 2048 2888 2092 ut
2916 2037 3043 2093 uidit
3079 2037 3210 2107 Lot,
3249 2041 3541 2096 exsurrexit

1930 2126 2126 2182 obviam
2154 2128 2282 2194 illis,
2315 2138 2360 2182 et
2383 2128 2615 2184 adorauit
2644 2130 2699 2184 in
2726 2130 2913 2202 [aciem
2946 2132 3003 2185 in
3032 2139 3223 2187 terram
3253 2148 3274 2187 :
3299 2140 3347 2187 et
3373 2132 3503 2187 dixit
3522 2174 3540 2200 ,

1931 2220 2088 2288 Ecce,
2113 2221 2330 2289 domini,
2348 2221 2580 2277 divertite
2597 2223 2651 2277 in
2671 2223 2882 2279 domum
2901 2226 3049 2297 pueri
3070 2225 3223 2280 vestri
3236 2224 3390 2295 (Gen.
3413 2241 3530 2291 χιιι,

1930 2316 1958 2371 1
1980 2357 1995 2382 ,
2023 2315 2059 2369 2
2088 2318 2130 2385 ).
2164 2315 2264 2371 llic
2290 2314 2554 2385 pluralem
2586 2316 2809 2372 retinuit
2839 2318 3289 2389 signiﬁcationem
3308 2319 3537 2389 simplex

1928 2408 2066 2465 visio
2099 2410 2414 2482 angelorum
2436 2452 2453 2478 ,
2486 2411 2594 2467 illic
2627 2413 2956 2482 singularem
3002 2412 3266 2469 honorem
3309 2415 3541 2485 patriar-

1927 2503 2045 2560 chte
2077 2505 2209 2561 ﬁdes
2236 2506 2546 2562 conﬁtetur.
2581 2506 2679 2562 llic
2722 2507 2922 2564 divinae
2964 2508 3260 2579 Scriptura:
3310 2508 3537 2564 historia

1927 2598 2064 2656 duos
2095 2600 2162 2655 de
2192 2599 2365 2656 tribus
2392 2610 2600 2655 tantum
2642 2603 2865 2672 angelos
2890 2601 3062 2658 fuisse
3088 2602 3357 2674 signiﬁcat
3381 2644 3395 2669 ,
3425 2601 3538 2656 illic

1931 2692 2214 2748 Dominum
2244 2706 2298 2747 et
2322 2694 2489 2749 Deum
2515 2694 2793 2766 prtedicat.
2814 2695 2906 2751 Ait
2943 2695 3088 2751 enim
3117 2713 3132 2752 :
3158 2693 3230 2750 Et
3261 2694 3396 2750 dixit
3422 2693 3535 2748 Do.

1927 2789 2098 2843 minus
2124 2788 2403 2855 Abraham,
2424 2788 2597 2857 Quare
2620 2790 2737 2844 risit
2759 2788 2914 2855 Sara,
2939 2790 3136 2856 dicens,
3157 2789 3237 2863 (2)
3258 2790 3395 2862 Ergo
3419 2804 3531 2843 uere

1929 2882 2169 2953 paritura
2205 2882 2362 2936 sum?
2389 2898 2483 2953 ego
2495 2890 2664 2936 autem
2691 2880 2767 2954 (g)
2790 2881 2953 2936 senui.
2999 2879 3268 2951 Numquid
3295 2881 3533 2951 impossi-

1929 2976 2028 3030 bile
2047 2987 2120 3031 εει
2143 2975 2251 3047 93
2276 2974 2357 3047 (lt)
2386 2992 2419 3029 a
2443 2974 2551 3030 Deo
2577 2974 2825 3029 verbum?
2853 2973 2923 3028 In
2947 2984 3173 3045 tempore
3190 2973 3287 3028 hoc
3317 2982 3538 3028 revertar

1927 3071 1995 3121 ad
2016 3080 2065 3122 te
2092 3068 2147 3121 in
2174 3072 2441 3139 futurum,
2467 3075 2513 3120 et
2543 3065 2637 3120 erit
2660 3065 2810 3121 Saraz
2834 3065 2977 3134 ﬁlius
2998 3063 3164 3137 (Gen.
3201 3079 3361 3129 xvm,
3393 3064 3462 3121 I3
3483 3074 3533 3119 et

1928 3160 2118 3231 seqq)
2142 3159 2318 3215 Tenet
2364 3172 2495 3229 ergo
2544 3156 2826 3228 Scriptura
2854 3156 3098 3212 ordinem
3130 3153 3404 3225 veritatis,
3436 3169 3539 3212 nee

216 3261 431 3327 eadem,
480 3277 600 3332 quae
652 3263 824 3316 virum
871 3261 1119 3327 dixerat,
1152 3262 1319 3317 Deum
1346 3262 1673 3318 conﬁtente?
1708 3262 1827 3332 Ipsa
1856 3270 1902 3334 ρ
1936 3257 2193 3327 pluralem
2220 3254 2666 3324 signiﬁcationem
2697 3251 2752 3306 in
2783 3266 2850 3308 eo
2876 3250 2969 3321 qui
3011 3259 3064 3306 et
3096 3250 3238 3305 Deus
3265 3258 3322 3304 et
3348 3248 3536 3305 Domi-

214 3356 362 3411 enim
392 3354 560 3417 dixit.
587 3353 654 3408 Et
677 3354 911 3424 concepit
947 3364 996 3408 et
1019 3355 1215 3423 peperit
1252 3352 1389 3410 Sara
1411 3354 1634 3409 Abrahae
1657 3353 1829 3424 [ilium

213 3448 267 3505 in
292 3457 555 3503 senectute
574 3464 695 3514 sua,
716 3458 767 3503 et
790 3449 842 3502 in
865 3458 1094 3519 tempore
1120 3448 1254 3503 sicut
1284 3448 1490 3502 locutus
1516 3457 1589 3502 est
1613 3448 1693 3502 illi
1717 3446 1830 3502 Do-

213 3544 385 3599 minus
404 3541 655 3617 (ibidem,
682 3542 765 3612 2).
792 3541 899 3598 Sed
928 3543 1008 3596 vir
1046 3553 1331 3597 venturum
1362 3556 1423 3598 se
1467 3542 1677 3597 locutus
1718 3553 1824 3599 est.

213 3634 408 3692 Virum
438 3634 604 3692 crede
634 3641 880 3702 tantum,
915 3634 1018 3690 nisi
1040 3634 1132 3705 qui
1162 3636 1338 3701 venit,
1368 3644 1424 3690 et
1464 3635 1605 3690 Deus
1629 3644 1685 3690 et
1718 3635 1824 3690 Do-

212 3732 396 3787 minus
416 3737 522 3785 est.
550 3731 778 3785 Causam
808 3744 1083 3799 compara.
1113 3729 1209 3784 Vir
1246 3736 1398 3786 certe
1440 3730 1510 3785 ob
1550 3730 1603 3785 id
1632 3728 1708 3802 (ο)
1737 3746 1829 3787 ve-

211 3825 349 3893 niet,
379 3833 443 3883 ut
470 3824 603 3881 Sara
634 3835 689 3880 et
714 3824 987 3896 concipiat
1011 3836 1067 3880 et
1097 3824 1289 3895 pariat,
1315 3824 1502 3881 Fidem
1523 3824 1693 3881 disce.
1724 3827 1830 3881 Do-

211 3919 396 3976 minus
413 3925 475 3977 et
501 3918 645 3975 Deus
666 3918 737 3975 ob
762 3918 866 3973 hoc
889 3918 1056 3985 venit,
1082 3929 1139 3973 ut
1169 3918 1302 3975 Sara
1339 3926 1397 3975 et
1418 3919 1736 3989 conciperet
1764 3929 1822 3975 et

212 4021 455 4085 pareret.
485 4010 544 4067 In
585 4019 849 4083 potestate
896 4011 992 4068 Dei
1023 4013 1103 4067 vir
1139 4012 1350 4069 locutus
1395 4022 1482 4070 est
1507 4029 1521 4066 :
1548 4013 1601 4069 in
1631 4010 1827 4069 eﬁ‘ectu

280 4177 367 4254 (l)
389 4177 457 4237 Et
485 4174 653 4232 Deum
681 4180 967 4249 confessus.

283 4316 367 4388 (a)
401 4314 544 4369 Editi
562 4357 576 4376 .
603 4313 770 4369 Deum
794 4312 1031 4388 adoravit
1050 4354 1065 4379 ,
1093 4318 1454 4388 repugnante
1475 4323 1631 4366 sacro
1662 4316 1823 4388 textu

211 4383 336 4444 cum
377 4402 516 4443 mss.
545 4388 824 4457 Repugnat
855 4394 909 4441 et
939 4384 1044 4440 hoc
1067 4425 1085 4450 ,
1115 4383 1257 4453 quod
1292 4383 1525 4457 Hilarius
1549 4424 1566 4449 ,
1592 4383 1679 4457 cui
1712 4398 1818 4457 vox

210 4458 357 4516 Deus
386 4453 903 4529 simpliciter'posita
930 4458 1326 4529 lfatrem_._sicut
1355 4454 1605 4529 Dominus
1626 4453 1821 4511 Filium

210 4543 393 4596 sonat,
423 4526 548 4586 inde
566 4526 781 4585 coniicit
809 4526 1077 4582 Abraham
1119 4526 1318 4582 Christi
1359 4526 1587 4582 futuram
1630 4541 1822 4597 corpo-

210 4606 485 4658 rationem
532 4603 836 4671 agnovisse.
863 4599 938 4654 De
961 4596 1148 4671 eadem
1190 4597 1400 4671 visione
1428 4596 1817 4671 Tertulliapus,

1933 3363 2038 3405 nus
2070 3347 2470 3419 agnoscebatur
2498 3345 2804 3400 admiscens
2824 3385 2840 3410 ,
2872 3357 3049 3414 neque
3078 3341 3285 3413 angelis
3325 3339 3537 3396 duobus

1931 3442 2213 3508 honorem,
2244 3442 2333 3511 qui
2363 3440 2473 3495 Deo
2499 3447 2706 3494 tantum
2730 3436 2909 3494 fuerat
2935 3435 3163 3498 delatus,
3194 3432 3536 3505 impertiens.

1930 3538 2038 3594 Lot
2081 3536 2295 3607 quidem
2342 3534 2594 3590 dominos
2633 3532 2797 3600 dicit,
2838 3530 2933 3587 sed
2985 3530 3262 3601 Scriptura
3311 3526 3535 3599 angelos

1933 3638 2225 3700 nuncupat.
2255 3629 2369 3684 lllic
2396 3626 2632 3684 hominis
2659 3625 2900 3682 ofﬁcium
2931 3632 3046 3691 est,
3080 3623 3241 3680 isthic
3261 3620 3535 3679 confessio

1936 3726 2201 3783 veritatis.

2005 3819 2097 3875 29.
2127 3816 2384 3872 Dominus
2411 3832 2445 3870 a
2471 3811 2717 3881 Domino,
2748 3810 2942 3866 Filius.
2966 3838 3038 3852 --
3066 3808 3273 3866 Dehinc
3298 3806 3457 3863 adest
3481 3807 3536 3864 in

1933 3912 2231 3972 Sodomam
2261 3918 2317 3966 et
2339 3906 2697 3965 Gomorrham
2722 3904 2853 3977 justi
2880 3919 3036 3976 paena
3062 3901 3273 3974 iudicii.
3308 3901 3374 3957 Et
3403 3901 3535 3973 quid

1933 4007 2149 4064 tandem
2171 4004 2432 4062 momenti
2459 4004 2512 4059 in
2534 4016 2604 4060 eo
2631 4001 2751 4058 est?
2770 3998 3024 4056 Dominus
3049 3997 3268 4071 sulphur
3291 4004 3340 4052 et
3359 3996 3533 4069 ignem

2005 4140 2085 4245 (2)
2114 4168 2227 4242 Ego
2254 4184 2385 4225 vere.

1928 4306 2218 4362 surrexit...
2259 4306 2316 4361 in
2361 4312 2497 4359 terra
2525 4319 2544 4360 :
2568 4316 2746 4376 graece
2774 4308 2849 4377 τῷ
2885 4301 3153 4377 προσώπῳ
3180 4299 3269 4377 ire!
3288 4305 3379 4362 τὴν

1931 4378 2137 4434 Deinde
2162 4379 2348 4448 legens
2372 4373 2606 4432 Hilarius
2634 4390 2752 4431 ecce
2773 4373 2987 4448 domini,
3011 4373 3527 4448 consentientium-

1926 4451 2021 4508 bet
2050 4446 2238 4521 graeca
2256 4451 2415 4505 simul
2456 4459 2514 4521 et
2550 4448 2736 4521 latina
2761 4446 3032 4521 exempla.
3075 4446 3527 4521 Augustittus_ta-

1929 4516 2549 4593 titen:Set'ttt.7,prtefert
2571 4536 2682 4593 ecce
2702 4518 2922 4593 domine,
2951 4532 3049 4593 nec
3071 4516 3521 4593 usquanrvidisse

1926 4596 2137 4650 videtur
2176 4610 2287 4658 ecce
2330 4586 2524 4648 domini
2564 4609 2583 4647 :
2615 4591 2694 4647 sic
2724 4592 2866 4644 cnim
2900 4588 3062 4643 habet
3102 4586 3251 4642 num.
3288 4586 3322 4643 6
3355 4586 3525 4644 :Cum

212 4675 281 4729 de
298 4677 487 4730 Carne
515 4658 739 4737 Clit-isti,
772 4688 827 4725 ιι.
872 4671 938 4735 6,
972 4686 1077 4725 non
1119 4669 1334 4725 diversa
1362 4670 1596 4737 laquitur
1629 4687 1645 4726 :
1675 4658 1822 4723 Inter
1849 4727 1891 4737 ﬁ
1925 4668 2029 4721 duo
2058 4668 2374 4721 mitterentur
2395 4667 2463 4719 ad
2485 4664 2771 4737 Sodomarn
2795 4669 3098 4737 apparentes
3125 4658 3275 4728 fratri
3305 4658 3528 4737 abrahae

210 4727 448 4815 Anticles
475 4727 594 4803 illos
618 4727 1002 4815 ipse'Domin'us
1035 4742 1287 4815 apparuit
1302 4727 1525 4815 Abrahae
1547 4742 1656 4815 sine
1685 4743 1820 4797 nuti-
1849 4727 1899 4786 D
1927 4738 2045 4815 Lot,
2078 4750 2125 4815 et
2152 4739 2260 4804 ipse
2280 4737 2591 4815 ngnoscitin
2611 4736 2682 4789 eis
2706 4727 3058 4815 diuinitatettt;
3079 4727 3132 4786 et
3149 4748 3267 4815 cum
3280 4732 3424 4815 iduos
3449 4733 3527 4815 υἱεῖ

209 4812 368 4873 vitate
398 4833 516 4870 cum
541 4812 761 4872 carne...
787 4816 873 4881 qui
896 4816 1000 4879 iam
1024 4823 1142 4866 tunc
1166 4822 1216 4866 et
1237 4813 1431 4881 alloqui
1461 4823 1506 4867 et
1537 4813 1751 4867 liberare
1772 4821 1821 4867 et

209 4889 456 4957 iudicare
485 4888 764 4942 humanum
785 4903 944 4959 genus
966 4883 1217 4959 ediscebat
1238 4886 1288 4938 in
1310 4887 1479 4940 carnis
1499 4883 1695 4951 habitu,
1717 4901 1820 4939 non

210 4974 357 5018 uate
385 4961 578 5028 adhuc,
606 4961 727 5031 quia
754 4958 981 5013 nondum
1008 4958 1288 5011 maritum.

284 5053 370 5127 (b)
400 5051 626 5108 Carnut.
656 5050 855 5122 aliique
882 5049 1123 5104 nonnulli
1156 5064 1285 5103 mss.
1315 5048 1607 5103 exsultauit.

285 5151 364 5221 (e)
389 5148 445 5203 In
471 5147 707 5212 excusis,
732 5146 886 5221 venit.
911 5146 1102 5200 Melius
1131 5141 1185 5197 in
1218 5158 1348 5221 mss.
1374 5144 1556 5199 veniet.
1584 5142 1823 5199 institui-

210 5215 303 5279 tur
336 5217 486 5277 enim
513 5228 846 5288 comparatio
875 5218 1015 5273 inter
1039 5232 1162 5288 eum
1190 5215 1278 5283 qui
1309 5220 1589 5269 venturum
1613 5232 1671 5270 se
1694 5231 1820 5284 pro-

211 5295 470 5350 miserat.
494 5286 819 5353 Geuﬁxvm.
846 5289 915 5346 10
937 5330 953 5356 ,
979 5298 1088 5343 tum
1114 5286 1194 5341 vir
1222 5296 1569 5353 conspectus,
1600 5295 1657 5341 et
1696 5303 1820 5343 eum

249 5364 308 5420 ui
331 5366 548 5421 venisse
570 5370 835 5418 narratur.
859 5362 994 5417 Gen.
1021 5361 1173 5425 xxr,i
1199 5367 1253 5413 et
1272 5356 1327 5424 6,
1350 5374 1454 5413 non
1472 5362 1583 5429 jam
1607 5360 1702 5428 vir,
1726 5359 1820 5417 sed

249 5382 308 5420 ιιι
331 5382 548 5421 venisse
570 5382 835 5418 narratur.
859 5382 994 5417 ben.
1021 5382 1110 5415 xxi

209 5382 477 5492 glareantus
499 5442 556 5491 et
589 5434 727 5489 Deus
754 5443 1115 5504 nuncupatus.

291 5527 383 5603 (ά)
403 5529 562 5595 Editi,
589 5527 711 5582 uiris
735 5524 918 5579 deinde
938 5524 1223 5596 conspectis
1245 5523 1409 5579 tribus
1430 5540 1451 5579 :
1467 5524 1826 5581 emendantur

215 5617 283 5657 ω
294 5618 565 5744 (ἳςεὲιηιί,
582 5680 639 5744 et
660 5668 825 5723 Deum
843 5672 1116 5744 (confessus
1135 5678 1209 5744 est
1235 5668 1530 5744 et_judicem
1553 5685 1571 5724 :
1590 5667 1827 5744 reniten;

216 5739 377 5799 tibus
406 5760 534 5797 mss.
576 5742 763 5813 Neque
791 5742 1061 5813 Abraham
1096 5743 1149 5795 in
1179 5739 1460 5811 Scriptura
1494 5740 1659 5796 Deum
1682 5782 1696 5809 ,
1727 5739 1823 5796 sed

220 5815 510 5871 Dominum
537 5810 848 5870 constanter
880 5810 1178 5883 proﬁtetur.

297 5887 393 5962 (Ι)
418 5889 495 5946 ita
520 5887 892 5959 castigatiores
941 5899 1073 5941 mss.
1098 5884 1167 5943 At
1195 5883 1357 5954 editi,
1402 5891 1449 5941 et
1477 5884 1601 5940 vidit
1628 5882 1748 5957 Lat,
1777 5893 1825 5941 et

1928 4802 2067 4875 deat,
2103 4802 2349 4864 DOutNUit
2381 4809 2608 4876 appellat
2640 4822 2658 4859 :
2688 4814 2735 4859 et
2755 4806 2843 4858 ille
2872 4804 2924 4858 in
2949 4802 3110 4876 tribus
3143 4802 3440 4876 Dominum.
3472 4812 3523 4857 et

1928 4884 1981 4935 in
2008 4873 2203 4935 duobus
2229 4881 2316 4934 ille
2338 4873 2616 4935 Dominum
2644 4876 2815 4932 :adeo
2839 4885 2897 4930 ut
2926 4890 2991 4929 ex
3015 4874 3117 4928 hoc
3144 4873 3198 4928 in
3217 4889 3334 4930 eam
3368 4876 3527 4930 abeat

1929 4955 2281 5014 sententiam,
2318 4967 2439 5023 quin
2480 4960 2657 5023 tuetur
2685 4964 2811 5023 non~
2844 4944 3129 5023 Dotniuum
3174 4945 3387 5023 ipsum,
3426 4945 3526 5001 sed

1929 5026 2147 5096 angelos
2178 5025 2229 5078 in
2260 5017 2453 5094 quibus
2484 5021 2753 5096 insideret
2784 5017 3044 5096 Dominus
3086 5017 3400 5096 apparuisse
3428 5034 3519 5096 pa-

1930 5088 2195 5155 triarcltis,
2242 5088 2328 5165 qui
2374 5111 2475 5149 non
2505 5091 2828 5165 portantibus
2854 5132 2868 5157 ,
2896 5088 2985 5143 sed
3020 5089 3282 5165 insidenti
3305 5089 3524 5165 gloriam

1929 5159 2375 5223 dabant.Vid'esis
2424 5159 2665 5237 ejusdem
2710 5164 2804 5218 lib.
2856 5177 2895 5217 ιι
2939 5171 3126 5216 contra
3146 5159 3518 5226 Maximinum,

1929 5256 1979 5295 c.
2008 5240 2099 5303 26,
2125 5254 2272 5293 num.
2298 5239 2350 5293 6.

2005 5311 2081 5386 (g)
2106 5311 2164 5367 ιιι
2194 5309 2451 5381 vulgatis,
2484 5322 2600 5379 qum
2640 5309 2755 5381 jam
2784 5309 2950 5360 senui.
2984 5303 3153 5360 Abest
3197 5317 3311 5374 quin
3357 5303 3466 5368 iam
3494 5315 3528 5358 a

1928 5399 2059 5439 mss.
2094 5393 2149 5440 et
2175 5398 2349 5452 graeco
2381 5390 2551 5436 textu.

1986 5454 2080 5538 .(h)
2286 5453 2431 5538 Par,
2460 5452 2586 5532 Deo,
2620 5451 2822 5538 omisso
2843 5466 2893 5503 a.
2928 5447 2982 5501 In
3013 5444 3389 5538 editis-aliisna

1928 5516 2086 5581 mino.
2121 5516 2316 5582 Verius
2347 5528 2398 5579 in
2422 5516 2582 5581 rm~'s.'
2612 5540 2642 5577 a
2680 5520 2788 5576 Deo
2821 5537 2841 5576 :
2880 5534 2998 5590 quo
3029 5519 3094 5583 is,
3124 5517 3215 5585 qui
3248 5518 3299 5590 in
3334 5516 3521 5590 habitu

1930 5600 2029 5653 viri
2060 5601 2271 5654 locutus
2308 5606 2425 5653 erat
2468 5596 2560 5669 1‘2
2585 5604 2638 5670 et
2664 5595 2718 5659 5,
2753 5586 2949 5662 quique
2983 5589 3019 5660 ᾗ
3044 5591 3092 5655 l,
3128 5588 3360 5670 set-1‘5,
3397 5586 3514 5643 Do-

1929 5672 2097 5726 minus
2123 5670 2420 5741 appellatus
2450 5661 2560 5741 est,
2586 5668 2724 5720 Deus
2752 5661 2965 5735 quoque
2992 5675 3113 5716 esse
3142 5661 3479 5741 signiﬁcetur
3504 5675 3524 5741 ε

1929 5742 2022 5813 qui
2052 5734 2245 5813 scapus
2270 5753 2350 5797 est
2381 5740 2587 5807 Hilarii,
2619 5734 2853 5813 grmcuus
2886 5742 3096 5813 textum
3137 5734 3282 5813 ποιρᾴ
3310 5740 3386 5790 τῶ
3413 5738 3524 5807 Θεῷ

1930 5808 2160 5897 proprie
2184 5813 2328 5885 apud
2368 5813 2553 5880 Deum,
2586 5808 2738 5882 quasi
2768 5809 2915 5882 παρὰ
2955 5812 3050 5863 τοῦ
3089 5808 3227 5862 Θεοῦ
3263 5808 3527 5876 interpre-

1929 5895 2113 5942 tantis.
