4040 6328
498 272 602 329 “9

1702 253 1950 315 SANCTI
1993 254 2253 313 lllLAllll
2290 254 2603 313 EPISCOPI

3658 268 3738 326 ιξῡ

497 390 632 463 plus;
673 404 706 443 α
749 386 973 444 Domino
1004 383 1160 454 (Gen.
1194 395 1306 447 sis,
1338 376 1455 450 24).
1496 375 1568 434 Ut
1613 375 1873 431 Dominus
1914 390 1944 428 ιι
1986 373 2093 429 Do-
2119 376 2167 438 Α
2197 373 2470 429 Abraham
2498 382 2552 429 et
2583 374 2723 434 Deus
2751 374 2897 431 lsaac
2927 384 2981 431 et
3010 376 3151 434 Deus
3178 377 3345 434 Jacoh
3374 389 3616 451 repertus.
3639 384 3730 439 An-

500 482 681 547 miuo;
716 480 789 535 ita
825 494 931 535 non
952 475 1208 532 discrevit
1233 482 1439 528 naturae
1463 469 1703 533 nomine,
1729 483 1864 540 quos
1899 466 2105 537 signili-

502 576 720 633 cntione
767 572 898 646 (non
947 571 1103 624 unius
1144 562 1413 638 personm)
1463 562 1801 619 distinxerat.
1851 559 2104 631 Legimus

502 683 737 739 namque
766 667 819 723 in
857 666 1166 735 Evangelio,
1197 662 1359 717 Pater
1391 652 1496 714 n'on
1521 658 1730 728 judieat
1755 673 2100 727 quemquam,

502 763 599 820 sed
635 776 795 818 omne
825 759 1088 830 judicium
1131 756 1281 812 dedit
1317 754 1455 811 Filio
1486 752 1669 827 (Joau.
1702 768 1756 817 v,
1789 750 1905 821 2'2).
1950 749 2109 807 Dedit

499 872 630 928 ergo
664 854 941 918 Dominus,
967 850 1109 921 quod
1140 849 1400 904 Dominus
1424 846 1634 915 accepit
1658 860 1686 899 a
1715 844 1963 909 Domino.

573 950 663 1005 50.
696 946 831 1001 Eum
858 954 910 999 ut
938 943 1104 999 Deunt
1128 941 1253 995 vidit
1278 938 1440 994 Jacob
1471 954 1561 992 nec
1585 937 1977 992 solitariutn.—
1999 933 2108 992 Sed

502 1042 595 1113 qui
624 1038 881 1109 accepisti
914 1038 966 1092 in
1002 1034 1230 1090 Domino
1266 1041 1323 1089 et
1352 1032 1580 1088 Domino
1606 1029 1810 1101 jmlicis
1840 1027 2109 1098 cegnitio-

503 1148 652 1199 nem,
691 1128 1029 1200 cegnominis
1070 1125 1310 1197 ejusdem
1357 1123 1411 1179 in
1456 1123 1564 1179 Deo
1596 1133 1649 1178 et
1694 1123 1804 1175 Deo
1840 1133 2108 1190 cognosce

503 1226 863 1283 consortium.
898 1224 1066 1279 Jacoh
1102 1219 1390 1277 discedens
1425 1218 1496 1273 ob
1539 1229 1741 1273 metum
1783 1217 1962 1272 fratris
1999 1215 2105 1283 sui,

505 1320 785 1377 somnians
826 1319 1032 1374 viderat
1064 1316 1263 1371 scalam
1295 1314 1573 1371 fundatam
1614 1312 1669 1366 in
1704 1320 1846 1367 terra
1879 1320 1934 1365 et
1974 1326 2110 1367 con-

509 1415 804 1486 tingentem
831 1412 1055 1477 cmlmu,
1087 1419 1140 1464 et
1174 1424 1269 1479 per
1306 1423 1425 1463 eam
1466 1403 1865 1463 adstreudcutcs
1922 1413 1978 1457 et
2012 1402 2109 1458 de-

508 1507 836 1564 scendentes
878 1503 1106 1574 angelos
1137 1502 1253 1567 Dei,
1283 1509 1339 1556 et
1382 1500 1670 1556 Dominum
1714 1496 2110 1552 incumbentem

506 1614 673 1671 super
698 1614 839 1662 eam,
870 1597 1082 1666 sibique
1108 1608 1298 1650 omnes
1330 1592 1764 1657 benedictiones,
1787 1603 1921 1659 quas
1938 1589 2109 1644 Abra-

507 1692 593 1749 hae
622 1700 676 1746 et
698 1692 847 1747 Isaac
875 1689 1124 1761 dederat,
1155 1685 1557 1756 impertientem
1589 1681 1743 1755 (Gen.
1775 1683 1993 1751 xxvnt).
2030 1681 2111 1737 Ad

2207 467 2358 535 gelus
2384 467 2529 523 enim
2562 468 2771 524 Domini
2795 469 2966 542 Moysi
2993 469 3061 524 de
3084 472 3219 527 rubo
3248 474 3504 542 apparuit,
3531 474 3743 534 Dominus

2205 563 2272 617 de
2302 562 2435 618 rubo
2458 564 2699 633 Ιοιιιιίιιιι·
2729 581 2741 617 :
2776 581 2962 620 votem
2993 566 3146 637 cujus
3181 568 3564 638 intelligendam
3595 568 3749 628 existi-

2209 675 2343 723 mas,
2379 670 2556 715 utrum
2599 661 2718 731 ejus
2745 664 2834 733 qui
2868 662 3014 717 visus
3044 673 3148 729 est,
3187 679 3256 719 an
3290 663 3510 734 alicujus
3532 666 3747 722 alterius?

2209 750 2308 806 llic
2338 752 2606 807 mendacii
2659 754 2810 809 locus
2852 755 3029 809 nullus
3065 765 3169 810 est.
3211 757 3298 810 Ait
3324 759 3463 811 enim
3497 756 3749 828 Scriptura,

2208 846 2464 919 Apparuit
2514 857 2684 902 autem
2732 849 2811 903 illi
2852 850 3065 919 angelus
3095 846 3306 904 Domini
3342 852 3396 905 in
3429 852 3621 922 ﬂamina
3644 852 3752 923 ignis

2208 943 2271 997 de
2298 944 2421 997 rubo
2447 941 2639 1015 (Exod.
2673 959 2753 1007 ιιι,
2787 942 2865 1015 2).
2909 944 2977 1000 Et
3018 959 3252 1011 rurSum,
3293 943 3495 1000 Vocatu't
3534 962 3635 999 eum
3669 944 3756 1000 Do-

2210 1038 2377 1092 minus
2403 1039 2467 1093 de
2502 1039 2629 1093 rubo
2652 1080 2666 1103 ,
2703 1037 2940 1110 Moyses,
2978 1039 3203 1112 Moyses.
3239 1039 3302 1095 Et
3328 1040 3573 1111 respondit
3598 1055 3616 1095 :
3640 1039 3750 1108 Quid

2208 1134 2320 1187 est?
2346 1130 2414 1185 Et
2433 1132 2564 1187 dixit
2606 1132 2897 1189 Dominus:
2931 1132 3013 1188 Ne
3051 1135 3325 1190 accesseris
3372 1135 3486 1200 huc,
3521 1135 3642 1190 solve
3663 1136 3749 1190 cal-

2210 1225 2523 1280 ciamentum
2562 1225 2626 1280 de
2664 1227 2875 1296 pedibus
2917 1228 3053 1293 tuis;
3085 1227 3227 1282 locus
3265 1230 3418 1294 enim,
3457 1228 3509 1283 in
3540 1245 3628 1297 quo
3659 1237 3756 1296 stas,

2215 1327 2349 1372 terra
2375 1328 2554 1372 sancta
2576 1328 2668 1373 est.
2695 1319 2764 1374 Et
2795 1319 2926 1374 dixit
2960 1320 3005 1374 ei
3034 1336 3053 1374 :
3084 1318 3194 1391 Ego
3223 1337 3338 1373 sum
3382 1319 3514 1374 Deus
3549 1319 3761 1375 Abraham

2212 1418 2259 1464 et
2289 1407 2429 1464 Deus
2469 1408 2624 1465 Isaac
2663 1422 2709 1465 et
2738 1411 2876 1466 Dens
2917 1412 3082 1466 Jacob
3112 1411 3300 1484 (Ibid.,
3328 1412 3362 1467 4
3392 1424 3437 1468 et
3471 1413 3639 1485 seqq).
3677 1413 3756 1481 Qui

2216 1503 2472 1573 apparuit
2499 1502 2555 1558 in
2591 1503 2745 1570 rubo,
2773 1504 2842 1560 de
2866 1505 3003 1560 rubo
3035 1506 3271 1576 loquitur
3295 1524 3309 1559 :
3333 1516 3386 1562 et
3416 1505 3620 1561 visionis
3644 1504 3762 1561 locus

2217 1610 2358 1652 unus
2381 1604 2437 1651 et
2478 1598 2628 1652 vocis
2656 1606 2769 1663 est;
2813 1614 2990 1670 neque
3019 1575 3179 1665 alius,
3215 1614 3374 1669 quam
3405 1600 3493 1670 qui
3526 1608 3603 1655 est
3625 1599 3758 1667 visus,

2217 1691 2450 1747 auditur.
2485 1693 2585 1762 Qui
2615 1696 2841 1763 angelus
2870 1695 2962 1749 Dei
2989 1704 3073 1749 est
3108 1710 3229 1749 cmn
3260 1694 3489 1758 videtur,
3521 1693 3646 1749 idem
3670 1710 3762 1749 rur-

508 1786 653 1841 hunc
680 1795 868 1855 postea
904 1782 1024 1837 talis
1067 1782 1159 1836 Dei
1201 1794 1383 1835 881⁵1110
1420 1789 1503 1833 εει
1539 1796 1554 1832 :
1590 1776 1736 1831 Dixit
1776 1786 1947 1829 autem
1979 1774 2117 1829 Deus
2150 1774 2194 1834 Β
2224 1799 2340 1840 sum
2370 1802 2493 1842 cum
2517 1787 2732 1842 auditur
2761 1798 2848 1843 es;
2875 1788 3169 1851 Dominus;
3205 1789 3321 1858 ipse
3351 1803 3477 1845 vero
3613 1788 3759 1842 Domi.

509 1884 579 1939 ad
607 1880 793 1949 Iacob,
821 1897 1033 1951 surgens
1062 1878 1317 1935 adscende
1355 1879 1411 1932 in
1440 1877 1609 1932 locum
1637 1874 1839 1941 Betltel,
1866 1886 1911 1929 et
1940 1874 2118 1929 Itabita

508 1978 603 2044 ibi,
626 1987 675 2032 et
705 1980 789 2046 [ac
816 1974 885 2029 ibi
915 1973 1163 2029 altarium
1187 1970 1322 2036 Deo,
1353 1971 1441 2044 qui
1476 1970 1719 2042 apparuit
1756 1968 1848 2024 tibi
1873 1984 1990 2022 cum
2026 1968 2115 2038 [u-

512 2090 656 2145 geres
681 2088 713 2125 a
741 2073 875 2143 faeie
913 2070 1095 2140 fratris
1136 2069 1210 2123 tui
1243 2065 1397 2139 (Gen.
1431 2080 1605 2128 xxxv,
1641 2062 1718 2133 l).
1764 2063 1903 2119 Deus
1951 2065 2123 2117 hono-

510 2180 627 2222 rem
660 2165 772 2220 Deo
801 2161 1056 2234 postulat,
1084 2173 1132 2217 et
1166 2161 1402 2230 postulat
1428 2173 1551 2213 cum
1591 2155 1815 2211 alterius
1842 2152 2119 2226 signiﬁca-

509 2260 661 2316 tione
682 2272 929 2330 personte
958 2274 970 2311 :
1001 2256 1124 2324 Qui,
1157 2253 1352 2325 inquit,
1377 2252 1621 2325 apparuit
1645 2251 1734 2305 tibi
1753 2266 1870 2305 cum
1896 2249 2119 2322 fugeres;

517 2367 588 2409 ne
615 2367 717 2424 qua
749 2366 999 2422 personat:
1038 2349 1283 2421 ejusdem
1321 2346 1571 2403 confusio
1611 2355 1946 2402 nasceretur.
1983 2345 2124 2399 Deus

521 2463 651 2520 ergo
676 2455 759 2503 est
784 2446 876 2517 qui
906 2445 1168 2514 loquitur,
1203 2442 1350 2498 Deus
1386 2443 1535 2497 etde
1562 2453 1672 2511 quo
1703 2436 1942 2508 loquitur
1975 2453 1988 2490 :
2023 2437 2123 2491 ho-

522 2541 670 2597 noris
705 2538 979 2595 confessio
1004 2552 1033 2593 a
1060 2549 1265 2593 naturae
1293 2534 1513 2591 nomine
1540 2548 1648 2589 non
1675 2533 1954 2601 discernit,
1989 2546 2126 2603 quos

520 2631 846 2703 signiﬁcatio
870 2631 1229 2687 subsistentes
1259 2644 1382 2685 esse
1407 2628 1711 2699 distinguit.

594 2724 686 2781 5L
722 2722 979 2795 Synopsis
1002 2731 1049 2777 et
1068 2737 1257 2792 scapus
1280 2721 1648 2792 prwdictorum
1670 2736 1700 2772 a
1724 2735 1935 2774 numero
1961 2719 2129 2777 23.—

525 2819 596 2876 Et
623 2818 749 2874 huic
780 2818 997 2889 quidem
1029 2817 1151 2872 loco
1180 2816 1426 2887 quaedam
1468 2814 1691 2871 memini
1721 2814 1786 2870 ad
1829 2815 2127 2886 pleniorem

526 2913 922 2969 absolutionem
976 2912 1287 2970 necessaria
1340 2926 1353 2962 ε
1398 2907 1494 2965 sed
1536 2907 1834 2963 secundum
1886 2910 2131 2979 preposi-

523 3007 691 3064 tienis
718 3005 986 3069 ordinem,
1014 3005 1383 3075 responsionis
1405 3016 1619 3074 quoque
1642 3002 1779 3058 ordo
1810 3003 2131 3059 retinendus

528 3111 628 3161 est.
662 3102 847 3175 Itaque
882 3117 1001 3172 qua:
1030 3100 1081 3157 ei
1119 3101 1325 3171 reliqua
1364 3108 1514 3165 sunt,
1554 3099 1606 3153 in
1652 3097 1790 3153 libro
1826 3098 2001 3155 altero
2030 3110 2130 3155 su‘o

2218 1896 2323 1936 nus
2346 1881 2440 1952 qui
2469 1880 2706 1948 auditur,
2740 1882 2879 1937 Deus
2908 1882 3106 1938 deinde
3128 1882 3381 1949 Abrahae,
3407 1883 3548 1938 Isaae
3569 1892 3616 1937 et
3635 1881 3766 1938 Jacob

2219 1989 2344 2031 esse
2367 1975 2733 2045 cognoscitur.
2765 1975 2900 2031 Cum
2928 1976 3148 2045 angelus
3182 1976 3274 2031 Dei
3308 1976 3520 2041 dicitur,
3545 1990 3638 2029 non
3667 1987 3766 2044 pro-

2222 2068 2368 2137 prius
2391 2066 2490 2122 sibi
2520 2083 2585 2122 ac
2609 2068 2883 2124 solitarius
2912 2080 3032 2123 esse
3059 2076 3421 2132 monstratur;
3453 2064 3521 2140 (ε)
3547 2073 3624 2122 est
3642 2063 3755 2121 enim

2223 2160 2446 2232 angelus
2480 2161 2572 2218 Dei
2603 2177 2765 2217 :cum
2805 2161 3066 2218 Dominus
3108 2174 3165 2218 et
3207 2161 3353 2218 Deus
3384 2168 3708 2231 nuncupatur,
3730 2160 3768 2213 in

2226 2254 2435 2311 honore
2478 2264 2687 2312 natura:
2737 2270 2852 2312 sua:
2891 2266 2947 2312 et
2993 2256 3213 2311 nomine
3256 2255 3591 2326 prmdicatur.
3631 2252 3771 2307 llabes

2224 2342 2356 2422 ergo
2375 2350 2647 2422 angelum,
2672 2349 2765 2421 qui
2792 2350 2862 2408 dc
2892 2349 3026 2407 rubo
3053 2351 3340 2422 apparuit,
3368 2359 3424 2407 et
3444 2334 3704 2405 Dominum
3727 2355 3764 2401 et

2228 2445 2424 2501 Deum.

2300 2539 2394 2594 35.
2428 2537 2634 2609 Moyses
2661 2554 2763 2594 non
2783 2538 2942 2595 semel
2977 2538 3141 2593 Deum
3170 2547 3218 2594 et
3247 2537 3524 2594 Dominum
3554 2534 3770 2609 pradicet.

2234 2632 2457 2703 Uterque
2475 2642 2644 2687 tamen
2674 2650 2806 2689 unus
2826 2643 2900 2689 est
2927 2634 3087 2689 Deus.
3120 2632 3262 2689 Filio
3290 2634 3369 2688 uti
3394 2644 3573 2688 natura
3596 2629 3687 2685 Deo
3702 2628 3773 2683 hoc

2231 2743 2327 2781 nor
2348 2727 2660 2796 postulatur.
2692 2724 2738 2780 F
2740 2727 2860 2781 ilius
2879 2737 2927 2780 et
2949 2726 3176 2799 Angelus
3205 2725 3298 2782 Dei
3331 2737 3376 2782 et
3412 2725 3564 2780 Deus.
3593 2753 3657 2765 --
3679 2723 3776 2778 Pet-

2230 2836 2391 2878 curre
2418 2821 2596 2877 adhuc
2628 2820 2796 2894 Moysi
2830 2822 3169 2888 testimonia;
3197 2829 3254 2876 et
3294 2820 3537 2894 intelligo
3567 2834 3628 2875 an
3659 2831 3778 2873 occa-

2232 2914 2444 2971 sionem
2471 2914 2708 2985 aliquam
2738 2913 3070 2984 przedicandi
3110 2915 3279 2969 Deum
3327 2925 3378 2971 et
3421 2913 3681 2970 Dominum
3706 2923 3777 2963 ne-

2233 3007 2414 3079 gligat.
2444 3007 2621 3065 Tenes
2650 3021 2846 3078 nempe
2875 3023 2939 3062 es
2967 3007 3127 3062 dictis
3152 3006 3289 3077 ejus,
3325 3007 3480 3073 Audi,
3511 3002 3676 3070 Israel,
3702 2999 3782 3056 Do-

2235 3104 2406 3158 minus
2448 3102 2588 3157 Deus
2627 3112 2746 3157 tuus
2785 3118 2919 3156 unus
2959 3111 3034 3157 est
3073 3100 3248 3174 (Deut.
3292 3118 3373 3169 vt,
3399 3100 3478 3173 4).
3507 3101 3642 3156 Tene
3674 3110 3782 3152 nunc

528 3196 654 3253 loco
675 3173 1058 3267 exsequemur.
1091 3192 1324 3249 Tan;um
1350 3193 1452 3246 hoc
1484 3205 1627 3245 nunc
1658 3191 1710 3245 in
1743 3191 1872 3258 Deo,
1906 3192 1994 3262 qui
2029 3192 2127 3247 ho.
2159 3173 2206 3238 (ἶ
2237 3196 2434 3251 divinae
2482 3195 2628 3250 illius
2657 3195 2925 3251 cantionis
2966 3173 3247 3251 sutedicta
3278 3212 3292 3248 :
3331 3197 3407 3251 ait
3440 3207 3670 3263 namque,
3712 3186 3782 3243 Vi-

530 3304 722 3347 norem
757 3290 869 3345 Deo
905 3288 1162 3359 postulat,
1203 3283 1687 3343 demonstrandum
1713 3283 1833 3352 fuit,
1878 3287 2132 3357 angelum

536 3383 650 3448 Dei,
694 3383 784 3453 qui
828 3396 950 3436 cum
1005 3381 1149 3452 Agar
1177 3380 1389 3436 locutus
1427 3387 1592 3447 esset,
1638 3388 1695 3435 et
1727 3379 1892 3434 Deum
1931 3394 2054 3436 esse
2082 3389 2138 3436 et

535 3475 847 3544 Dominum,
880 3489 1004 3529 cum
1038 3472 1227 3528 iisdem
1268 3472 1338 3528 de
1376 3473 1540 3529 rebus
1569 3474 1635 3530 ad
1669 3474 1938 3530 Abraham
1987 3474 2138 3528 loeu-

535 3576 623 3624 tus
645 3569 761 3640 ipse
790 3569 861 3623 sit
886 3584 897 3619 ε
927 3575 981 3621 ει
1008 3566 1202 3632 virum,
1232 3566 1323 3635 qui
1345 3565 1580 3622 Abrahae
1605 3567 1751 3623 visus
1773 3566 1866 3633 sit,
1890 3575 1945 3621 et
1970 3566 2138 3621 Deum

541 3676 667 3718 esse
708 3669 764 3717 et
796 3660 1113 3725 Dominum;
1142 3660 1366 3731 angelos
1397 3668 1575 3716 autem
1610 3661 1768 3728 duos,
1801 3670 1856 3717 et
1882 3677 2004 3717 cum
2036 3661 2140 3717 Do-

538 3755 690 3811 mino
710 3753 881 3821 visos,
911 3764 966 3810 et
992 3750 1105 3826 95.
1128 3752 1196 3806 ab
1233 3767 1302 3808 eo
1340 3752 1405 3807 ad
1434 3752 1536 3809 Lot
1569 3754 1795 3820 missos,
1831 3754 1965 3810 nihil
1995 3754 2140 3810 aliud

536 3862 569 3903 a
591 3846 851 3918 propheta
875 3846 978 3901 nisi
1000 3843 1224 3915 angelos
1254 3844 1593 3915 prmdieatos.
1617 3845 1736 3901 Non
1758 3847 1935 3902 solum
1959 3855 2141 3903 autem

539 3938 608 3995 ad
639 3937 910 3994 Abraham
940 3937 995 3993 in
1027 3937 1143 3994 viro
1164 3938 1308 3994 Deus
1335 3937 1538 4006 adfuit,
1568 3938 1662 3995 sed
1693 3938 1859 3995 etiam
1887 3940 1953 3995 ad
1976 3939 2143 3996 Jacob

540 4034 597 4089 in
653 4032 874 4089 homine
922 4032 1066 4089 Deus
1118 4032 1287 4088 venit.
1338 4029 1526 4102 Neque
1577 4032 1755 4089 solum
1814 4034 1980 4100 venit,
2047 4033 2143 4089 sed

540 4128 776 4184 luctatus
801 4129 1104 4183 ostenditur
1126 4127 1277 4197 (Gen.
1309 4145 1488 4195 xxxii,
1509 4128 1603 4201 ει)
1642 4148 1656 4183 ;
1690 4144 1866 4200 neque
1905 4140 2139 4185 tantum-

542 4219 709 4276 modo
738 4220 993 4287 luctatus,
1036 4219 1133 4275 sed
1173 4221 1336 4277 etiam
1376 4220 1638 4278 adversus
1679 4238 1826 4292 eum,
1870 4237 1993 4277 cmn
2038 4237 2147 4292 quo

544 4313 868 4378 luctabatur,
932 4310 1198 4367 inﬁrmus.
1255 4311 1409 4368 Nunc
1474 4313 1542 4369 de
1597 4314 1758 4369 lucta:
1806 4322 2149 4369 sacramento

554 4408 631 4483 (α)
660 4421 765 4462 non
796 4414 900 4471 est,
920 4420 1097 4476 neque
1126 4406 1178 4461 in
1209 4413 1477 4476 tempore.
1508 4420 1684 4475 neque
1706 4406 1759 4459 in
1793 4405 2151 4471 materia,ali-

546 4500 676 4575 quid
709 4509 963 4556 tractare.
1001 4500 1146 4556 Deus
1183 4508 1332 4556 certe
1367 4510 1481 4566 est;
1513 4500 1638 4571 quia
1682 4499 1853 4557 Jacob
1891 4499 2152 4557 adversus

546 4596 715 4652 Deum
744 4594 993 4661 invaluit,
1021 4606 1076 4650 et
1103 4594 1269 4649 Israel
1301 4595 1468 4650 Deum
1498 4594 1653 4650 vidit.

618 4689 711 4747 '52.
745 4688 917 4761 Moysi
955 4690 1012 4743 in
1049 4690 1177 4744 rubo
1207 4689 1365 4754 visas,
1401 4686 1656 4745 Dominus
1694 4699 1742 4744 et
1773 4689 1912 4745 Deus
1952 4701 2043 4746 est.
2075 4721 2147 4733 —-

550 4783 842 4841 Videamus
884 4794 1087 4850 autem,
1131 4800 1198 4838 an
1246 4785 1410 4839 etiam
1452 4784 1604 4851 alibi,
1644 4794 1843 4857 praeter
1884 4802 2044 4855 quam
2078 4786 2146 4842 ad

553 4877 699 4949 Agar
721 4918 737 4945 ,
765 4877 852 4932 hic
870 4877 1093 4947 angelus
1124 4876 1217 4933 Dei
1252 4877 1393 4932 Deus
1422 4891 1543 4933 esse
1572 4879 1639 4933 sit
1667 4880 1935 4950 cognitus.
1954 4878 2153 4950 Cogni-

554 4981 642 5028 tus
670 4971 829 5043 plane
868 4980 971 5028 est.
1007 4969 1195 5044 Neque
1243 4970 1418 5028 solum
1456 4972 1623 5040 Deus,
1666 4972 1762 5028 sed
1800 4973 1962 5030 etiam
2011 4974 2153 5030 Deus

628 5153 707 5227 (α)
732 5151 893 5227 Editi,
913 5168 1085 5227 neque
1110 5161 1188 5208 est
1218 5153 1273 5208 in
1303 5162 1529 5227 tempore
1553 5170 1571 5208 :
1603 5162 1803 5227 praeter
1831 5152 2151 5227 (idemrmss.

557 5223 848 5282 Estautem
873 5223 963 5279 hic
980 5224 1506 5294 pleonasnmgcujus
1517 5223 1881 5292 esetnplajam
1902 5225 2154 5279 vidimus.

632 5295 709 5367 (ὁ)
740 5296 797 5350 In
826 5297 1077 5363 vulgatis,
1106 5296 1217 5367 ipse
1240 5311 1356 5350 vero
1377 5297 1462 5367 qui
1484 5295 1713 5367 auditur,
1738 5294 1992 5350 Dominus
2017 5295 2156 5351 Deus

559 5364 654 5424 est.
685 5364 887 5422 Deinde
906 5364 1325 5439 Abraltw,_1saac
1352 5376 1399 5421 et
1422 5364 1583 5420 Jacob
1609 5365 1745 5421 Deus
1766 5383 1872 5421 esse
1894 5369 2160 5439 cognosci-

559 5448 661 5493 tur.
690 5439 823 5508 Qum
849 5440 1008 5496 lcetio
1037 5437 1258 5493 confusa
1286 5447 1619 5492 restaurator
1641 5452 1744 5508 ope
1772 5453 1904 5493 mss.

637 5509 709 5582 (e)
740 5510 904 5574 Editi,
938 5510 1139 5564 Etenim
1160 5509 1258 5565 Dei
1284 5510 1496 5582 arigelus
1522 5525 1660 5571 cum.
1684 5518 1814 5573 etc.,
1846 5526 2008 5566 sensu
2037 5526 2159 5580 per-

566 5581 806 5645 turbato,
849 5591 902 5635 ct
931 5582 1137 5637 sublata
1170 5581 1488 5650 probatione
1518 5596 1621 5652 qua
1659 5583 1800 5638 Deus
1840 5598 1946 5638 non
1976 5584 2160 5639 solita-

565 5652 1127 5725 rinsdemonstratur.
1160 5653 1504 5725 Castigantur
1528 5670 1597 5725 ex
1627 5669 1759 5711 mss.

561 5775 596 5853 ἡ
749 5722 968 5790 Scilicet
991 5722 1282 5797 Unigeniti,
1313 5720 1373 5785 ut
1393 5723 1633 5800 apertius
1657 5720 1963 5786 declaratur
1982 5727 2075 5787 lib.
2098 5744 2156 5800 ν,

2237 3287 2370 3355 dele,
2399 3288 2563 3343 videte
2584 3288 2825 3356 quoniam
2842 3304 2935 3362 ego
2961 3303 3076 3342 sum
3101 3286 3371 3353 Dominus,
3393 3297 3442 3343 et
3467 3303 3564 3342 non
3589 3294 3652 3340 est
3676 3280 3784 3336 Dm

2240 3392 2425 3452 prietes-
2452 3397 2532 3436 me
2558 3379 2737 3454 (Deut.
2770 3397 2940 3445 χχιιι,
2973 3380 3087 3455 39).
3118 3380 3336 3436 Etcum
3367 3380 3542 3437 omnis
3575 3371 3787 3435 εει-ιιιοεὶ

2239 3489 2304 3529 ex
2329 3488 2557 3544 persona
2601 3472 2695 3529 Dei
2722 3474 2799 3546 (ά)
2827 3488 2997 3544 usque
3022 3472 3090 3528 ad
3128 3475 3290 3528 tinem
3319 3474 3585 3530 cantionis
3619 3469 3786 3531 luisset,

2243 3567 2337 3633 ait,
2370 3565 2647 3624 Laztamini
2681 3566 2796 3622 ctuti
2819 3567 2976 3621 simul
3006 3583 3125 3621 cum
3150 3583 3227 3633 eo,
3262 3575 3309 3621 et
3343 3567 3555 3623 adorent
3588 3577 3690 3619 eum
3707 3574 3791 3612 om-

2248 3678 2336 3717 nes
2365 3660 2438 3733 (e)
2471 3660 2568 3730 lilii
2591 3658 2710 3715 Dei.
2743 3657 3019 3715 Latamini
3044 3668 3216 3731 gentes
3251 3676 3371 3714 cum
3407 3658 3593 3732 populo
3627 3656 3737 3725 ejus.
3757 3658 3793 3705 οι

2240 3754 2583 3823 honori/icent
2610 3770 2725 3809 eum
2747 3770 2921 3809 omnes
2939 3755 3109 3824 angeli
3138 3752 3233 3808 Dei
3267 3751 3325 3825 (1
3327 3757 3377 3807 b.
3401 3796 3416 3819 ,
3444 3754 3552 3823 45).
3586 3749 3683 3822 95
3709 3744 3792 3801 llo-

2244 3846 2608 3905 norillcandus
2636 3855 2718 3903 est
2744 3862 2774 3901 a
2798 3846 2890 3903 Dei
2914 3846 3123 3918 angelis
3152 3847 3311 3911 Deus,
3346 3846 3565 3903 dicens:
3592 3840 3797 3911 Quoniam

2246 3962 2339 4015 ego
2357 3960 2469 3999 sum
2496 3943 2762 4009 Dominus,
2789 3952 2959 3998 etnon
2980 3953 3054 3996 est
3082 3940 3219 3996 Deus
3242 3951 3431 4011 printer
3451 3955 3547 3995 me.
3578 3937 3664 3994 Est
3686 3931 3799 3990 enim

2246 4036 2568 4108 Unigeuitus
2596 4037 2736 4091 Deus
2773 4054 2786 4090 :
2816 4050 2990 4106 neque
3017 4043 3329 4090 consortem
3366 4031 3617 4104 unigeniti
3645 4038 3798 4083 nomen

2249 4131 2483 4187 admittit
2511 4130 2690 4191 (sicuti
2720 4146 2825 4185 non
2858 4130 3049 4199 recipit
3079 4129 3437 4197 innascibilis,
3471 4129 3522 4184 in
3547 4143 3609 4183 eo
3638 4131 3800 4181 tantum

2248 4224 2392 4296 quod
2423 4235 2506 4280 est
2532 4224 2890 4290 innuseibilis,
2924 4221 3303 4293 participem);
3329 4232 3416 4279 est
3444 4223 3584 4278 enim
3617 4230 3735 4274 unus
3755 4212 3804 4266 alt

2254 4333 2382 4372 uno.
2426 4317 2611 4387 Neque
2654 4324 2851 4386 praeter
2892 4315 3267 4373 iunascihilem
3314 4317 3480 4371 Deum
3522 4305 3806 4369 innascibilis

2257 4410 2398 4466 Deus
2419 4410 2556 4464 alius
2589 4419 2691 4477 est,
2728 4424 2902 4481 neque
2941 4418 3137 4479 prazter
3174 4407 3511 4478 unigenitum
3541 4405 3691 4461 Deum
3713 4394 3808 4452 uni-

2254 4503 2471 4574 genitus
2505 4502 2647 4559 Deus
2686 4502 2972 4573 quisquam
3013 4511 3117 4557 est.
3149 4499 3393 4572 Uterque
3421 4501 3598 4570 itaque
3631 4506 3748 4551 unus
3770 4493 3814 4543 et

2177 4578 2232 4639 Β
2255 4601 2403 4655 solus
2427 4608 2531 4666 est,
2576 4598 2907 4669 proprietate
2940 4596 3189 4652 videlicet
3218 4594 3273 4650 in
3306 4606 3626 4666 unoquoque
3666 4596 3715 4643 et
3746 4583 3812 4639 in-

2256 4691 2629 4748 nascibilitatis
2676 4699 2731 4747 et
2756 4690 3001 4761 originis.
3045 4690 3123 4744 Ac
3156 4688 3235 4744 sic
3272 4697 3501 4759 uterque
3543 4686 3674 4742 Deus
3706 4686 3816 4735 unus

2255 4797 2374 4853 cst;
2408 4802 2529 4843 cum
2560 4788 2702 4842 inter
2732 4801 2897 4842 unum
2926 4795 2982 4842 et
3010 4800 3196 4849 unum,
3223 4782 3277 4840 id
3305 4777 3411 4850 εει,
3436 4799 3502 4839 es
3531 4797 3632 4837 uno
3657 4786 3812 4834 unum,

2256 4880 2554 4936 divinitatis
2574 4892 2794 4935 aeterna:
2817 4895 2923 4935 non
2946 4877 3017 4935 sit
3038 4878 3274 4935 secunda
3306 4888 3518 4933 natura.
3539 4866 3820 4933 Adorandut

2257 4990 2387 5047 ergo
2429 4984 2514 5032 est
2558 4990 2592 5031 a
2638 4974 2760 5030 liliis
2792 4972 2910 5041 Dei,
2951 4981 3008 5030 et
3046 4970 3485 5029 honoriﬁcandus
3531 4969 3598 5025 ab
3633 4958 3820 5035 Angelis

2334 5155 2405 5232 (e)
2435 5157 2870 5232 Hic_Deuteron.
2921 5157 3073 5214 locus
3113 5159 3166 5232 in
3207 5158 3297 5214 Ps.
3342 5173 3507 5232 uvn,
3537 5173 3591 5211 ιι.
3616 5153 3684 5232 -.ιε
3728 5146 3825 5232 aliis

2261 5224 2459 5301 verbis,
2474 5229 2702 5301 alioque
2721 5230 3008 5285 verborum
3033 5231 3226 5287 ordine
3249 5231 3586 5301 exprimitur.
3616 5224 3684 5279 lbi
3704 5224 3824 5279 euiltl

2265 5299 2442 5371 primo
2470 5300 2588 5372 loco
2606 5302 2845 5372 habetur
2872 5302 3053 5372 Angeli
3094 5302 3209 5372 Dei,
3250 5299 3354 5357 non
3388 5301 3487 5366 ﬁlii
3517 5299 3640 5365 Dei;
3666 5300 3825 5372 pegma

2264 5364 2572 5447 autemﬁlii
2593 5369 2715 5438 Dei,
2752 5374 2869 5447 loco
2900 5364 3082 5447 Angeli
3121 5364 3221 5447 Dei
3251 5390 3268 5427 :
3296 5364 3395 5447 cui
3426 5373 3635 5447 lectioni
3662 5364 3826 5447 satirae

2264 5452 2421 5516 gatur
2448 5439 2693 5516 Justinus
2722 5445 2821 5500 sub
2842 5439 3002 5501 liueu't
3035 5446 3169 5501 Dial.
3198 5461 3321 5501 cum
3353 5443 3658 5516 Tryphone,
3687 5439 3828 5516 lavet-

2266 5507 2371 5586 que
2400 5515 2595 5570 Paulus
2624 5515 2757 5571 Hell.
2795 5533 2832 5574 ι.
2862 5516 2915 5571 6.
2949 5517 3121 5586 Quem
3153 5520 3239 5572 hic
3273 5507 3677 5586 tenet'l'lilarius
3699 5507 3827 5586 ordi'

2265 5582 2410 5646 nem.
2432 5598 2572 5643 tenet
2592 5600 2647 5643 et
2669 5582 3007 5659 Epiphanius
3030 5588 3166 5644 hair.
3190 5605 3335 5654 uix,
3352 5605 3408 5643 ιι.
3435 5587 3525 5654 60,
3550 5585 3636 5642 ubi
3657 5582 3825 5639 habet:

2265 5659 2500 5787 (Mezenti)
2520 5660 2689 5743 ipsum
2704 5676 2878 5719 onmes
2902 5663 3000 5732 ﬁlii
3023 5660 3143 5732 Dei,
3174 5673 3222 5718 et
3244 5664 3530 5733 confer-teut
3553 5673 3661 5717 eum
3679 5663 3826 5711 omnes

2265 5748 2426 5787 anaet
2501 5748 2570 5787 et.

2254 5748 2426 5804 attgetl
2452 5748 2570 5788 νει.
