4040 6328
159 345 246 402 iii
1326 350 1411 406 DE
1450 350 1818 409 TRlNl'I‘ATE
1856 353 2057 411 LIBER
2096 357 2184 416 IV.

3344 372 3451 429 122

158 464 261 522 Dei.
294 463 371 521 lta
402 471 457 520 et
487 463 660 522 honor
680 475 736 522 et
766 466 1042 523 veneratio
1083 467 1195 524 Deo
1223 483 1254 523 a
1287 468 1379 525 Dei
1402 469 1527 526 ﬁliis
1553 479 1610 527 et
1638 472 1746 528 An-
1772 472 1827 534 Α
1851 486 2016 530 cerne
2039 473 2112 545 (ε)
2136 476 2201 531 ad
2232 477 2458 550 legentis
2486 480 2897 556 intelligentiam
2926 493 3148 543 unctum
3171 496 3224 545 et
3247 504 3451 561 ungen-

152 558 279 632 gelis
324 559 649 629 postulatur.
694 559 1153 631 Signiﬁcationem
1197 561 1520 629 honorandi,
1553 563 1637 638 (l)
1689 575 1744 622 et

155 668 331 711 corum
358 651 435 723 (ιι)
476 668 572 722 per
605 668 741 724 quos
767 663 846 709 est
874 655 1218 711 honorandus
1250 658 1511 729 intelligo,
1538 658 1745 714 scilicet

153 763 236 819 per
265 746 489 817 angelos
514 756 568 801 et
597 746 734 802 ﬁlios
766 748 877 813 Dei,
915 748 1075 804 Deus.
1107 749 1185 805 Ac
1215 766 1283 806 ne
1307 751 1446 807 forte
1479 752 1740 808 honorem

154 841 237 898 Dei
279 857 387 896 non
430 840 696 896 naturalis
723 843 1004 898 existimes
1037 846 1321 915 poSIulari,
1363 854 1419 901 et
1462 845 1742 901 arbitreris

153 936 245 992 hoc
283 935 340 991 in
380 936 501 991 loco
540 936 763 1006 Moysen
803 937 872 993 de
915 936 1230 994 honorando
1278 940 1387 996 Deo
1425 952 1575 1009 patre
1610 957 1740 998 sen-

151 1030 299 1094 sisse,
326 1043 448 1083 cum
494 1038 672 1084 tamen
706 1028 866 1086 Pater
889 1031 959 1086 sit
990 1031 1338 1088 honorandus
1374 1035 1427 1089 in
1454 1033 1624 1100 Filio;
1660 1046 1741 1091 ta-

150 1138 262 1178 men
291 1120 751 1184 bcnedictionem,
774 1138 937 1194 quam
962 1124 1036 1196 (ιι)
1059 1126 1161 1182 sub
1181 1127 1374 1182 eodem
1402 1142 1653 1183 sermone
1672 1126 1740 1183 ad

148 1215 342 1286 Josepb
374 1214 635 1285 disponit,
679 1216 921 1273 adverte.
955 1219 1042 1273 Ait
1071 1219 1213 1275 enim
1245 1237 1257 1273 :
1292 1217 1358 1273 Et
1385 1236 1499 1292 qua:
1534 1231 1745 1291 accepta

149 1317 255 1365 sunt
294 1308 345 1363 ei
388 1308 479 1378 qui
504 1310 751 1377 apparuit
778 1311 831 1363 in
864 1310 1013 1377 rubo,
1041 1317 1241 1367 veniant
1270 1330 1424 1382 super
1461 1324 1612 1380 caput
1650 1311 1741 1367 Jo-

148 1403 257 1472 seph
288 1411 338 1456 et
362 1402 599 1456 verticem
632 1394 809 1473 (Deut.
840 1421 1029 1470 xxxiii,
1064 1405 1176 1477 16).
1210 1405 1533 1461 Adorandus
1556 1420 1685 1476 ergo
1708 1421 1737 1459 a

152 1495 233 1553 Dei
266 1494 395 1550 ﬁliis
422 1495 571 1550 Deus
598 1503 706 1561 est,
735 1498 832 1553 sed
860 1498 1001 1552 Deus
1026 1500 1116 1568 qtti
1141 1509 1196 1554 et
1229 1499 1318 1554 Dei
1344 1498 1482 1554 ﬁlius
1504 1508 1604 1554 est.
1635 1498 1741 1553 llo-

151 1590 415 1647 norandus
451 1600 631 1645 autem
677 1607 705 1644 a
747 1591 842 1646 Dei
882 1592 1089 1661 angelis
1131 1593 1271 1648 Deus
1311 1601 1416 1658 est,
1462 1591 1558 1647 sed
1600 1592 1738 1646 Deus

149 1686 228 1757 qui
257 1686 353 1742 Dei
391 1684 463 1757 (c)
490 1687 717 1758 angelus
748 1686 889 1741 Deus
917 1695 1001 1742 est
1035 1704 1048 1740 :
1084 1684 1207 1755 quia
1236 1684 1305 1740 de
1333 1684 1467 1740 rubo
1488 1685 1740 1756 apparuit

152 1778 233 1834 Dei
260 1779 487 1850 angelus
510 1780 673 1847 Deus,
701 1788 757 1834 et
786 1796 903 1850 quae
934 1780 981 1833 ei
1004 1779 1324 1849 complacita
1357 1788 1501 1839 sunt.
1531 1776 1737 1847 Joseplt

147 1885 260 1927 cum
315 1872 727 1928 benediceretttr
768 1882 1041 1939 aptantur.
1086 1872 1204 1926 Non
1248 1871 1369 1926 ideo
1413 1886 1519 1926 non
1570 1871 1729 1937 Deus,

1852 1894 2100 1959 iropltcta
2151 1892 2344 1949 eodem
2390 1895 2579 1949 ordine
2605 1896 2899 1953 conﬁtente
2935 1915 2948 1951 :
2986 1897 3145 1955 Unxit
3172 1909 3242 1967 te,

145 1967 263 2034 quia
288 1965 512 2036 angelus
545 1966 637 2021 Dei
667 1978 784 2032 est;
816 1980 990 2036 neque
1016 1979 1228 2019 rursum
1259 1964 1482 2035 angelus
1514 1963 1605 2018 Dei
1634 1979 1739 2018 non

148 2058 366 2122 idcirco,
411 2060 536 2130 quia
580 2059 720 2115 Deus
749 2051 874 2114 est:
914 2058 1010 2114 sed
1054 2057 1349 2130 signiﬁcata
1392 2073 1739 2127 personarum

149 2152 521 2223 intelligentia,
543 2161 597 2208 et
623 2153 701 2224 (ά)
731 2152 990 2207 distincto
1021 2152 1459 2207 innascibilitatis
1485 2152 1738 2207 nativita-

152 2245 321 2316 tisque
358 2260 539 2313 sensu,
572 2260 633 2300 ac
671 2242 1011 2301 manifestata
1048 2253 1513 2300 sacramentorum
1543 2245 1741 2301 C(Bles-

147 2339 274 2395 tium
300 2339 723 2409 dispensatione,
749 2357 854 2395 non
883 2340 1182 2395 Solitarium
1219 2340 1382 2396 Deum
1414 2341 1596 2395 docuit
1623 2341 1743 2412 epi-

145 2432 392 2499 nandnm,
421 2447 542 2488 cum
588 2434 839 2504 angelum
879 2440 935 2489 ct
972 2434 1137 2489 lilium
1183 2433 1275 2489 Dei
1326 2434 1518 2502 Deum,
1557 2434 1651 2493 Dei
1686 2444 1741 2491 et

145 2525 309 2597 angeli
336 2536 393 2581 et
425 2525 519 2581 ﬁlii
547 2524 875 2582 adorabunt.
1367 2591 1379 2601 .

208 2620 296 2677 54.
333 2620 405 2676 Ει
452 2621 572 2677 lucc
617 2620 834 2693 quidem
880 2621 947 2677 de
991 2620 1162 2695 Moysi
1206 2622 1357 2679 libris
1412 2637 1671 2695 responsa
1708 2639 1736 2678 a

147 2713 289 2770 nobis
315 2715 444 2779 sint,
476 2714 565 2770 vel
596 2715 777 2784 potius
802 2712 1014 2786 Moyses
1046 2715 1162 2785 ipse
1194 2714 1540 2785 responderit
1569 2732 1584 2773 :
1613 2715 1735 2787 quia

146 2820 204 2865 eo
229 2806 465 2863 haeretici
498 2817 720 2863 auctore
748 2808 854 2873 usi,
885 2822 982 2878 per
1011 2809 1170 2863 unius
1202 2808 1294 2864 Dei
1321 2806 1731 2864 confessionem

152 2911 315 2971 putent
346 2902 659 2974 persuaderi
689 2916 865 2972 posse,
893 2917 962 2958 ne
992 2904 1133 2958 Deus
1159 2917 1280 2958 esse
1307 2904 1398 2959 Dei
1427 2903 1568 2959 illius
1591 2920 1734 2976 prte-

159 2992 378 3061 diretur;
405 2992 521 3068 96
548 3003 736 3050 contra
765 2994 1005 3051 auctoris
1031 2995 1114 3050 sui
1154 2996 1519 3051 testimonium
1556 2997 1731 3068 impii,

150 3100 249 3142 cum
274 3087 498 3158 quando
526 3088 616 3143 ille
644 3103 811 3143 unum
844 3088 1011 3143 Deum
1046 3088 1334 3154 conﬁtens,
1368 3105 1475 3145 non
1505 3088 1733 3146 destite-

147 3180 205 3235 rit
227 3181 289 3238 de
319 3183 417 3238 Dei
440 3180 554 3237 ﬁlio
579 3181 779 3239 docere
800 3183 945 3254 quod
970 3183 1111 3239 Deus
1136 3192 1239 3240 est.
1265 3183 1371 3241 Sed
1398 3199 1734 3257 consequens

1849 574 1955 620 tem
1991 567 2304 641 :distiugue
2345 582 2391 627 te
2432 582 2486 628 et
2524 584 2642 630 tuus
2673 592 2691 630 :
2718 576 2782 631 ad
2832 594 2989 655 quem
3035 588 3089 636 et
3125 579 3193 635 de
3232 596 3339 653 quo
3379 583 3450 640 sit

1844 673 2047 727 sermo,
2078 661 2412 720 demonstra.
2445 666 2828 737 Superioribus
2855 673 2998 728 enim
3022 672 3181 729 dictis
3205 674 3289 729 ltic
3314 690 3447 731 con-

1847 753 2099 812 fessionis
2129 757 2263 813 ordo
2288 761 2564 830 subjectus
2593 772 2694 819 est.
2733 765 2948 822 Dixerat
2978 784 3208 840 namque
3235 789 3248 825 :
3282 769 3448 827 Sedes

1850 860 1956 917 tua,
1999 852 2160 922 Deus,
2202 856 2256 908 in
2282 856 2528 910 statutum
2571 859 2770 920 swculi.
2803 862 2944 934 virga
2985 863 3281 921 directionis
3327 874 3449 933 tuae,

1849 948 1989 1016 uirga
2023 950 2167 1021 regni
2215 950 2324 1016 tui;
2356 951 2585 1007 dilexisti
2614 956 2901 1028 justitiam,
2935 968 2981 1012 ει
3011 959 3165 1013 odisti
3200 960 3447 1029 iniquita-

1847 1051 1946 1096 tem
1982 1041 2170 1113 (Ibid.,
2207 1044 2286 1116 7).
2325 1043 2474 1100 Nunc
2495 1062 2708 1119 quoque
2751 1048 2835 1105 bis
2878 1050 3077 1121 adjecit
3119 1072 3132 1108 :
3165 1051 3452 1126 PrOpterca

1844 1137 1991 1190 unxit
2017 1147 2083 1203 te,
2118 1135 2280 1204 Deus,
2309 1137 2447 1193 Deus
2471 1150 2606 1194 tuus.
2646 1142 2782 1196 Deus
2810 1159 2937 1214 ergo
2962 1145 3110 1216 regni
3138 1148 3345 1211 reterni,
3376 1148 3448 1205 ob

1844 1229 2097 1283 meritum
2126 1228 2338 1286 dilectu:
2362 1230 2582 1300 justitiu:
2611 1240 2667 1289 et
2699 1248 2904 1301 perosae
2934 1236 3251 1307 iniquitatis,
3278 1256 3307 1294 a
3335 1241 3448 1297 Deo

1844 1336 1951 1377 suo
1977 1335 2171 1379 unctus
2199 1335 2302 1380 est.
2338 1326 2602 1398 Numquid
2637 1329 3045 1400 intelligentiam
3085 1343 3322 1390 nostram
3349 1337 3449 1392 ali-

1842 1433 1945 1488 qua
1999 1419 2193 1474 saltem
2244 1423 2519 1475 nominum
2568 1421 2851 1480 intervalla
2898 1426 3271 1485 confundunt?
3316 1429 3448 1486 Nam

1841 1512 2103 1568 discretio
2150 1522 2359 1570 tantum
2413 1533 2659 1587 persona:
2704 1520 2756 1574 in
2799 1530 2848 1575 te
2884 1530 2939 1577 et
2975 1532 3095 1577 tuus
3137 1526 3306 1594 posita
3340 1535 3445 1594 est,

1842 1608 1897 1663 in
1946 1609 2092 1663 nullo
2141 1620 2320 1667 tamen
2367 1623 2573 1669 natura:
2617 1613 2867 1672 distincta
2911 1617 3271 1675 confessione.
3304 1619 3450 1678 Tuus

1841 1702 1984 1759 enim
2015 1705 2241 1759 relatum
2264 1706 2436 1763 estad
2468 1720 2768 1775 anetorem,
2804 1720 2849 1765 te
2875 1726 3002 1767 vero
3024 1712 3089 1768 ad
3113 1712 3229 1784 ejus
3257 1715 3346 1785 qui
3377 1730 3444 1771 ex

1840 1807 2061 1853 auctore
2098 1808 2181 1854 εει
2211 1800 2680 1869 signiﬁcationem.
2715 1804 2806 1859 Est
2844 1806 2987 1860 enim
3025 1806 3164 1861 Dens
3193 1824 3259 1862 ex
3296 1809 3431 1874 Deo.

3276 1900 3441 1969 Deus,

1844 1979 1984 2036 Deus
2022 1994 2160 2039 tuus.
2190 1983 2305 2040 Non
2351 1996 2433 2041 est
2470 1998 2649 2043 autem
2693 1998 2816 2043 ante
2851 1990 3223 2046 innascibilem
3275 1994 3443 2051 Deum

1847 2076 1989 2133 Deus
2020 2078 2179 2145 ullus,
2231 2078 2350 2149 ipso
2379 2080 2594 2136 dicente
2631 2099 2644 2135 :
2682 2080 2859 2137 Estote
2898 2084 3027 2137 ini/ii
3065 2094 3235 2152 testes,
3273 2097 3319 2142 et
3351 2104 3446 2159 ego

1844 2169 2003 2235 testis,
2038 2170 2159 2225 dicit
2187 2170 2436 2227 Dominus
2461 2173 2622 2240 Dens,
2658 2186 2703 2229 et
2723 2192 2849 2248 puer
2872 2193 3013 2231 meus
3034 2195 3183 2249 quem
3204 2179 3335 2252 elegi
3351 2223 3366 2248 ,
3391 2191 3447 2235 ut

1842 2262 2017 2318 sciatis
2046 2274 2093 2319 ει
2139 2265 2358 2321 credatis
2402 2278 2449 2321 ct
2487 2267 2786 2340 intelligatis
2817 2271 3058 2341 quoniam
3099 2289 3193 2345 ego
3227 2289 3361 2339 sunt,
3398 2283 3446 2330 et

1840 2368 1958 2411 ante
1988 2374 2067 2411 me
2096 2376 2197 2413 non
2224 2370 2295 2414 est
2330 2360 2466 2416 alius
2497 2362 2656 2430 Deus,
2692 2374 2738 2418 et
2768 2376 2881 2434 post
2923 2382 3002 2420 me
3040 2383 3141 2421 non
3168 2368 3263 2422 erit
3290 2366 3440 2443 (Esa.

1840 2466 1991 2512 xuii.
2028 2451 2139 2524 10).
2174 2450 2250 2524 (2)
2284 2453 2413 2524 Ejus
2435 2454 2617 2524 igitur,
2651 2454 2721 2530 (ι’)
2748 2457 2839 2527 qui
2869 2459 2985 2514 sine
3015 2459 3168 2515 initio
3198 2471 3309 2523 est.
3344 2461 3442 2518 de-

1842 2552 2141 2599 monstrata
2165 2555 2247 2600 est
2268 2545 2536 2618 dignitas;
2568 2559 2620 2603 et
2648 2549 2766 2619 ejus
2796 2552 2883 2622 qui
2918 2567 2983 2607 ex
3011 2554 3314 2610 innaseibili
3337 2565 3439 2627 est,

1842 2636 2018 2692 bonor
2047 2648 2401 2696 conservatus
2432 2650 2514 2696 est
2545 2661 2557 2698 :
2594 2641 2756 2698 Una‘it
2784 2654 2853 2712 te,
2893 2645 3038 2701 enim
3098 2644 3258 2713 Deus,
3304 2644 3444 2704 Deus

1847 2741 1987 2787 tuus.
2020 2731 2077 2787 ld
2109 2734 2277 2800 enim,
2307 2737 2450 2805 quod
2495 2736 2568 2791 ait
2612 2747 2750 2806 tuus,
2795 2738 2861 2792 ad
2900 2740 3238 2795 nativitatem
3275 2741 3445 2798 refer-

1841 2836 1949 2895 tur,
1988 2839 2246 2884 caeterum
2298 2845 2404 2885 non
2462 2830 2681 2901 perimit
2730 2841 2974 2888 naturam
3023 2832 3184 2907 (Vide
3223 2834 3313 2890 lib.
3363 2851 3440 2903 ιιι,

1840 2936 1895 2975 ιι.
1935 2920 2023 2988 18,
2052 2922 2198 2995 etc.).
2232 2922 2301 2978 Et
2328 2922 2533 2979 idcirco
2564 2925 2704 2980 Deus
2725 2925 2841 2995 ejus
2872 2938 2976 2993 εει,
3006 2927 3126 2999 quia
3163 2943 3228 2984 ex
3252 2944 3316 2984 eo
3347 2945 3443 2985 na-

1841 3022 1926 3069 tus
1955 3014 2007 3068 in
2032 3014 2198 3070 Deum
2223 3027 2326 3072 est.
2351 3015 2465 3071 Non
2500 3026 2677 3072 tamen
2711 3034 2807 3088 per
2842 3020 2916 3087 id,
2941 3020 3082 3091 quod
3109 3019 3271 3076 Pater
3300 3021 3442 3079 Deus

1838 3114 1942 3172 est,
1984 3120 2090 3160 non
2140 3116 2195 3161 et
2234 3105 2403 3161 Filius
2452 3109 2591 3163 Deus
2634 3122 2717 3164 est
2748 3127 2761 3164 :
2798 3106 2958 3165 Unxit
3003 3111 3146 3168 enim
3193 3122 3258 3177 te,
3305 3111 3443 3169 Dens

1838 3196 1980 3253 Deus
2023 3211 2141 3253 tuus
2170 3215 2189 3254 :
2218 3198 2495 3270 designata
2527 3200 2775 3257 videlicet
2804 3211 2858 3256 et
2897 3204 3155 3270 auctoris,
3187 3215 3240 3260 ct
3266 3220 3330 3260 ex
3373 3220 3441 3262 co

143 3284 217 3329 est
260 3275 592 3347 tttultiplices
636 3274 706 3333 de
760 3276 952 3333 eodem
1006 3277 1389 3348 prophetarum
1435 3281 1734 3335 sententias
1761 3279 1806 3343 C
1840 3290 2007 3359 geniti
2038 3289 2456 3361 signiﬁcatione,
2491 3308 2599 3347 uno
2634 3292 2934 3365 eodemque
2971 3295 3116 3350 dicto
3152 3305 3441 3367 utrumque

143 3367 397 3438 proferre.

202 3462 285 3519 55.
322 3464 433 3533 Qui
459 3465 710 3536 praplieta
740 3463 935 3520 Filium
960 3475 1007 3521 ct
1035 3464 1196 3521 Deam
1223 3466 1424 3534 doceat,
1447 3478 1494 3523 et
1519 3486 1553 3523 a
1579 3467 1740 3525 Patre

140 3571 385 3616 secernat.
411 3556 540 3614 Filii
580 3575 676 3614 cur
711 3570 852 3631 pater
892 3558 1035 3614 Dens
1060 3561 1147 3616 sit.
1174 3590 1246 3600 —-
1273 3559 1449 3618 Tenes
1484 3562 1684 3619 dictum
1718 3582 1731 3619 :

140 3651 283 3718 Audi,
307 3651 506 3715 Israel,
540 3650 792 3708 Dominus
815 3652 955 3710 Deus
982 3663 1098 3709 tuus
1126 3671 1258 3710 unus
1289 3663 1361 3710 est
1394 3670 1414 3710 :
1439 3665 1598 3728 atque
1630 3660 1731 3715 uti-

139 3760 251 3800 nam
307 3756 464 3803 recte
520 3757 757 3803 teneres.
809 3746 914 3804 Sed
964 3750 1261 3806 secundum
1316 3769 1536 3811 sensum
1587 3766 1737 3812 tuum

137 3836 253 3895 dicti
295 3839 607 3911 prophetici
649 3856 835 3911 qutcro
867 3843 1156 3897 rationem.
1187 3844 1279 3900 Ait
1302 3847 1445 3901 enim
1493 3848 1544 3903 in
1589 3849 1735 3919 psal-v

138 3933 270 3989 mis:
315 3933 484 3992 [luxit
512 3944 580 4002 te,
606 3932 777 4002 Deus,
809 3932 949 3991 Deus
977 3946 1094 3991 tuus
1115 3935 1289 4011 (Psal.
1320 3956 1464 4009 XLIV,
1499 3940 1576 4015 8).
1621 3943 1740 4000 Dis-

199 4098 278 4173 (1)
304 4098 378 4173 ξι
400 4103 516 4173 eius
547 4114 637 4173 ρετ
664 4099 834 4173 wise-

202 4172 278 4244 (2)
305 4170 450 4234 Eius
490 4172 648 4244 igitur
687 4170 772 4242 qui
811 4171 919 4244 sine
958 4170 1220 4244 nativitate
1258 4181 1353 4240 est,
1394 4172 1740 4231 demonstrata

136 4243 346 4315 persona
372 4253 471 4312 est,
507 4243 655 4310 mox,
689 4258 784 4314 pro
814 4243 869 4296 id
910 4243 1043 4298 enim
1083 4243 1220 4312 quod
1256 4245 1347 4311 ait,
1384 4253 1467 4299 est
1510 4244 1566 4299 id
1601 4248 1739 4319 quod

203 4380 280 4454 (ιι)
302 4381 386 4438 Ita
414 4381 533 4446 En,
568 4378 718 4446 Lips.
751 4388 806 4434 et
849 4378 974 4435 Par.
1021 4395 1141 4446 quae
1183 4379 1345 4435 lectio
1385 4380 1540 4436 nobis
1581 4381 1736 4438 valde

136 4453 383 4523 suspecta
418 4460 526 4521 est,
559 4466 681 4507 cum
711 4466 809 4507 nec
840 4453 1261 4523 Satiscongruat
1290 4466 1413 4507 cum
1441 4454 1735 4521 subnexis,

138 4521 237 4578 nec
258 4526 533 4582 habeatur
560 4523 661 4578 nisi
697 4523 746 4576 in
787 4521 1185 4594 recentioribus
1222 4538 1354 4579 mss.
1388 4523 1518 4579 Nam
1553 4525 1607 4581 in
1642 4543 1733 4594 po-

137 4596 359 4654 tioribus
415 4596 588 4652 tribus
641 4595 823 4661 Colb.,
888 4592 1078 4658 Carm,
1130 4593 1321 4661 Curb.,
1368 4595 1579 4663 Germ.,
1638 4592 1744 4654 Re—

136 4669 283 4741 mig.,
314 4678 458 4733 etc.,
491 4668 671 4739 legere
700 4677 799 4741 est,
833 4674 880 4720 et
907 4666 1021 4741 eius
1060 4683 1150 4737 per
1166 4669 1324 4741 cujus
1353 4666 1553 4741 (potest
1586 4670 1744 4726 intel-

138 4736 228 4811 ligi
242 4744 471 4797 tacitum
501 4736 723 4795 verbum
750 4736 1018 4805 honorem)
1047 4736 1122 4792 est
1153 4736 1503 4794 honorandus.
1540 4740 1595 4796 ln
1638 4759 1740 4798 ms.

136 4810 289 4869 (Ἄπι).
318 4810 582 4869 secundis
607 4810 1108 4884 c_uri_shad_scriptun_t
1130 4821 1231 4876 est,
1264 4819 1311 4865 et
1336 4813 1450 4884 ejus
1481 4828 1572 4879 per
1595 4830 1741 4883 quem

138 4897 203 4939 est
233 4883 600 4959 honorandus.
630 4881 688 4937 ln
721 4880 1103 4959 Vindocinensi
1129 4891 1311 4959 autem
1338 4880 1615 4959 (ἔχεικαὶ
1632 4889 1746 4959 ejus

139 4974 224 5026 per
249 4973 387 5028 quos
413 4967 488 5011 est
516 4954 869 5028 honorandus.
905 4952 1107 5028 Deinde
1133 4954 1187 5028 in
1215 4955 1507 5028 vetustiore
1531 4952 1741 5028 Beniig.

138 5024 418 5097 mendose,
438 5028 724 5098 intelligere
740 5025 999 5098 scilicetur
1019 5026 1246 5098 Angelus
1263 5033 1312 5080 et
1330 5024 1501 5081 Filius
1523 5026 1641 5085 Dei.
1669 5024 1746 5084 Ex

138 5101 331 5169 quibus
365 5118 474 5156 non
504 5096 848 5171 incommode
873 5097 1149 5171 conﬁcere
1173 5097 1380 5162 liceret,
1404 5099 1746 5171 significatio-

137 5167 247 5228 nem
268 5171 573 5246 honorandi
598 5186 661 5246 ea:
682 5169 755 5224 eis
776 5184 1012 5246 per_qu0_s
1035 5167 1469 5246 esgltonorandus'
1491 5167 1743 5246 intelligo,

138 5247 335 5317 scilicet
362 5255 423 5299 ut
455 5242 689 5317 Angelus
713 5237 934 5317 «ﬁlius
957 5237 1057 5294 Dei
1079 5239 1245 5317 Dens.
1447 5281 1451 5284 ρ

205 5315 287 5391 (ὁ)
318 5317 380 5372 lu
431 5311 761 5391 tino'codire
803 5311 1100 5391 Vatic.__s_ub
1141 5313 1320 5391 eodem
1361 5315 1583 5391 nomine.
1608 5315 1746 5391 Tum

140 5382 558 5444 in'recentiore
598 5384 812 5454 Retuig.
862 5382 930 5458 ad
974 5382 1183 5458 Tlteod.
1229 5384 1392 5441 Iacob
1435 5388 1504 5441 ad
1552 5388 1747 5458 Ioseph

141 5462 397 5531 disponit.
444 5460 723 5531 Sincerior
762 5465 846 5512 est
888 5455 1051 5531 lectio
1092 5465 1439 5514 cmterorum.
1493 5455 1747 5529 Subiecta

143 5527 285 5589 enim
321 5533 494 5588 verba
542 5527 944 5585 Deuteronomii
987 5537 1144 5601 sunt;
1189 5531 1434 5601 quamvis
1478 5532 1543 5587 ad
1582 5527 1748 5588 bene—

141 5606 440 5662 dictionem
465 5601 634 5658 Jacob
658 5602 795 5658 Gen.
825 5614 976 5665 χιιι,
1004 5597 1096 5665 26,
1124 5597 1387 5659 alludant.
1590 5638 1593 5641 η

209 5677 284 5747 (ε)
316 5675 402 5731 lta
426 5688 557 5729 mss.
584 5673 655 5747 ᾼι
683 5671 837 5747 editi,
860 5671 1212 5747 Angelusucsg
1212 5676 1301 5745 qui
1324 5677 1387 5730 de
1402 5678 1547 5733 rubo.
1582 5675 1671 5735 Sic
1693 5685 1749 5733 et

143 5743 476 5806 Ambrosius
503 5748 558 5801 in
602 5744 746 5802 Psal.
782 5759 932 5807 mu,
966 5758 1022 5797 ιι.
1054 5743 1142 5810 15,
1175 5743 1367 5802 Filium
1407 5750 1459 5804 in
1497 5750 1633 5805 rubo
1666 5748 1747 5803 vi-

143 5839 259 5877 sum
285 5820 463 5878 fuisse
489 5819 732 5885 declarat
757 5816 839 5873 his
871 5813 1052 5870 verbis
1076 5815 1248 5881 :Quis
1275 5829 1348 5874 est
1383 5820 1435 5875 in
1465 5821 1588 5876 rubo
1610 5822 1748 5876 visus

148 5893 343 5966 Moysi,
371 5884 474 5949 nisi
500 5884 868 5968 primogenittts
897 5885 992 5943 Dei
1031 5887 1192 5960 ﬁlius,
1224 5890 1313 5962 qui
1333 5892 1402 5951 ait
1437 5908 1455 5949 :
1491 5891 1605 5966 Ego
1634 5906 1748 5955 sum

1840 3383 1992 3439 illum
2040 3384 2329 3441 iit-naturae
2359 3384 2603 3455 ejusdem
2636 3387 2714 3458 (g)
2757 3397 2812 3443 et
2847 3388 3122 3459 dignitatis
3167 3406 3443 3463 nuncupa-

1844 3480 1993 3535 tione
2018 3478 2324 3535 constituit.

1910 3570 2018 3643 97
2031 3570 2119 3627 56.
2152 3569 2350 3627 Filium
2376 3571 2551 3628 Patris
2570 3573 2771 3646 qualem
2789 3572 2976 3629 Esaias
2998 3575 3444 3645 patefient—Vc-

1839 3681 1959 3721 rum
1977 3674 2049 3722 ἠε
2073 3666 2208 3723 forte
2239 3683 2302 3723 ex
2334 3684 2399 3724 eo
2420 3670 2583 3740 arripi
2615 3672 2789 3742 impia:
2819 3673 3138 3729 assertionis
3160 3676 3326 3744 possit
3347 3690 3443 3730 oc-

1841 3760 2007 3826 casio,
2030 3759 2170 3828 quod
2203 3761 2403 3816 dictum
2435 3772 2536 3826 est,
2573 3763 2832 3831 Quoniam
2863 3782 2953 3834 ego
2978 3782 3113 3831 sum,
3147 3777 3196 3820 et
3221 3777 3339 3822 ante
3364 3784 3447 3823 me

1840 3861 2036 3907 nonest
2064 3851 2205 3907 Deus
2225 3853 2381 3920 alius,
2402 3864 2447 3909 et
2470 3866 2582 3926 post
2610 3872 2689 3910 me
2710 3874 2808 3911 non
2832 3857 2925 3910 erit
2948 3855 3116 3924 (Esai,
3140 3874 3291 3926 thu,
3310 3860 3399 3933 10)
3426 3877 3441 3926 ;

1842 3956 2114 4020 tamquam
2148 3965 2243 4020 per
2291 3949 2343 4005 id
2386 3965 2493 4006 non
2546 3961 2598 4006 ct
2652 3950 2819 4007 Filius
2851 3951 2992 4009 Deus
3032 3955 3123 4021 sit,
3154 3954 3279 4025 quia
3326 3964 3448 4027 post

1844 4108 1938 4169 ait,
1968 4117 2022 4161 et
2055 4107 2216 4175 paulo
2246 4117 2388 4179 post,
2421 4108 2541 4175 quia
2567 4123 2632 4163 ex
2673 4105 2786 4164 Deo
2827 4118 2979 4163 natus
3014 4109 3226 4181 legitur,
3261 4123 3359 4180 pro
3385 4125 3449 4165 ea:

1846 4195 1904 4234 eo
1933 4187 2105 4235 natus.

1840 4384 1982 4463 Deus
2012 4395 2212 4463 patrum
2235 4397 2548 4463 uestrorum,
2584 4388 2725 4442 Deus
2754 4389 3035 4457 Abraham,
3081 4389 3223 4449 Deus
3261 4393 3448 4463 Isaac,

1842 4456 1984 4540 Dens
2012 4457 2196 4513 Jacob.
2222 4457 2351 4513 Ideo
2372 4476 2427 4514 se
2441 4460 2810 4540 demonstravit
2835 4464 3075 4540 [inmanis
3107 4456 3447 4540 adspectibus,

1843 4531 1965 4601 quia
1990 4539 2233 4585 venturus
2256 4541 2441 4586 eratut
2470 4532 2534 4587 ab
2564 4533 2798 4588 omnibus
2829 4535 3102 4591 videretur.

1920 4623 2000 4700 (ιι)
2036 4625 2094 4682 In
2142 4625 2324 4693 editis,
2352 4625 2616 4683 distinctio
2649 4629 2948 4685 :mendum
2994 4631 3138 4703 quod
3184 4634 3452 4707 castigant

1770 4704 1824 4764 1)
1850 4712 1981 4753 mss.

1925 4768 1994 4843 (c)
2024 4768 2174 4857 Lips.
2198 4779 2254 4827 et
2270 4770 2436 4857 Rara,
2448 4771 2708 4857 discernat
2731 4772 2953 4857 legentis.
2963 4774 3304 4857 intelligentia
3328 4795 3348 4833 :
3367 4795 3453 4834 re-

1854 4841 2178 4898 luctantibus
2233 4844 2352 4898 aliis
2407 4844 2573 4898 libris.
2635 4843 2709 4899 Ita
2773 4841 3155 4902 Tertullianus'
3188 4850 3454 4907 adversus

1853 4912 2113 4990 ljraxeatn
2140 4932 2194 4990 ιι.
2223 4914 2664 4990 l5,_An_tbrosius
2690 4916 2785 4971 lib.
2822 4917 2930 4990 ιΛιΙε
2951 4917 3081 4990 Fide
3107 4935 3156 4973 c.
3188 4919 3242 4985 5,
3277 4932 3330 4977 ει
3358 4922 3451 4979 alii

1854 4985 2047 5060 Patres
2084 4987 2136 5040 in
2169 4988 2272 5060 hoc
2322 4987 2625 5041 Psalmistm
2666 4990 2785 5043 loco
2828 4988 2963 5045 duos
3005 4985 3190 5060 aperte
3217 4993 3452 5049 diSCcrni

1854 5056 2169 5130 observant.
2200 5057 2560 5130 Luculentum
2590 5068 2672 5130 est
2715 5076 2823 5130 pru'
2853 5056 3067 5116 cat-teris
3108 5063 3235 5117 illud
3266 5063 3452 5121 lreuari

1855 5129 1955 5208 lib.
1991 5145 2068 5208 ιιι,
2119 5145 2169 5184 c.
2218 5129 2252 5185 6
2284 5129 2576 5201 :Utrosque
2619 5129 2725 5208 Dei
2757 5134 3103 5208 appellatione
3144 5135 3453 5208 signiﬁcavit

1855 5199 2095 5278 Spiritus
2120 5213 2349 5278 sanctus,
2383 5213 2437 5278 et
2475 5199 2706 5275 eumqui
2736 5199 2944 5278 ungitur
2988 5199 3214 5275 Filium;
3251 5199 3297 5263 et
3338 5224 3453 5264 eum

1850 5274 1940 5342 qui
1974 5274 2116 5344 ungit
2138 5313 2160 5346 ,
2187 5274 2243 5329 id
2270 5283 2365 5341 est,
2397 5274 2628 5344 Patrem.

1924 5362 1995 5436 (ί)
2042 5364 2182 5445 E_di_ti
2222 5374 2451 5445 excepto
2491 5367 2639 5445 Paul,
2671 5371 2758 5438 qui
2787 5370 2896 5445 sine
2924 5371 3283 5445 nativitateest
3313 5389 3332 5427 :
3362 5374 3451 5445 qui

1853 5445 2032 5492 tamen
2076 5436 2232 5505 infra,
2279 5439 2440 5507 p.57,
2472 5439 2541 5496 de
2580 5436 2741 5497 Patre
2785 5440 3006 5509 habent,
3039 5444 3124 5514 qui
3165 5443 3277 5497 sine
3304 5436 3452 5501 initio

1849 5518 2073 5564 aeternus
2096 5518 2189 5564 est.

1930 5600 2149 5682 (g)_V_at.
2179 5603 2294 5660 bas.
2322 5605 2516 5682 codex,
2551 5607 2604 5682 in
2642 5616 2839 5682 ualui-te
2868 5611 3099 5682 ejusdem
3126 5610 3377 5682 dignitate
3406 5622 3454 5667 et

1854 5673 2067 5749 Domini
2087 5680 2469 5749 nuncupatione
2489 5697 2507 5734 :
2531 5679 2706 5733 minus
2733 5673 2965 5734 siucei-e.
2994 5681 3068 5735 Ex
3096 5673 3205 5737 Ιιυιῖ
3220 5686 3453 5742 maxime

1855 5748 1975 5821 loco
2006 5756 2152 5821 patet
2175 5748 2334 5821 quam
2379 5750 2522 5821 apud
2562 5752 2819 5806 Hilarium
2852 5754 2957 5806 vim
2992 5753 3189 5810 habeat
3222 5758 3456 5813 voeabu-

1855 5818 1964 5903 lu_m
1991 5818 2279 5893 dignitatis,
2310 5818 2452 5896 quod
2479 5822 2761 5879 divinitatis
2786 5824 2907 5882 loco
2937 5825 3221 5885 manifeste
3245 5828 3330 5885 ltic
3360 5843 3456 5901 po-

1856 5903 2021 5954 nlllll‘.
