  <div class='ocr_page' id='page_1' title='image "/cluster/home/n/w/nwhite01/storage/ocr_20150623/10/hvd.32044015471279/067.png"; bbox 0 0 4040 6328; ppageno 0'>
   <div class='ocr_carea' id='block_1_1' title="bbox 630 307 736 363">
    <p class='ocr_par' dir='ltr' id='par_1_1' title="bbox 630 307 736 363">
     <span class='ocr_line' id='line_1_1' title="bbox 630 307 736 363; baseline -0.009 0"><span class='ocrx_word' id='word_1_1' title='bbox 630 307 736 363; x_wconf 65' lang='grc' dir='ltr'><strong>ηδ</strong></span> 
     </span>
    </p>
   </div>
   <div class='ocr_carea' id='block_1_2' title="bbox 1826 307 2709 368">
    <p class='ocr_par' dir='ltr' id='par_1_2' title="bbox 1826 307 2709 368">
     <span class='ocr_line' id='line_1_2' title="bbox 1826 307 2709 368; baseline -0.001 -3"><span class='ocrx_word' id='word_1_2' title='bbox 1826 308 2069 367; x_wconf 74' lang='lat' dir='ltr'><strong>SANCTI</strong></span> <span class='ocrx_word' id='word_1_3' title='bbox 2112 308 2363 366; x_wconf 76' lang='lat' dir='ltr'><strong>HILARII</strong></span> <span class='ocrx_word' id='word_1_4' title='bbox 2402 307 2709 368; x_wconf 80' lang='lat' dir='ltr'><strong>EPISCOPI</strong></span> 
     </span>
    </p>
   </div>
   <div class='ocr_carea' id='block_1_3' title="bbox 3754 322 3823 377">
    <p class='ocr_par' dir='ltr' id='par_1_3' title="bbox 3754 322 3823 377">
     <span class='ocr_line' id='line_1_3' title="bbox 3754 322 3823 377; baseline 0 -1"><span class='ocrx_word' id='word_1_5' title='bbox 3754 322 3823 377; x_wconf 70' lang='grc' dir='ltr'><strong>ιιι</strong></span> 
     </span>
    </p>
   </div>
   <div class='ocr_carea' id='block_1_4' title="bbox 630 422 3825 495">
    <p class='ocr_par' dir='ltr' id='par_1_4' title="bbox 630 422 3825 495">
     <span class='ocr_line' id='line_1_4' title="bbox 630 422 3825 495; baseline 0.002 -13"><span class='ocrx_word' id='word_1_6' title='bbox 630 423 801 487; x_wconf 90' lang='lat' dir='ltr'><strong>Deum</strong></span> <span class='ocrx_word' id='word_1_7' title='bbox 826 466 843 493; x_wconf 92' lang='lat'><strong>,</strong></span> <span class='ocrx_word' id='word_1_8' title='bbox 893 431 1019 480; x_wconf 99' lang='lat' dir='ltr'><strong>ante</strong></span> <span class='ocrx_word' id='word_1_9' title='bbox 1046 437 1203 495; x_wconf 85' lang='lat' dir='ltr'><strong>quem</strong></span> <span class='ocrx_word' id='word_1_10' title='bbox 1242 422 1385 483; x_wconf 87' lang='lat' dir='ltr'><strong>Deus</strong></span> <span class='ocrx_word' id='word_1_11' title='bbox 1428 423 1610 478; x_wconf 88' lang='lat' dir='ltr'><strong>nullus</strong></span> <span class='ocrx_word' id='word_1_12' title='bbox 1659 423 1751 491; x_wconf 90' lang='lat' dir='ltr'><strong>sit,</strong></span> <span class='ocrx_word' id='word_1_13' title='bbox 1799 425 1977 480; x_wconf 84' lang='lat' dir='ltr'><strong>nullus</strong></span> <span class='ocrx_word' id='word_1_14' title='bbox 2013 438 2227 495; x_wconf 89' lang='lat' dir='ltr'><strong>quoque</strong></span> <span class='ocrx_word' id='word_1_15' title='bbox 2253 428 2301 487; x_wconf 74' lang='grc' dir='ltr'><strong>Α</strong></span> <span class='ocrx_word' id='word_1_16' title='bbox 2334 423 2597 494; x_wconf 79' lang='lat' dir='ltr'><strong>professio</strong></span> <span class='ocrx_word' id='word_1_17' title='bbox 2613 432 2716 480; x_wconf 91' lang='lat' dir='ltr'><strong>est.</strong></span> <span class='ocrx_word' id='word_1_18' title='bbox 2736 424 2826 479; x_wconf 84' lang='lat' dir='ltr'><strong>Ait</strong></span> <span class='ocrx_word' id='word_1_19' title='bbox 2839 437 3108 495; x_wconf 80' lang='lat' dir='ltr'><strong>namque:</strong></span> <span class='ocrx_word' id='word_1_20' title='bbox 3139 423 3387 491; x_wconf 75' lang='lat' dir='ltr'><strong>Quoniam</strong></span> <span class='ocrx_word' id='word_1_21' title='bbox 3411 424 3480 479; x_wconf 89' lang='lat' dir='ltr'><strong>sic</strong></span> <span class='ocrx_word' id='word_1_22' title='bbox 3498 425 3609 481; x_wconf 82' lang='lat' dir='ltr'><strong>dicit</strong></span> <span class='ocrx_word' id='word_1_23' title='bbox 3639 427 3825 488; x_wconf 71' lang='lat' dir='ltr'><strong>Domum</strong></span> 
     </span>
    </p>
   </div>
   <div class='ocr_carea' id='block_1_5' title="bbox 627 513 2228 589">
    <p class='ocr_par' dir='ltr' id='par_1_5' title="bbox 627 513 2228 589">
     <span class='ocr_line' id='line_1_5' title="bbox 627 513 2228 589; baseline -0.001 -17"><span class='ocrx_word' id='word_1_24' title='bbox 627 525 815 589; x_wconf 86' lang='lat' dir='ltr'><strong>postea</strong></span> <span class='ocrx_word' id='word_1_25' title='bbox 844 515 986 573; x_wconf 88' lang='lat' dir='ltr'><strong>Deus</strong></span> <span class='ocrx_word' id='word_1_26' title='bbox 1013 513 1223 570; x_wconf 83' lang='lat' dir='ltr'><strong>futurus</strong></span> <span class='ocrx_word' id='word_1_27' title='bbox 1253 516 1361 570; x_wconf 90' lang='lat' dir='ltr'><strong>sit:</strong></span> <span class='ocrx_word' id='word_1_28' title='bbox 1392 515 1554 572; x_wconf 91' lang='lat' dir='ltr'><strong>totius</strong></span> <span class='ocrx_word' id='word_1_29' title='bbox 1584 514 1656 571; x_wconf 90' lang='lat' dir='ltr'><strong>ob</strong></span> <span class='ocrx_word' id='word_1_30' title='bbox 1689 515 1740 570; x_wconf 93' lang='lat' dir='ltr'><strong>id</strong></span> <span class='ocrx_word' id='word_1_31' title='bbox 1772 515 1900 573; x_wconf 89' lang='lat' dir='ltr'><strong>dicti</strong></span> <span class='ocrx_word' id='word_1_32' title='bbox 1925 517 2061 575; x_wconf 87' lang='lat' dir='ltr'><strong>ratio</strong></span> <span class='ocrx_word' id='word_1_33' title='bbox 2088 524 2228 572; x_wconf 85' lang='lat' dir='ltr'><strong>trac-</strong></span> 
     </span>
    </p>
   </div>
   <div class='ocr_carea' id='block_1_6' title="bbox 629 607 2229 678">
    <p class='ocr_par' dir='ltr' id='par_1_6' title="bbox 629 607 2229 678">
     <span class='ocr_line' id='line_1_6' title="bbox 629 607 2229 678; baseline -0.001 -12"><span class='ocrx_word' id='word_1_34' title='bbox 629 608 788 666; x_wconf 87' lang='lat' dir='ltr'><strong>tanda</strong></span> <span class='ocrx_word' id='word_1_35' title='bbox 812 618 916 664; x_wconf 91' lang='lat' dir='ltr'><strong>est.</strong></span> <span class='ocrx_word' id='word_1_36' title='bbox 970 608 1110 664; x_wconf 85' lang='lat' dir='ltr'><strong>Deus</strong></span> <span class='ocrx_word' id='word_1_37' title='bbox 1138 607 1254 678; x_wconf 87' lang='lat' dir='ltr'><strong>ipse</strong></span> <span class='ocrx_word' id='word_1_38' title='bbox 1280 610 1548 665; x_wconf 84' lang='lat' dir='ltr'><strong>sermonis</strong></span> <span class='ocrx_word' id='word_1_39' title='bbox 1577 609 1660 664; x_wconf 89' lang='lat' dir='ltr'><strong>sui</strong></span> <span class='ocrx_word' id='word_1_40' title='bbox 1698 610 1851 665; x_wconf 88' lang='lat' dir='ltr'><strong>testis</strong></span> <span class='ocrx_word' id='word_1_41' title='bbox 1894 620 2010 676; x_wconf 87' lang='lat' dir='ltr'><strong>est,</strong></span> <span class='ocrx_word' id='word_1_42' title='bbox 2042 609 2136 665; x_wconf 89' lang='lat' dir='ltr'><strong>sed</strong></span> <span class='ocrx_word' id='word_1_43' title='bbox 2173 619 2229 665; x_wconf 91' lang='lat' dir='ltr'><strong>et</strong></span> 
     </span>
    </p>
   </div>
   <div class='ocr_carea' id='block_1_7' title="bbox 629 701 2229 772">
    <p class='ocr_par' dir='ltr' id='par_1_7' title="bbox 629 701 2229 772">
     <span class='ocr_line' id='line_1_7' title="bbox 629 701 2229 772; baseline -0.001 -13"><span class='ocrx_word' id='word_1_44' title='bbox 629 718 761 772; x_wconf 88' lang='lat' dir='ltr'><strong>puer</strong></span> <span class='ocrx_word' id='word_1_45' title='bbox 790 702 907 772; x_wconf 87' lang='lat' dir='ltr'><strong>ejus</strong></span> <span class='ocrx_word' id='word_1_46' title='bbox 930 701 1141 758; x_wconf 89' lang='lat' dir='ltr'><strong>electus</strong></span> <span class='ocrx_word' id='word_1_47' title='bbox 1171 717 1279 758; x_wconf 86' lang='lat' dir='ltr'><strong>una</strong></span> <span class='ocrx_word' id='word_1_48' title='bbox 1310 717 1433 757; x_wconf 88' lang='lat' dir='ltr'><strong>cum</strong></span> <span class='ocrx_word' id='word_1_49' title='bbox 1479 717 1544 759; x_wconf 88' lang='lat' dir='ltr'><strong>eo</strong></span> <span class='ocrx_word' id='word_1_50' title='bbox 1577 704 1726 758; x_wconf 85' lang='lat' dir='ltr'><strong>testis</strong></span> <span class='ocrx_word' id='word_1_51' title='bbox 1760 714 1873 769; x_wconf 86' lang='lat' dir='ltr'><strong>est,</strong></span> <span class='ocrx_word' id='word_1_52' title='bbox 1910 704 2074 758; x_wconf 86' lang='lat' dir='ltr'><strong>Deum</strong></span> <span class='ocrx_word' id='word_1_53' title='bbox 2102 712 2229 758; x_wconf 89' lang='lat' dir='ltr'><strong>ante</strong></span> 
     </span>
    </p>
   </div>
   <div class='ocr_carea' id='block_1_8' title="bbox 627 792 2231 867">
    <p class='ocr_par' dir='ltr' id='par_1_8' title="bbox 627 792 2231 867">
     <span class='ocr_line' id='line_1_8' title="bbox 627 792 2231 867; baseline 0 -17"><span class='ocrx_word' id='word_1_54' title='bbox 627 809 686 850; x_wconf 85' lang='lat' dir='ltr'><strong>se</strong></span> <span class='ocrx_word' id='word_1_55' title='bbox 714 809 818 848; x_wconf 88' lang='lat' dir='ltr'><strong>non</strong></span> <span class='ocrx_word' id='word_1_56' title='bbox 850 809 992 861; x_wconf 88' lang='lat' dir='ltr'><strong>esse,</strong></span> <span class='ocrx_word' id='word_1_57' title='bbox 1026 809 1202 867; x_wconf 87' lang='lat' dir='ltr'><strong>neque</strong></span> <span class='ocrx_word' id='word_1_58' title='bbox 1234 804 1355 863; x_wconf 90' lang='lat' dir='ltr'><strong>post</strong></span> <span class='ocrx_word' id='word_1_59' title='bbox 1404 792 1463 851; x_wconf 87' lang='lat' dir='ltr'><strong>se</strong></span> <span class='ocrx_word' id='word_1_60' title='bbox 1495 796 1749 851; x_wconf 88' lang='lat' dir='ltr'><strong>luturutn.</strong></span> <span class='ocrx_word' id='word_1_61' title='bbox 1797 794 2084 851; x_wconf 78' lang='lat' dir='ltr'><strong>Sufﬁciens</strong></span> <span class='ocrx_word' id='word_1_62' title='bbox 2112 797 2231 867; x_wconf 87' lang='lat' dir='ltr'><strong>qui-</strong></span> 
     </span>
    </p>
   </div>
   <div class='ocr_carea' id='block_1_9' title="bbox 626 890 2227 960">
    <p class='ocr_par' dir='ltr' id='par_1_9' title="bbox 626 890 2227 960">
     <span class='ocr_line' id='line_1_9' title="bbox 626 890 2227 960; baseline -0.002 -16"><span class='ocrx_word' id='word_1_63' title='bbox 626 891 747 947; x_wconf 85' lang='lat' dir='ltr'><strong>dem</strong></span> <span class='ocrx_word' id='word_1_64' title='bbox 780 890 878 947; x_wconf 85' lang='lat' dir='ltr'><strong>sibi</strong></span> <span class='ocrx_word' id='word_1_65' title='bbox 935 890 1050 960; x_wconf 68' lang='lat' dir='ltr'><strong>ipse</strong></span> <span class='ocrx_word' id='word_1_66' title='bbox 1094 890 1245 947; x_wconf 88' lang='lat' dir='ltr'><strong>testis</strong></span> <span class='ocrx_word' id='word_1_67' title='bbox 1271 898 1355 945; x_wconf 55' lang='lat' dir='ltr'><strong>est</strong></span> <span class='ocrx_word' id='word_1_68' title='bbox 1380 912 1392 943; x_wconf 82' lang='lat'><strong>:</strong></span> <span class='ocrx_word' id='word_1_69' title='bbox 1419 890 1512 945; x_wconf 87' lang='lat' dir='ltr'><strong>sed</strong></span> <span class='ocrx_word' id='word_1_70' title='bbox 1555 890 1858 945; x_wconf 89' lang='lat' dir='ltr'><strong>testimonio</strong></span> <span class='ocrx_word' id='word_1_71' title='bbox 1888 890 1955 945; x_wconf 86' lang='lat' dir='ltr'><strong>de</strong></span> <span class='ocrx_word' id='word_1_72' title='bbox 2003 905 2062 945; x_wconf 84' lang='lat' dir='ltr'><strong>se</strong></span> <span class='ocrx_word' id='word_1_73' title='bbox 2093 906 2191 945; x_wconf 89' lang='lat' dir='ltr'><strong>suo</strong></span> <span class='ocrx_word' id='word_1_74' title='bbox 2212 930 2227 954; x_wconf 91' lang='lat'><strong>,</strong></span> 
     </span>
    </p>
   </div>
   <div class='ocr_carea' id='block_1_10' title="bbox 629 983 2230 1056">
    <p class='ocr_par' dir='ltr' id='par_1_10' title="bbox 629 983 2230 1056">
     <span class='ocr_line' id='line_1_10' title="bbox 629 983 2230 1056; baseline 0.001 -17"><span class='ocrx_word' id='word_1_75' title='bbox 629 985 993 1039; x_wconf 75' lang='lat' dir='ltr'><strong>testimonium</strong></span> <span class='ocrx_word' id='word_1_76' title='bbox 1023 986 1171 1055; x_wconf 86' lang='lat' dir='ltr'><strong>pueri</strong></span> <span class='ocrx_word' id='word_1_77' title='bbox 1194 1000 1352 1054; x_wconf 84' lang='lat' dir='ltr'><strong>quem</strong></span> <span class='ocrx_word' id='word_1_78' title='bbox 1384 984 1545 1055; x_wconf 80' lang='lat' dir='ltr'><strong>elegit</strong></span> <span class='ocrx_word' id='word_1_79' title='bbox 1571 983 1873 1040; x_wconf 81' lang='lat' dir='ltr'><strong>admiscuit.</strong></span> <span class='ocrx_word' id='word_1_80' title='bbox 1904 984 2077 1039; x_wconf 90' lang='lat' dir='ltr'><strong>Unum</strong></span> <span class='ocrx_word' id='word_1_81' title='bbox 2100 1000 2230 1056; x_wconf 77' lang='lat' dir='ltr'><strong>ergo</strong></span> 
     </span>
    </p>
   </div>
   <div class='ocr_carea' id='block_1_11' title="bbox 627 1076 2231 1145">
    <p class='ocr_par' dir='ltr' id='par_1_11' title="bbox 627 1076 2231 1145">
     <span class='ocr_line' id='line_1_11' title="bbox 627 1076 2231 1145; baseline -0.001 -11"><span class='ocrx_word' id='word_1_82' title='bbox 627 1076 791 1134; x_wconf 89' lang='lat' dir='ltr'><strong>duutn</strong></span> <span class='ocrx_word' id='word_1_83' title='bbox 825 1077 1191 1134; x_wconf 88' lang='lat' dir='ltr'><strong>testimonium</strong></span> <span class='ocrx_word' id='word_1_84' title='bbox 1216 1087 1318 1145; x_wconf 88' lang='lat' dir='ltr'><strong>est,</strong></span> <span class='ocrx_word' id='word_1_85' title='bbox 1350 1077 1555 1133; x_wconf 88' lang='lat' dir='ltr'><strong>nullum</strong></span> <span class='ocrx_word' id='word_1_86' title='bbox 1576 1086 1701 1133; x_wconf 87' lang='lat' dir='ltr'><strong>ante</strong></span> <span class='ocrx_word' id='word_1_87' title='bbox 1722 1092 1782 1133; x_wconf 89' lang='lat' dir='ltr'><strong>se</strong></span> <span class='ocrx_word' id='word_1_88' title='bbox 1813 1078 1978 1133; x_wconf 88' lang='lat' dir='ltr'><strong>Deum</strong></span> <span class='ocrx_word' id='word_1_89' title='bbox 1996 1091 2135 1143; x_wconf 66' lang='lat' dir='ltr'><strong>esse;</strong></span> <span class='ocrx_word' id='word_1_90' title='bbox 2164 1091 2231 1133; x_wconf 80' lang='lat' dir='ltr'><strong>ex</strong></span> 
     </span>
    </p>
   </div>
   <div class='ocr_carea' id='block_1_12' title="bbox 627 1170 2232 1242">
    <p class='ocr_par' dir='ltr' id='par_1_12' title="bbox 627 1170 2232 1242">
     <span class='ocr_line' id='line_1_12' title="bbox 627 1170 2232 1242; baseline -0.002 -15"><span class='ocrx_word' id='word_1_91' title='bbox 627 1186 696 1227; x_wconf 85' lang='lat' dir='ltr'><strong>eo</strong></span> <span class='ocrx_word' id='word_1_92' title='bbox 723 1173 865 1225; x_wconf 87' lang='lat' dir='ltr'><strong>enim</strong></span> <span class='ocrx_word' id='word_1_93' title='bbox 889 1171 1067 1226; x_wconf 86' lang='lat' dir='ltr'><strong>omnia</strong></span> <span class='ocrx_word' id='word_1_94' title='bbox 1098 1181 1221 1225; x_wconf 90' lang='lat' dir='ltr'><strong>sunt</strong></span> <span class='ocrx_word' id='word_1_95' title='bbox 1254 1188 1267 1224; x_wconf 88' lang='lat'><strong>:</strong></span> <span class='ocrx_word' id='word_1_96' title='bbox 1303 1186 1478 1242; x_wconf 87' lang='lat' dir='ltr'><strong>neque</strong></span> <span class='ocrx_word' id='word_1_97' title='bbox 1518 1180 1638 1239; x_wconf 81' lang='lat' dir='ltr'><strong>post</strong></span> <span class='ocrx_word' id='word_1_98' title='bbox 1668 1186 1726 1225; x_wconf 77' lang='lat' dir='ltr'><strong>se</strong></span> <span class='ocrx_word' id='word_1_99' title='bbox 1766 1171 1929 1225; x_wconf 85' lang='lat' dir='ltr'><strong>Deum</strong></span> <span class='ocrx_word' id='word_1_100' title='bbox 1962 1170 2232 1236; x_wconf 78' lang='lat' dir='ltr'><strong>futurum;</strong></span> 
     </span>
    </p>
   </div>
   <div class='ocr_carea' id='block_1_13' title="bbox 630 1263 2232 1335">
    <p class='ocr_par' dir='ltr' id='par_1_13' title="bbox 630 1263 2232 1335">
     <span class='ocr_line' id='line_1_13' title="bbox 630 1263 2232 1335; baseline -0.001 -15"><span class='ocrx_word' id='word_1_101' title='bbox 630 1280 737 1320; x_wconf 86' lang='lat' dir='ltr'><strong>non</strong></span> <span class='ocrx_word' id='word_1_102' title='bbox 778 1265 962 1335; x_wconf 85' lang='lat' dir='ltr'><strong>utique</strong></span> <span class='ocrx_word' id='word_1_103' title='bbox 990 1280 1053 1319; x_wconf 77' lang='lat' dir='ltr'><strong>ex</strong></span> <span class='ocrx_word' id='word_1_104' title='bbox 1097 1279 1156 1320; x_wconf 87' lang='lat' dir='ltr'><strong>se</strong></span> <span class='ocrx_word' id='word_1_105' title='bbox 1184 1280 1288 1319; x_wconf 86' lang='lat' dir='ltr'><strong>non</strong></span> <span class='ocrx_word' id='word_1_106' title='bbox 1325 1263 1511 1319; x_wconf 80' lang='lat' dir='ltr'><strong>fuisse.</strong></span> <span class='ocrx_word' id='word_1_107' title='bbox 1548 1263 1678 1319; x_wconf 84' lang='lat' dir='ltr'><strong>Erat</strong></span> <span class='ocrx_word' id='word_1_108' title='bbox 1704 1264 1847 1318; x_wconf 88' lang='lat' dir='ltr'><strong>enim</strong></span> <span class='ocrx_word' id='word_1_109' title='bbox 1884 1263 1997 1334; x_wconf 87' lang='lat' dir='ltr'><strong>jam</strong></span> <span class='ocrx_word' id='word_1_110' title='bbox 2023 1280 2154 1333; x_wconf 83' lang='lat' dir='ltr'><strong>puer</strong></span> <span class='ocrx_word' id='word_1_111' title='bbox 2178 1264 2232 1318; x_wconf 90' lang='lat' dir='ltr'><strong>in</strong></span> 
     </span>
    </p>
   </div>
   <div class='ocr_carea' id='block_1_14' title="bbox 630 1355 2230 1428">
    <p class='ocr_par' dir='ltr' id='par_1_14' title="bbox 630 1355 2230 1428">
     <span class='ocr_line' id='line_1_14' title="bbox 630 1355 2230 1428; baseline 0.001 -17"><span class='ocrx_word' id='word_1_112' title='bbox 630 1355 939 1412; x_wconf 80' lang='lat' dir='ltr'><strong>testimonio</strong></span> <span class='ocrx_word' id='word_1_113' title='bbox 971 1357 1143 1412; x_wconf 85' lang='lat' dir='ltr'><strong>Patris</strong></span> <span class='ocrx_word' id='word_1_114' title='bbox 1173 1359 1286 1413; x_wconf 80' lang='lat' dir='ltr'><strong>hu-c</strong></span> <span class='ocrx_word' id='word_1_115' title='bbox 1318 1357 1565 1427; x_wconf 88' lang='lat' dir='ltr'><strong>loquens,</strong></span> <span class='ocrx_word' id='word_1_116' title='bbox 1598 1373 1732 1428; x_wconf 89' lang='lat' dir='ltr'><strong>puer</strong></span> <span class='ocrx_word' id='word_1_117' title='bbox 1758 1355 1812 1411; x_wconf 89' lang='lat' dir='ltr'><strong>in</strong></span> <span class='ocrx_word' id='word_1_118' title='bbox 1848 1357 1987 1412; x_wconf 87' lang='lat' dir='ltr'><strong>tribu</strong></span> <span class='ocrx_word' id='word_1_119' title='bbox 2022 1372 2086 1412; x_wconf 78' lang='lat' dir='ltr'><strong>ex</strong></span> <span class='ocrx_word' id='word_1_120' title='bbox 2128 1373 2230 1425; x_wconf 89' lang='lat' dir='ltr'><strong>qua</strong></span> 
     </span>
    </p>
   </div>
   <div class='ocr_carea' id='block_1_15' title="bbox 629 1448 2230 1522">
    <p class='ocr_par' dir='ltr' id='par_1_15' title="bbox 629 1448 2230 1522">
     <span class='ocr_line' id='line_1_15' title="bbox 629 1448 2230 1522; baseline 0.004 -23"><span class='ocrx_word' id='word_1_121' title='bbox 629 1449 772 1521; x_wconf 75' lang='lat' dir='ltr'><strong>gigni</strong></span> <span class='ocrx_word' id='word_1_122' title='bbox 825 1448 1053 1503; x_wconf 80' lang='lat' dir='ltr'><strong>habebat</strong></span> <span class='ocrx_word' id='word_1_123' title='bbox 1092 1450 1318 1505; x_wconf 86' lang='lat' dir='ltr'><strong>electus.</strong></span> <span class='ocrx_word' id='word_1_124' title='bbox 1348 1449 1584 1520; x_wconf 88' lang='lat' dir='ltr'><strong>Idipsum</strong></span> <span class='ocrx_word' id='word_1_125' title='bbox 1625 1450 1695 1504; x_wconf 85' lang='lat' dir='ltr'><strong>ita</strong></span> <span class='ocrx_word' id='word_1_126' title='bbox 1719 1449 1771 1504; x_wconf 89' lang='lat' dir='ltr'><strong>in</strong></span> <span class='ocrx_word' id='word_1_127' title='bbox 1803 1450 2106 1522; x_wconf 74' lang='lat' dir='ltr'><strong>Evangeliis</strong></span> <span class='ocrx_word' id='word_1_128' title='bbox 2132 1450 2230 1505; x_wconf 86' lang='lat' dir='ltr'><strong>de-</strong></span> 
     </span>
    </p>
   </div>
   <div class='ocr_carea' id='block_1_16' title="bbox 634 1541 2235 1613">
    <p class='ocr_par' dir='ltr' id='par_1_16' title="bbox 634 1541 2235 1613">
     <span class='ocr_line' id='line_1_16' title="bbox 634 1541 2235 1613; baseline 0 -17"><span class='ocrx_word' id='word_1_129' title='bbox 634 1550 943 1599; x_wconf 75' lang='lat' dir='ltr'><strong>monstrat:</strong></span> <span class='ocrx_word' id='word_1_130' title='bbox 984 1541 1121 1596; x_wconf 84' lang='lat' dir='ltr'><strong>Ecce</strong></span> <span class='ocrx_word' id='word_1_131' title='bbox 1177 1559 1308 1612; x_wconf 76' lang='lat' dir='ltr'><strong>puer</strong></span> <span class='ocrx_word' id='word_1_132' title='bbox 1357 1557 1508 1597; x_wconf 88' lang='lat' dir='ltr'><strong>mens</strong></span> <span class='ocrx_word' id='word_1_133' title='bbox 1564 1558 1724 1613; x_wconf 88' lang='lat' dir='ltr'><strong>quem</strong></span> <span class='ocrx_word' id='word_1_134' title='bbox 1777 1543 1952 1613; x_wconf 78' lang='lat' dir='ltr'><strong>elegi,</strong></span> <span class='ocrx_word' id='word_1_135' title='bbox 2005 1541 2235 1598; x_wconf 88' lang='lat' dir='ltr'><strong>dilectus</strong></span> 
     </span>
    </p>
   </div>
   <div class='ocr_carea' id='block_1_17' title="bbox 630 1634 2232 1708">
    <p class='ocr_par' dir='ltr' id='par_1_17' title="bbox 630 1634 2232 1708">
     <span class='ocr_line' id='line_1_17' title="bbox 630 1634 2232 1708; baseline 0.002 -19"><span class='ocrx_word' id='word_1_136' title='bbox 630 1649 805 1701; x_wconf 84' lang='lat' dir='ltr'><strong>meus,</strong></span> <span class='ocrx_word' id='word_1_137' title='bbox 839 1635 890 1688; x_wconf 91' lang='lat' dir='ltr'><strong>in</strong></span> <span class='ocrx_word' id='word_1_138' title='bbox 933 1650 1038 1701; x_wconf 90' lang='lat' dir='ltr'><strong>quo</strong></span> <span class='ocrx_word' id='word_1_139' title='bbox 1082 1634 1504 1707; x_wconf 59' lang='lat' dir='ltr'><strong>cnn‘tplacuitU)</strong></span> <span class='ocrx_word' id='word_1_140' title='bbox 1528 1636 1704 1690; x_wconf 87' lang='lat' dir='ltr'><strong>anima</strong></span> <span class='ocrx_word' id='word_1_141' title='bbox 1747 1651 1865 1691; x_wconf 89' lang='lat' dir='ltr'><strong>mea</strong></span> <span class='ocrx_word' id='word_1_142' title='bbox 1894 1635 2106 1708; x_wconf 80' lang='lat' dir='ltr'><strong>(Matth.</strong></span> <span class='ocrx_word' id='word_1_143' title='bbox 2137 1652 2232 1703; x_wconf 76' lang='lat' dir='ltr'><strong>stt,</strong></span> 
     </span>
    </p>
   </div>
   <div class='ocr_carea' id='block_1_18' title="bbox 633 1726 2232 1799">
    <p class='ocr_par' dir='ltr' id='par_1_18' title="bbox 633 1726 2232 1799">
     <span class='ocr_line' id='line_1_18' title="bbox 633 1726 2232 1799; baseline 0.001 -17"><span class='ocrx_word' id='word_1_144' title='bbox 633 1727 744 1799; x_wconf 82' lang='grc'><strong>18).</strong></span> <span class='ocrx_word' id='word_1_145' title='bbox 778 1726 893 1783; x_wconf 83' lang='grc' dir='ltr'><strong>Νυη</strong></span> <span class='ocrx_word' id='word_1_146' title='bbox 923 1739 1004 1783; x_wconf 92' lang='lat' dir='ltr'><strong>est</strong></span> <span class='ocrx_word' id='word_1_147' title='bbox 1027 1744 1154 1799; x_wconf 83' lang='lat' dir='ltr'><strong>ergo</strong></span> <span class='ocrx_word' id='word_1_148' title='bbox 1175 1738 1300 1783; x_wconf 90' lang='lat' dir='ltr'><strong>ante</strong></span> <span class='ocrx_word' id='word_1_149' title='bbox 1333 1743 1417 1783; x_wconf 90' lang='lat' dir='ltr'><strong>me</strong></span> <span class='ocrx_word' id='word_1_150' title='bbox 1445 1728 1582 1783; x_wconf 88' lang='lat' dir='ltr'><strong>alius</strong></span> <span class='ocrx_word' id='word_1_151' title='bbox 1603 1729 1763 1791; x_wconf 82' lang='lat' dir='ltr'><strong>Deus.</strong></span> <span class='ocrx_word' id='word_1_152' title='bbox 1793 1738 1847 1784; x_wconf 90' lang='lat' dir='ltr'><strong>et</strong></span> <span class='ocrx_word' id='word_1_153' title='bbox 1873 1740 1988 1797; x_wconf 88' lang='lat' dir='ltr'><strong>post</strong></span> <span class='ocrx_word' id='word_1_154' title='bbox 2015 1744 2101 1784; x_wconf 90' lang='lat' dir='ltr'><strong>me</strong></span> <span class='ocrx_word' id='word_1_155' title='bbox 2127 1746 2232 1785; x_wconf 90' lang='lat' dir='ltr'><strong>non</strong></span> 
     </span>
    </p>
   </div>
   <div class='ocr_carea' id='block_1_19' title="bbox 631 1821 2229 1878">
    <p class='ocr_par' dir='ltr' id='par_1_19' title="bbox 631 1821 2229 1878">
     <span class='ocr_line' id='line_1_19' title="bbox 631 1821 2229 1878; baseline 0 -2"><span class='ocrx_word' id='word_1_156' title='bbox 631 1822 735 1876; x_wconf 84' lang='lat' dir='ltr'><strong>erit</strong></span> <span class='ocrx_word' id='word_1_157' title='bbox 761 1838 774 1875; x_wconf 92' lang='lat'><strong>:</strong></span> <span class='ocrx_word' id='word_1_158' title='bbox 802 1830 1019 1875; x_wconf 63' lang='lat' dir='ltr'><strong>acterna:</strong></span> <span class='ocrx_word' id='word_1_159' title='bbox 1063 1821 1311 1876; x_wconf 75' lang='lat' dir='ltr'><strong>videlicet</strong></span> <span class='ocrx_word' id='word_1_160' title='bbox 1340 1830 1395 1877; x_wconf 84' lang='lat' dir='ltr'><strong>et</strong></span> <span class='ocrx_word' id='word_1_161' title='bbox 1439 1822 1838 1877; x_wconf 85' lang='lat' dir='ltr'><strong>indetuutabilis</strong></span> <span class='ocrx_word' id='word_1_162' title='bbox 1868 1822 2082 1877; x_wconf 79' lang='lat' dir='ltr'><strong>virtutis</strong></span> <span class='ocrx_word' id='word_1_163' title='bbox 2109 1822 2229 1878; x_wconf 80' lang='lat' dir='ltr'><strong>inﬁ-</strong></span> 
     </span>
    </p>
   </div>
   <div class='ocr_carea' id='block_1_20' title="bbox 630 1914 2238 1990">
    <p class='ocr_par' dir='ltr' id='par_1_20' title="bbox 630 1914 2238 1990">
     <span class='ocr_line' id='line_1_20' title="bbox 630 1914 2238 1990; baseline 0 -19"><span class='ocrx_word' id='word_1_164' title='bbox 630 1917 851 1971; x_wconf 82' lang='lat' dir='ltr'><strong>nitatem</strong></span> <span class='ocrx_word' id='word_1_165' title='bbox 876 1914 928 1969; x_wconf 91' lang='lat' dir='ltr'><strong>in</strong></span> <span class='ocrx_word' id='word_1_166' title='bbox 959 1931 1044 1981; x_wconf 89' lang='lat' dir='ltr'><strong>eo,</strong></span> <span class='ocrx_word' id='word_1_167' title='bbox 1079 1916 1221 1987; x_wconf 86' lang='lat' dir='ltr'><strong>quod</strong></span> <span class='ocrx_word' id='word_1_168' title='bbox 1241 1927 1364 1973; x_wconf 91' lang='lat' dir='ltr'><strong>ante</strong></span> <span class='ocrx_word' id='word_1_169' title='bbox 1386 1924 1440 1971; x_wconf 91' lang='lat' dir='ltr'><strong>et</strong></span> <span class='ocrx_word' id='word_1_170' title='bbox 1465 1926 1649 1987; x_wconf 76' lang='lat' dir='ltr'><strong>postea</strong></span> <span class='ocrx_word' id='word_1_171' title='bbox 1694 1918 1832 1973; x_wconf 85' lang='lat' dir='ltr'><strong>Deus</strong></span> <span class='ocrx_word' id='word_1_172' title='bbox 1855 1927 2051 1990; x_wconf 63' lang='lat' dir='ltr'><strong>praeter</strong></span> <span class='ocrx_word' id='word_1_173' title='bbox 2082 1932 2141 1973; x_wconf 87' lang='lat' dir='ltr'><strong>se</strong></span> <span class='ocrx_word' id='word_1_174' title='bbox 2167 1919 2238 1972; x_wconf 85' lang='lat' dir='ltr'><strong>sit</strong></span> 
     </span>
    </p>
   </div>
   <div class='ocr_carea' id='block_1_21' title="bbox 633 2010 2236 2083">
    <p class='ocr_par' dir='ltr' id='par_1_21' title="bbox 633 2010 2236 2083">
     <span class='ocr_line' id='line_1_21' title="bbox 633 2010 2236 2083; baseline 0.001 -17"><span class='ocrx_word' id='word_1_175' title='bbox 633 2012 833 2079; x_wconf 87' lang='lat' dir='ltr'><strong>nullus,</strong></span> <span class='ocrx_word' id='word_1_176' title='bbox 856 2010 1151 2073; x_wconf 79' lang='lat' dir='ltr'><strong>ostendens</strong></span> <span class='ocrx_word' id='word_1_177' title='bbox 1183 2029 1195 2065; x_wconf 90' lang='lat'><strong>:</strong></span> <span class='ocrx_word' id='word_1_178' title='bbox 1228 2027 1397 2083; x_wconf 86' lang='lat' dir='ltr'><strong>puero</strong></span> <span class='ocrx_word' id='word_1_179' title='bbox 1417 2024 1593 2068; x_wconf 88' lang='lat' dir='ltr'><strong>tamen</strong></span> <span class='ocrx_word' id='word_1_180' title='bbox 1622 2029 1741 2079; x_wconf 89' lang='lat' dir='ltr'><strong>suo,</strong></span> <span class='ocrx_word' id='word_1_181' title='bbox 1767 2021 1822 2068; x_wconf 87' lang='lat' dir='ltr'><strong>ut</strong></span> <span class='ocrx_word' id='word_1_182' title='bbox 1850 2015 1901 2069; x_wconf 91' lang='lat' dir='ltr'><strong>in</strong></span> <span class='ocrx_word' id='word_1_183' title='bbox 1929 2014 2236 2069; x_wconf 85' lang='lat' dir='ltr'><strong>testimonio</strong></span> 
     </span>
    </p>
   </div>
   <div class='ocr_carea' id='block_1_22' title="bbox 631 2106 1593 2174">
    <p class='ocr_par' dir='ltr' id='par_1_22' title="bbox 631 2106 1593 2174">
     <span class='ocr_line' id='line_1_22' title="bbox 631 2106 1593 2174; baseline -0.001 -13"><span class='ocrx_word' id='word_1_184' title='bbox 631 2118 750 2174; x_wconf 79' lang='lat' dir='ltr'><strong>suo,</strong></span> <span class='ocrx_word' id='word_1_185' title='bbox 778 2106 848 2160; x_wconf 89' lang='lat' dir='ltr'><strong>ita</strong></span> <span class='ocrx_word' id='word_1_186' title='bbox 875 2115 931 2161; x_wconf 90' lang='lat' dir='ltr'><strong>et</strong></span> <span class='ocrx_word' id='word_1_187' title='bbox 960 2108 1009 2160; x_wconf 90' lang='lat' dir='ltr'><strong>in</strong></span> <span class='ocrx_word' id='word_1_188' title='bbox 1040 2107 1281 2172; x_wconf 90' lang='lat' dir='ltr'><strong>nomine,</strong></span> <span class='ocrx_word' id='word_1_189' title='bbox 1308 2107 1593 2163; x_wconf 90' lang='lat' dir='ltr'><strong>collocato.</strong></span> 
     </span>
    </p>
   </div>
   <div class='ocr_carea' id='block_1_23' title="bbox 703 2199 2236 2271">
    <p class='ocr_par' dir='ltr' id='par_1_23' title="bbox 703 2199 2236 2271">
     <span class='ocr_line' id='line_1_23' title="bbox 703 2199 2236 2271; baseline 0.001 -16"><span class='ocrx_word' id='word_1_190' title='bbox 703 2201 794 2258; x_wconf 78' lang='lat'><strong>57.</strong></span> <span class='ocrx_word' id='word_1_191' title='bbox 830 2199 975 2256; x_wconf 73' lang='lat' dir='ltr'><strong>Osca:</strong></span> <span class='ocrx_word' id='word_1_192' title='bbox 996 2201 1137 2257; x_wconf 88' lang='lat' dir='ltr'><strong>locus</strong></span> <span class='ocrx_word' id='word_1_193' title='bbox 1175 2218 1269 2271; x_wconf 89' lang='lat' dir='ltr'><strong>pro</strong></span> <span class='ocrx_word' id='word_1_194' title='bbox 1299 2200 1423 2257; x_wconf 86' lang='lat' dir='ltr'><strong>Filii</strong></span> <span class='ocrx_word' id='word_1_195' title='bbox 1447 2202 1649 2258; x_wconf 83' lang='lat' dir='ltr'><strong>deitate.</strong></span> <span class='ocrx_word' id='word_1_196' title='bbox 1686 2200 1834 2257; x_wconf 87' lang='lat' dir='ltr'><strong>Patri</strong></span> <span class='ocrx_word' id='word_1_197' title='bbox 1856 2201 2055 2268; x_wconf 84' lang='lat' dir='ltr'><strong>nullus,</strong></span> <span class='ocrx_word' id='word_1_198' title='bbox 2095 2200 2236 2257; x_wconf 85' lang='lat' dir='ltr'><strong>Filio</strong></span> 
     </span>
    </p>
   </div>
   <div class='ocr_carea' id='block_1_24' title="bbox 633 2291 2234 2365">
    <p class='ocr_par' dir='ltr' id='par_1_24' title="bbox 633 2291 2234 2365">
     <span class='ocr_line' id='line_1_24' title="bbox 633 2291 2234 2365; baseline 0.002 -18"><span class='ocrx_word' id='word_1_199' title='bbox 633 2291 815 2361; x_wconf 83' lang='lat' dir='ltr'><strong>Pater,</strong></span> <span class='ocrx_word' id='word_1_200' title='bbox 854 2293 997 2349; x_wconf 86' lang='lat' dir='ltr'><strong>nobis</strong></span> <span class='ocrx_word' id='word_1_201' title='bbox 1028 2292 1186 2349; x_wconf 85' lang='lat' dir='ltr'><strong>Pater</strong></span> <span class='ocrx_word' id='word_1_202' title='bbox 1213 2303 1259 2349; x_wconf 77' lang='lat' dir='ltr'><strong>rt</strong></span> <span class='ocrx_word' id='word_1_203' title='bbox 1287 2293 1456 2350; x_wconf 83' lang='lat' dir='ltr'><strong>Filius</strong></span> <span class='ocrx_word' id='word_1_204' title='bbox 1482 2303 1556 2350; x_wconf 86' lang='lat' dir='ltr'><strong>est</strong></span> <span class='ocrx_word' id='word_1_205' title='bbox 1578 2293 1886 2351; x_wconf 83' lang='lat' dir='ltr'><strong>Deus.—Et</strong></span> <span class='ocrx_word' id='word_1_206' title='bbox 1931 2294 2033 2351; x_wconf 85' lang='lat' dir='ltr'><strong>hoc</strong></span> <span class='ocrx_word' id='word_1_207' title='bbox 2059 2294 2234 2365; x_wconf 87' lang='lat' dir='ltr'><strong>ipsum</strong></span> 
     </span>
    </p>
   </div>
   <div class='ocr_carea' id='block_1_25' title="bbox 630 2387 2235 2458">
    <p class='ocr_par' dir='ltr' id='par_1_25' title="bbox 630 2387 2235 2458">
     <span class='ocr_line' id='line_1_25' title="bbox 630 2387 2235 2458; baseline 0.001 -17"><span class='ocrx_word' id='word_1_208' title='bbox 630 2394 942 2457; x_wconf 85' lang='lat' dir='ltr'><strong>promptum</strong></span> <span class='ocrx_word' id='word_1_209' title='bbox 972 2397 1137 2443; x_wconf 80' lang='lat' dir='ltr'><strong>estex</strong></span> <span class='ocrx_word' id='word_1_210' title='bbox 1168 2402 1399 2458; x_wconf 82' lang='lat' dir='ltr'><strong>persona</strong></span> <span class='ocrx_word' id='word_1_211' title='bbox 1431 2388 1597 2456; x_wconf 86' lang='lat' dir='ltr'><strong>ipsius</strong></span> <span class='ocrx_word' id='word_1_212' title='bbox 1617 2387 1851 2443; x_wconf 87' lang='lat' dir='ltr'><strong>discere.</strong></span> <span class='ocrx_word' id='word_1_213' title='bbox 1875 2387 1964 2443; x_wconf 83' lang='lat' dir='ltr'><strong>Ait</strong></span> <span class='ocrx_word' id='word_1_214' title='bbox 1993 2388 2141 2443; x_wconf 89' lang='lat' dir='ltr'><strong>enim</strong></span> <span class='ocrx_word' id='word_1_215' title='bbox 2169 2387 2235 2442; x_wconf 84' lang='lat' dir='ltr'><strong>ad</strong></span> 
     </span>
    </p>
   </div>
   <div class='ocr_carea' id='block_1_26' title="bbox 631 2479 2239 2553">
    <p class='ocr_par' dir='ltr' id='par_1_26' title="bbox 631 2479 2239 2553">
     <span class='ocr_line' id='line_1_26' title="bbox 631 2479 2239 2553; baseline 0 -17"><span class='ocrx_word' id='word_1_216' title='bbox 631 2479 773 2536; x_wconf 85' lang='lat' dir='ltr'><strong>Osee</strong></span> <span class='ocrx_word' id='word_1_217' title='bbox 808 2481 1124 2552; x_wconf 82' lang='lat' dir='ltr'><strong>prophetam</strong></span> <span class='ocrx_word' id='word_1_218' title='bbox 1147 2523 1162 2547; x_wconf 89' lang='lat'><strong>,</strong></span> <span class='ocrx_word' id='word_1_219' title='bbox 1222 2479 1346 2535; x_wconf 83' lang='lat' dir='ltr'><strong>Non</strong></span> <span class='ocrx_word' id='word_1_220' title='bbox 1392 2497 1649 2553; x_wconf 86' lang='lat' dir='ltr'><strong>apponam</strong></span> <span class='ocrx_word' id='word_1_221' title='bbox 1689 2481 1858 2535; x_wconf 79' lang='lat' dir='ltr'><strong>adhuc</strong></span> <span class='ocrx_word' id='word_1_222' title='bbox 1909 2491 1963 2535; x_wconf 89' lang='lat' dir='ltr'><strong>ut</strong></span> <span class='ocrx_word' id='word_1_223' title='bbox 1993 2481 2239 2537; x_wconf 82' lang='lat' dir='ltr'><strong>miserear</strong></span> 
     </span>
    </p>
   </div>
   <div class='ocr_carea' id='block_1_27' title="bbox 633 2572 2238 2647">
    <p class='ocr_par' dir='ltr' id='par_1_27' title="bbox 633 2572 2238 2647">
     <span class='ocr_line' id='line_1_27' title="bbox 633 2572 2238 2647; baseline 0.002 -21"><span class='ocrx_word' id='word_1_224' title='bbox 633 2573 807 2627; x_wconf 86' lang='lat' dir='ltr'><strong>domui</strong></span> <span class='ocrx_word' id='word_1_225' title='bbox 838 2572 1033 2641; x_wconf 87' lang='lat' dir='ltr'><strong>Israel,</strong></span> <span class='ocrx_word' id='word_1_226' title='bbox 1076 2574 1165 2628; x_wconf 87' lang='lat' dir='ltr'><strong>sed</strong></span> <span class='ocrx_word' id='word_1_227' title='bbox 1192 2573 1325 2627; x_wconf 86' lang='lat' dir='ltr'><strong>enim</strong></span> <span class='ocrx_word' id='word_1_228' title='bbox 1355 2576 1629 2629; x_wconf 67' lang='lat' dir='ltr'><strong>aduersaris</strong></span> <span class='ocrx_word' id='word_1_229' title='bbox 1656 2572 1963 2628; x_wconf 81' lang='lat' dir='ltr'><strong>adversabor</strong></span> <span class='ocrx_word' id='word_1_230' title='bbox 1994 2576 2098 2629; x_wconf 86' lang='lat' dir='ltr'><strong>illis</strong></span> <span class='ocrx_word' id='word_1_231' title='bbox 2128 2591 2146 2630; x_wconf 92' lang='lat'><em>:</em></span> <span class='ocrx_word' id='word_1_232' title='bbox 2172 2576 2238 2647; x_wconf 80' lang='lat' dir='ltr'><strong>ﬁ-</strong></span> 
     </span>
    </p>
   </div>
   <div class='ocr_carea' id='block_1_28' title="bbox 635 2664 2237 2739">
    <p class='ocr_par' dir='ltr' id='par_1_28' title="bbox 635 2664 2237 2739">
     <span class='ocr_line' id='line_1_28' title="bbox 635 2664 2237 2739; baseline 0.002 -19"><span class='ocrx_word' id='word_1_233' title='bbox 635 2666 827 2720; x_wconf 88' lang='lat' dir='ltr'><strong>liorum</strong></span> <span class='ocrx_word' id='word_1_234' title='bbox 864 2676 1031 2721; x_wconf 87' lang='lat' dir='ltr'><strong>autem</strong></span> <span class='ocrx_word' id='word_1_235' title='bbox 1059 2664 1203 2719; x_wconf 82' lang='lat' dir='ltr'><strong>Juda</strong></span> <span class='ocrx_word' id='word_1_236' title='bbox 1232 2665 1541 2733; x_wconf 84' lang='lat' dir='ltr'><strong>miserebor,</strong></span> <span class='ocrx_word' id='word_1_237' title='bbox 1572 2675 1619 2721; x_wconf 87' lang='lat' dir='ltr'><strong>et</strong></span> <span class='ocrx_word' id='word_1_238' title='bbox 1644 2667 1810 2723; x_wconf 84' lang='lat' dir='ltr'><strong>salvos</strong></span> <span class='ocrx_word' id='word_1_239' title='bbox 1836 2684 1922 2723; x_wconf 90' lang='lat' dir='ltr'><strong>eos</strong></span> <span class='ocrx_word' id='word_1_240' title='bbox 1952 2668 2145 2739; x_wconf 72' lang='lat' dir='ltr'><strong>faciam</strong></span> <span class='ocrx_word' id='word_1_241' title='bbox 2182 2670 2237 2723; x_wconf 84' lang='lat' dir='ltr'><strong>iu</strong></span> 
     </span>
    </p>
   </div>
   <div class='ocr_carea' id='block_1_29' title="bbox 637 2759 2237 2833">
    <p class='ocr_par' dir='ltr' id='par_1_29' title="bbox 637 2759 2237 2833">
     <span class='ocr_line' id='line_1_29' title="bbox 637 2759 2237 2833; baseline 0.003 -19"><span class='ocrx_word' id='word_1_242' title='bbox 637 2759 860 2814; x_wconf 84' lang='lat' dir='ltr'><strong>Domino</strong></span> <span class='ocrx_word' id='word_1_243' title='bbox 911 2759 1023 2815; x_wconf 79' lang='lat' dir='ltr'><strong>Deo</strong></span> <span class='ocrx_word' id='word_1_244' title='bbox 1051 2760 1281 2831; x_wconf 83' lang='lat' dir='ltr'><strong>ipsorum</strong></span> <span class='ocrx_word' id='word_1_245' title='bbox 1310 2760 1325 2832; x_wconf 93' lang='lat'><strong>(</strong></span> <span class='ocrx_word' id='word_1_246' title='bbox 1354 2760 1502 2816; x_wconf 72' lang='lat' dir='ltr'><strong>Osew</strong></span> <span class='ocrx_word' id='word_1_247' title='bbox 1529 2776 1577 2829; x_wconf 84' lang='grc' dir='ltr'>ι,</span> <span class='ocrx_word' id='word_1_248' title='bbox 1608 2760 1661 2824; x_wconf 88' lang='grc'><strong>6,</strong></span> <span class='ocrx_word' id='word_1_249' title='bbox 1714 2761 1742 2814; x_wconf 86' lang='grc'>7</span> <span class='ocrx_word' id='word_1_250' title='bbox 1772 2760 1814 2833; x_wconf 89' lang='grc'><strong>).</strong></span> <span class='ocrx_word' id='word_1_251' title='bbox 1864 2762 2002 2831; x_wconf 71' lang='lat' dir='ltr'><strong>Ergo</strong></span> <span class='ocrx_word' id='word_1_252' title='bbox 2034 2762 2110 2833; x_wconf 72' lang='grc'><strong>(2)</strong></span> <span class='ocrx_word' id='word_1_253' title='bbox 2142 2763 2237 2818; x_wconf 82' lang='lat' dir='ltr'><strong>ab-</strong></span> 
     </span>
    </p>
   </div>
   <div class='ocr_carea' id='block_1_30' title="bbox 635 2852 2239 2927">
    <p class='ocr_par' dir='ltr' id='par_1_30' title="bbox 635 2852 2239 2927">
     <span class='ocr_line' id='line_1_30' title="bbox 635 2852 2239 2927; baseline 0.002 -20"><span class='ocrx_word' id='word_1_254' title='bbox 635 2855 812 2910; x_wconf 76' lang='lat' dir='ltr'><strong>sitlute</strong></span> <span class='ocrx_word' id='word_1_255' title='bbox 839 2852 913 2927; x_wconf 90' lang='lat' dir='ltr'><strong>(a)</strong></span> <span class='ocrx_word' id='word_1_256' title='bbox 941 2855 1097 2910; x_wconf 83' lang='lat' dir='ltr'><strong>Pater</strong></span> <span class='ocrx_word' id='word_1_257' title='bbox 1124 2854 1291 2910; x_wconf 89' lang='lat' dir='ltr'><strong>Deunt</strong></span> <span class='ocrx_word' id='word_1_258' title='bbox 1313 2855 1509 2910; x_wconf 87' lang='lat' dir='ltr'><strong>Filium</strong></span> <span class='ocrx_word' id='word_1_259' title='bbox 1539 2861 1831 2927; x_wconf 79' lang='lat' dir='ltr'><strong>nuncupat,</strong></span> <span class='ocrx_word' id='word_1_260' title='bbox 1851 2856 2027 2925; x_wconf 87' lang='lat' dir='ltr'><strong>inquo</strong></span> <span class='ocrx_word' id='word_1_261' title='bbox 2045 2864 2100 2911; x_wconf 86' lang='lat' dir='ltr'><strong>et</strong></span> <span class='ocrx_word' id='word_1_262' title='bbox 2128 2855 2239 2910; x_wconf 89' lang='lat' dir='ltr'><strong>ele-</strong></span> 
     </span>
    </p>
   </div>
   <div class='ocr_carea' id='block_1_31' title="bbox 634 2948 2234 3022">
    <p class='ocr_par' dir='ltr' id='par_1_31' title="bbox 634 2948 2234 3022">
     <span class='ocr_line' id='line_1_31' title="bbox 634 2948 2234 3022; baseline 0.003 -22"><span class='ocrx_word' id='word_1_263' title='bbox 634 2950 711 3019; x_wconf 79' lang='lat' dir='ltr'><strong>git</strong></span> <span class='ocrx_word' id='word_1_264' title='bbox 733 2962 830 3003; x_wconf 90' lang='lat' dir='ltr'><strong>nos</strong></span> <span class='ocrx_word' id='word_1_265' title='bbox 852 2958 977 3004; x_wconf 85' lang='lat' dir='ltr'><strong>ante</strong></span> <span class='ocrx_word' id='word_1_266' title='bbox 1005 2958 1243 3018; x_wconf 78' lang='lat' dir='ltr'><strong>tempora</strong></span> <span class='ocrx_word' id='word_1_267' title='bbox 1270 2950 1547 3005; x_wconf 62' lang='lat' dir='ltr'><strong>saecularia</strong></span> <span class='ocrx_word' id='word_1_268' title='bbox 1575 2948 1793 3021; x_wconf 69' lang='lat' dir='ltr'><strong>(Epiros.</strong></span> <span class='ocrx_word' id='word_1_269' title='bbox 1818 2967 1857 3016; x_wconf 87' lang='lat' dir='ltr'><strong>I,</strong></span> <span class='ocrx_word' id='word_1_270' title='bbox 1882 2948 1961 3022; x_wconf 68' lang='grc'><strong>4).</strong></span> <span class='ocrx_word' id='word_1_271' title='bbox 1989 2949 2234 3021; x_wconf 85' lang='lat' dir='ltr'><strong>Ipsorum</strong></span> 
     </span>
    </p>
   </div>
   <div class='ocr_carea' id='block_1_32' title="bbox 635 3039 2234 3115">
    <p class='ocr_par' dir='ltr' id='par_1_32' title="bbox 635 3039 2234 3115">
     <span class='ocr_line' id='line_1_32' title="bbox 635 3039 2234 3115; baseline 0.004 -21"><span class='ocrx_word' id='word_1_272' title='bbox 635 3039 836 3095; x_wconf 86' lang='lat' dir='ltr'><strong>idcirco</strong></span> <span class='ocrx_word' id='word_1_273' title='bbox 860 3041 957 3107; x_wconf 86' lang='lat' dir='ltr'><strong>ait,</strong></span> <span class='ocrx_word' id='word_1_274' title='bbox 982 3042 1104 3111; x_wconf 84' lang='lat' dir='ltr'><strong>quia</strong></span> <span class='ocrx_word' id='word_1_275' title='bbox 1138 3041 1277 3096; x_wconf 87' lang='lat' dir='ltr'><strong>Deus</strong></span> <span class='ocrx_word' id='word_1_276' title='bbox 1309 3042 1643 3097; x_wconf 87' lang='lat' dir='ltr'><strong>iuuascibilis</strong></span> <span class='ocrx_word' id='word_1_277' title='bbox 1667 3058 1695 3096; x_wconf 91' lang='lat' dir='ltr'><strong>a</strong></span> <span class='ocrx_word' id='word_1_278' title='bbox 1717 3043 1867 3099; x_wconf 88' lang='lat' dir='ltr'><strong>nullo</strong></span> <span class='ocrx_word' id='word_1_279' title='bbox 1894 3051 1998 3109; x_wconf 85' lang='lat' dir='ltr'><strong>est,</strong></span> <span class='ocrx_word' id='word_1_280' title='bbox 2029 3058 2234 3115; x_wconf 85' lang='lat' dir='ltr'><strong>nosque</strong></span> 
     </span>
    </p>
   </div>
   <div class='ocr_carea' id='block_1_33' title="bbox 634 3131 2234 3206">
    <p class='ocr_par' dir='ltr' id='par_1_33' title="bbox 634 3131 2234 3206">
     <span class='ocr_line' id='line_1_33' title="bbox 634 3131 2234 3206; baseline 0.001 -17"><span class='ocrx_word' id='word_1_281' title='bbox 634 3131 772 3189; x_wconf 86' lang='lat' dir='ltr'><strong>Filio</strong></span> <span class='ocrx_word' id='word_1_282' title='bbox 802 3134 853 3190; x_wconf 86' lang='lat' dir='ltr'><strong>iit</strong></span> <span class='ocrx_word' id='word_1_283' title='bbox 889 3134 1258 3190; x_wconf 81' lang='lat' dir='ltr'><strong>luereditatetn</strong></span> <span class='ocrx_word' id='word_1_284' title='bbox 1289 3151 1318 3188; x_wconf 88' lang='lat' dir='ltr'><strong>a</strong></span> <span class='ocrx_word' id='word_1_285' title='bbox 1346 3136 1455 3191; x_wconf 88' lang='lat' dir='ltr'><strong>Deo</strong></span> <span class='ocrx_word' id='word_1_286' title='bbox 1486 3146 1634 3204; x_wconf 87' lang='lat' dir='ltr'><strong>patre</strong></span> <span class='ocrx_word' id='word_1_287' title='bbox 1660 3136 1947 3195; x_wconf 82' lang='lat' dir='ltr'><strong>donantur.</strong></span> <span class='ocrx_word' id='word_1_288' title='bbox 1982 3136 2234 3206; x_wconf 82' lang='lat' dir='ltr'><strong>Legimus</strong></span> 
     </span>
    </p>
   </div>
   <div class='ocr_carea' id='block_1_34' title="bbox 639 3230 2232 3307">
    <p class='ocr_par' dir='ltr' id='par_1_34' title="bbox 639 3230 2232 3307">
     <span class='ocr_line' id='line_1_34' title="bbox 639 3230 2232 3307; baseline 0 -20"><span class='ocrx_word' id='word_1_289' title='bbox 639 3247 893 3303; x_wconf 83' lang='lat' dir='ltr'><strong>namque,</strong></span> <span class='ocrx_word' id='word_1_290' title='bbox 928 3230 1092 3286; x_wconf 78' lang='lat' dir='ltr'><strong>Posce</strong></span> <span class='ocrx_word' id='word_1_291' title='bbox 1126 3249 1157 3286; x_wconf 91' lang='lat' dir='ltr'><strong>a</strong></span> <span class='ocrx_word' id='word_1_292' title='bbox 1187 3248 1289 3298; x_wconf 88' lang='lat' dir='ltr'><strong>me,</strong></span> <span class='ocrx_word' id='word_1_293' title='bbox 1320 3242 1368 3287; x_wconf 91' lang='lat' dir='ltr'><strong>et</strong></span> <span class='ocrx_word' id='word_1_294' title='bbox 1412 3234 1541 3287; x_wconf 85' lang='lat' dir='ltr'><strong>dabo</strong></span> <span class='ocrx_word' id='word_1_295' title='bbox 1573 3233 1661 3286; x_wconf 82' lang='lat' dir='ltr'><strong>tibi</strong></span> <span class='ocrx_word' id='word_1_296' title='bbox 1699 3243 1869 3307; x_wconf 84' lang='lat' dir='ltr'><strong>gentes</strong></span> <span class='ocrx_word' id='word_1_297' title='bbox 1896 3232 1974 3306; x_wconf 79' lang='lat'><strong>(&#39;5)</strong></span> <span class='ocrx_word' id='word_1_298' title='bbox 2019 3233 2232 3289; x_wconf 68' lang='lat' dir='ltr'><strong>haeredi-</strong></span> 
     </span>
    </p>
   </div>
   <div class='ocr_carea' id='block_1_35' title="bbox 638 3323 2238 3399">
    <p class='ocr_par' dir='ltr' id='par_1_35' title="bbox 638 3323 2238 3399">
     <span class='ocr_line' id='line_1_35' title="bbox 638 3323 2238 3399; baseline 0 -20"><span class='ocrx_word' id='word_1_299' title='bbox 638 3334 791 3379; x_wconf 84' lang='lat' dir='ltr'><strong>tatem</strong></span> <span class='ocrx_word' id='word_1_300' title='bbox 818 3323 893 3399; x_wconf 81' lang='lat' dir='ltr'><strong>(b)</strong></span> <span class='ocrx_word' id='word_1_301' title='bbox 933 3338 1073 3380; x_wconf 88' lang='lat' dir='ltr'><strong>tuam</strong></span> <span class='ocrx_word' id='word_1_302' title='bbox 1102 3324 1275 3397; x_wconf 87' lang='lat' dir='ltr'><strong>(Psal.</strong></span> <span class='ocrx_word' id='word_1_303' title='bbox 1302 3341 1360 3387; x_wconf 87' lang='lat' dir='ltr'><strong>tt.</strong></span> <span class='ocrx_word' id='word_1_304' title='bbox 1392 3323 1470 3397; x_wconf 74' lang='grc' dir='ltr'><strong>ὃ).</strong></span> <span class='ocrx_word' id='word_1_305' title='bbox 1508 3326 1616 3382; x_wconf 90' lang='lat' dir='ltr'><strong>Deo</strong></span> <span class='ocrx_word' id='word_1_306' title='bbox 1644 3327 1788 3381; x_wconf 91' lang='lat' dir='ltr'><strong>enim</strong></span> <span class='ocrx_word' id='word_1_307' title='bbox 1833 3342 1898 3382; x_wconf 78' lang='lat' dir='ltr'><strong>ex</strong></span> <span class='ocrx_word' id='word_1_308' title='bbox 1926 3341 2033 3397; x_wconf 90' lang='lat' dir='ltr'><strong>quo</strong></span> <span class='ocrx_word' id='word_1_309' title='bbox 2059 3327 2238 3383; x_wconf 83' lang='lat' dir='ltr'><strong>omnia</strong></span> 
     </span>
    </p>
   </div>
   <div class='ocr_carea' id='block_1_36' title="bbox 637 3417 2233 3488">
    <p class='ocr_par' dir='ltr' id='par_1_36' title="bbox 637 3417 2233 3488">
     <span class='ocr_line' id='line_1_36' title="bbox 637 3417 2233 3488; baseline 0.001 -18"><span class='ocrx_word' id='word_1_310' title='bbox 637 3424 764 3470; x_wconf 84' lang='lat' dir='ltr'><strong>sunt</strong></span> <span class='ocrx_word' id='word_1_311' title='bbox 796 3418 933 3471; x_wconf 85' lang='lat' dir='ltr'><strong>Deus</strong></span> <span class='ocrx_word' id='word_1_312' title='bbox 965 3417 1142 3470; x_wconf 87' lang='lat' dir='ltr'><strong>nullus</strong></span> <span class='ocrx_word' id='word_1_313' title='bbox 1171 3425 1274 3484; x_wconf 84' lang='lat' dir='ltr'><strong>est,</strong></span> <span class='ocrx_word' id='word_1_314' title='bbox 1305 3417 1393 3488; x_wconf 86' lang='lat' dir='ltr'><strong>qui</strong></span> <span class='ocrx_word' id='word_1_315' title='bbox 1425 3419 1541 3474; x_wconf 91' lang='lat' dir='ltr'><strong>sine</strong></span> <span class='ocrx_word' id='word_1_316' title='bbox 1566 3419 1718 3472; x_wconf 90' lang='lat' dir='ltr'><strong>initio</strong></span> <span class='ocrx_word' id='word_1_317' title='bbox 1749 3429 1984 3475; x_wconf 63' lang='lat' dir='ltr'><strong>aeternus</strong></span> <span class='ocrx_word' id='word_1_318' title='bbox 2008 3426 2112 3474; x_wconf 89' lang='lat' dir='ltr'><strong>est.</strong></span> <span class='ocrx_word' id='word_1_319' title='bbox 2148 3418 2233 3473; x_wconf 86' lang='lat' dir='ltr'><strong>Fi-</strong></span> 
     </span>
    </p>
   </div>
   <div class='ocr_carea' id='block_1_37' title="bbox 639 3509 2239 3579">
    <p class='ocr_par' dir='ltr' id='par_1_37' title="bbox 639 3509 2239 3579">
     <span class='ocr_line' id='line_1_37' title="bbox 639 3509 2239 3579; baseline 0.003 -15"><span class='ocrx_word' id='word_1_320' title='bbox 639 3509 715 3565; x_wconf 82' lang='lat' dir='ltr'><strong>lio</strong></span> <span class='ocrx_word' id='word_1_321' title='bbox 754 3519 934 3567; x_wconf 86' lang='lat' dir='ltr'><strong>autem</strong></span> <span class='ocrx_word' id='word_1_322' title='bbox 969 3511 1108 3567; x_wconf 86' lang='lat' dir='ltr'><strong>Deus</strong></span> <span class='ocrx_word' id='word_1_323' title='bbox 1157 3511 1322 3569; x_wconf 87' lang='lat' dir='ltr'><strong>Pater</strong></span> <span class='ocrx_word' id='word_1_324' title='bbox 1361 3512 1478 3579; x_wconf 79' lang='lat' dir='ltr'><strong>est;</strong></span> <span class='ocrx_word' id='word_1_325' title='bbox 1531 3529 1596 3569; x_wconf 81' lang='lat' dir='ltr'><strong>ex</strong></span> <span class='ocrx_word' id='word_1_326' title='bbox 1637 3528 1701 3568; x_wconf 87' lang='lat' dir='ltr'><strong>eo</strong></span> <span class='ocrx_word' id='word_1_327' title='bbox 1736 3514 1880 3571; x_wconf 82' lang='lat' dir='ltr'><strong>enim</strong></span> <span class='ocrx_word' id='word_1_328' title='bbox 1911 3514 2050 3568; x_wconf 92' lang='lat' dir='ltr'><strong>Deus</strong></span> <span class='ocrx_word' id='word_1_329' title='bbox 2081 3524 2239 3571; x_wconf 77' lang='lat' dir='ltr'><strong>natus</strong></span> 
     </span>
    </p>
   </div>
   <div class='ocr_carea' id='block_1_38' title="bbox 639 3604 2240 3673">
    <p class='ocr_par' dir='ltr' id='par_1_38' title="bbox 639 3604 2240 3673">
     <span class='ocr_line' id='line_1_38' title="bbox 639 3604 2240 3673; baseline 0.002 -13"><span class='ocrx_word' id='word_1_330' title='bbox 639 3613 743 3660; x_wconf 89' lang='lat' dir='ltr'><strong>est.</strong></span> <span class='ocrx_word' id='word_1_331' title='bbox 776 3604 938 3660; x_wconf 74' lang='lat' dir='ltr'><strong>Nobis</strong></span> <span class='ocrx_word' id='word_1_332' title='bbox 969 3615 1147 3660; x_wconf 90' lang='lat' dir='ltr'><strong>autem</strong></span> <span class='ocrx_word' id='word_1_333' title='bbox 1175 3616 1228 3661; x_wconf 90' lang='lat' dir='ltr'><strong>et</strong></span> <span class='ocrx_word' id='word_1_334' title='bbox 1274 3606 1433 3663; x_wconf 88' lang='lat' dir='ltr'><strong>Pater</strong></span> <span class='ocrx_word' id='word_1_335' title='bbox 1464 3608 1604 3663; x_wconf 90' lang='lat' dir='ltr'><strong>Deus</strong></span> <span class='ocrx_word' id='word_1_336' title='bbox 1634 3616 1746 3673; x_wconf 88' lang='lat' dir='ltr'><strong>cst,</strong></span> <span class='ocrx_word' id='word_1_337' title='bbox 1781 3614 1835 3663; x_wconf 88' lang='lat' dir='ltr'><strong>et</strong></span> <span class='ocrx_word' id='word_1_338' title='bbox 1878 3605 2047 3662; x_wconf 83' lang='lat' dir='ltr'><strong>Filius</strong></span> <span class='ocrx_word' id='word_1_339' title='bbox 2100 3607 2240 3665; x_wconf 84' lang='lat' dir='ltr'><strong>Deus</strong></span> 
     </span>
    </p>
   </div>
   <div class='ocr_carea' id='block_1_39' title="bbox 638 3696 2233 3770">
    <p class='ocr_par' dir='ltr' id='par_1_39' title="bbox 638 3696 2233 3770">
     <span class='ocr_line' id='line_1_39' title="bbox 638 3696 2233 3770; baseline 0 -17"><span class='ocrx_word' id='word_1_340' title='bbox 638 3706 721 3755; x_wconf 86' lang='lat' dir='ltr'><strong>est</strong></span> <span class='ocrx_word' id='word_1_341' title='bbox 752 3713 765 3752; x_wconf 87' lang='lat'>:</span> <span class='ocrx_word' id='word_1_342' title='bbox 796 3697 952 3752; x_wconf 85' lang='lat' dir='ltr'><strong>Patre</strong></span> <span class='ocrx_word' id='word_1_343' title='bbox 979 3696 1046 3752; x_wconf 89' lang='lat' dir='ltr'><strong>de</strong></span> <span class='ocrx_word' id='word_1_344' title='bbox 1078 3697 1216 3754; x_wconf 89' lang='lat' dir='ltr'><strong>Filio</strong></span> <span class='ocrx_word' id='word_1_345' title='bbox 1245 3696 1539 3757; x_wconf 78' lang='lat' dir='ltr'><strong>Ctiulitente</strong></span> <span class='ocrx_word' id='word_1_346' title='bbox 1567 3700 1710 3770; x_wconf 85' lang='lat' dir='ltr'><strong>quod</strong></span> <span class='ocrx_word' id='word_1_347' title='bbox 1745 3700 1883 3754; x_wconf 82' lang='lat' dir='ltr'><strong>Deus</strong></span> <span class='ocrx_word' id='word_1_348' title='bbox 1913 3708 2098 3753; x_wconf 84' lang='lat' dir='ltr'><strong>uoster</strong></span> <span class='ocrx_word' id='word_1_349' title='bbox 2127 3698 2233 3763; x_wconf 90' lang='lat' dir='ltr'><strong>sit,</strong></span> 
     </span>
    </p>
   </div>
   <div class='ocr_carea' id='block_1_40' title="bbox 639 3791 2243 3865">
    <p class='ocr_par' dir='ltr' id='par_1_40' title="bbox 639 3791 2243 3865">
     <span class='ocr_line' id='line_1_40' title="bbox 639 3791 2243 3865; baseline -0.001 -17"><span class='ocrx_word' id='word_1_350' title='bbox 639 3792 780 3849; x_wconf 87' lang='lat' dir='ltr'><strong>Filio</strong></span> <span class='ocrx_word' id='word_1_351' title='bbox 806 3792 874 3853; x_wconf 83' lang='lat' dir='ltr'><strong>de</strong></span> <span class='ocrx_word' id='word_1_352' title='bbox 914 3792 1074 3849; x_wconf 85' lang='lat' dir='ltr'><strong>Patre</strong></span> <span class='ocrx_word' id='word_1_353' title='bbox 1108 3794 1336 3850; x_wconf 87' lang='lat' dir='ltr'><strong>docente</strong></span> <span class='ocrx_word' id='word_1_354' title='bbox 1371 3793 1514 3865; x_wconf 87' lang='lat' dir='ltr'><strong>quod</strong></span> <span class='ocrx_word' id='word_1_355' title='bbox 1542 3793 1683 3849; x_wconf 83' lang='lat' dir='ltr'><strong>Deus</strong></span> <span class='ocrx_word' id='word_1_356' title='bbox 1710 3792 1867 3848; x_wconf 88' lang='lat' dir='ltr'><strong>nobis</strong></span> <span class='ocrx_word' id='word_1_357' title='bbox 1895 3793 1963 3847; x_wconf 88' lang='lat' dir='ltr'><strong>sit</strong></span> <span class='ocrx_word' id='word_1_358' title='bbox 1991 3809 2004 3844; x_wconf 90' lang='lat'><strong>:</strong></span> <span class='ocrx_word' id='word_1_359' title='bbox 2032 3791 2139 3848; x_wconf 89' lang='lat' dir='ltr'><strong>Deo</strong></span> <span class='ocrx_word' id='word_1_360' title='bbox 2171 3801 2243 3847; x_wconf 88' lang='lat' dir='ltr'><strong>ta-</strong></span> 
     </span>
    </p>
   </div>
   <div class='ocr_carea' id='block_1_41' title="bbox 640 3884 2243 3957">
    <p class='ocr_par' dir='ltr' id='par_1_41' title="bbox 640 3884 2243 3957">
     <span class='ocr_line' id='line_1_41' title="bbox 640 3884 2243 3957; baseline -0.001 -15"><span class='ocrx_word' id='word_1_361' title='bbox 640 3902 762 3942; x_wconf 89' lang='lat' dir='ltr'><strong>men</strong></span> <span class='ocrx_word' id='word_1_362' title='bbox 792 3884 928 3947; x_wconf 88' lang='lat' dir='ltr'><strong>Filio</strong></span> <span class='ocrx_word' id='word_1_363' title='bbox 956 3901 988 3941; x_wconf 89' lang='lat' dir='ltr'><strong>a</strong></span> <span class='ocrx_word' id='word_1_364' title='bbox 1026 3887 1207 3953; x_wconf 85' lang='lat' dir='ltr'><strong>Patre,</strong></span> <span class='ocrx_word' id='word_1_365' title='bbox 1252 3888 1304 3942; x_wconf 90' lang='lat' dir='ltr'><strong>id</strong></span> <span class='ocrx_word' id='word_1_366' title='bbox 1335 3896 1448 3949; x_wconf 89' lang='lat' dir='ltr'><strong>est,</strong></span> <span class='ocrx_word' id='word_1_367' title='bbox 1493 3902 1611 3957; x_wconf 83' lang='lat' dir='ltr'><strong>lpSO</strong></span> <span class='ocrx_word' id='word_1_368' title='bbox 1663 3885 1996 3945; x_wconf 85' lang='lat' dir='ltr'><strong>innascibilis</strong></span> <span class='ocrx_word' id='word_1_369' title='bbox 2031 3886 2243 3943; x_wconf 86' lang='lat' dir='ltr'><strong>virtutis</strong></span> 
     </span>
    </p>
   </div>
   <div class='ocr_carea' id='block_1_42' title="bbox 639 3977 2140 4052">
    <p class='ocr_par' dir='ltr' id='par_1_42' title="bbox 639 3977 2140 4052">
     <span class='ocr_line' id='line_1_42' title="bbox 639 3977 2140 4052; baseline -0.001 -17"><span class='ocrx_word' id='word_1_370' title='bbox 639 3995 750 4036; x_wconf 82' lang='lat' dir='ltr'><strong>suae</strong></span> <span class='ocrx_word' id='word_1_371' title='bbox 778 3981 1013 4048; x_wconf 90' lang='lat' dir='ltr'><strong>nomine,</strong></span> <span class='ocrx_word' id='word_1_372' title='bbox 1043 3990 1371 4052; x_wconf 80' lang='lat' dir='ltr'><strong>nuncupata.</strong></span> <span class='ocrx_word' id='word_1_373' title='bbox 1398 3981 1463 4036; x_wconf 86' lang='lat' dir='ltr'><strong>Et</strong></span> <span class='ocrx_word' id='word_1_374' title='bbox 1488 3980 1604 4035; x_wconf 80' lang='lat' dir='ltr'><strong>haec</strong></span> <span class='ocrx_word' id='word_1_375' title='bbox 1626 3978 1841 4050; x_wconf 90' lang='lat' dir='ltr'><strong>quidem</strong></span> <span class='ocrx_word' id='word_1_376' title='bbox 1882 3977 1947 4033; x_wconf 91' lang='lat' dir='ltr'><strong>ad</strong></span> <span class='ocrx_word' id='word_1_377' title='bbox 1979 3978 2140 4034; x_wconf 86' lang='lat' dir='ltr'><strong>Osee.</strong></span> 
     </span>
    </p>
   </div>
   <div class='ocr_carea' id='block_1_43' title="bbox 711 4073 2242 4149">
    <p class='ocr_par' dir='ltr' id='par_1_43' title="bbox 711 4073 2242 4149">
     <span class='ocr_line' id='line_1_43' title="bbox 711 4073 2242 4149; baseline -0.002 -16"><span class='ocrx_word' id='word_1_378' title='bbox 711 4073 804 4133; x_wconf 76' lang='lat'><strong>58.</strong></span> <span class='ocrx_word' id='word_1_379' title='bbox 856 4074 1223 4131; x_wconf 77' lang='lat' dir='ltr'><strong>Testimonium</strong></span> <span class='ocrx_word' id='word_1_380' title='bbox 1271 4076 1588 4149; x_wconf 74' lang='lat' dir='ltr'><strong>luculentum</strong></span> <span class='ocrx_word' id='word_1_381' title='bbox 1631 4092 1695 4130; x_wconf 78' lang='lat' dir='ltr'><strong>ea:</strong></span> <span class='ocrx_word' id='word_1_382' title='bbox 1735 4075 1914 4130; x_wconf 83' lang='lat' dir='ltr'><strong>Esaia.</strong></span> <span class='ocrx_word' id='word_1_383' title='bbox 1967 4074 2242 4147; x_wconf 82' lang='lat' dir='ltr'><strong>Magorum</strong></span> 
     </span>
    </p>
   </div>
   <div class='ocr_carea' id='block_1_44' title="bbox 641 4169 2240 4243">
    <p class='ocr_par' dir='ltr' id='par_1_44' title="bbox 641 4169 2240 4243">
     <span class='ocr_line' id='line_1_44' title="bbox 641 4169 2240 4243; baseline -0.001 -20"><span class='ocrx_word' id='word_1_384' title='bbox 641 4170 875 4226; x_wconf 87' lang='lat' dir='ltr'><strong>adoratio</strong></span> <span class='ocrx_word' id='word_1_385' title='bbox 919 4172 1187 4243; x_wconf 73' lang='lat' dir='ltr'><strong>prazdirta.</strong></span> <span class='ocrx_word' id='word_1_386' title='bbox 1232 4170 1333 4239; x_wconf 84' lang='lat' dir='ltr'><strong>Qui</strong></span> <span class='ocrx_word' id='word_1_387' title='bbox 1362 4170 1572 4241; x_wconf 80' lang='lat' dir='ltr'><strong>{uerunt</strong></span> <span class='ocrx_word' id='word_1_388' title='bbox 1614 4172 1772 4242; x_wconf 86' lang='lat' dir='ltr'><strong>magi.</strong></span> <span class='ocrx_word' id='word_1_389' title='bbox 1804 4201 1873 4210; x_wconf 93' lang='lat'><strong>—</strong></span> <span class='ocrx_word' id='word_1_390' title='bbox 1898 4169 2001 4225; x_wconf 85' lang='lat' dir='ltr'><strong>Per</strong></span> <span class='ocrx_word' id='word_1_391' title='bbox 2030 4169 2240 4224; x_wconf 86' lang='lat' dir='ltr'><strong>Esaiam</strong></span> 
     </span>
    </p>
   </div>
   <div class='ocr_carea' id='block_1_45' title="bbox 643 4262 2245 4335">
    <p class='ocr_par' dir='ltr' id='par_1_45' title="bbox 643 4262 2245 4335">
     <span class='ocr_line' id='line_1_45' title="bbox 643 4262 2245 4335; baseline 0.001 -19"><span class='ocrx_word' id='word_1_392' title='bbox 643 4272 821 4318; x_wconf 85' lang='lat' dir='ltr'><strong>autem</strong></span> <span class='ocrx_word' id='word_1_393' title='bbox 853 4279 1011 4334; x_wconf 90' lang='lat' dir='ltr'><strong>quam</strong></span> <span class='ocrx_word' id='word_1_394' title='bbox 1038 4264 1287 4319; x_wconf 87' lang='lat' dir='ltr'><strong>absoluta</strong></span> <span class='ocrx_word' id='word_1_395' title='bbox 1334 4263 1425 4320; x_wconf 88' lang='lat' dir='ltr'><strong>Dei</strong></span> <span class='ocrx_word' id='word_1_396' title='bbox 1461 4265 1628 4335; x_wconf 81' lang='lat' dir='ltr'><strong>patris</strong></span> <span class='ocrx_word' id='word_1_397' title='bbox 1670 4265 1739 4320; x_wconf 91' lang='lat' dir='ltr'><strong>de</strong></span> <span class='ocrx_word' id='word_1_398' title='bbox 1788 4262 2014 4319; x_wconf 89' lang='lat' dir='ltr'><strong>Domino</strong></span> <span class='ocrx_word' id='word_1_399' title='bbox 2060 4272 2245 4320; x_wconf 89' lang='lat' dir='ltr'><strong>nostro</strong></span> 
     </span>
    </p>
   </div>
   <div class='ocr_carea' id='block_1_46' title="bbox 729 4376 1175 4492">
    <p class='ocr_par' dir='ltr' id='par_1_46' title="bbox 729 4376 1175 4492">
     <span class='ocr_line' id='line_1_46' title="bbox 729 4376 1175 4492; baseline -0.007 -14"><span class='ocrx_word' id='word_1_400' title='bbox 729 4376 794 4492; x_wconf 65' lang='grc' dir='ltr'><strong>ξι)</strong></span> <span class='ocrx_word' id='word_1_401' title='bbox 812 4419 1012 4479; x_wconf 74' lang='lat' dir='ltr'><strong>Anima:</strong></span> <span class='ocrx_word' id='word_1_402' title='bbox 1027 4437 1175 4477; x_wconf 67' lang='lat' dir='ltr'><strong>meae.</strong></span> 
     </span>
    </p>
   </div>
   <div class='ocr_carea' id='block_1_47' title="bbox 736 4489 1682 4562">
    <p class='ocr_par' dir='ltr' id='par_1_47' title="bbox 736 4489 1682 4562">
     <span class='ocr_line' id='line_1_47' title="bbox 736 4489 1682 4562; baseline 0 -15"><span class='ocrx_word' id='word_1_403' title='bbox 736 4489 792 4562; x_wconf 70' lang='lat'><strong>2)</strong></span> <span class='ocrx_word' id='word_1_404' title='bbox 827 4493 1070 4550; x_wconf 72' lang='lat' dir='ltr'><strong>Absoluta</strong></span> <span class='ocrx_word' id='word_1_405' title='bbox 1096 4494 1249 4548; x_wconf 85' lang='lat' dir='ltr'><strong>deest</strong></span> <span class='ocrx_word' id='word_1_406' title='bbox 1273 4492 1328 4548; x_wconf 92' lang='lat' dir='ltr'><strong>in</strong></span> <span class='ocrx_word' id='word_1_407' title='bbox 1350 4506 1453 4549; x_wconf 87' lang='lat' dir='ltr'><strong>ms.</strong></span> <span class='ocrx_word' id='word_1_408' title='bbox 1480 4489 1682 4547; x_wconf 82' lang='lat' dir='ltr'><strong>Veron.</strong></span> 
     </span>
    </p>
   </div>
   <div class='ocr_carea' id='block_1_48' title="bbox 713 4564 1280 4640">
    <p class='ocr_par' dir='ltr' id='par_1_48' title="bbox 713 4564 1280 4640">
     <span class='ocr_line' id='line_1_48' title="bbox 713 4564 1280 4640; baseline -0.007 -17"><span class='ocrx_word' id='word_1_409' title='bbox 713 4564 793 4640; x_wconf 79' lang='lat'><strong>(&#39;5)</strong></span> <span class='ocrx_word' id='word_1_410' title='bbox 818 4565 888 4622; x_wconf 83' lang='grc' dir='ltr'><strong>1η</strong></span> <span class='ocrx_word' id='word_1_411' title='bbox 913 4567 1280 4623; x_wconf 76' lang='lat' dir='ltr'><strong>htercditutent.</strong></span> 
     </span>
    </p>
   </div>
   <div class='ocr_carea' id='block_1_49' title="bbox 718 4699 2249 4779">
    <p class='ocr_par' dir='ltr' id='par_1_49' title="bbox 718 4699 2249 4779">
     <span class='ocr_line' id='line_1_49' title="bbox 718 4699 2249 4779; baseline -0.002 -20"><span class='ocrx_word' id='word_1_412' title='bbox 718 4705 796 4779; x_wconf 90' lang='lat' dir='ltr'><strong>(a)</strong></span> <span class='ocrx_word' id='word_1_413' title='bbox 823 4704 981 4776; x_wconf 85' lang='lat' dir='ltr'><strong>Apud</strong></span> <span class='ocrx_word' id='word_1_414' title='bbox 1009 4705 1133 4761; x_wconf 88' lang='lat' dir='ltr'><strong>Par.</strong></span> <span class='ocrx_word' id='word_1_415' title='bbox 1165 4711 1220 4760; x_wconf 89' lang='lat' dir='ltr'><strong>et</strong></span> <span class='ocrx_word' id='word_1_416' title='bbox 1253 4704 1306 4761; x_wconf 92' lang='lat' dir='ltr'><strong>in</strong></span> <span class='ocrx_word' id='word_1_417' title='bbox 1337 4702 1615 4779; x_wconf 86' lang='lat' dir='ltr'><strong>nonnullis</strong></span> <span class='ocrx_word' id='word_1_418' title='bbox 1641 4717 1771 4779; x_wconf 81' lang='lat' dir='ltr'><strong>mss.</strong></span> <span class='ocrx_word' id='word_1_419' title='bbox 1804 4701 2071 4779; x_wconf 83' lang='lat' dir='ltr'><strong>omittitur</strong></span> <span class='ocrx_word' id='word_1_420' title='bbox 2098 4699 2249 4759; x_wconf 85' lang='lat' dir='ltr'><strong>abso-</strong></span> 
     </span>
    </p>
   </div>
   <div class='ocr_carea' id='block_1_50' title="bbox 646 4774 2136 4850">
    <p class='ocr_par' dir='ltr' id='par_1_50' title="bbox 646 4774 2136 4850">
     <span class='ocr_line' id='line_1_50' title="bbox 646 4774 2136 4850; baseline -0.003 -17"><span class='ocrx_word' id='word_1_421' title='bbox 646 4774 945 4850; x_wconf 40' lang='lat' dir='ltr'><strong>luté,’qubd</strong></span> <span class='ocrx_word' id='word_1_422' title='bbox 975 4788 1079 4842; x_wconf 74' lang='lat' dir='ltr'><strong>est,</strong></span> <span class='ocrx_word' id='word_1_423' title='bbox 1112 4785 1299 4847; x_wconf 84' lang='lat' dir='ltr'><strong>aperte</strong></span> <span class='ocrx_word' id='word_1_424' title='bbox 1329 4785 1383 4828; x_wconf 87' lang='lat' dir='ltr'><strong>et</strong></span> <span class='ocrx_word' id='word_1_425' title='bbox 1408 4775 1614 4844; x_wconf 86' lang='lat' dir='ltr'><strong>absque</strong></span> <span class='ocrx_word' id='word_1_426' title='bbox 1638 4774 1743 4831; x_wconf 76' lang='lat' dir='ltr'><strong>ulla</strong></span> <span class='ocrx_word' id='word_1_427' title='bbox 1765 4774 2136 4845; x_wconf 74' lang='lat' dir='ltr'><strong>ambiguitate.</strong></span> 
     </span>
    </p>
   </div>
   <div class='ocr_carea' id='block_1_51' title="bbox 719 4868 2250 4944">
    <p class='ocr_par' dir='ltr' id='par_1_51' title="bbox 719 4868 2250 4944">
     <span class='ocr_line' id='line_1_51' title="bbox 719 4868 2250 4944; baseline -0.001 -18"><span class='ocrx_word' id='word_1_428' title='bbox 719 4868 794 4944; x_wconf 90' lang='lat' dir='ltr'><strong>(b)</strong></span> <span class='ocrx_word' id='word_1_429' title='bbox 845 4870 1128 4944; x_wconf 11' lang='lat' dir='ltr'><strong>Editi,‘in</strong></span> <span class='ocrx_word' id='word_1_430' title='bbox 1177 4870 1545 4935; x_wconf 77' lang='lat' dir='ltr'><strong>hcereditatem,</strong></span> <span class='ocrx_word' id='word_1_431' title='bbox 1591 4868 1980 4926; x_wconf 81' lang='lat' dir='ltr'><strong>dissidentibus</strong></span> <span class='ocrx_word' id='word_1_432' title='bbox 2019 4882 2149 4925; x_wconf 87' lang='lat' dir='ltr'><strong>mss.</strong></span> <span class='ocrx_word' id='word_1_433' title='bbox 2194 4876 2250 4925; x_wconf 90' lang='lat' dir='ltr'><strong>et</strong></span> 
     </span>
    </p>
   </div>
   <div class='ocr_carea' id='block_1_52' title="bbox 647 4941 1079 4999">
    <p class='ocr_par' dir='ltr' id='par_1_52' title="bbox 647 4941 1079 4999">
     <span class='ocr_line' id='line_1_52' title="bbox 647 4941 1079 4999; baseline -0.009 0"><span class='ocrx_word' id='word_1_434' title='bbox 647 4941 829 4999; x_wconf 63' lang='lat' dir='ltr'><strong>Tt&#39;act.</strong></span> <span class='ocrx_word' id='word_1_435' title='bbox 853 4943 911 4998; x_wconf 66' lang='grc' dir='ltr'><strong>ἓ.</strong></span> <span class='ocrx_word' id='word_1_436' title='bbox 937 4942 1079 4999; x_wconf 89' lang='lat' dir='ltr'><strong>Psal.</strong></span> 
     </span>
    </p>
   </div>
   <div class='ocr_carea' id='block_1_53' title="bbox 722 5031 2244 5111">
    <p class='ocr_par' dir='ltr' id='par_1_53' title="bbox 722 5031 2244 5111">
     <span class='ocr_line' id='line_1_53' title="bbox 722 5031 2244 5111; baseline -0.001 -20"><span class='ocrx_word' id='word_1_437' title='bbox 722 5035 790 5108; x_wconf 81' lang='grc' dir='ltr'><strong>(ε)</strong></span> <span class='ocrx_word' id='word_1_438' title='bbox 814 5037 1070 5111; x_wconf 80' lang='lat' dir='ltr'><strong>Quamvis</strong></span> <span class='ocrx_word' id='word_1_439' title='bbox 1100 5050 1165 5090; x_wconf 86' lang='lat' dir='ltr'><strong>ex</strong></span> <span class='ocrx_word' id='word_1_440' title='bbox 1194 5041 1564 5111; x_wconf 65' lang='lat' dir='ltr'><strong>grmcotextu,</strong></span> <span class='ocrx_word' id='word_1_441' title='bbox 1588 5037 1672 5111; x_wconf 78' lang='grc' dir='ltr'>κᾳί</span> <span class='ocrx_word' id='word_1_442' title='bbox 1700 5034 1744 5111; x_wconf 74' lang='grc' dir='ltr'><strong>οξ</strong></span> <span class='ocrx_word' id='word_1_443' title='bbox 1775 5034 2000 5111; x_wconf 65' lang='grc' dir='ltr'><strong>Σαςαεὶμ</strong></span> <span class='ocrx_word' id='word_1_444' title='bbox 2025 5031 2205 5111; x_wconf 79' lang='grc' dir='ltr'><strong>ἄνδρες</strong></span> <span class='ocrx_word' id='word_1_445' title='bbox 2228 5073 2244 5101; x_wconf 89' lang='grc'><strong><em>,</em></strong></span> 
     </span>
    </p>
   </div>
   <div class='ocr_carea' id='block_1_54' title="bbox 649 5107 2245 5182">
    <p class='ocr_par' dir='ltr' id='par_1_54' title="bbox 649 5107 2245 5182">
     <span class='ocr_line' id='line_1_54' title="bbox 649 5107 2245 5182; baseline -0.003 -18"><span class='ocrx_word' id='word_1_446' title='bbox 649 5107 867 5182; x_wconf 83' lang='lat' dir='ltr'><strong>planum</strong></span> <span class='ocrx_word' id='word_1_447' title='bbox 901 5110 969 5163; x_wconf 88' lang='lat' dir='ltr'><strong>sit</strong></span> <span class='ocrx_word' id='word_1_448' title='bbox 1008 5123 1193 5182; x_wconf 76' lang='lat' dir='ltr'><strong>vocem</strong></span> <span class='ocrx_word' id='word_1_449' title='bbox 1226 5107 1420 5161; x_wconf 87' lang='lat' dir='ltr'><strong>Sabain</strong></span> <span class='ocrx_word' id='word_1_450' title='bbox 1452 5108 1642 5160; x_wconf 74' lang='lat' dir='ltr'><strong>referri</strong></span> <span class='ocrx_word' id='word_1_451' title='bbox 1681 5107 2201 5182; x_wconf 58' lang='lat' dir='ltr'><strong>ad_su_b._~eqnentcm</strong></span> <span class='ocrx_word' id='word_1_452' title='bbox 2230 5146 2245 5170; x_wconf 93' lang='lat'><strong>,</strong></span> 
     </span>
    </p>
   </div>
   <div class='ocr_carea' id='block_1_55' title="bbox 651 5177 2251 5250">
    <p class='ocr_par' dir='ltr' id='par_1_55' title="bbox 651 5177 2251 5250">
     <span class='ocr_line' id='line_1_55' title="bbox 651 5177 2251 5250; baseline -0.004 -13"><span class='ocrx_word' id='word_1_453' title='bbox 651 5177 759 5238; x_wconf 80' lang='lat' dir='ltr'><strong>non</strong></span> <span class='ocrx_word' id='word_1_454' title='bbox 785 5180 852 5236; x_wconf 84' lang='lat' dir='ltr'><strong>ad</strong></span> <span class='ocrx_word' id='word_1_455' title='bbox 895 5179 1286 5250; x_wconf 81' lang='lat' dir='ltr'><strong>praecedentem</strong></span> <span class='ocrx_word' id='word_1_456' title='bbox 1320 5195 1334 5233; x_wconf 88' lang='lat'><strong>:</strong></span> <span class='ocrx_word' id='word_1_457' title='bbox 1364 5193 1483 5233; x_wconf 85' lang='lat' dir='ltr'><strong>eam</strong></span> <span class='ocrx_word' id='word_1_458' title='bbox 1515 5188 1692 5232; x_wconf 83' lang='lat' dir='ltr'><strong>tamen</strong></span> <span class='ocrx_word' id='word_1_459' title='bbox 1724 5177 1794 5233; x_wconf 84' lang='lat' dir='ltr'><strong>ab</strong></span> <span class='ocrx_word' id='word_1_460' title='bbox 1826 5178 2029 5232; x_wconf 85' lang='lat' dir='ltr'><strong>Hilario</strong></span> <span class='ocrx_word' id='word_1_461' title='bbox 2061 5178 2126 5231; x_wconf 89' lang='lat' dir='ltr'><strong>ad</strong></span> <span class='ocrx_word' id='word_1_462' title='bbox 2156 5193 2251 5231; x_wconf 80' lang='lat' dir='ltr'><strong>vo-</strong></span> 
     </span>
    </p>
   </div>
   <div class='ocr_carea' id='block_1_56' title="bbox 651 5249 2246 5310">
    <p class='ocr_par' dir='ltr' id='par_1_56' title="bbox 651 5249 2246 5310">
     <span class='ocr_line' id='line_1_56' title="bbox 651 5249 2246 5310; baseline -0.004 0"><span class='ocrx_word' id='word_1_463' title='bbox 651 5249 906 5310; x_wconf 75' lang='lat' dir='ltr'><strong>eabuluut</strong></span> <span class='ocrx_word' id='word_1_464' title='bbox 945 5262 1198 5305; x_wconf 86' lang='lat' dir='ltr'><strong>mercatus</strong></span> <span class='ocrx_word' id='word_1_465' title='bbox 1242 5252 1463 5305; x_wconf 78' lang='lat' dir='ltr'><strong>relatam</strong></span> <span class='ocrx_word' id='word_1_466' title='bbox 1497 5263 1617 5303; x_wconf 88' lang='lat' dir='ltr'><strong>esse</strong></span> <span class='ocrx_word' id='word_1_467' title='bbox 1649 5266 1756 5304; x_wconf 87' lang='lat' dir='ltr'><strong>non</strong></span> <span class='ocrx_word' id='word_1_468' title='bbox 1807 5249 2027 5304; x_wconf 77' lang='lat' dir='ltr'><strong>dubium</strong></span> <span class='ocrx_word' id='word_1_469' title='bbox 2056 5260 2139 5305; x_wconf 90' lang='lat' dir='ltr'><strong>est</strong></span> <span class='ocrx_word' id='word_1_470' title='bbox 2180 5263 2246 5304; x_wconf 82' lang='lat' dir='ltr'><strong>ex</strong></span> 
     </span>
    </p>
   </div>
   <div class='ocr_carea' id='block_1_57' title="bbox 651 5322 2246 5393">
    <p class='ocr_par' dir='ltr' id='par_1_57' title="bbox 651 5322 2246 5393">
     <span class='ocr_line' id='line_1_57' title="bbox 651 5322 2246 5393; baseline -0.004 -12"><span class='ocrx_word' id='word_1_471' title='bbox 651 5326 926 5393; x_wconf 87' lang='lat' dir='ltr'><strong>subjectis.</strong></span> <span class='ocrx_word' id='word_1_472' title='bbox 956 5322 1319 5379; x_wconf 84' lang='lat' dir='ltr'><strong>&#39;l‘ertullianus</strong></span> <span class='ocrx_word' id='word_1_473' title='bbox 1343 5322 1603 5377; x_wconf 80' lang='lat' dir='ltr'><strong>adversus</strong></span> <span class='ocrx_word' id='word_1_474' title='bbox 1637 5322 1896 5378; x_wconf 80' lang='lat' dir='ltr'><strong>Praxeam</strong></span> <span class='ocrx_word' id='word_1_475' title='bbox 1930 5336 1984 5375; x_wconf 80' lang='grc' dir='ltr'><strong>η.</strong></span> <span class='ocrx_word' id='word_1_476' title='bbox 2014 5322 2099 5387; x_wconf 78' lang='grc'><strong>15,</strong></span> <span class='ocrx_word' id='word_1_477' title='bbox 2124 5335 2246 5377; x_wconf 89' lang='lat' dir='ltr'><strong>eum</strong></span> 
     </span>
    </p>
   </div>
   <div class='ocr_carea' id='block_1_58' title="bbox 2331 517 3826 591">
    <p class='ocr_par' dir='ltr' id='par_1_58' title="bbox 2331 517 3826 591">
     <span class='ocr_line' id='line_1_58' title="bbox 2331 517 3826 591; baseline 0.005 -18"><span class='ocrx_word' id='word_1_478' title='bbox 2331 517 2472 574; x_wconf 82' lang='lat' dir='ltr'><strong>Deus</strong></span> <span class='ocrx_word' id='word_1_479' title='bbox 2499 528 2706 573; x_wconf 75' lang='lat' dir='ltr'><strong>sanctus</strong></span> <span class='ocrx_word' id='word_1_480' title='bbox 2731 518 2845 591; x_wconf 61' lang='grc' dir='ltr'><em>ω</em></span> <span class='ocrx_word' id='word_1_481' title='bbox 2870 517 3073 586; x_wconf 88' lang='lat' dir='ltr'><strong>Israel,</strong></span> <span class='ocrx_word' id='word_1_482' title='bbox 3123 519 3211 590; x_wconf 84' lang='lat' dir='ltr'><strong>qui</strong></span> <span class='ocrx_word' id='word_1_483' title='bbox 3237 519 3355 589; x_wconf 79' lang='lat' dir='ltr'><strong>fecit</strong></span> <span class='ocrx_word' id='word_1_484' title='bbox 3391 534 3497 588; x_wconf 77' lang='lat' dir='ltr'><strong>qua:</strong></span> <span class='ocrx_word' id='word_1_485' title='bbox 3518 532 3698 578; x_wconf 76' lang='lat' dir='ltr'><strong>uentura</strong></span> <span class='ocrx_word' id='word_1_486' title='bbox 3718 538 3826 582; x_wconf 77' lang='lat' dir='ltr'><strong>stitit:</strong></span> 
     </span>
    </p>
   </div>
   <div class='ocr_carea' id='block_1_59' title="bbox 2330 609 3825 685">
    <p class='ocr_par' dir='ltr' id='par_1_59' title="bbox 2330 609 3825 685">
     <span class='ocr_line' id='line_1_59' title="bbox 2330 609 3825 685; baseline 0.003 -19"><span class='ocrx_word' id='word_1_487' title='bbox 2330 609 2652 685; x_wconf 85' lang='lat' dir='ltr'><strong>Interrogate</strong></span> <span class='ocrx_word' id='word_1_488' title='bbox 2670 627 2751 665; x_wconf 84' lang='lat' dir='ltr'><strong>me</strong></span> <span class='ocrx_word' id='word_1_489' title='bbox 2774 613 2837 665; x_wconf 88' lang='lat' dir='ltr'><strong>de</strong></span> <span class='ocrx_word' id='word_1_490' title='bbox 2856 610 2983 682; x_wconf 77' lang='lat' dir='ltr'><strong>ﬁliis</strong></span> <span class='ocrx_word' id='word_1_491' title='bbox 3003 611 3181 665; x_wconf 76' lang='lat' dir='ltr'><strong>uestris</strong></span> <span class='ocrx_word' id='word_1_492' title='bbox 3206 621 3252 666; x_wconf 88' lang='lat' dir='ltr'><strong>et</strong></span> <span class='ocrx_word' id='word_1_493' title='bbox 3278 610 3341 667; x_wconf 84' lang='lat' dir='ltr'><strong>de</strong></span> <span class='ocrx_word' id='word_1_494' title='bbox 3373 611 3583 683; x_wconf 72' lang='lat' dir='ltr'><strong>ﬁliabus,</strong></span> <span class='ocrx_word' id='word_1_495' title='bbox 3610 625 3650 668; x_wconf 83' lang='lat' dir='ltr'><strong>et</strong></span> <span class='ocrx_word' id='word_1_496' title='bbox 3672 617 3722 670; x_wconf 85' lang='lat' dir='ltr'><strong>de</strong></span> <span class='ocrx_word' id='word_1_497' title='bbox 3741 633 3825 685; x_wconf 75' lang='lat' dir='ltr'><strong>ope-</strong></span> 
     </span>
    </p>
   </div>
   <div class='ocr_carea' id='block_1_60' title="bbox 2328 704 3828 780">
    <p class='ocr_par' dir='ltr' id='par_1_60' title="bbox 2328 704 3828 780">
     <span class='ocr_line' id='line_1_60' title="bbox 2328 704 3828 780; baseline 0.004 -22"><span class='ocrx_word' id='word_1_498' title='bbox 2328 705 2469 761; x_wconf 82' lang='lat' dir='ltr'><strong>ribus</strong></span> <span class='ocrx_word' id='word_1_499' title='bbox 2512 721 2763 760; x_wconf 83' lang='lat' dir='ltr'><strong>mauuum</strong></span> <span class='ocrx_word' id='word_1_500' title='bbox 2821 721 3054 760; x_wconf 85' lang='lat' dir='ltr'><strong>mearum</strong></span> <span class='ocrx_word' id='word_1_501' title='bbox 3094 704 3333 759; x_wconf 83' lang='lat' dir='ltr'><strong>mandate</strong></span> <span class='ocrx_word' id='word_1_502' title='bbox 3358 707 3498 761; x_wconf 80' lang='lat' dir='ltr'><strong>mihi.</strong></span> <span class='ocrx_word' id='word_1_503' title='bbox 3536 706 3629 780; x_wconf 80' lang='lat' dir='ltr'><strong>Ego</strong></span> <span class='ocrx_word' id='word_1_504' title='bbox 3658 710 3828 779; x_wconf 77' lang='lat' dir='ltr'><strong>{ecita-</strong></span> 
     </span>
    </p>
   </div>
   <div class='ocr_carea' id='block_1_61' title="bbox 2330 800 3830 869">
    <p class='ocr_par' dir='ltr' id='par_1_61' title="bbox 2330 800 3830 869">
     <span class='ocr_line' id='line_1_61' title="bbox 2330 800 3830 869; baseline 0.003 -17"><span class='ocrx_word' id='word_1_505' title='bbox 2330 814 2475 863; x_wconf 87' lang='lat' dir='ltr'><strong>ram,</strong></span> <span class='ocrx_word' id='word_1_506' title='bbox 2525 808 2574 852; x_wconf 86' lang='lat' dir='ltr'><strong>et</strong></span> <span class='ocrx_word' id='word_1_507' title='bbox 2620 800 2873 853; x_wconf 82' lang='lat' dir='ltr'><strong>hominem</strong></span> <span class='ocrx_word' id='word_1_508' title='bbox 2906 815 3058 869; x_wconf 83' lang='lat' dir='ltr'><strong>super</strong></span> <span class='ocrx_word' id='word_1_509' title='bbox 3086 814 3195 854; x_wconf 88' lang='lat' dir='ltr'><strong>eam</strong></span> <span class='ocrx_word' id='word_1_510' title='bbox 3225 839 3241 864; x_wconf 90' lang='lat'><strong>,</strong></span> <span class='ocrx_word' id='word_1_511' title='bbox 3295 814 3384 867; x_wconf 87' lang='lat' dir='ltr'><strong>ego</strong></span> <span class='ocrx_word' id='word_1_512' title='bbox 3411 800 3624 853; x_wconf 82' lang='lat' dir='ltr'><strong>omnibus</strong></span> <span class='ocrx_word' id='word_1_513' title='bbox 3646 802 3830 858; x_wconf 70' lang='lat' dir='ltr'><strong>sideribus</strong></span> 
     </span>
    </p>
   </div>
   <div class='ocr_carea' id='block_1_62' title="bbox 2335 892 3831 967">
    <p class='ocr_par' dir='ltr' id='par_1_62' title="bbox 2335 892 3831 967">
     <span class='ocr_line' id='line_1_62' title="bbox 2335 892 3831 967; baseline 0.003 -22"><span class='ocrx_word' id='word_1_514' title='bbox 2335 893 2570 966; x_wconf 60' lang='lat' dir='ltr'><strong>praecepi,</strong></span> <span class='ocrx_word' id='word_1_515' title='bbox 2595 909 2686 966; x_wconf 87' lang='lat' dir='ltr'><strong>ego</strong></span> <span class='ocrx_word' id='word_1_516' title='bbox 2715 893 2955 947; x_wconf 72' lang='lat' dir='ltr'><strong>suscitari</strong></span> <span class='ocrx_word' id='word_1_517' title='bbox 2986 907 3157 967; x_wconf 79' lang='lat' dir='ltr'><strong>regem</strong></span> <span class='ocrx_word' id='word_1_518' title='bbox 3182 908 3293 946; x_wconf 88' lang='lat' dir='ltr'><strong>cum</strong></span> <span class='ocrx_word' id='word_1_519' title='bbox 3313 892 3529 965; x_wconf 83' lang='lat' dir='ltr'><strong>justitia,</strong></span> <span class='ocrx_word' id='word_1_520' title='bbox 3554 905 3596 947; x_wconf 83' lang='lat' dir='ltr'><strong>et</strong></span> <span class='ocrx_word' id='word_1_521' title='bbox 3618 909 3755 947; x_wconf 69' lang='lat' dir='ltr'><strong>omne:</strong></span> <span class='ocrx_word' id='word_1_522' title='bbox 3769 896 3831 951; x_wconf 75' lang='lat' dir='ltr'><strong>sie</strong></span> 
     </span>
    </p>
   </div>
   <div class='ocr_carea' id='block_1_63' title="bbox 2333 984 3830 1057">
    <p class='ocr_par' dir='ltr' id='par_1_63' title="bbox 2333 984 3830 1057">
     <span class='ocr_line' id='line_1_63' title="bbox 2333 984 3830 1057; baseline 0.001 -19"><span class='ocrx_word' id='word_1_523' title='bbox 2333 987 2444 1057; x_wconf 81' lang='lat' dir='ltr'><strong>ejus</strong></span> <span class='ocrx_word' id='word_1_524' title='bbox 2470 995 2636 1040; x_wconf 77' lang='lat' dir='ltr'><strong>rcctw.</strong></span> <span class='ocrx_word' id='word_1_525' title='bbox 2678 984 2777 1038; x_wconf 82' lang='lat' dir='ltr'><strong>IItc</strong></span> <span class='ocrx_word' id='word_1_526' title='bbox 2795 985 3069 1053; x_wconf 69' lang='lat' dir='ltr'><strong>ludiﬁcabit</strong></span> <span class='ocrx_word' id='word_1_527' title='bbox 3097 985 3346 1041; x_wconf 78' lang='lat' dir='ltr'><strong>ciuitatem</strong></span> <span class='ocrx_word' id='word_1_528' title='bbox 3375 1002 3548 1047; x_wconf 74' lang='lat' dir='ltr'><strong>meum,</strong></span> <span class='ocrx_word' id='word_1_529' title='bbox 3573 993 3616 1040; x_wconf 82' lang='lat' dir='ltr'><strong>et</strong></span> <span class='ocrx_word' id='word_1_530' title='bbox 3636 988 3830 1053; x_wconf 67' lang='lat' dir='ltr'><strong>captivita-</strong></span> 
     </span>
    </p>
   </div>
   <div class='ocr_carea' id='block_1_64' title="bbox 2334 1080 3832 1152">
    <p class='ocr_par' dir='ltr' id='par_1_64' title="bbox 2334 1080 3832 1152">
     <span class='ocr_line' id='line_1_64' title="bbox 2334 1080 3832 1152; baseline 0.001 -19"><span class='ocrx_word' id='word_1_531' title='bbox 2334 1087 2434 1135; x_wconf 78' lang='lat' dir='ltr'><strong>tent</strong></span> <span class='ocrx_word' id='word_1_532' title='bbox 2457 1080 2616 1147; x_wconf 78' lang='lat' dir='ltr'><strong>plebis</strong></span> <span class='ocrx_word' id='word_1_533' title='bbox 2636 1095 2763 1135; x_wconf 71' lang='lat' dir='ltr'><strong>mea:</strong></span> <span class='ocrx_word' id='word_1_534' title='bbox 2789 1088 3063 1146; x_wconf 81' lang='lat' dir='ltr'><strong>convertet,</strong></span> <span class='ocrx_word' id='word_1_535' title='bbox 3094 1096 3200 1134; x_wconf 84' lang='lat' dir='ltr'><strong>non</strong></span> <span class='ocrx_word' id='word_1_536' title='bbox 3220 1096 3335 1133; x_wconf 85' lang='lat' dir='ltr'><strong>cum</strong></span> <span class='ocrx_word' id='word_1_537' title='bbox 3359 1081 3576 1152; x_wconf 57' lang='lat' dir='ltr'><strong>praemio,</strong></span> <span class='ocrx_word' id='word_1_538' title='bbox 3602 1095 3733 1145; x_wconf 76' lang='lat' dir='ltr'><strong>neque</strong></span> <span class='ocrx_word' id='word_1_539' title='bbox 3755 1097 3832 1134; x_wconf 72' lang='lat' dir='ltr'><strong>can</strong></span> 
     </span>
    </p>
   </div>
   <div class='ocr_carea' id='block_1_65' title="bbox 2335 1170 3835 1245">
    <p class='ocr_par' dir='ltr' id='par_1_65' title="bbox 2335 1170 3835 1245">
     <span class='ocr_line' id='line_1_65' title="bbox 2335 1170 3835 1245; baseline -0.001 -19"><span class='ocrx_word' id='word_1_540' title='bbox 2335 1172 2648 1239; x_wconf 79' lang='lat' dir='ltr'><strong>muneribus,</strong></span> <span class='ocrx_word' id='word_1_541' title='bbox 2681 1172 2804 1227; x_wconf 76' lang='lat' dir='ltr'><strong>dicit</strong></span> <span class='ocrx_word' id='word_1_542' title='bbox 2832 1171 3086 1227; x_wconf 81' lang='lat' dir='ltr'><strong>Dominus</strong></span> <span class='ocrx_word' id='word_1_543' title='bbox 3123 1172 3372 1227; x_wconf 81' lang='lat' dir='ltr'><strong>Sabaoth.</strong></span> <span class='ocrx_word' id='word_1_544' title='bbox 3402 1170 3655 1226; x_wconf 84' lang='lat' dir='ltr'><strong>Laborabit</strong></span> <span class='ocrx_word' id='word_1_545' title='bbox 3688 1170 3835 1245; x_wconf 57' lang='grc' dir='ltr'><strong>λεπρ-</strong></span> 
     </span>
    </p>
   </div>
   <div class='ocr_carea' id='block_1_66' title="bbox 2335 1264 3835 1339">
    <p class='ocr_par' dir='ltr' id='par_1_66' title="bbox 2335 1264 3835 1339">
     <span class='ocr_line' id='line_1_66' title="bbox 2335 1264 3835 1339; baseline -0.001 -19"><span class='ocrx_word' id='word_1_546' title='bbox 2335 1276 2436 1329; x_wconf 86' lang='lat' dir='ltr'><strong>tus,</strong></span> <span class='ocrx_word' id='word_1_547' title='bbox 2460 1276 2505 1319; x_wconf 87' lang='lat' dir='ltr'><strong>et</strong></span> <span class='ocrx_word' id='word_1_548' title='bbox 2528 1275 2782 1321; x_wconf 82' lang='lat' dir='ltr'><strong>mercatus</strong></span> <span class='ocrx_word' id='word_1_549' title='bbox 2810 1266 3139 1338; x_wconf 57' lang='lat' dir='ltr'><strong>lithiopum,</strong></span> <span class='ocrx_word' id='word_1_550' title='bbox 3173 1265 3245 1339; x_wconf 77' lang='grc' dir='ltr'><strong>(ε)</strong></span> <span class='ocrx_word' id='word_1_551' title='bbox 3273 1277 3323 1321; x_wconf 88' lang='lat' dir='ltr'><strong>et</strong></span> <span class='ocrx_word' id='word_1_552' title='bbox 3356 1265 3559 1321; x_wconf 79' lang='lat' dir='ltr'><strong>Sabain.</strong></span> <span class='ocrx_word' id='word_1_553' title='bbox 3598 1264 3687 1318; x_wconf 78' lang='lat' dir='ltr'><strong>Viti</strong></span> <span class='ocrx_word' id='word_1_554' title='bbox 3706 1267 3835 1319; x_wconf 67' lang='lat' dir='ltr'><strong>estetsi</strong></span> 
     </span>
    </p>
   </div>
   <div class='ocr_carea' id='block_1_67' title="bbox 2334 1360 3836 1428">
    <p class='ocr_par' dir='ltr' id='par_1_67' title="bbox 2334 1360 3836 1428">
     <span class='ocr_line' id='line_1_67' title="bbox 2334 1360 3836 1428; baseline -0.003 -15"><span class='ocrx_word' id='word_1_555' title='bbox 2334 1360 2401 1413; x_wconf 86' lang='lat' dir='ltr'><strong>ad</strong></span> <span class='ocrx_word' id='word_1_556' title='bbox 2423 1369 2471 1413; x_wconf 84' lang='lat' dir='ltr'><strong>te</strong></span> <span class='ocrx_word' id='word_1_557' title='bbox 2495 1360 2804 1423; x_wconf 80' lang='lat' dir='ltr'><strong>transibunt,</strong></span> <span class='ocrx_word' id='word_1_558' title='bbox 2837 1368 2883 1414; x_wconf 82' lang='lat' dir='ltr'><strong>ct</strong></span> <span class='ocrx_word' id='word_1_559' title='bbox 2913 1361 2987 1415; x_wconf 86' lang='lat' dir='ltr'><strong>tui</strong></span> <span class='ocrx_word' id='word_1_560' title='bbox 3014 1370 3163 1414; x_wconf 87' lang='lat' dir='ltr'><strong>erunt</strong></span> <span class='ocrx_word' id='word_1_561' title='bbox 3193 1360 3323 1413; x_wconf 62' lang='lat' dir='ltr'><strong>servi</strong></span> <span class='ocrx_word' id='word_1_562' title='bbox 3341 1400 3354 1423; x_wconf 93' lang='lat'><strong>,</strong></span> <span class='ocrx_word' id='word_1_563' title='bbox 3380 1366 3427 1413; x_wconf 80' lang='lat' dir='ltr'><strong>et</strong></span> <span class='ocrx_word' id='word_1_564' title='bbox 3450 1369 3554 1428; x_wconf 82' lang='lat' dir='ltr'><strong>post</strong></span> <span class='ocrx_word' id='word_1_565' title='bbox 3579 1367 3621 1412; x_wconf 82' lang='lat' dir='ltr'><strong>te</strong></span> <span class='ocrx_word' id='word_1_566' title='bbox 3641 1368 3836 1426; x_wconf 64' lang='lat' dir='ltr'><strong>statith</strong></span> 
     </span>
    </p>
   </div>
   <div class='ocr_carea' id='block_1_68' title="bbox 2335 1451 3836 1527">
    <p class='ocr_par' dir='ltr' id='par_1_68' title="bbox 2335 1451 3836 1527">
     <span class='ocr_line' id='line_1_68' title="bbox 2335 1451 3836 1527; baseline -0.005 -19"><span class='ocrx_word' id='word_1_567' title='bbox 2335 1454 2536 1527; x_wconf 84' lang='lat' dir='ltr'><strong>alligati</strong></span> <span class='ocrx_word' id='word_1_568' title='bbox 2556 1456 2791 1521; x_wconf 80' lang='lat' dir='ltr'><strong>vinculis,</strong></span> <span class='ocrx_word' id='word_1_569' title='bbox 2820 1466 2866 1509; x_wconf 87' lang='lat' dir='ltr'><strong>et</strong></span> <span class='ocrx_word' id='word_1_570' title='bbox 2896 1455 3182 1509; x_wconf 82' lang='lat' dir='ltr'><strong>adorabunt</strong></span> <span class='ocrx_word' id='word_1_571' title='bbox 3197 1463 3264 1519; x_wconf 83' lang='lat' dir='ltr'><strong>te,</strong></span> <span class='ocrx_word' id='word_1_572' title='bbox 3295 1462 3341 1506; x_wconf 82' lang='lat' dir='ltr'><strong>et</strong></span> <span class='ocrx_word' id='word_1_573' title='bbox 3368 1454 3480 1506; x_wconf 80' lang='lat' dir='ltr'><strong>inte</strong></span> <span class='ocrx_word' id='word_1_574' title='bbox 3498 1451 3836 1520; x_wconf 64' lang='lat' dir='ltr'><strong>deprecaturum;</strong></span> 
     </span>
    </p>
   </div>
   <div class='ocr_carea' id='block_1_69' title="bbox 2334 1540 3836 1617">
    <p class='ocr_par' dir='ltr' id='par_1_69' title="bbox 2334 1540 3836 1617">
     <span class='ocr_line' id='line_1_69' title="bbox 2334 1540 3836 1617; baseline -0.004 -17"><span class='ocrx_word' id='word_1_575' title='bbox 2334 1550 2575 1617; x_wconf 82' lang='lat' dir='ltr'><strong>quoniam</strong></span> <span class='ocrx_word' id='word_1_576' title='bbox 2612 1549 2665 1601; x_wconf 90' lang='lat' dir='ltr'><strong>in</strong></span> <span class='ocrx_word' id='word_1_577' title='bbox 2692 1560 2739 1601; x_wconf 86' lang='lat' dir='ltr'><strong>te</strong></span> <span class='ocrx_word' id='word_1_578' title='bbox 2764 1556 2836 1600; x_wconf 83' lang='lat' dir='ltr'><strong>est</strong></span> <span class='ocrx_word' id='word_1_579' title='bbox 2867 1545 3025 1612; x_wconf 87' lang='lat' dir='ltr'><strong>Deus,</strong></span> <span class='ocrx_word' id='word_1_580' title='bbox 3058 1557 3103 1599; x_wconf 90' lang='lat' dir='ltr'><strong>et</strong></span> <span class='ocrx_word' id='word_1_581' title='bbox 3130 1562 3231 1600; x_wconf 87' lang='lat' dir='ltr'><strong>non</strong></span> <span class='ocrx_word' id='word_1_582' title='bbox 3265 1554 3339 1599; x_wconf 89' lang='lat' dir='ltr'><strong>est</strong></span> <span class='ocrx_word' id='word_1_583' title='bbox 3366 1543 3502 1598; x_wconf 72' lang='lat' dir='ltr'><strong>Deus</strong></span> <span class='ocrx_word' id='word_1_584' title='bbox 3525 1553 3688 1615; x_wconf 66' lang='lat' dir='ltr'><strong>prater</strong></span> <span class='ocrx_word' id='word_1_585' title='bbox 3714 1552 3764 1595; x_wconf 81' lang='lat' dir='ltr'><strong>te.</strong></span> <span class='ocrx_word' id='word_1_586' title='bbox 3787 1540 3836 1596; x_wconf 77' lang='lat' dir='ltr'><strong>Tit</strong></span> 
     </span>
    </p>
   </div>
   <div class='ocr_carea' id='block_1_70' title="bbox 2337 1635 3836 1705">
    <p class='ocr_par' dir='ltr' id='par_1_70' title="bbox 2337 1635 3836 1705">
     <span class='ocr_line' id='line_1_70' title="bbox 2337 1635 3836 1705; baseline -0.005 -12"><span class='ocrx_word' id='word_1_587' title='bbox 2337 1641 2475 1694; x_wconf 84' lang='lat' dir='ltr'><strong>enim</strong></span> <span class='ocrx_word' id='word_1_588' title='bbox 2508 1656 2561 1693; x_wconf 86' lang='lat' dir='ltr'><strong>es</strong></span> <span class='ocrx_word' id='word_1_589' title='bbox 2602 1638 2760 1705; x_wconf 83' lang='lat' dir='ltr'><strong>Deus,</strong></span> <span class='ocrx_word' id='word_1_590' title='bbox 2794 1648 2841 1693; x_wconf 85' lang='lat' dir='ltr'><strong>et</strong></span> <span class='ocrx_word' id='word_1_591' title='bbox 2871 1639 3239 1693; x_wconf 73' lang='lat' dir='ltr'><strong>nesciebamus.</strong></span> <span class='ocrx_word' id='word_1_592' title='bbox 3292 1635 3432 1692; x_wconf 80' lang='lat' dir='ltr'><strong>Deus</strong></span> <span class='ocrx_word' id='word_1_593' title='bbox 3474 1635 3626 1690; x_wconf 84' lang='lat' dir='ltr'><strong>Israel</strong></span> <span class='ocrx_word' id='word_1_594' title='bbox 3662 1635 3836 1688; x_wconf 68' lang='lat' dir='ltr'><strong>saltator.</strong></span> 
     </span>
    </p>
   </div>
   <div class='ocr_carea' id='block_1_71' title="bbox 2338 1726 3839 1800">
    <p class='ocr_par' dir='ltr' id='par_1_71' title="bbox 2338 1726 3839 1800">
     <span class='ocr_line' id='line_1_71' title="bbox 2338 1726 3839 1800; baseline -0.007 -13"><span class='ocrx_word' id='word_1_595' title='bbox 2338 1731 2645 1787; x_wconf 80' lang='lat' dir='ltr'><strong>Ernbesrent</strong></span> <span class='ocrx_word' id='word_1_596' title='bbox 2673 1740 2720 1786; x_wconf 90' lang='lat' dir='ltr'><strong>et</strong></span> <span class='ocrx_word' id='word_1_597' title='bbox 2743 1731 2949 1800; x_wconf 86' lang='lat' dir='ltr'><strong>pudebit</strong></span> <span class='ocrx_word' id='word_1_598' title='bbox 2974 1748 3148 1786; x_wconf 79' lang='lat' dir='ltr'><strong>omnes</strong></span> <span class='ocrx_word' id='word_1_599' title='bbox 3169 1730 3256 1799; x_wconf 83' lang='lat' dir='ltr'><strong>qui</strong></span> <span class='ocrx_word' id='word_1_600' title='bbox 3279 1729 3602 1784; x_wconf 80' lang='lat' dir='ltr'><strong>adversantur</strong></span> <span class='ocrx_word' id='word_1_601' title='bbox 3615 1728 3676 1791; x_wconf 85' lang='lat' dir='ltr'><strong>ei,</strong></span> <span class='ocrx_word' id='word_1_602' title='bbox 3695 1736 3732 1780; x_wconf 79' lang='lat' dir='ltr'><strong>et</strong></span> <span class='ocrx_word' id='word_1_603' title='bbox 3746 1726 3839 1779; x_wconf 72' lang='lat' dir='ltr'><strong>ibunt</strong></span> 
     </span>
    </p>
   </div>
   <div class='ocr_carea' id='block_1_72' title="bbox 2264 1819 3839 1896">
    <p class='ocr_par' dir='ltr' id='par_1_72' title="bbox 2264 1819 3839 1896">
     <span class='ocr_line' id='line_1_72' title="bbox 2264 1819 3839 1896; baseline -0.008 -12"><span class='ocrx_word' id='word_1_604' title='bbox 2264 1831 2311 1893; x_wconf 84' lang='grc' dir='ltr'><strong>Β</strong></span> <span class='ocrx_word' id='word_1_605' title='bbox 2339 1844 2457 1883; x_wconf 86' lang='lat' dir='ltr'><strong>cum</strong></span> <span class='ocrx_word' id='word_1_606' title='bbox 2482 1827 2787 1896; x_wconf 77' lang='lat' dir='ltr'><strong>confusione</strong></span> <span class='ocrx_word' id='word_1_607' title='bbox 2819 1825 2987 1896; x_wconf 86' lang='lat' dir='ltr'><strong>(Esai,</strong></span> <span class='ocrx_word' id='word_1_608' title='bbox 3020 1840 3147 1889; x_wconf 71' lang='lat' dir='ltr'><strong>xm,</strong></span> <span class='ocrx_word' id='word_1_609' title='bbox 3184 1825 3243 1880; x_wconf 72' lang='lat' dir='ltr'><strong>il</strong></span> <span class='ocrx_word' id='word_1_610' title='bbox 3291 1835 3339 1879; x_wconf 85' lang='lat' dir='ltr'><strong>et</strong></span> <span class='ocrx_word' id='word_1_611' title='bbox 3387 1822 3534 1890; x_wconf 86' lang='lat' dir='ltr'><strong>seq.).</strong></span> <span class='ocrx_word' id='word_1_612' title='bbox 3568 1822 3708 1877; x_wconf 83' lang='lat' dir='ltr'><strong>Estne</strong></span> <span class='ocrx_word' id='word_1_613' title='bbox 3725 1819 3839 1875; x_wconf 79' lang='lat' dir='ltr'><strong>adhuc</strong></span> 
     </span>
    </p>
   </div>
   <div class='ocr_carea' id='block_1_73' title="bbox 2338 1916 3839 1990">
    <p class='ocr_par' dir='ltr' id='par_1_73' title="bbox 2338 1916 3839 1990">
     <span class='ocr_line' id='line_1_73' title="bbox 2338 1916 3839 1990; baseline -0.007 -15"><span class='ocrx_word' id='word_1_614' title='bbox 2338 1922 2533 1990; x_wconf 88' lang='lat' dir='ltr'><strong>aliquis</strong></span> <span class='ocrx_word' id='word_1_615' title='bbox 2557 1919 2874 1974; x_wconf 80' lang='lat' dir='ltr'><strong>temeritatis</strong></span> <span class='ocrx_word' id='word_1_616' title='bbox 2902 1919 3092 1973; x_wconf 79' lang='lat' dir='ltr'><strong>locus?</strong></span> <span class='ocrx_word' id='word_1_617' title='bbox 3132 1927 3225 1971; x_wconf 90' lang='lat' dir='ltr'><strong>aut</strong></span> <span class='ocrx_word' id='word_1_618' title='bbox 3255 1916 3363 1971; x_wconf 90' lang='lat' dir='ltr'><strong>ulla</strong></span> <span class='ocrx_word' id='word_1_619' title='bbox 3397 1917 3573 1972; x_wconf 85' lang='lat' dir='ltr'><strong>relicta</strong></span> <span class='ocrx_word' id='word_1_620' title='bbox 3598 1926 3669 1969; x_wconf 87' lang='lat' dir='ltr'><strong>est</strong></span> <span class='ocrx_word' id='word_1_621' title='bbox 3692 1916 3839 1983; x_wconf 75' lang='lat' dir='ltr'><strong>ignora-</strong></span> 
     </span>
    </p>
   </div>
   <div class='ocr_carea' id='block_1_74' title="bbox 2341 2006 3842 2082">
    <p class='ocr_par' dir='ltr' id='par_1_74' title="bbox 2341 2006 3842 2082">
     <span class='ocr_line' id='line_1_74' title="bbox 2341 2006 3842 2082; baseline -0.005 -14"><span class='ocrx_word' id='word_1_622' title='bbox 2341 2014 2501 2069; x_wconf 83' lang='lat' dir='ltr'><strong>tionis</strong></span> <span class='ocrx_word' id='word_1_623' title='bbox 2528 2016 2741 2069; x_wconf 86' lang='lat' dir='ltr'><strong>occasio</strong></span> <span class='ocrx_word' id='word_1_624' title='bbox 2773 2031 2785 2067; x_wconf 92' lang='lat'><strong>:</strong></span> <span class='ocrx_word' id='word_1_625' title='bbox 2817 2013 2921 2068; x_wconf 87' lang='lat' dir='ltr'><strong>nisi</strong></span> <span class='ocrx_word' id='word_1_626' title='bbox 2951 2013 3004 2068; x_wconf 89' lang='lat' dir='ltr'><strong>id</strong></span> <span class='ocrx_word' id='word_1_627' title='bbox 3029 2022 3232 2067; x_wconf 80' lang='lat' dir='ltr'><strong>tantum</strong></span> <span class='ocrx_word' id='word_1_628' title='bbox 3256 2011 3523 2082; x_wconf 87' lang='lat' dir='ltr'><strong>reliquum</strong></span> <span class='ocrx_word' id='word_1_629' title='bbox 3548 2009 3633 2075; x_wconf 89' lang='lat' dir='ltr'><strong>sit,</strong></span> <span class='ocrx_word' id='word_1_630' title='bbox 3660 2016 3706 2061; x_wconf 90' lang='lat' dir='ltr'><strong>ut</strong></span> <span class='ocrx_word' id='word_1_631' title='bbox 3722 2006 3842 2076; x_wconf 83' lang='lat' dir='ltr'><strong>impie-</strong></span> 
     </span>
    </p>
   </div>
   <div class='ocr_carea' id='block_1_75' title="bbox 2339 2101 3840 2179">
    <p class='ocr_par' dir='ltr' id='par_1_75' title="bbox 2339 2101 3840 2179">
     <span class='ocr_line' id='line_1_75' title="bbox 2339 2101 3840 2179; baseline -0.006 -16"><span class='ocrx_word' id='word_1_632' title='bbox 2339 2118 2422 2164; x_wconf 83' lang='lat' dir='ltr'><strong>t‘as</strong></span> <span class='ocrx_word' id='word_1_633' title='bbox 2455 2108 2696 2178; x_wconf 81' lang='lat' dir='ltr'><strong>professa</strong></span> <span class='ocrx_word' id='word_1_634' title='bbox 2729 2124 2788 2164; x_wconf 88' lang='lat' dir='ltr'><strong>se</strong></span> <span class='ocrx_word' id='word_1_635' title='bbox 2814 2106 3039 2179; x_wconf 77' lang='lat' dir='ltr'><strong>prodat?</strong></span> <span class='ocrx_word' id='word_1_636' title='bbox 3072 2107 3211 2162; x_wconf 86' lang='lat' dir='ltr'><strong>Deus</strong></span> <span class='ocrx_word' id='word_1_637' title='bbox 3236 2122 3299 2162; x_wconf 73' lang='lat' dir='ltr'><strong>ex</strong></span> <span class='ocrx_word' id='word_1_638' title='bbox 3332 2121 3442 2177; x_wconf 89' lang='lat' dir='ltr'><strong>quo</strong></span> <span class='ocrx_word' id='word_1_639' title='bbox 3469 2103 3630 2160; x_wconf 78' lang='lat' dir='ltr'><strong>omnia</strong></span> <span class='ocrx_word' id='word_1_640' title='bbox 3655 2112 3767 2168; x_wconf 88' lang='lat' dir='ltr'><strong>sunt,</strong></span> <span class='ocrx_word' id='word_1_641' title='bbox 3787 2101 3840 2169; x_wconf 72' lang='lat' dir='ltr'><strong>qui</strong></span> 
     </span>
    </p>
   </div>
   <div class='ocr_carea' id='block_1_76' title="bbox 2336 2196 3839 2276">
    <p class='ocr_par' dir='ltr' id='par_1_76' title="bbox 2336 2196 3839 2276">
     <span class='ocr_line' id='line_1_76' title="bbox 2336 2196 3839 2276; baseline -0.009 -19"><span class='ocrx_word' id='word_1_642' title='bbox 2336 2202 2517 2257; x_wconf 88' lang='lat' dir='ltr'><strong>omnia</strong></span> <span class='ocrx_word' id='word_1_643' title='bbox 2546 2201 2624 2276; x_wconf 77' lang='grc' dir='ltr'><strong>(ά)</strong></span> <span class='ocrx_word' id='word_1_644' title='bbox 2656 2199 2960 2256; x_wconf 84' lang='lat' dir='ltr'><strong>mandando</strong></span> <span class='ocrx_word' id='word_1_645' title='bbox 2991 2198 3138 2261; x_wconf 79' lang='lat' dir='ltr'><strong>fecit.</strong></span> <span class='ocrx_word' id='word_1_646' title='bbox 3157 2198 3282 2253; x_wconf 78' lang='lat' dir='ltr'><strong>lacti</strong></span> <span class='ocrx_word' id='word_1_647' title='bbox 3314 2212 3478 2268; x_wconf 82' lang='lat' dir='ltr'><strong>opera</strong></span> <span class='ocrx_word' id='word_1_648' title='bbox 3507 2196 3600 2251; x_wconf 85' lang='lat' dir='ltr'><strong>sibi</strong></span> <span class='ocrx_word' id='word_1_649' title='bbox 3616 2206 3839 2253; x_wconf 77' lang='lat' dir='ltr'><strong>assumens,</strong></span> 
     </span>
    </p>
   </div>
   <div class='ocr_carea' id='block_1_77' title="bbox 2340 2289 3842 2365">
    <p class='ocr_par' dir='ltr' id='par_1_77' title="bbox 2340 2289 3842 2365">
     <span class='ocr_line' id='line_1_77' title="bbox 2340 2289 3842 2365; baseline -0.009 -16"><span class='ocrx_word' id='word_1_650' title='bbox 2340 2309 2446 2349; x_wconf 90' lang='lat' dir='ltr'><strong>non</strong></span> <span class='ocrx_word' id='word_1_651' title='bbox 2475 2295 2657 2365; x_wconf 88' lang='lat' dir='ltr'><strong>utique</strong></span> <span class='ocrx_word' id='word_1_652' title='bbox 2683 2291 2992 2352; x_wconf 78' lang='lat' dir='ltr'><strong>efﬁcienda.</strong></span> <span class='ocrx_word' id='word_1_653' title='bbox 3019 2292 3117 2347; x_wconf 89' lang='lat' dir='ltr'><strong>nisi</strong></span> <span class='ocrx_word' id='word_1_654' title='bbox 3144 2291 3372 2346; x_wconf 74' lang='lat' dir='ltr'><strong>dixisset</strong></span> <span class='ocrx_word' id='word_1_655' title='bbox 3399 2296 3459 2345; x_wconf 89' lang='lat' dir='ltr'><strong>ut</strong></span> <span class='ocrx_word' id='word_1_656' title='bbox 3472 2289 3664 2353; x_wconf 76' lang='lat' dir='ltr'><strong>ﬁerent,</strong></span> <span class='ocrx_word' id='word_1_657' title='bbox 3685 2292 3842 2341; x_wconf 66' lang='lat' dir='ltr'><strong>testattu</strong></span> 
     </span>
    </p>
   </div>
   <div class='ocr_carea' id='block_1_78' title="bbox 2339 2380 3843 2460">
    <p class='ocr_par' dir='ltr' id='par_1_78' title="bbox 2339 2380 3843 2460">
     <span class='ocr_line' id='line_1_78' title="bbox 2339 2380 3843 2460; baseline -0.009 -15"><span class='ocrx_word' id='word_1_658' title='bbox 2339 2405 2520 2460; x_wconf 75' lang='lat' dir='ltr'><strong>regem</strong></span> <span class='ocrx_word' id='word_1_659' title='bbox 2555 2404 2652 2459; x_wconf 82' lang='lat' dir='ltr'><strong>per</strong></span> <span class='ocrx_word' id='word_1_660' title='bbox 2675 2404 2734 2443; x_wconf 86' lang='lat' dir='ltr'><strong>se</strong></span> <span class='ocrx_word' id='word_1_661' title='bbox 2761 2387 2841 2458; x_wconf 73' lang='lat' dir='ltr'><strong>(t)</strong></span> <span class='ocrx_word' id='word_1_662' title='bbox 2868 2389 3162 2443; x_wconf 82' lang='lat' dir='ltr'><strong>excitatum</strong></span> <span class='ocrx_word' id='word_1_663' title='bbox 3209 2388 3409 2455; x_wconf 87' lang='lat' dir='ltr'><strong>justum</strong></span> <span class='ocrx_word' id='word_1_664' title='bbox 3436 2425 3452 2446; x_wconf 88' lang='lat'><strong>,</strong></span> <span class='ocrx_word' id='word_1_665' title='bbox 3499 2392 3552 2439; x_wconf 89' lang='lat' dir='ltr'><strong>et</strong></span> <span class='ocrx_word' id='word_1_666' title='bbox 3576 2380 3843 2437; x_wconf 66' lang='lat' dir='ltr'><strong>aedificantem</strong></span> 
     </span>
    </p>
   </div>
   <div class='ocr_carea' id='block_1_79' title="bbox 2339 2481 3842 2557">
    <p class='ocr_par' dir='ltr' id='par_1_79' title="bbox 2339 2481 3842 2557">
     <span class='ocr_line' id='line_1_79' title="bbox 2339 2481 3842 2557; baseline -0.009 -18"><span class='ocrx_word' id='word_1_667' title='bbox 2339 2485 2440 2539; x_wconf 88' lang='lat' dir='ltr'><strong>sibi</strong></span> <span class='ocrx_word' id='word_1_668' title='bbox 2476 2485 2584 2541; x_wconf 91' lang='lat' dir='ltr'><strong>Deo</strong></span> <span class='ocrx_word' id='word_1_669' title='bbox 2606 2484 2903 2557; x_wconf 71' lang='lat' dir='ltr'><strong>civitatem,</strong></span> <span class='ocrx_word' id='word_1_670' title='bbox 2928 2491 2981 2537; x_wconf 90' lang='lat' dir='ltr'><strong>et</strong></span> <span class='ocrx_word' id='word_1_671' title='bbox 3013 2481 3180 2552; x_wconf 88' lang='lat' dir='ltr'><strong>plebis</strong></span> <span class='ocrx_word' id='word_1_672' title='bbox 3201 2481 3558 2551; x_wconf 77' lang='lat' dir='ltr'><strong>captivitatem</strong></span> <span class='ocrx_word' id='word_1_673' title='bbox 3579 2484 3842 2535; x_wconf 80' lang='lat' dir='ltr'><strong>avertentem.</strong></span> 
     </span>
    </p>
   </div>
   <div class='ocr_carea' id='block_1_80' title="bbox 2305 2571 3844 2649">
    <p class='ocr_par' dir='ltr' id='par_1_80' title="bbox 2305 2571 3844 2649">
     <span class='ocr_line' id='line_1_80' title="bbox 2305 2571 3844 2649; baseline -0.01 -13"><span class='ocrx_word' id='word_1_674' title='bbox 2305 2620 2311 2627; x_wconf 77' lang='lat'><strong>.</strong></span> <span class='ocrx_word' id='word_1_675' title='bbox 2339 2598 2446 2636; x_wconf 91' lang='lat' dir='ltr'><strong>non</strong></span> <span class='ocrx_word' id='word_1_676' title='bbox 2476 2596 2597 2635; x_wconf 90' lang='lat' dir='ltr'><strong>cum</strong></span> <span class='ocrx_word' id='word_1_677' title='bbox 2633 2581 2855 2649; x_wconf 71' lang='lat' dir='ltr'><strong>prmmio</strong></span> <span class='ocrx_word' id='word_1_678' title='bbox 2877 2592 3053 2648; x_wconf 84' lang='lat' dir='ltr'><strong>neque</strong></span> <span class='ocrx_word' id='word_1_679' title='bbox 3081 2592 3201 2631; x_wconf 90' lang='lat' dir='ltr'><strong>cum</strong></span> <span class='ocrx_word' id='word_1_680' title='bbox 3224 2576 3567 2637; x_wconf 82' lang='lat' dir='ltr'><strong>muneribus;</strong></span> <span class='ocrx_word' id='word_1_681' title='bbox 3591 2571 3729 2644; x_wconf 73' lang='lat' dir='ltr'><strong>gratia</strong></span> <span class='ocrx_word' id='word_1_682' title='bbox 3749 2574 3844 2624; x_wconf 79' lang='lat' dir='ltr'><strong>enim</strong></span> 
     </span>
    </p>
   </div>
   <div class='ocr_carea' id='block_1_81' title="bbox 2338 2664 3845 2739">
    <p class='ocr_par' dir='ltr' id='par_1_81' title="bbox 2338 2664 3845 2739">
     <span class='ocr_line' id='line_1_81' title="bbox 2338 2664 3845 2739; baseline -0.01 -10"><span class='ocrx_word' id='word_1_683' title='bbox 2338 2688 2532 2730; x_wconf 89' lang='lat' dir='ltr'><strong>omnes</strong></span> <span class='ocrx_word' id='word_1_684' title='bbox 2554 2673 2844 2727; x_wconf 81' lang='lat' dir='ltr'><strong>salvamur.</strong></span> <span class='ocrx_word' id='word_1_685' title='bbox 2878 2670 3079 2727; x_wconf 89' lang='lat' dir='ltr'><strong>Deinde</strong></span> <span class='ocrx_word' id='word_1_686' title='bbox 3106 2672 3175 2724; x_wconf 89' lang='lat' dir='ltr'><strong>ita</strong></span> <span class='ocrx_word' id='word_1_687' title='bbox 3210 2671 3466 2739; x_wconf 87' lang='lat' dir='ltr'><strong>loquitur,</strong></span> <span class='ocrx_word' id='word_1_688' title='bbox 3495 2683 3609 2723; x_wconf 84' lang='lat' dir='ltr'><strong>cum</strong></span> <span class='ocrx_word' id='word_1_689' title='bbox 3633 2673 3731 2735; x_wconf 87' lang='lat' dir='ltr'><strong>post</strong></span> <span class='ocrx_word' id='word_1_690' title='bbox 3750 2664 3845 2715; x_wconf 78' lang='lat' dir='ltr'><strong>labo-</strong></span> 
     </span>
    </p>
   </div>
   <div class='ocr_carea' id='block_1_82' title="bbox 2338 2756 3841 2837">
    <p class='ocr_par' dir='ltr' id='par_1_82' title="bbox 2338 2756 3841 2837">
     <span class='ocr_line' id='line_1_82' title="bbox 2338 2756 3841 2837; baseline -0.01 -14"><span class='ocrx_word' id='word_1_691' title='bbox 2338 2784 2454 2823; x_wconf 85' lang='lat' dir='ltr'><strong>rem</strong></span> <span class='ocrx_word' id='word_1_692' title='bbox 2486 2765 2726 2837; x_wconf 62' lang='lat' dir='ltr'><strong>Aa‘gypti,</strong></span> <span class='ocrx_word' id='word_1_693' title='bbox 2781 2766 2834 2819; x_wconf 89' lang='lat' dir='ltr'><strong>id</strong></span> <span class='ocrx_word' id='word_1_694' title='bbox 2880 2775 2992 2829; x_wconf 86' lang='lat' dir='ltr'><strong>est,</strong></span> <span class='ocrx_word' id='word_1_695' title='bbox 3024 2763 3208 2818; x_wconf 65' lang='lat' dir='ltr'><strong>surculi</strong></span> <span class='ocrx_word' id='word_1_696' title='bbox 3249 2762 3333 2834; x_wconf 82' lang='grc'><strong>(5)</strong></span> <span class='ocrx_word' id='word_1_697' title='bbox 3373 2761 3706 2817; x_wconf 78' lang='lat' dir='ltr'><strong>calamitatem</strong></span> <span class='ocrx_word' id='word_1_698' title='bbox 3730 2756 3841 2827; x_wconf 54' lang='lat' dir='ltr'><strong>(ibet</strong></span> 
     </span>
    </p>
   </div>
   <div class='ocr_carea' id='block_1_83' title="bbox 2340 2849 3842 2930">
    <p class='ocr_par' dir='ltr' id='par_1_83' title="bbox 2340 2849 3842 2930">
     <span class='ocr_line' id='line_1_83' title="bbox 2340 2849 3842 2930; baseline -0.009 -15"><span class='ocrx_word' id='word_1_699' title='bbox 2340 2871 2608 2917; x_wconf 86' lang='lat' dir='ltr'><strong>mercatus</strong></span> <span class='ocrx_word' id='word_1_700' title='bbox 2646 2858 2961 2930; x_wconf 69' lang='lat' dir='ltr'><strong>Ethiopum</strong></span> <span class='ocrx_word' id='word_1_701' title='bbox 3004 2864 3061 2912; x_wconf 82' lang='lat' dir='ltr'><strong>et</strong></span> <span class='ocrx_word' id='word_1_702' title='bbox 3090 2856 3287 2911; x_wconf 85' lang='lat' dir='ltr'><strong>Sabain</strong></span> <span class='ocrx_word' id='word_1_703' title='bbox 3334 2855 3433 2911; x_wconf 85' lang='lat' dir='ltr'><strong>viri</strong></span> <span class='ocrx_word' id='word_1_704' title='bbox 3464 2853 3649 2910; x_wconf 77' lang='lat' dir='ltr'><strong>excelsi</strong></span> <span class='ocrx_word' id='word_1_705' title='bbox 3685 2849 3736 2905; x_wconf 81' lang='lat' dir='ltr'><strong>ad</strong></span> <span class='ocrx_word' id='word_1_706' title='bbox 3767 2861 3842 2901; x_wconf 73' lang='lat' dir='ltr'><strong>om</strong></span> 
     </span>
    </p>
   </div>
   <div class='ocr_carea' id='block_1_84' title="bbox 2341 2937 3847 3024">
    <p class='ocr_par' dir='ltr' id='par_1_84' title="bbox 2341 2937 3847 3024">
     <span class='ocr_line' id='line_1_84' title="bbox 2341 2937 3847 3024; baseline -0.007 -15"><span class='ocrx_word' id='word_1_707' title='bbox 2341 2955 2667 3011; x_wconf 76' lang='lat' dir='ltr'><strong>transiliunt.</strong></span> <span class='ocrx_word' id='word_1_708' title='bbox 2691 2953 2758 3008; x_wconf 89' lang='lat' dir='ltr'><strong>Et</strong></span> <span class='ocrx_word' id='word_1_709' title='bbox 2777 2953 2867 3024; x_wconf 92' lang='lat' dir='ltr'><strong>qui</strong></span> <span class='ocrx_word' id='word_1_710' title='bbox 2884 2951 3099 3006; x_wconf 86' lang='lat' dir='ltr'><strong>tandem</strong></span> <span class='ocrx_word' id='word_1_711' title='bbox 3124 2950 3516 3005; x_wconf 77' lang='lat' dir='ltr'><strong>existimandus</strong></span> <span class='ocrx_word' id='word_1_712' title='bbox 3537 2948 3672 3005; x_wconf 86' lang='lat' dir='ltr'><strong>labor</strong></span> <span class='ocrx_word' id='word_1_713' title='bbox 3685 2937 3847 3014; x_wconf 60' lang='lat' dir='ltr'><strong>Alani“.</strong></span> 
     </span>
    </p>
   </div>
   <div class='ocr_carea' id='block_1_85' title="bbox 2338 3034 3852 3115">
    <p class='ocr_par' dir='ltr' id='par_1_85' title="bbox 2338 3034 3852 3115">
     <span class='ocr_line' id='line_1_85' title="bbox 2338 3034 3852 3115; baseline -0.013 -11"><span class='ocrx_word' id='word_1_714' title='bbox 2338 3058 2394 3104; x_wconf 88' lang='lat' dir='ltr'><strong>et</strong></span> <span class='ocrx_word' id='word_1_715' title='bbox 2415 3056 2684 3102; x_wconf 86' lang='lat' dir='ltr'><strong>mercatus</strong></span> <span class='ocrx_word' id='word_1_716' title='bbox 2711 3045 3024 3115; x_wconf 61' lang='lat' dir='ltr'><strong>{Ethiopum</strong></span> <span class='ocrx_word' id='word_1_717' title='bbox 3043 3043 3344 3099; x_wconf 73' lang='lat' dir='ltr'><strong>etSabain?</strong></span> <span class='ocrx_word' id='word_1_718' title='bbox 3375 3041 3714 3098; x_wconf 77' lang='lat' dir='ltr'><strong>Recordemur</strong></span> <span class='ocrx_word' id='word_1_719' title='bbox 3726 3034 3852 3092; x_wconf 79' lang='lat' dir='ltr'><strong>Orien-</strong></span> 
     </span>
    </p>
   </div>
   <div class='ocr_carea' id='block_1_86' title="bbox 2339 3125 3855 3210">
    <p class='ocr_par' dir='ltr' id='par_1_86' title="bbox 2339 3125 3855 3210">
     <span class='ocr_line' id='line_1_86' title="bbox 2339 3125 3855 3210; baseline -0.011 -14"><span class='ocrx_word' id='word_1_720' title='bbox 2339 3144 2409 3196; x_wconf 81' lang='lat' dir='ltr'><strong>tis</strong></span> <span class='ocrx_word' id='word_1_721' title='bbox 2432 3140 2615 3210; x_wconf 75' lang='lat' dir='ltr'><strong>Magos</strong></span> <span class='ocrx_word' id='word_1_722' title='bbox 2644 3138 2933 3193; x_wconf 87' lang='lat' dir='ltr'><strong>adorantes</strong></span> <span class='ocrx_word' id='word_1_723' title='bbox 2979 3135 3261 3191; x_wconf 89' lang='lat' dir='ltr'><strong>Dominum</strong></span> <span class='ocrx_word' id='word_1_724' title='bbox 3300 3143 3360 3190; x_wconf 90' lang='lat' dir='ltr'><strong>et</strong></span> <span class='ocrx_word' id='word_1_725' title='bbox 3392 3142 3723 3193; x_wconf 76' lang='lat' dir='ltr'><strong>tuutterantes,</strong></span> <span class='ocrx_word' id='word_1_726' title='bbox 3744 3136 3784 3181; x_wconf 84' lang='lat' dir='ltr'><strong>et</strong></span> <span class='ocrx_word' id='word_1_727' title='bbox 3807 3125 3855 3177; x_wconf 68' lang='lat' dir='ltr'><strong>lat-</strong></span> 
     </span>
    </p>
   </div>
   <div class='ocr_carea' id='block_1_87' title="bbox 2263 3221 3856 3302">
    <p class='ocr_par' dir='ltr' id='par_1_87' title="bbox 2263 3221 3856 3302">
     <span class='ocr_line' id='line_1_87' title="bbox 2263 3221 3856 3302; baseline -0.01 -14"><span class='ocrx_word' id='word_1_728' title='bbox 2263 3223 2309 3288; x_wconf 88' lang='lat' dir='ltr'><strong><em>C</em></strong></span> <span class='ocrx_word' id='word_1_729' title='bbox 2340 3236 2526 3291; x_wconf 81' lang='lat' dir='ltr'><strong>berem</strong></span> <span class='ocrx_word' id='word_1_730' title='bbox 2560 3232 2809 3288; x_wconf 83' lang='lat' dir='ltr'><strong>veniendi</strong></span> <span class='ocrx_word' id='word_1_731' title='bbox 2839 3246 3005 3302; x_wconf 88' lang='lat' dir='ltr'><strong>usque</strong></span> <span class='ocrx_word' id='word_1_732' title='bbox 3028 3231 3079 3284; x_wconf 91' lang='lat' dir='ltr'><strong>in</strong></span> <span class='ocrx_word' id='word_1_733' title='bbox 3111 3230 3430 3285; x_wconf 85' lang='lat' dir='ltr'><strong>Bethlehem</strong></span> <span class='ocrx_word' id='word_1_734' title='bbox 3452 3229 3601 3285; x_wconf 64' lang='lat' dir='ltr'><strong>ludar</strong></span> <span class='ocrx_word' id='word_1_735' title='bbox 3623 3225 3731 3282; x_wconf 85' lang='lat' dir='ltr'><strong>tanti</strong></span> <span class='ocrx_word' id='word_1_736' title='bbox 3752 3221 3856 3277; x_wconf 81' lang='lat' dir='ltr'><strong>itine-</strong></span> 
     </span>
    </p>
   </div>
   <div class='ocr_carea' id='block_1_88' title="bbox 2342 3312 3855 3399">
    <p class='ocr_par' dir='ltr' id='par_1_88' title="bbox 2342 3312 3855 3399">
     <span class='ocr_line' id='line_1_88' title="bbox 2342 3312 3855 3399; baseline -0.011 -16"><span class='ocrx_word' id='word_1_737' title='bbox 2342 3329 2417 3383; x_wconf 85' lang='lat' dir='ltr'><strong>ris</strong></span> <span class='ocrx_word' id='word_1_738' title='bbox 2455 3328 2762 3382; x_wconf 89' lang='lat' dir='ltr'><strong>metiamur.</strong></span> <span class='ocrx_word' id='word_1_739' title='bbox 2819 3323 2886 3399; x_wconf 77' lang='lat' dir='ltr'><strong>(f)</strong></span> <span class='ocrx_word' id='word_1_740' title='bbox 2921 3324 2975 3377; x_wconf 92' lang='lat' dir='ltr'><strong>In</strong></span> <span class='ocrx_word' id='word_1_741' title='bbox 3015 3324 3312 3393; x_wconf 88' lang='lat' dir='ltr'><strong>principum</strong></span> <span class='ocrx_word' id='word_1_742' title='bbox 3347 3322 3492 3377; x_wconf 90' lang='lat' dir='ltr'><strong>enim</strong></span> <span class='ocrx_word' id='word_1_743' title='bbox 3542 3320 3703 3375; x_wconf 79' lang='lat' dir='ltr'><strong>labore</strong></span> <span class='ocrx_word' id='word_1_744' title='bbox 3744 3312 3855 3368; x_wconf 55' lang='lat' dir='ltr'><strong>totius</strong></span> 
     </span>
    </p>
   </div>
   <div class='ocr_carea' id='block_1_89' title="bbox 2342 3405 3854 3493">
    <p class='ocr_par' dir='ltr' id='par_1_89' title="bbox 2342 3405 3854 3493">
     <span class='ocr_line' id='line_1_89' title="bbox 2342 3405 3854 3493; baseline -0.015 -13"><span class='ocrx_word' id='word_1_745' title='bbox 2342 3421 2563 3493; x_wconf 65' lang='lat' dir='ltr'><strong>Egypti</strong></span> <span class='ocrx_word' id='word_1_746' title='bbox 2593 3421 2744 3475; x_wconf 78' lang='lat' dir='ltr'><strong>labor</strong></span> <span class='ocrx_word' id='word_1_747' title='bbox 2766 3418 3173 3473; x_wconf 85' lang='lat' dir='ltr'><strong>demonstratus</strong></span> <span class='ocrx_word' id='word_1_748' title='bbox 3197 3426 3300 3472; x_wconf 87' lang='lat' dir='ltr'><strong>est.</strong></span> <span class='ocrx_word' id='word_1_749' title='bbox 3333 3417 3502 3487; x_wconf 76' lang='lat' dir='ltr'><strong>Magis</strong></span> <span class='ocrx_word' id='word_1_750' title='bbox 3532 3426 3732 3482; x_wconf 85' lang='lat' dir='ltr'><strong>namque</strong></span> <span class='ocrx_word' id='word_1_751' title='bbox 3760 3405 3854 3462; x_wconf 43' lang='lat' dir='ltr'><strong>diri.</strong></span> 
     </span>
    </p>
   </div>
   <div class='ocr_carea' id='block_1_90' title="bbox 2344 3504 3857 3581">
    <p class='ocr_par' dir='ltr' id='par_1_90' title="bbox 2344 3504 3857 3581">
     <span class='ocr_line' id='line_1_90' title="bbox 2344 3504 3857 3581; baseline -0.015 -9"><span class='ocrx_word' id='word_1_752' title='bbox 2344 3531 2427 3572; x_wconf 79' lang='lat' dir='ltr'><strong>me</strong></span> <span class='ocrx_word' id='word_1_753' title='bbox 2454 3514 2668 3571; x_wconf 78' lang='lat' dir='ltr'><strong>virtutis</strong></span> <span class='ocrx_word' id='word_1_754' title='bbox 2696 3511 3041 3581; x_wconf 84' lang='lat' dir='ltr'><strong>operatioues</strong></span> <span class='ocrx_word' id='word_1_755' title='bbox 3072 3511 3205 3565; x_wconf 79' lang='lat' dir='ltr'><strong>falsa</strong></span> <span class='ocrx_word' id='word_1_756' title='bbox 3228 3525 3414 3566; x_wconf 86' lang='lat' dir='ltr'><strong>rerum</strong></span> <span class='ocrx_word' id='word_1_757' title='bbox 3438 3511 3611 3579; x_wconf 86' lang='lat' dir='ltr'><strong>specie</strong></span> <span class='ocrx_word' id='word_1_758' title='bbox 3629 3504 3857 3562; x_wconf 77' lang='lat' dir='ltr'><strong>mentienti-</strong></span> 
     </span>
    </p>
   </div>
   <div class='ocr_carea' id='block_1_91' title="bbox 2341 3592 3860 3679">
    <p class='ocr_par' dir='ltr' id='par_1_91' title="bbox 2341 3592 3860 3679">
     <span class='ocr_line' id='line_1_91' title="bbox 2341 3592 3860 3679; baseline -0.015 -14"><span class='ocrx_word' id='word_1_759' title='bbox 2341 3608 2465 3675; x_wconf 89' lang='lat' dir='ltr'><strong>bus,</strong></span> <span class='ocrx_word' id='word_1_760' title='bbox 2514 3606 2830 3679; x_wconf 86' lang='lat' dir='ltr'><strong>potissimus</strong></span> <span class='ocrx_word' id='word_1_761' title='bbox 2886 3604 3065 3673; x_wconf 70' lang='lat' dir='ltr'><strong>impite</strong></span> <span class='ocrx_word' id='word_1_762' title='bbox 3114 3603 3398 3673; x_wconf 77' lang='lat' dir='ltr'><strong>religionis</strong></span> <span class='ocrx_word' id='word_1_763' title='bbox 3445 3604 3612 3657; x_wconf 75' lang='grc' dir='ltr'>ιιοηυι·</span> <span class='ocrx_word' id='word_1_764' title='bbox 3655 3614 3681 3652; x_wconf 79' lang='lat' dir='ltr'><strong>a</strong></span> <span class='ocrx_word' id='word_1_765' title='bbox 3724 3592 3860 3651; x_wconf 65' lang='grc' dir='ltr'>επιιὶιὶ</span> 
     </span>
    </p>
   </div>
   <div class='ocr_carea' id='block_1_92' title="bbox 2345 3684 3862 3766">
    <p class='ocr_par' dir='ltr' id='par_1_92' title="bbox 2345 3684 3862 3766">
     <span class='ocr_line' id='line_1_92' title="bbox 2345 3684 3862 3766; baseline -0.014 -5"><span class='ocrx_word' id='word_1_766' title='bbox 2345 3700 2493 3761; x_wconf 78' lang='lat' dir='ltr'><strong>Omni</strong></span> <span class='ocrx_word' id='word_1_767' title='bbox 2523 3698 2892 3756; x_wconf 69' lang='lat' dir='ltr'><strong>deferelnttur.</strong></span> <span class='ocrx_word' id='word_1_768' title='bbox 2937 3696 3131 3753; x_wconf 81' lang='lat' dir='ltr'><strong>Iisdem</strong></span> <span class='ocrx_word' id='word_1_769' title='bbox 3174 3695 3341 3766; x_wconf 76' lang='lat' dir='ltr'><strong>Magis</strong></span> <span class='ocrx_word' id='word_1_770' title='bbox 3370 3706 3427 3752; x_wconf 91' lang='lat' dir='ltr'><strong>et</strong></span> <span class='ocrx_word' id='word_1_771' title='bbox 3468 3701 3689 3751; x_wconf 79' lang='lat' dir='ltr'><strong>mercatu</strong></span> <span class='ocrx_word' id='word_1_772' title='bbox 3713 3684 3862 3745; x_wconf 66' lang='lat' dir='ltr'><strong>Ethio-</strong></span> 
     </span>
    </p>
   </div>
   <div class='ocr_carea' id='block_1_93' title="bbox 2346 3786 3861 3864">
    <p class='ocr_par' dir='ltr' id='par_1_93' title="bbox 2346 3786 3861 3864">
     <span class='ocr_line' id='line_1_93' title="bbox 2346 3786 3861 3864; baseline -0.012 -15"><span class='ocrx_word' id='word_1_773' title='bbox 2346 3808 2476 3864; x_wconf 85' lang='lat' dir='ltr'><strong>pum</strong></span> <span class='ocrx_word' id='word_1_774' title='bbox 2505 3803 2559 3848; x_wconf 88' lang='lat' dir='ltr'><strong>et</strong></span> <span class='ocrx_word' id='word_1_775' title='bbox 2585 3791 2807 3857; x_wconf 81' lang='lat' dir='ltr'><strong>Sabain,</strong></span> <span class='ocrx_word' id='word_1_776' title='bbox 2837 3790 2990 3855; x_wconf 85' lang='lat' dir='ltr'><strong>auri,</strong></span> <span class='ocrx_word' id='word_1_777' title='bbox 3036 3798 3087 3842; x_wconf 87' lang='lat' dir='ltr'><strong>et</strong></span> <span class='ocrx_word' id='word_1_778' title='bbox 3122 3789 3327 3850; x_wconf 85' lang='lat' dir='ltr'><strong>thuris.</strong></span> <span class='ocrx_word' id='word_1_779' title='bbox 3384 3799 3439 3845; x_wconf 86' lang='lat' dir='ltr'><strong>et</strong></span> <span class='ocrx_word' id='word_1_780' title='bbox 3469 3786 3685 3860; x_wconf 63' lang='lat' dir='ltr'><strong>myrrha:</strong></span> <span class='ocrx_word' id='word_1_781' title='bbox 3708 3790 3861 3836; x_wconf 66' lang='lat' dir='ltr'><strong>muneri</strong></span> 
     </span>
    </p>
   </div>
   <div class='ocr_carea' id='block_1_94' title="bbox 2347 3870 3863 3953">
    <p class='ocr_par' dir='ltr' id='par_1_94' title="bbox 2347 3870 3863 3953">
     <span class='ocr_line' id='line_1_94' title="bbox 2347 3870 3863 3953; baseline -0.011 -13"><span class='ocrx_word' id='word_1_782' title='bbox 2347 3883 2716 3941; x_wconf 80' lang='lat' dir='ltr'><strong>deferentibus</strong></span> <span class='ocrx_word' id='word_1_783' title='bbox 2746 3900 2759 3936; x_wconf 89' lang='lat'><strong>:</strong></span> <span class='ocrx_word' id='word_1_784' title='bbox 2790 3881 2934 3953; x_wconf 88' lang='lat' dir='ltr'><strong>quod</strong></span> <span class='ocrx_word' id='word_1_785' title='bbox 2956 3881 3171 3951; x_wconf 86' lang='lat' dir='ltr'><strong>quidem</strong></span> <span class='ocrx_word' id='word_1_786' title='bbox 3194 3880 3431 3949; x_wconf 86' lang='lat' dir='ltr'><strong>idipsum</strong></span> <span class='ocrx_word' id='word_1_787' title='bbox 3452 3888 3508 3937; x_wconf 88' lang='lat' dir='ltr'><strong>et</strong></span> <span class='ocrx_word' id='word_1_788' title='bbox 3530 3882 3657 3935; x_wconf 88' lang='lat' dir='ltr'><strong>alius</strong></span> <span class='ocrx_word' id='word_1_789' title='bbox 3676 3870 3863 3946; x_wconf 73' lang='lat' dir='ltr'><strong>propheta</strong></span> 
     </span>
    </p>
   </div>
   <div class='ocr_carea' id='block_1_95' title="bbox 2347 3963 3862 4052">
    <p class='ocr_par' dir='ltr' id='par_1_95' title="bbox 2347 3963 3862 4052">
     <span class='ocr_line' id='line_1_95' title="bbox 2347 3963 3862 4052; baseline -0.012 -19"><span class='ocrx_word' id='word_1_790' title='bbox 2347 3978 2715 4052; x_wconf 73' lang='lat' dir='ltr'><strong>prmtitonuit,</strong></span> <span class='ocrx_word' id='word_1_791' title='bbox 2770 3976 2996 4031; x_wconf 90' lang='lat' dir='ltr'><strong>dicens:</strong></span> <span class='ocrx_word' id='word_1_792' title='bbox 3030 3975 3086 4030; x_wconf 87' lang='lat' dir='ltr'><strong>lu</strong></span> <span class='ocrx_word' id='word_1_793' title='bbox 3147 3984 3443 4045; x_wconf 85' lang='lat' dir='ltr'><strong>conspectu</strong></span> <span class='ocrx_word' id='word_1_794' title='bbox 3497 3973 3611 4044; x_wconf 86' lang='lat' dir='ltr'><strong>ejus</strong></span> <span class='ocrx_word' id='word_1_795' title='bbox 3661 3963 3862 4040; x_wconf 68' lang='lat' dir='ltr'><strong>procidant</strong></span> 
     </span>
    </p>
   </div>
   <div class='ocr_carea' id='block_1_96' title="bbox 2350 4055 3860 4143">
    <p class='ocr_par' dir='ltr' id='par_1_96' title="bbox 2350 4055 3860 4143">
     <span class='ocr_line' id='line_1_96' title="bbox 2350 4055 3860 4143; baseline -0.012 -13"><span class='ocrx_word' id='word_1_796' title='bbox 2350 4072 2658 4143; x_wconf 63' lang='lat' dir='ltr'><strong>Ethiupes,</strong></span> <span class='ocrx_word' id='word_1_797' title='bbox 2682 4079 2737 4126; x_wconf 90' lang='lat' dir='ltr'><strong>et</strong></span> <span class='ocrx_word' id='word_1_798' title='bbox 2754 4070 2955 4126; x_wconf 88' lang='lat' dir='ltr'><strong>inimici</strong></span> <span class='ocrx_word' id='word_1_799' title='bbox 2980 4068 3096 4139; x_wconf 89' lang='lat' dir='ltr'><strong>ejus</strong></span> <span class='ocrx_word' id='word_1_800' title='bbox 3122 4068 3306 4123; x_wconf 89' lang='lat' dir='ltr'><strong>limum</strong></span> <span class='ocrx_word' id='word_1_801' title='bbox 3328 4068 3556 4138; x_wconf 79' lang='lat' dir='ltr'><strong>litigent.</strong></span> <span class='ocrx_word' id='word_1_802' title='bbox 3588 4065 3738 4132; x_wconf 78' lang='lat' dir='ltr'><strong>Reges</strong></span> <span class='ocrx_word' id='word_1_803' title='bbox 3752 4055 3860 4113; x_wconf 73' lang='lat' dir='ltr'><strong>Tim-</strong></span> 
     </span>
    </p>
   </div>
   <div class='ocr_carea' id='block_1_97' title="bbox 2350 4155 3867 4233">
    <p class='ocr_par' dir='ltr' id='par_1_97' title="bbox 2350 4155 3867 4233">
     <span class='ocr_line' id='line_1_97' title="bbox 2350 4155 3867 4233; baseline -0.015 -10"><span class='ocrx_word' id='word_1_804' title='bbox 2350 4168 2425 4223; x_wconf 89' lang='lat' dir='ltr'><strong>sis</strong></span> <span class='ocrx_word' id='word_1_805' title='bbox 2456 4180 2676 4219; x_wconf 88' lang='lat' dir='ltr'><strong>munera</strong></span> <span class='ocrx_word' id='word_1_806' title='bbox 2701 4162 2948 4227; x_wconf 81' lang='lat' dir='ltr'><strong>offerent,</strong></span> <span class='ocrx_word' id='word_1_807' title='bbox 2981 4176 3135 4233; x_wconf 79' lang='lat' dir='ltr'><strong>reges</strong></span> <span class='ocrx_word' id='word_1_808' title='bbox 3158 4162 3398 4216; x_wconf 79' lang='lat' dir='ltr'><strong>Arabum</strong></span> <span class='ocrx_word' id='word_1_809' title='bbox 3430 4166 3487 4215; x_wconf 85' lang='lat' dir='ltr'><strong>et</strong></span> <span class='ocrx_word' id='word_1_810' title='bbox 3514 4155 3693 4213; x_wconf 82' lang='lat' dir='ltr'><strong>Sabain</strong></span> <span class='ocrx_word' id='word_1_811' title='bbox 3714 4155 3867 4205; x_wconf 73' lang='lat' dir='ltr'><strong>munera</strong></span> 
     </span>
    </p>
   </div>
   <div class='ocr_carea' id='block_1_98' title="bbox 2350 4234 3868 4325">
    <p class='ocr_par' dir='ltr' id='par_1_98' title="bbox 2350 4234 3868 4325">
     <span class='ocr_line' id='line_1_98' title="bbox 2350 4234 3868 4325; baseline -0.014 -8"><span class='ocrx_word' id='word_1_812' title='bbox 2350 4260 2642 4325; x_wconf 89' lang='lat' dir='ltr'><strong>adducent,</strong></span> <span class='ocrx_word' id='word_1_813' title='bbox 2658 4268 2714 4313; x_wconf 89' lang='lat' dir='ltr'><strong>et</strong></span> <span class='ocrx_word' id='word_1_814' title='bbox 2740 4255 2954 4312; x_wconf 88' lang='lat' dir='ltr'><strong>dabitur</strong></span> <span class='ocrx_word' id='word_1_815' title='bbox 2973 4254 3024 4311; x_wconf 87' lang='lat' dir='ltr'><strong>ei</strong></span> <span class='ocrx_word' id='word_1_816' title='bbox 3052 4255 3120 4311; x_wconf 91' lang='lat' dir='ltr'><strong>de</strong></span> <span class='ocrx_word' id='word_1_817' title='bbox 3145 4268 3279 4310; x_wconf 89' lang='lat' dir='ltr'><strong>auro</strong></span> <span class='ocrx_word' id='word_1_818' title='bbox 3299 4247 3676 4323; x_wconf 48' lang='lat' dir='ltr'><strong>ArabiadPsal.</strong></span> <span class='ocrx_word' id='word_1_819' title='bbox 3697 4255 3812 4303; x_wconf 76' lang='lat' dir='ltr'><strong>usi,</strong></span> <span class='ocrx_word' id='word_1_820' title='bbox 3832 4234 3868 4295; x_wconf 62' lang='lat'><strong>9&#39;.</strong></span> 
     </span>
    </p>
   </div>
   <div class='ocr_carea' id='block_1_99' title="bbox 2476 4416 2501 4561">
    <p class='ocr_par' dir='ltr' id='par_1_99' title="bbox 2476 4416 2501 4561">
     <span class='ocr_line' id='line_1_99' title="bbox 2476 4416 2501 4561; baseline 0 0"><span class='ocrx_word' id='word_1_821' title='bbox 2476 4416 2501 4561; x_wconf 79' lang='lat' dir='ltr'><strong>l</strong></span> 
     </span>
    </p>
   </div>
   <div class='ocr_carea' id='block_1_100' title="bbox 2353 4672 3880 4766">
    <p class='ocr_par' dir='ltr' id='par_1_100' title="bbox 2353 4672 3880 4766">
     <span class='ocr_line' id='line_1_100' title="bbox 2353 4672 3880 4766; baseline 0 -21"><span class='ocrx_word' id='word_1_822' title='bbox 2353 4703 2628 4766; x_wconf 84' lang='lat' dir='ltr'><strong>corrupte.</strong></span> <span class='ocrx_word' id='word_1_823' title='bbox 2659 4691 2759 4766; x_wconf 71' lang='lat' dir='ltr'><strong>“it:</strong></span> <span class='ocrx_word' id='word_1_824' title='bbox 2773 4690 2841 4745; x_wconf 85' lang='lat' dir='ltr'><strong>de</strong></span> <span class='ocrx_word' id='word_1_825' title='bbox 2860 4689 3025 4761; x_wconf 75' lang='lat' dir='ltr'><strong>Magis</strong></span> <span class='ocrx_word' id='word_1_826' title='bbox 3050 4685 3335 4766; x_wconf 75' lang='lat' dir='ltr'><strong>duotradit</strong></span> <span class='ocrx_word' id='word_1_827' title='bbox 3352 4686 3602 4766; x_wconf 65' lang='lat' dir='ltr'><strong>Hilarius,</strong></span> <span class='ocrx_word' id='word_1_828' title='bbox 3627 4694 3711 4738; x_wconf 67' lang='lat' dir='ltr'><strong>eos</strong></span> <span class='ocrx_word' id='word_1_829' title='bbox 3729 4672 3880 4766; x_wconf 54' lang='grc' dir='ltr'><strong>εςίιρςει</strong></span> 
     </span>
    </p>
   </div>
   <div class='ocr_carea' id='block_1_101' title="bbox 2353 4740 3882 4838">
    <p class='ocr_par' dir='ltr' id='par_1_101' title="bbox 2353 4740 3882 4838">
     <span class='ocr_line' id='line_1_101' title="bbox 2353 4740 3882 4838; baseline -0.001 -15"><span class='ocrx_word' id='word_1_830' title='bbox 2353 4740 3022 4838; x_wconf 52' lang='grc' dir='ltr'><strong>Ξῖ’ῥὲἰῖὲῖῥρζὲ’ἷυῖἐεῖἑξῖέἷ</strong></span> <span class='ocrx_word' id='word_1_831' title='bbox 3039 4740 3283 4838; x_wconf 50' lang='grc' dir='ltr'><strong>ὥςίὸιέ</strong></span> <span class='ocrx_word' id='word_1_832' title='bbox 3297 4740 3415 4838; x_wconf 54' lang='grc' dir='ltr'><strong>ἔπιέ</strong></span> <span class='ocrx_word' id='word_1_833' title='bbox 3434 4740 3645 4838; x_wconf 61' lang='lat' dir='ltr'><strong>deditus</strong></span> <span class='ocrx_word' id='word_1_834' title='bbox 3655 4772 3669 4817; x_wconf 88' lang='grc'>;</span> <span class='ocrx_word' id='word_1_835' title='bbox 3695 4745 3819 4838; x_wconf 61' lang='grc' dir='ltr'>ιιιιῇ</span> <span class='ocrx_word' id='word_1_836' title='bbox 3828 4740 3882 4838; x_wconf 61' lang='lat' dir='ltr'><strong>j‘lﬁ</strong></span> 
     </span>
    </p>
   </div>
   <div class='ocr_carea' id='block_1_102' title="bbox 2355 4818 3883 4907">
    <p class='ocr_par' dir='ltr' id='par_1_102' title="bbox 2355 4818 3883 4907">
     <span class='ocr_line' id='line_1_102' title="bbox 2355 4818 3883 4907; baseline -0.009 -12"><span class='ocrx_word' id='word_1_837' title='bbox 2355 4818 2738 4907; x_wconf 39' lang='lat' dir='ltr'><strong>terit—itrpl&#39;ttres</strong></span> <span class='ocrx_word' id='word_1_838' title='bbox 2761 4818 2823 4890; x_wconf 75' lang='lat' dir='ltr'><strong>ex</strong></span> <span class='ocrx_word' id='word_1_839' title='bbox 2846 4818 3085 4905; x_wconf 71' lang='lat' dir='ltr'><strong>antiquis</strong></span> <span class='ocrx_word' id='word_1_840' title='bbox 3115 4818 3237 4888; x_wconf 73' lang='lat' dir='ltr'><strong>cum</strong></span> <span class='ocrx_word' id='word_1_841' title='bbox 3264 4846 3333 4907; x_wconf 81' lang='lat' dir='ltr'><strong>eo</strong></span> <span class='ocrx_word' id='word_1_842' title='bbox 3367 4831 3612 4907; x_wconf 69' lang='lat' dir='ltr'><strong>docuisSc</strong></span> <span class='ocrx_word' id='word_1_843' title='bbox 3628 4818 3727 4907; x_wconf 57' lang='lat' dir='ltr'><strong>iant</strong></span> 
     </span>
    </p>
   </div>
   <div class='ocr_carea' id='block_1_103' title="bbox 2352 4890 3886 4967">
    <p class='ocr_par' dir='ltr' id='par_1_103' title="bbox 2352 4890 3886 4967">
     <span class='ocr_line' id='line_1_103' title="bbox 2352 4890 3886 4967; baseline -0.015 0"><span class='ocrx_word' id='word_1_844' title='bbox 2352 4890 2535 4967; x_wconf 56' lang='lat' dir='ltr'><strong>ratum</strong></span> <span class='ocrx_word' id='word_1_845' title='bbox 2554 4890 2635 4965; x_wconf 68' lang='lat' dir='ltr'><strong>est</strong></span> <span class='ocrx_word' id='word_1_846' title='bbox 2656 4890 2706 4963; x_wconf 85' lang='lat' dir='ltr'><strong>iu</strong></span> <span class='ocrx_word' id='word_1_847' title='bbox 2731 4918 2846 4962; x_wconf 89' lang='lat' dir='ltr'><strong>not.</strong></span> <span class='ocrx_word' id='word_1_848' title='bbox 2864 4906 2931 4962; x_wconf 87' lang='lat' dir='ltr'><strong>ad</strong></span> <span class='ocrx_word' id='word_1_849' title='bbox 2950 4890 2999 4959; x_wconf 71' lang='grc' dir='ltr'><strong>οἶ</strong></span> <span class='ocrx_word' id='word_1_850' title='bbox 3031 4907 3053 4960; x_wconf 82' lang='lat' dir='ltr'><strong>l</strong></span> <span class='ocrx_word' id='word_1_851' title='bbox 3081 4919 3281 4959; x_wconf 90' lang='lat' dir='ltr'><strong>comm.</strong></span> <span class='ocrx_word' id='word_1_852' title='bbox 3307 4904 3360 4957; x_wconf 85' lang='lat' dir='ltr'><strong>iit</strong></span> <span class='ocrx_word' id='word_1_853' title='bbox 3388 4901 3601 4961; x_wconf 48' lang='lat' dir='ltr'><strong>Manli&quot;</strong></span> <span class='ocrx_word' id='word_1_854' title='bbox 3619 4890 3670 4951; x_wconf 67' lang='lat' dir='ltr'><strong>ti.</strong></span> <span class='ocrx_word' id='word_1_855' title='bbox 3692 4896 3741 4950; x_wconf 82' lang='grc'><strong>5.</strong></span> <span class='ocrx_word' id='word_1_856' title='bbox 3760 4890 3886 4967; x_wconf 55' lang='lat' dir='ltr'><strong>beati</strong></span> 
     </span>
    </p>
   </div>
   <div class='ocr_carea' id='block_1_104' title="bbox 2352 4966 3886 5053">
    <p class='ocr_par' dir='ltr' id='par_1_104' title="bbox 2352 4966 3886 5053">
     <span class='ocr_line' id='line_1_104' title="bbox 2352 4966 3886 5053; baseline -0.012 -15"><span class='ocrx_word' id='word_1_857' title='bbox 2352 4966 2565 5053; x_wconf 87' lang='lat' dir='ltr'><strong>quoque</strong></span> <span class='ocrx_word' id='word_1_858' title='bbox 2590 4996 2684 5035; x_wconf 70' lang='lat' dir='ltr'><strong>eos</strong></span> <span class='ocrx_word' id='word_1_859' title='bbox 2714 4981 2879 5053; x_wconf 83' lang='lat' dir='ltr'><strong>luisse</strong></span> <span class='ocrx_word' id='word_1_860' title='bbox 2912 4977 3100 5033; x_wconf 89' lang='lat' dir='ltr'><strong>scribit</strong></span> <span class='ocrx_word' id='word_1_861' title='bbox 3129 4971 3723 5053; x_wconf 49' lang='lat' dir='ltr'><strong>Tertulliauus,lib.nut</strong></span> <span class='ocrx_word' id='word_1_862' title='bbox 3749 4966 3886 5053; x_wconf 46' lang='lat' dir='ltr'><strong>coit}?</strong></span> 
     </span>
    </p>
   </div>
   <div class='ocr_carea' id='block_1_105' title="bbox 2353 5030 3886 5119">
    <p class='ocr_par' dir='ltr' id='par_1_105' title="bbox 2353 5030 3886 5119">
     <span class='ocr_line' id='line_1_105' title="bbox 2353 5030 3886 5119; baseline -0.016 -9"><span class='ocrx_word' id='word_1_863' title='bbox 2630 5030 3229 5119; x_wconf 34' lang='lat' dir='ltr'><strong>Vibii—tbivenarraturus</strong></span> <span class='ocrx_word' id='word_1_864' title='bbox 3254 5047 3383 5119; x_wconf 86' lang='lat' dir='ltr'><strong>illud</strong></span> <span class='ocrx_word' id='word_1_865' title='bbox 3419 5030 3576 5115; x_wconf 61' lang='grc' dir='ltr'><strong>νεώ..</strong></span> <span class='ocrx_word' id='word_1_866' title='bbox 3626 5030 3886 5119; x_wconf 41' lang='lat' dir='ltr'><strong>Reges}th</strong></span> 
     </span>
    </p>
   </div>
   <div class='ocr_carea' id='block_1_106' title="bbox 2353 5108 3889 5193">
    <p class='ocr_par' dir='ltr' id='par_1_106' title="bbox 2353 5108 3889 5193">
     <span class='ocr_line' id='line_1_106' title="bbox 2353 5108 3889 5193; baseline -0.02 -12"><span class='ocrx_word' id='word_1_867' title='bbox 2353 5108 2492 5193; x_wconf 76' lang='lat' dir='ltr'><strong>bunt,</strong></span> <span class='ocrx_word' id='word_1_868' title='bbox 2522 5134 2655 5188; x_wconf 84' lang='lat' dir='ltr'><strong>etc.,</strong></span> <span class='ocrx_word' id='word_1_869' title='bbox 2688 5108 2902 5192; x_wconf 74' lang='lat' dir='ltr'><strong>subjicit</strong></span> <span class='ocrx_word' id='word_1_870' title='bbox 2925 5162 2938 5184; x_wconf 86' lang='lat'><strong>,</strong></span> <span class='ocrx_word' id='word_1_871' title='bbox 2990 5119 3128 5193; x_wconf 63' lang='lat' dir='ltr'><strong>Nam</strong></span> <span class='ocrx_word' id='word_1_872' title='bbox 3158 5130 3203 5175; x_wconf 83' lang='lat' dir='ltr'><strong>et</strong></span> <span class='ocrx_word' id='word_1_873' title='bbox 3253 5108 3435 5190; x_wconf 71' lang='lat' dir='ltr'><strong>Magos</strong></span> <span class='ocrx_word' id='word_1_874' title='bbox 3464 5132 3605 5189; x_wconf 65' lang='lat' dir='ltr'><strong>reges</strong></span> <span class='ocrx_word' id='word_1_875' title='bbox 3642 5108 3889 5193; x_wconf 49' lang='lat' dir='ltr'><strong>(inbuitur:</strong></span> 
     </span>
    </p>
   </div>
   <div class='ocr_carea' id='block_1_107' title="bbox 2357 5182 3887 5263">
    <p class='ocr_par' dir='ltr' id='par_1_107' title="bbox 2357 5182 3887 5263">
     <span class='ocr_line' id='line_1_107' title="bbox 2357 5182 3887 5263; baseline -0.008 -9"><span class='ocrx_word' id='word_1_876' title='bbox 2357 5182 2671 5254; x_wconf 65' lang='lat' dir='ltr'><strong>Orieits.Ctii</strong></span> <span class='ocrx_word' id='word_1_877' title='bbox 2703 5182 2976 5251; x_wconf 76' lang='lat' dir='ltr'><strong>consentit</strong></span> <span class='ocrx_word' id='word_1_878' title='bbox 3007 5182 3390 5263; x_wconf 70' lang='lat' dir='ltr'><strong>Hieronymus,</strong></span> <span class='ocrx_word' id='word_1_879' title='bbox 3413 5182 3613 5263; x_wconf 62' lang='lat' dir='ltr'><strong>eorum.</strong></span> <span class='ocrx_word' id='word_1_880' title='bbox 3630 5185 3696 5263; x_wconf 54' lang='lat' dir='ltr'><strong>in</strong></span> <span class='ocrx_word' id='word_1_881' title='bbox 3728 5182 3887 5263; x_wconf 29' lang='grc' dir='ltr'><strong>[ηιξ-..ξς</strong></span> 
     </span>
    </p>
   </div>
   <div class='ocr_carea' id='block_1_108' title="bbox 2352 5254 3889 5339">
    <p class='ocr_par' dir='ltr' id='par_1_108' title="bbox 2352 5254 3889 5339">
     <span class='ocr_line' id='line_1_108' title="bbox 2352 5254 3889 5339; baseline -0.016 -14"><span class='ocrx_word' id='word_1_882' title='bbox 2352 5271 2407 5326; x_wconf 75' lang='grc'><strong>2.</strong></span> <span class='ocrx_word' id='word_1_883' title='bbox 2440 5270 2529 5327; x_wconf 88' lang='lat' dir='ltr'><strong>Sic</strong></span> <span class='ocrx_word' id='word_1_884' title='bbox 2558 5281 2613 5326; x_wconf 92' lang='lat' dir='ltr'><strong>et</strong></span> <span class='ocrx_word' id='word_1_885' title='bbox 2654 5265 2922 5324; x_wconf 66' lang='lat' dir='ltr'><strong>Cwsarius</strong></span> <span class='ocrx_word' id='word_1_886' title='bbox 2946 5264 3172 5339; x_wconf 38' lang='lat' dir='ltr'><strong>Arctet”</strong></span> <span class='ocrx_word' id='word_1_887' title='bbox 3214 5254 3593 5339; x_wconf 59' lang='lat' dir='ltr'><strong>in_appeutli_ee</strong></span> <span class='ocrx_word' id='word_1_888' title='bbox 3628 5254 3889 5339; x_wconf 34' lang='lat' dir='ltr'><strong>germinant</strong></span> 
     </span>
    </p>
   </div>
   <div class='ocr_carea' id='block_1_109' title="bbox 2357 5323 3892 5413">
    <p class='ocr_par' dir='ltr' id='par_1_109' title="bbox 2357 5323 3892 5413">
     <span class='ocr_line' id='line_1_109' title="bbox 2357 5323 3892 5413; baseline -0.008 -16"><span class='ocrx_word' id='word_1_889' title='bbox 2357 5323 2680 5413; x_wconf 52' lang='lat' dir='ltr'><strong>Augustini,</strong></span> <span class='ocrx_word' id='word_1_890' title='bbox 2731 5323 2908 5413; x_wconf 63' lang='lat' dir='ltr'><strong>Serti].</strong></span> <span class='ocrx_word' id='word_1_891' title='bbox 2948 5337 3115 5413; x_wconf 54' lang='lat' dir='ltr'><strong>asa,</strong></span> <span class='ocrx_word' id='word_1_892' title='bbox 3155 5323 3221 5413; x_wconf 69' lang='grc' dir='ltr'><strong>ξι..</strong></span> <span class='ocrx_word' id='word_1_893' title='bbox 3255 5335 3311 5413; x_wconf 79' lang='lat'><strong>_5</strong></span> <span class='ocrx_word' id='word_1_894' title='bbox 3336 5323 3495 5413; x_wconf 50' lang='lat' dir='ltr'><strong>{tot</strong></span> <span class='ocrx_word' id='word_1_895' title='bbox 3514 5330 3651 5400; x_wconf 78' lang='lat' dir='ltr'><strong>Magi</strong></span> <span class='ocrx_word' id='word_1_896' title='bbox 3678 5336 3788 5413; x_wconf 47' lang='lat' dir='ltr'><strong>ire;</strong></span> <span class='ocrx_word' id='word_1_897' title='bbox 3789 5323 3892 5413; x_wconf 53' lang='grc' dir='ltr'><strong>(ξιξ</strong></span> 
     </span>
    </p>
   </div>
   <div class='ocr_carea' id='block_1_110' title="bbox 2531 4416 2872 4475">
    <p class='ocr_par' dir='ltr' id='par_1_110' title="bbox 2531 4416 2872 4475">
     <span class='ocr_line' id='line_1_110' title="bbox 2531 4416 2872 4475; baseline -0.018 0"><span class='ocrx_word' id='word_1_898' title='bbox 2531 4416 2872 4475; x_wconf 81' lang='lat' dir='ltr'><strong>Suscitatum.</strong></span> 
     </span>
    </p>
   </div>
   <div class='ocr_carea' id='block_1_111' title="bbox 2525 4488 2904 4559">
    <p class='ocr_par' dir='ltr' id='par_1_111' title="bbox 2525 4488 2904 4559">
     <span class='ocr_line' id='line_1_111' title="bbox 2525 4488 2904 4559; baseline -0.008 -15"><span class='ocrx_word' id='word_1_899' title='bbox 2525 4488 2904 4559; x_wconf 82' lang='lat' dir='ltr'><strong>Captivitatem.</strong></span> 
     </span>
    </p>
   </div>
   <div class='ocr_carea' id='block_1_112' title="bbox 655 5392 2249 5463">
    <p class='ocr_par' dir='ltr' id='par_1_112' title="bbox 655 5392 2249 5463">
     <span class='ocr_line' id='line_1_112' title="bbox 655 5392 2249 5463; baseline -0.006 -10"><span class='ocrx_word' id='word_1_900' title='bbox 655 5392 854 5453; x_wconf 81' lang='lat' dir='ltr'><strong>Hilario</strong></span> <span class='ocrx_word' id='word_1_901' title='bbox 877 5397 1245 5457; x_wconf 84' lang='lat' dir='ltr'><strong>consentiens.</strong></span> <span class='ocrx_word' id='word_1_902' title='bbox 1276 5393 1421 5463; x_wconf 85' lang='lat' dir='ltr'><strong>quod</strong></span> <span class='ocrx_word' id='word_1_903' title='bbox 1459 5409 1526 5448; x_wconf 80' lang='lat' dir='ltr'><strong>ex</strong></span> <span class='ocrx_word' id='word_1_904' title='bbox 1556 5393 1749 5448; x_wconf 85' lang='lat' dir='ltr'><strong>eodem</strong></span> <span class='ocrx_word' id='word_1_905' title='bbox 1779 5393 1953 5448; x_wconf 82' lang='lat' dir='ltr'><strong>Esaiae</strong></span> <span class='ocrx_word' id='word_1_906' title='bbox 1981 5392 2099 5447; x_wconf 89' lang='lat' dir='ltr'><strong>loco</strong></span> <span class='ocrx_word' id='word_1_907' title='bbox 2130 5408 2249 5461; x_wconf 73' lang='lat' dir='ltr'><strong>prn-</strong></span> 
     </span>
    </p>
   </div>
   <div class='ocr_carea' id='block_1_113' title="bbox 653 5464 2251 5536">
    <p class='ocr_par' dir='ltr' id='par_1_113' title="bbox 653 5464 2251 5536">
     <span class='ocr_line' id='line_1_113' title="bbox 653 5464 2251 5536; baseline -0.005 -12"><span class='ocrx_word' id='word_1_908' title='bbox 653 5470 743 5524; x_wconf 83' lang='lat' dir='ltr'><strong>bet</strong></span> <span class='ocrx_word' id='word_1_909' title='bbox 763 5469 902 5525; x_wconf 84' lang='lat' dir='ltr'><strong>duos</strong></span> <span class='ocrx_word' id='word_1_910' title='bbox 928 5482 1051 5525; x_wconf 86' lang='lat' dir='ltr'><strong>esse</strong></span> <span class='ocrx_word' id='word_1_911' title='bbox 1077 5467 1167 5536; x_wconf 89' lang='lat' dir='ltr'><strong>qui</strong></span> <span class='ocrx_word' id='word_1_912' title='bbox 1199 5482 1361 5520; x_wconf 87' lang='lat' dir='ltr'><strong>unum</strong></span> <span class='ocrx_word' id='word_1_913' title='bbox 1397 5464 1487 5519; x_wconf 89' lang='lat' dir='ltr'><strong>Dei</strong></span> <span class='ocrx_word' id='word_1_914' title='bbox 1519 5480 1711 5536; x_wconf 81' lang='lat' dir='ltr'><strong>nomen</strong></span> <span class='ocrx_word' id='word_1_915' title='bbox 1732 5464 2031 5531; x_wconf 77' lang='lat' dir='ltr'><strong>obtineant,</strong></span> <span class='ocrx_word' id='word_1_916' title='bbox 2057 5466 2158 5519; x_wconf 87' lang='lat' dir='ltr'><strong>hoc</strong></span> <span class='ocrx_word' id='word_1_917' title='bbox 2185 5464 2251 5520; x_wconf 84' lang='lat' dir='ltr'><strong>ab</strong></span> 
     </span>
    </p>
   </div>
   <div class='ocr_carea' id='block_1_114' title="bbox 652 5535 1798 5609">
    <p class='ocr_par' dir='ltr' id='par_1_114' title="bbox 652 5535 1798 5609">
     <span class='ocr_line' id='line_1_114' title="bbox 652 5535 1798 5609; baseline -0.006 -14"><span class='ocrx_word' id='word_1_918' title='bbox 652 5557 721 5597; x_wconf 90' lang='lat' dir='ltr'><strong>eo</strong></span> <span class='ocrx_word' id='word_1_919' title='bbox 741 5540 1010 5607; x_wconf 77' lang='lat' dir='ltr'><strong>dissentit,</strong></span> <span class='ocrx_word' id='word_1_920' title='bbox 1035 5535 1174 5609; x_wconf 86' lang='lat' dir='ltr'><strong>quod</strong></span> <span class='ocrx_word' id='word_1_921' title='bbox 1209 5537 1369 5609; x_wconf 76' lang='lat' dir='ltr'><strong>legat.</strong></span> <span class='ocrx_word' id='word_1_922' title='bbox 1398 5546 1446 5592; x_wconf 88' lang='lat' dir='ltr'><strong>et</strong></span> <span class='ocrx_word' id='word_1_923' title='bbox 1470 5535 1664 5593; x_wconf 70' lang='lat' dir='ltr'><strong>Sabaiu</strong></span> <span class='ocrx_word' id='word_1_924' title='bbox 1685 5536 1798 5591; x_wconf 86' lang='lat' dir='ltr'><strong>viri.</strong></span> 
     </span>
    </p>
   </div>
   <div class='ocr_carea' id='block_1_115' title="bbox 725 5629 2000 5705">
    <p class='ocr_par' dir='ltr' id='par_1_115' title="bbox 725 5629 2000 5705">
     <span class='ocr_line' id='line_1_115' title="bbox 725 5629 2000 5705; baseline -0.004 -18"><span class='ocrx_word' id='word_1_925' title='bbox 725 5636 808 5705; x_wconf 77' lang='grc' dir='ltr'><strong>(ά)</strong></span> <span class='ocrx_word' id='word_1_926' title='bbox 839 5634 967 5702; x_wconf 86' lang='lat' dir='ltr'><strong>Lips</strong></span> <span class='ocrx_word' id='word_1_927' title='bbox 1021 5641 1079 5690; x_wconf 83' lang='lat' dir='ltr'><strong>et</strong></span> <span class='ocrx_word' id='word_1_928' title='bbox 1104 5633 1326 5705; x_wconf 80' lang='lat' dir='ltr'><strong>Par..ex</strong></span> <span class='ocrx_word' id='word_1_929' title='bbox 1351 5630 1590 5705; x_wconf 79' lang='lat' dir='ltr'><strong>margine</strong></span> <span class='ocrx_word' id='word_1_930' title='bbox 1619 5631 1709 5685; x_wconf 82' lang='lat' dir='ltr'><strong>Er.</strong></span> <span class='ocrx_word' id='word_1_931' title='bbox 1737 5629 2000 5705; x_wconf 80' lang='lat' dir='ltr'><strong>mandato.</strong></span> 
     </span>
    </p>
   </div>
   <div class='ocr_carea' id='block_1_116' title="bbox 730 5702 2256 5779">
    <p class='ocr_par' dir='ltr' id='par_1_116' title="bbox 730 5702 2256 5779">
     <span class='ocr_line' id='line_1_116' title="bbox 730 5702 2256 5779; baseline -0.004 -16"><span class='ocrx_word' id='word_1_932' title='bbox 730 5702 800 5779; x_wconf 73' lang='grc' dir='ltr'><strong>(ο)</strong></span> <span class='ocrx_word' id='word_1_933' title='bbox 832 5706 906 5762; x_wconf 89' lang='lat' dir='ltr'><strong>Ita</strong></span> <span class='ocrx_word' id='word_1_934' title='bbox 932 5708 1251 5762; x_wconf 81' lang='lat' dir='ltr'><strong>vetustiores</strong></span> <span class='ocrx_word' id='word_1_935' title='bbox 1292 5704 1436 5761; x_wconf 88' lang='lat' dir='ltr'><strong>libri.</strong></span> <span class='ocrx_word' id='word_1_936' title='bbox 1468 5702 1574 5760; x_wconf 84' lang='lat' dir='ltr'><strong>Alii</strong></span> <span class='ocrx_word' id='word_1_937' title='bbox 1609 5718 1755 5769; x_wconf 75' lang='lat' dir='ltr'><strong>vero,</strong></span> <span class='ocrx_word' id='word_1_938' title='bbox 1787 5702 1961 5759; x_wconf 68' lang='grc' dir='ltr'><strong>δαιτιιὶ</strong></span> <span class='ocrx_word' id='word_1_939' title='bbox 1985 5707 2256 5773; x_wconf 76' lang='lat' dir='ltr'><strong>captivita-</strong></span> 
     </span>
    </p>
   </div>
   <div class='ocr_carea' id='block_1_117' title="bbox 660 5788 2262 5925">
    <p class='ocr_par' dir='ltr' id='par_1_117' title="bbox 660 5788 2262 5925">
     <span class='ocr_line' id='line_1_117' title="bbox 660 5788 2262 5925; baseline -0.001 -16"><span class='ocrx_word' id='word_1_940' title='bbox 660 5788 801 5925; x_wconf 56' lang='grc' dir='ltr'><strong>ιωδ)</strong></span> <span class='ocrx_word' id='word_1_941' title='bbox 821 5849 880 5907; x_wconf 84' lang='lat' dir='ltr'><strong>In</strong></span> <span class='ocrx_word' id='word_1_942' title='bbox 900 5849 1134 5908; x_wconf 81' lang='lat' dir='ltr'><strong>ms.Vat.</strong></span> <span class='ocrx_word' id='word_1_943' title='bbox 1162 5851 1302 5919; x_wconf 88' lang='lat' dir='ltr'><strong>bas.,</strong></span> <span class='ocrx_word' id='word_1_944' title='bbox 1324 5849 1377 5905; x_wconf 87' lang='lat' dir='ltr'><strong>in</strong></span> <span class='ocrx_word' id='word_1_945' title='bbox 1401 5847 1653 5921; x_wconf 83' lang='lat' dir='ltr'><strong>principio</strong></span> <span class='ocrx_word' id='word_1_946' title='bbox 1668 5845 1813 5906; x_wconf 89' lang='lat' dir='ltr'><strong>labor</strong></span> <span class='ocrx_word' id='word_1_947' title='bbox 1828 5845 1983 5904; x_wconf 87' lang='lat' dir='ltr'><strong>totius</strong></span> <span class='ocrx_word' id='word_1_948' title='bbox 2003 5845 2262 5922; x_wconf 70' lang='lat' dir='ltr'><strong>Aipypti:</strong></span> 
     </span>
    </p>
   </div>
   <div class='ocr_carea' id='block_1_118' title="bbox 2838 5385 3890 5474">
    <p class='ocr_par' dir='ltr' id='par_1_118' title="bbox 2838 5385 3890 5474">
     <span class='ocr_line' id='line_1_118' title="bbox 2838 5385 3890 5474; baseline -0.029 -5"><span class='ocrx_word' id='word_1_949' title='bbox 2838 5385 3663 5466; x_wconf 56' lang='grc' dir='ltr'><strong>ἷηέριὶὲὲειιῖειὶέίιιιέτιῖιε</strong></span> <span class='ocrx_word' id='word_1_950' title='bbox 3681 5401 3727 5474; x_wconf 87' lang='lat' dir='ltr'><strong>i_u</strong></span> <span class='ocrx_word' id='word_1_951' title='bbox 3746 5385 3890 5474; x_wconf 48' lang='lat' dir='ltr'><strong>ﬂatili-</strong></span> 
     </span>
    </p>
   </div>
   <div class='ocr_carea' id='block_1_119' title="bbox 2360 5470 3894 5579">
    <p class='ocr_par' dir='ltr' id='par_1_119' title="bbox 2360 5470 3894 5579">
     <span class='ocr_line' id='line_1_119' title="bbox 2360 5470 3894 5579; baseline -0.001 0"><span class='ocrx_word' id='word_1_952' title='bbox 2360 5470 2440 5579; x_wconf 60' lang='grc' dir='ltr'><strong>ἱιε</strong></span> <span class='ocrx_word' id='word_1_953' title='bbox 2472 5484 2652 5568; x_wconf 57' lang='grc' dir='ltr'><strong>παροδ</strong></span> <span class='ocrx_word' id='word_1_954' title='bbox 2685 5470 3894 5579; x_wconf 51' lang='grc' dir='ltr'><strong>τρέμε.επιίιίεξρ’-ξετέηειξίέξίξιοζίέξξ,ίξὲξξξρὲῗίέ</strong></span> 
     </span>
    </p>
   </div>
   <div class='ocr_carea' id='block_1_120' title="bbox 2361 5537 3895 5628">
    <p class='ocr_par' dir='ltr' id='par_1_120' title="bbox 2361 5537 3895 5628">
     <span class='ocr_line' id='line_1_120' title="bbox 2361 5537 3895 5628; baseline 0.004 -16"><span class='ocrx_word' id='word_1_955' title='bbox 2361 5537 2782 5628; x_wconf 33' lang='grc' dir='ltr'><strong>ιῖΙῖιι-ηιὴἶξιηοῗαῖ.</strong></span> <span class='ocrx_word' id='word_1_956' title='bbox 2806 5556 2918 5622; x_wconf 79' lang='lat' dir='ltr'><strong>Qua</strong></span> <span class='ocrx_word' id='word_1_957' title='bbox 2958 5537 3171 5628; x_wconf 70' lang='lat' dir='ltr'><strong>ratione</strong></span> <span class='ocrx_word' id='word_1_958' title='bbox 3206 5537 3528 5628; x_wconf 57' lang='lat' dir='ltr'><strong>explicatur,</strong></span> <span class='ocrx_word' id='word_1_959' title='bbox 3559 5546 3645 5628; x_wconf 65' lang='lat' dir='ltr'><strong>{ini</strong></span> <span class='ocrx_word' id='word_1_960' title='bbox 3666 5537 3895 5628; x_wconf 47' lang='grc' dir='ltr'><strong>⁰¹³¹Ῠξξδεῗ</strong></span> 
     </span>
    </p>
   </div>
   <div class='ocr_carea' id='block_1_121' title="bbox 2360 5599 3897 5697">
    <p class='ocr_par' dir='ltr' id='par_1_121' title="bbox 2360 5599 3897 5697">
     <span class='ocr_line' id='line_1_121' title="bbox 2360 5599 3897 5697; baseline -0.005 -12"><span class='ocrx_word' id='word_1_961' title='bbox 2360 5599 2958 5685; x_wconf 42' lang='grc' dir='ltr'><strong>ἕξιᾞδῖηῗιάνιὶιῖτίξιιιιι)</strong></span> <span class='ocrx_word' id='word_1_962' title='bbox 2972 5624 3233 5697; x_wconf 17' lang='lat' dir='ltr'><strong>iveuerint</strong></span> <span class='ocrx_word' id='word_1_963' title='bbox 3258 5599 3417 5689; x_wconf 60' lang='lat' dir='ltr'><strong>:rquia</strong></span> <span class='ocrx_word' id='word_1_964' title='bbox 3453 5599 3721 5697; x_wconf 52' lang='lat' dir='ltr'><strong>uiiuitjtm.</strong></span> 
     </span>
    </p>
   </div>
   <div class='ocr_carea' id='block_1_122' title="bbox 2358 5682 3900 5767">
    <p class='ocr_par' dir='ltr' id='par_1_122' title="bbox 2358 5682 3900 5767">
     <span class='ocr_line' id='line_1_122' title="bbox 2358 5682 3900 5767; baseline 0.001 -11"><span class='ocrx_word' id='word_1_965' title='bbox 2358 5682 2536 5756; x_wconf 17' lang='lat' dir='ltr'><strong>eluit-at</strong></span> <span class='ocrx_word' id='word_1_966' title='bbox 2562 5700 2816 5767; x_wconf 79' lang='lat' dir='ltr'><strong>Hilarius,</strong></span> <span class='ocrx_word' id='word_1_967' title='bbox 2855 5699 2906 5751; x_wconf 88' lang='lat' dir='ltr'><strong>in</strong></span> <span class='ocrx_word' id='word_1_968' title='bbox 2939 5695 3127 5751; x_wconf 80' lang='lat' dir='ltr'><strong>Matth.</strong></span> <span class='ocrx_word' id='word_1_969' title='bbox 3165 5710 3217 5749; x_wconf 90' lang='lat' dir='ltr'><strong>c.</strong></span> <span class='ocrx_word' id='word_1_970' title='bbox 3262 5682 3376 5758; x_wconf 46' lang='grc' dir='ltr'>λιιι,</span> <span class='ocrx_word' id='word_1_971' title='bbox 3409 5708 3464 5745; x_wconf 77' lang='grc' dir='ltr'>ιι·</span> <span class='ocrx_word' id='word_1_972' title='bbox 3489 5691 3559 5744; x_wconf 69' lang='grc'><strong>⁷³</strong></span> <span class='ocrx_word' id='word_1_973' title='bbox 3593 5682 3768 5755; x_wconf 62' lang='grc' dir='ltr'><strong>Ρορδίί</strong></span> 
     </span>
    </p>
   </div>
   <div class='ocr_carea' id='block_1_123' title="bbox 2360 5756 3901 5851">
    <p class='ocr_par' dir='ltr' id='par_1_123' title="bbox 2360 5756 3901 5851">
     <span class='ocr_line' id='line_1_123' title="bbox 2360 5756 3901 5851; baseline -0.01 -22"><span class='ocrx_word' id='word_1_974' title='bbox 2360 5789 2477 5851; x_wconf 76' lang='lat' dir='ltr'><strong>ceps</strong></span> <span class='ocrx_word' id='word_1_975' title='bbox 2501 5763 2741 5851; x_wconf 67' lang='lat' dir='ltr'><strong>subjecta:</strong></span> <span class='ocrx_word' id='word_1_976' title='bbox 2766 5756 2862 5851; x_wconf 74' lang='lat' dir='ltr'><strong>sibi</strong></span> <span class='ocrx_word' id='word_1_977' title='bbox 2890 5767 3233 5825; x_wconf 72' lang='lat' dir='ltr'><strong>universitatis</strong></span> <span class='ocrx_word' id='word_1_978' title='bbox 3262 5756 3447 5823; x_wconf 66' lang='lat' dir='ltr'><strong>nautea</strong></span> <span class='ocrx_word' id='word_1_979' title='bbox 3474 5767 3766 5825; x_wconf 63' lang='lat' dir='ltr'><strong>causam“</strong></span> <span class='ocrx_word' id='word_1_980' title='bbox 3797 5756 3901 5807; x_wconf 48' lang='lat'><strong>00&quot;“</strong></span> 
     </span>
    </p>
   </div>
   <div class='ocr_carea' id='block_1_124' title="bbox 2360 5846 2620 5922">
    <p class='ocr_par' dir='ltr' id='par_1_124' title="bbox 2360 5846 2620 5922">
     <span class='ocr_line' id='line_1_124' title="bbox 2360 5846 2620 5922; baseline -0.008 -20"><span class='ocrx_word' id='word_1_981' title='bbox 2360 5846 2620 5922; x_wconf 81' lang='lat' dir='ltr'><strong>plectitur.</strong></span> 
     </span>
    </p>
   </div>
   <div class='ocr_carea' id='block_1_125' title="bbox 2361 5414 2806 5487">
    <p class='ocr_par' dir='ltr' id='par_1_125' title="bbox 2361 5414 2806 5487">
     <span class='ocr_line' id='line_1_125' title="bbox 2361 5414 2806 5487; baseline -0.007 -19"><span class='ocrx_word' id='word_1_982' title='bbox 2361 5414 2522 5487; x_wconf 69' lang='lat' dir='ltr'><strong>fuisse</strong></span> <span class='ocrx_word' id='word_1_983' title='bbox 2544 5416 2806 5467; x_wconf 73' lang='lat' dir='ltr'><strong>dicuntur.</strong></span> 
     </span>
    </p>
   </div>
  </div>
