4040 6328
137 342 235 397 ἰΒό

1354 344 1440 400 DE
1469 341 1851 405 TlilNlTATE
1888 342 2091 401 LIBER
2123 344 2209 403 lV.

3327 353 3428 407 1‘26

132 460 237 527 lit).
290 458 369 533 (α)
412 460 468 516 lu
512 459 677 532 Μηδὶς
733 460 914 532 itaque
947 460 1060 535 ω
1107 470 1160 517 et
1188 460 1522 526 muneribus,
1570 459 1722 517 labor
1747 458 1802 522 Α
1826 460 2090 530 sequitur,
2120 458 2188 517 In
2215 470 2262 515 te
2289 470 2361 517 est
2396 459 2556 529 Deus,
2586 476 2692 519 non
2719 465 2895 523 solum
2916 479 3042 520 eum
3072 463 3164 537 qui
3195 480 3434 541 praesens

130 552 349 626 .ﬁgypti
377 562 429 608 et
461 562 734 610 mercatus
752 551 1070 625 AStbiopum
1099 562 1154 607 et
1179 551 1374 609 Sabaio
1400 551 1721 617 ostenditur,

128 648 333 704 scilicet
362 645 545 705 mundi
574 660 729 702 error
751 646 918 717 Magis
933 644 1304 713 adorantibus,
1328 656 1381 701 et
1398 645 1569 703 electa
1595 659 1727 717 geu-

131 743 257 803 tinm
294 756 515 799 munera
544 737 768 796 adorato
795 742 863 793 ab
889 738 973 795 his
1002 738 1227 794 Domino
1256 738 1459 794 oblata.

191 835 286 894 59.
320 835 554 902 Apostoli
579 834 674 890 viri
700 834 909 889 excelsi.
932 864 1003 875 -—
1025 833 1237 889 Excelsi
1266 841 1445 888 autem
1467 831 1602 897 viri,
1633 830 1724 903 qui

127 928 186 984 ad
212 943 345 986 eum
375 926 652 985 transituri
680 936 830 994 sunt,
858 935 1018 998 atque
1042 942 1163 981 eum
1191 926 1355 981 vincti
1397 932 1722 995 sequentur,

126 1024 209 1092 qui
239 1022 456 1077 tandem
487 1021 573 1077 isti
597 1032 749 1087 sunt,
780 1036 888 1075 non
918 1021 968 1074 in
990 1019 1221 1075 obscuro
1250 1029 1352 1073 est.
1389 1017 1617 1086 liesltice
1656 1014 1723 1071 ad

130 1116 413 1188 Evangelia
443 1133 458 1179 ;
490 1114 686 1172 Petrus
734 1115 1019 1171 Dominum
1066 1128 1222 1171 suum
1258 1123 1543 1169 secuturus
1583 1126 1723 1182 prm-

126 1210 356 1282 cingitur
386 1206 568 1281 (Joan.
619 1223 731 1274 xxI,
780 1206 858 1279 7).
898 1206 1114 1262 Intuere
1146 1207 1435 1277 Apostolus
1475 1222 1487 1258 :
1534 1217 1724 1261 servus

128 1303 319 1361 Christi
349 1302 550 1358 Paulus
575 1301 628 1357 in
662 1300 892 1356 vinculis
910 1300 1173 1372 gloriatur
1198 1299 1442 1373 (Philem.
1461 1298 1523 1371 1).
1553 1299 1619 1353 Et
1641 1298 1721 1353 vi-

127 1396 344 1452 deamus
369 1411 437 1449 an
462 1395 672 1451 vinctus
699 1391 897 1449 Christi
926 1392 1055 1449 Jesu
1083 1408 1171 1459 ea,
1201 1408 1319 1463 qua:
1351 1393 1488 1449 Deus
1515 1390 1581 1445 de
1610 1390 1722 1445 lilio

129 1504 218 1544 suo
259 1490 372 1544 Deo
399 1486 578 1544 fuerat
605 1487 835 1552 locutus,
864 1486 1188 1556 impleverit.
1223 1484 1608 1552 Precalmntur,
1640 1484 1722 1538 in-

130 1584 253 1653 quit,
284 1581 529 1654 qaoniam
565 1581 620 1635 in
643 1588 691 1637 te
717 1589 789 1634 est
823 1578 959 1635 Deus
1004 1578 1173 1653 (Esai.
1212 1594 1337 1643 ην,
1366 1576 1473 1649 14).
1515 1578 1719 1633 Dictum

127 1676 300 1746 itaque
324 1675 392 1730 ab
416 1673 681 1745 Apostolo
710 1687 1060 1744 recognosce,
1101 1681 1157 1728 et
1182 1673 1515 1744 recognitum
1563 1671 1720 1727 intel-

124 1768 265 1839 lige:
302 1768 439 1824 Deus
466 1770 517 1822 in
549 1767 757 1823 Christo
798 1777 908 1821 erat
951 1766 1200 1821 mundum
1241 1767 1576 1822 reconcilians
1624 1765 1722 1821 sibi

1831 561 1934 619 est,
1966 552 2061 611 sed
2075 551 2237 609 etiam
2263 568 2384 609 eum
2419 554 2577 627 100
2591 555 2678 625 qui
2710 554 2790 630 (1)
2823 568 3035 613 maneat
3083 558 3135 613 in
3160 568 3428 629 prasente

1828 644 2167 703 demonstrat
2198 664 2210 701 :
2238 644 2567 702 habitantem
2598 648 2666 703 ab
2698 663 2763 703 co
2785 649 2835 704 in
2869 664 2975 720 quo
2995 649 3198 707 habitet
3220 650 3426 708 discor-

1829 753 1986 804 neus,
2018 752 2265 809 personas
2291 748 2468 796 tamen
2500 748 2701 796 tantum
2724 740 3102 811 distinctione,
3129 758 3235 799 non
3266 759 3430 812 gene-

1828 832 1937 889 ris:
1971 832 2114 889 Deus
2138 833 2283 889 enim
2315 835 2365 887 in
2397 851 2464 889 eo
2495 844 2614 889 est:
2643 841 2699 890 et
2738 836 2791 890 in
2823 851 2928 906 quo
2951 848 3033 892 est
3064 839 3237 905 Deus,
3292 839 3432 895 Deus

1828 936 1931 985 est.
1956 926 2073 984 Non
2102 930 2245 984 enim
2276 929 2417 984 Deus
2444 929 2496 983 in
2529 928 2758 985 divorsa:
2787 939 2948 999 atque
2976 932 3165 989 alienae
3190 950 3219 988 a
3243 946 3302 989 se
3335 949 3430 988 na-

1830 1028 1963 1077 tura:
1992 1021 2300 1078 habitacula
2327 1033 2431 1089 est,
2462 1022 2555 1078 scd
2590 1025 2640 1078 in
2668 1037 2768 1079 suo
2788 1023 2860 1096 (e)
2880 1035 3043 1091 atque
3067 1041 3132 1082 ex
3164 1041 3222 1080 se
3245 1027 3431 1096 genito

1829 1126 2028 1171 manet.
2063 1117 2201 1171 Deus
2222 1117 2275 1171 in
2294 1116 2422 1179 Deo,
2448 1118 2571 1187 quia
2595 1133 2659 1172 ex
2688 1119 2799 1173 Deo
2822 1119 2962 1174 Deus
2984 1126 3085 1183 est.
3120 1117 3200 1174 Tu
3219 1135 3270 1174 es
3291 1121 3428 1176 enim

1827 1209 1984 1274 Deus,
2008 1219 2055 1264 et
2073 1208 2443 1275 nesciebamus,
2468 1209 2604 1264 Deus
2622 1208 2788 1265 Israel
2807 1211 3032 1265 salvator
3054 1209 3153 1284 (Is.
3169 1227 3292 1275 XLV,
3314 1212 3423 1279 15).

1896 1303 1990 1360 61.
2034 1302 2172 1358 Filio
2197 1305 2522 1359 adversantes
2551 1304 2860 1360 erubescent.
2902 1303 2947 1358 F
2950 1305 3092 1360 ilium
3116 1306 3203 1375 qui
3230 1315 3378 1379 negat
3406 1348 3421 1372 ,

1827 1396 2037 1452 Patrem
2070 1398 2367 1454 inhonorat.
2409 1429 2466 1438 —
2488 1396 2783 1468 Negantem
2817 1409 2868 1453 te
2898 1399 3061 1453 Deum
3091 1398 3146 1453 in
3180 1399 3309 1466 Deo,
3335 1413 3426 1455 se-

1824 1506 1996 1562 quens
2023 1505 2203 1547 sermo
2232 1489 2472 1546 confutat
2496 1508 2510 1544 :
2541 1493 2616 1546 ait
2645 1491 2810 1557 enim,
2838 1488 3154 1545 Erubescent
3179 1534 3194 1557 ,
3234 1501 3281 1546 et
3323 1508 3420 1559 pu-

1825 1583 1958 1638 debit
1983 1599 2154 1638 omnes
2180 1584 2266 1655 qui
2292 1583 2628 1639 adversantur
2657 1584 2724 1648 ei,
2754 1592 2801 1637 et
2838 1583 2983 1638 ibunt
3008 1600 3123 1639 cum
3155 1585 3423 1655 confusio-

1825 1695 1888 1733 ne
1915 1676 2105 1752 (lbid.,
2138 1676 2228 1751 to)
2255 1694 2267 1731 :
2296 1677 2363 1750 (Ι)
2400 1677 2682 1732 Decretqu
2718 1676 2820 1731 hoc
2845 1677 2898 1732 itt
2923 1677 3253 1747 impietatem
3281 1686 3423 1737 lnam

1827 1773 1922 1827 Dei
1944 1781 2046 1828 est.
2074 1771 2397 1828 Advorsaris
2421 1772 2565 1826 enim
2590 1769 2825 1833 Christo,
2858 1769 2927 1825 de
2954 1787 3061 1838 quo
3083 1777 3136 1827 te
3160 1769 3426 1842 professio

122 1862 189 1937 (II
215 1861 335 1920 Cor.
392 1880 446 1931 ν,
478 1862 595 1935 l9).
633 1863 839 1919 Dehinc
881 1863 1163 1934 sequitur,
1209 1861 1276 1915 Et
1315 1877 1417 1915 non
1464 1868 1540 1917 est
1581 1859 1720 1915 Dens
1748 1856 1797 1920 B
1828 1874 2064 1936 paternae
2110 1864 2257 1920 vocis
2285 1862 2553 1933 objurgat.
2591 1863 2730 1917 Deus
2757 1870 2844 1918 est
2881 1862 3056 1927 enim,
3101 1877 3259 1933 quem
3303 1876 3425 1921 esse

118 1969 301 2030 prater
326 1968 393 2012 te.
424 1956 630 2025 Quibus
654 1955 915 2011 continuo
958 1955 1098 2011 idem
1134 1955 1425 2026 Apostolus
1452 1954 1547 2019 ait,
1581 1969 1718 2011 unus

117 2059 204 2106 est
240 2051 383 2107 enim
431 2050 689 2106 Dominus
720 2058 906 2106 noster
939 2048 1096 2104 Jesus
1123 2047 1371 2111 Christus
1422 2062 1517 2116 per
1557 2063 1716 2118 quem

120 2147 307 2201 omnia
334 2144 385 2216 (1
409 2144 531 2200 Cor.
570 2160 682 2211 vni,
707 2144 760 2215 6)
794 2162 806 2198 :
838 2154 893 2200 et
932 2142 1111 2198 nullus
1132 2150 1326 2213 praeter
1352 2159 1473 2198 cum
1503 2143 1718 2199 videtur

123 2238 266 2294 alius
285 2252 422 2305 esse,
455 2239 573 2310 quia
611 2230 746 2293 unus
775 2246 881 2295 est.
926 2236 1112 2293 Tertio
1154 2251 1367 2308 quoque
1412 2237 1520 2303 ait,
1561 2235 1637 2291 Tu
1666 2254 1719 2293 es

115 2329 282 2396 Deus,
310 2339 360 2385 ει
386 2331 746 2387 nesciebamus.
777 2330 886 2387 Sed
915 2346 984 2387 ex
1022 2340 1372 2401 persecutore
1399 2330 1473 2403 (b)
1516 2330 1716 2388 Eccle-

115 2429 212 2484 siae
233 2426 369 2484 dixit
401 2444 417 2483 :
451 2427 686 2493 Quorum
710 2437 881 2497 patres
901 2468 917 2494 ,
946 2444 1009 2483 ea:
1036 2427 1233 2500 quibus.
1245 2425 1501 2492 Christus,
1530 2428 1619 2497 qui
1645 2436 1718 2482 est

114 2537 265 2593 super
291 2522 467 2577 omnia
496 2519 639 2575 Deus
669 2520 846 2591 (Rom.
871 2536 948 2585 ιι,
981 2519 1059 2595 5).
1104 2520 1168 2575 Hi
1201 2520 1361 2591 igitur
1406 2520 1573 2574 vineti
1602 2519 1718 2576 haec

115 2614 481 2687 praedicabunt
510 2632 524 2669 :
556 2613 757 2670 excelsi
786 2612 1059 2679 videlicet,
1090 2612 1218 2668 etin
1250 2611 1535 2669 duodecim
1562 2612 1714 2666 tltro-

118 2710 200 2764 nis
219 2707 515 2777 judicaturi
557 2708 634 2778 (ο)
681 2707 856 2763 tribus
884 2706 1078 2776 Israel,
1127 2690 1522 2763 et'Dontinum
1556 2720 1714 2767 suum

120 2800 373 2861 doctrina:
399 2803 456 2856 et
484 2800 752 2870 passionis
778 2815 891 2857 sum
918 2799 1180 2872 martyrio
1202 2801 1462 2856 secuturi.

183 2893 266 2950 ιο.
296 2892 459 2948 Pater
488 2894 554 2947 de
581 2910 634 2948 se
659 2893 805 2958 dicit,
839 2893 957 2948 Non
1000 2903 1082 2948 est
1124 2892 1263 2948 Deus
1294 2906 1490 2963 praeter
1535 2908 1642 2959 me,
1670 2900 1717 2947 et

131 2986 185 3039 de
220 2985 398 3055 Filio,
447 2987 565 3045 Non
606 2996 691 3044 est
719 2987 890 3042 ‘Deus
934 2997 1127 3059 przeter
1167 2998 1241 3043 te.
1291 2986 1460 3044 Filius
1500 3004 1717 3058 persona

121 3096 215 3135 non
249 3097 441 3153 genere
489 3097 521 3134 a
561 3090 706 3152 patre
743 3082 1011 3136 discretus.
1052 3113 1125 3123 --
1168 3081 1306 3137 Deus
1352 3096 1480 3153 ergo
1522 3081 1574 3137 in
1607 3083 1716 3137 Deo

116 3184 187 3227 est
217 3192 230 3226 :
260 3184 319 3228 ct
362 3174 416 3228 in
445 3188 556 3243 quo
584 3184 663 3227 est
697 3173 836 3227 Deus
855 3214 868 3241 ,
900 3174 1043 3228 Dens
1071 3184 1173 3229 est.
1222 3173 1289 3229 Et
1312 3173 1584 3244 quomodo
1611 3191 1716 3229 non

1826 1966 1879 2013 tu
1915 1957 2079 2013 Deum
2123 1955 2377 2027 denegas.
2432 1958 2673 2026 Deuegas
2697 1970 2825 2012 vero
2854 1957 2956 2013 sub
2981 1955 3163 2021 specie
3205 1955 3424 2019 honoris

1826 2051 1918 2107 Dei
1951 2050 2210 2120 (Patris),
2241 2050 2499 2117 dicentis,
2534 2049 2658 2105 Non
2686 2060 2761 2105 est
2795 2051 2930 2107 alius
2957 2047 3101 2105 Deus
3131 2062 3315 2122 praeter
3344 2068 3424 2107 me

1824 2144 1985 2220 (Ibid.
2013 2187 2028 2213 ,
2058 2145 2174 2215 18).
2199 2144 2306 2200 Sed
2338 2144 2670 2200 confundere
2718 2154 2774 2201 et
2821 2145 3083 2201 erubesco
3111 2162 3124 2199 :
3156 2161 3260 2200 nou
3301 2154 3425 2215 eget

1820 2241 2001 2296 delato
2027 2255 2058 2293 a
2086 2248 2140 2299 te
2167 2238 2371 2295 honore
2400 2238 2731 2297 innaseibilis
2779 2238 2944 2303 Deus,
2972 2239 3199 2307 gloriam
3224 2237 3363 2294 hanc
3391 2255 3419 2295 a

1823 2345 1875 2390 te
1902 2333 2208 2389 solitudinis
2233 2348 2344 2390 suae
2386 2347 2491 2389 non
2523 2331 2787 2403 postulat,
2826 2346 2937 2387 non
2963 2330 3228 2387 desiderat
3281 2331 3422 2389 hanc

1820 2429 2091 2502 opinionis
2121 2437 2225 2485 tua:
2250 2427 2695 2499 intelligentiam;
2725 2435 2782 2482 ut
2807 2425 2878 2483 ob
2900 2427 3002 2482 hoc
3031 2427 3171 2497 quod
3200 2427 3419 2496 dixerit,

1822 2522 1947 2579 Non
1972 2531 2045 2578 est
2073 2520 2213 2579 Deus
2241 2532 2427 2589 preter
2453 2537 2550 2587 me,
2571 2537 2691 2577 cum
2707 2536 2868 2592 quem
2885 2535 2949 2576 ex
2968 2536 3027 2575 se
3049 2523 3232 2591 genuit
3252 2521 3419 2581 Deum

1819 2616 2073 2686 abneges.
2094 2620 2172 2670 Ac
2198 2630 2264 2671 tte
2289 2615 2393 2670 sibi
2418 2614 2541 2679 hoc,
2565 2614 2630 2668 ad
2649 2614 2982 2670 divinitatem
3004 2612 3125 2669 Ftlii
3141 2613 3428 2669 destruen-

1819 2709 1972 2774 dam,
1993 2708 2261 2777 peculiare
2285 2707 2363 2780 (g)
2379 2705 2651 2773 deferres;
2677 2705 3042 2776 Uuigcnitisui
3068 2704 3298 2777 gloriam
3324 2705 3424 2761 Ito-

1820 2818 1955 2859 nore
1983 2802 2230 2873 perfecta:
2258 2800 2553 2855 divinitatis
2581 2801 2857 2870 implevit,
2890 2800 3097 2865 dicens,
3134 2798 3198 2855 Et
3224 2816 3326 2854 non
3351 2808 3429 2857 est

1820 2896 1961 2951 Deus
2013 2905 2198 2967 praeter
2241 2906 2307 2949 te.
2358 2893 2494 2963 Quid
2543 2900 2820 2963 exaequata
2866 2891 3249 2947 discrituiuas?
3295 2892 3425 2960 quid

1818 2994 2125 3058 comparata
2153 2985 2453 3041 discernis?
2485 2985 2765 3054 Proprium
2800 2984 2893 3038 Dei
2925 2981 3037 3038 lilio
3058 2993 3159 3051 est,
3193 2999 3262 3038 ne
3291 3000 3424 3052 pra:-

1820 3088 1903 3137 ter
1932 3096 2053 3137 eum
2088 3081 2226 3135 Deus
2247 3079 2345 3145 sil;
2377 3077 2651 3149 proprium
2681 3076 2788 3131 Deo
2817 3075 2953 3146 patri
2982 3083 3098 3142 est,
3133 3090 3200 3129 tte
3220 3067 3425 3147 absque

1819 3190 1885 3230 eo
1916 3176 2055 3229 Deus
2069 3174 2351 3245 quisquam
2380 3175 2449 3226 sit
2482 3190 2496 3226 :
2522 3170 2703 3227 verbis
2732 3170 2823 3225 Dei
2855 3170 2925 3225 de
2945 3170 3053 3225 Deo
3080 3179 3255 3226 utere.
3277 3168 3423 3225 Cott-

112 3276 180 3323 est
208 3264 358 3320 Deus
378 3275 566 3336 praeter
586 3276 666 3331 te;
694 3280 815 3322 eum
845 3266 895 3322 in
925 3266 1115 3321 eodem
1143 3268 1282 3322 Deus
1310 3267 1422 3322 sit?
1447 3266 1712 3335 Usurpas,
1740 3258 1787 3322 C
1823 3268 1975 3323 litere
1997 3269 2089 3331 ita,
2117 3276 2170 3322 et
2198 3281 2417 3336 precare
2460 3280 2641 3334 regem
2673 3280 2686 3318 :
2718 3264 2973 3332 Quoniam
3000 3264 3054 3318 in
3084 3273 3131 3317 te
3155 3274 3225 3317 est
3262 3262 3424 3330 Deus,

111 3377 140 3411 υ
166 3358 449 3427 δειγριίρρ,
480 3359 545 3413 ad
569 3360 963 3416 confessionem
994 3360 1218 3416 solitarii
1251 3361 1341 3416 Dei
1375 3362 1562 3433 patris,
1594 3361 1717 3418 Non

107 3462 179 3508 est
209 3452 359 3508 Deus
384 3463 572 3524 preter
617 3470 698 3509 me
728 3470 746 3510 :
774 3454 1049 3526 quomodo
1090 3470 1156 3512 ex
1201 3455 1580 3525 praedicatione
1623 3457 1716 3513 Dei

106 3546 271 3615 patris
297 3546 557 3615 dicentis,
594 3544 719 3602 Non
746 3559 820 3603 est
848 3545 992 3601 Deus
1023 3557 1209 3618 praeter
1228 3557 1296 3610 te.
1321 3549 1522 3605 dictum
1546 3552 1719 3606 inter-

106 3638 436 3706 ντειειὺρι-ἱε,
468 3639 513 3693 si
558 3653 652 3709 per
677 3638 730 3694 id
761 3640 904 3711 quod
932 3640 1133 3695 dictum
1161 3649 1265 3707 est,
1299 3640 1422 3697 Non
1462 3652 1536 3697 est
1577 3642 1715 3699 Deus

103 3742 286 3801 putator
317 3748 403 3786 me
431 3730 612 3804 (Deut.
641 3747 818 3800 xxxu,
864 3732 982 3805 59),
1008 3731 1279 3789 afllrmare
1309 3734 1610 3801 contendis,
1645 3749 1714 3791 ne

104 3826 189 3881 Dei
217 3825 373 3882 ﬁlius
400 3827 543 3881 Deus
572 3827 677 3880 sit?
706 3824 772 3880 Et
796 3827 881 3881 cui
910 3840 1039 3897 ergo
1069 3826 1211 3881 Deus
1237 3825 1447 3900 (Pater)
1477 3827 1706 3897 dixerit,

100 3915 217 3971 Non
243 3927 323 3973 est
354 3915 494 3972 Deus
513 3926 697 3989 prater
717 3926 765 3972 te
780 3918 807 3972 Ρ
831 3919 1101 3990 subjicere
1121 3919 1264 3974 enim
1292 3919 1377 3974 hic
1397 3920 1493 3975 tibi
1526 3934 1714 3990 perso-

96 4028 215 4069 nam
240 4014 479 4068 solitarii
508 4010 587 4084 (ά)
618 4029 724 4069 non
750 4012 951 4071 licebit.
982 4014 1239 4070 Dominus
1267 4015 1414 4071 enim
1435 4014 1569 4070 dixit
1597 4016 1711 4087 regi

92 4122 251 4174 quem
276 4108 565 4170 excitarit,
592 4122 656 4162 ex
682 4122 915 4177 persons
942 4107 1181 4162 virorum
1211 4108 1550 4163 excelsorutn
1578 4109 1713 4165 adov

94 4201 331 4256 rantium
360 4210 413 4255 et
444 4200 884 4271 deprecantium,
919 4200 1178 4267 Quoniam
1222 4201 1280 4255 in
1326 4210 1375 4257 te
1422 4211 1496 4257 est
1543 4201 1704 4259 Deus.

93 4296 419 4361 Solitarium
452 4310 540 4353 res
570 4295 669 4351 ista
700 4311 806 4351 non
856 4296 1072 4369 recipit.
1105 4293 1172 4350 In
1210 4304 1259 4352 te
1296 4298 1436 4352 enim
1466 4312 1711 4368 praesen-

94 4400 218 4462 tem,
242 4393 426 4451 veluti
453 4391 520 4448 ad
546 4407 707 4464 quem
732 4391 805 4449 sit
830 4406 1035 4458 sermo,
1056 4391 1512 4464 signiﬁcat.Quod
1531 4404 1712 4454 autem

157 4532 242 4605 to
272 4530 485 4591 Manet.

179 4669 236 4742 η)
259 4667 438 4742 Solus
465 4666 637 4725 codex
667 4665 789 4742 Vat.
816 4665 956 4732 bas.,
986 4665 1041 4721 in
1070 4665 1219 4742 donis
1240 4664 1430 4742 itaque.

180 4736 237 4812 ὁ)
270 4740 336 4797 Id
366 4749 474 4803 est.
505 4741 592 4810 qui
619 4741 719 4811 fuit
746 4747 1057 4812 persecutor.
1085 4736 1205 4812 iam
1237 4739 1370 4812 alias
1399 4739 1709 4798 observavi-

88 4808 697 4885 mus'pra'positionem
730 4808 1356 4885 eahadqsigniﬁcandunt
1399 4821 1596 4885 statum
1644 4829 1709 4871 ac

89 4882 311 4953 tempus
382 4884 713 4953 praeteritum
768 4882 968 4938 llilario
1022 4898 1143 4936 esse
1189 4886 1459 4938 usitatam.
1509 4884 1600 4941 Sic
1639 4887 1708 4940 de

87 4955 309 5013 Christo
340 4957 403 5011 in
430 4956 572 5009 servi
610 4960 833 5010 formant
865 4953 1139 5025 erittanito
1169 4968 1313 5023 saepe
1344 4956 1579 5025 loquitur
1602 4999 1616 5020 ,
1648 4975 1710 5012 ea:

85 5027 193 5084 Deo
220 5029 420 5094 Itonia,
450 5042 568 5096 pro,
591 5042 709 5082 cum
738 5034 864 5082 esset
894 5024 1060 5090 Deus,
1087 5028 1256 5096 factus
1297 5036 1368 5080 est
1399 5024 1566 5082 homo.
1611 5029 1711 5085 Hic

84 5112 267 5157 autem
323 5101 389 5154 in
433 5098 660 5168 vulgatis
709 5109 761 5154 et
811 5100 861 5151 in
892 5113 1000 5152 uno
1039 5099 1211 5151 solum
1264 5100 1568 5157 recentiore
1602 5118 1704 5156 ms.

84 5168 236 5227 Colit.
272 5174 552 5227 insertum
583 5180 686 5234 ost,
717 5171 882 5242 factus
901 5170 1095 5242 doctor:

153 5244 233 5315 (c)
269 5243 452 5315 Editi,
484 5239 753 5315 duodecim
772 5241 932 5315 tribus
959 5256 979 5296 :
1007 5239 1399 5310 refragantibus
1417 5257 1558 5315 inss.

151 5312 236 5387 (Δ)
266 5314 385 5370 Hic
408 5314 569 5377 enim,
590 5314 666 5369 uti
696 5312 1080 5387 Tertulliauus,
1102 5315 1365 5387 adversus
1416 5313 1703 5387 Praxeam,

84 5383 265 5452 p.13,
302 5390 367 5442 in
415 5386 666 5440 eumdem
696 5385 871 5440 locum
901 5386 998 5449 ait,
1026 5385 1259 5450 dicendo,
1297 5383 1433 5440 Deus
1461 5386 1605 5451 inte,
1636 5396 1704 5453 et,

88 5456 161 5513 Tu
182 5457 369 5523 Deus,
398 5458 534 5512 duas
560 5458 829 5527 praponit;
849 5455 937 5526 qui
957 5466 1089 5521 erat,
1112 5467 1160 5511 et
1189 5458 1244 5511 in
1268 5474 1368 5527 quo
1387 5468 1534 5522 erat;
1556 5457 1704 5514 Clari-

81 5542 240 5599 stum,
276 5540 334 5585 et
360 5524 622 5601 Spiritum
646 5524 665 5581 ξ
685 5528 772 5583 ubi
804 5524 1059 5601 Spiritum
1089 5524 1298 5584 Patrem
1323 5530 1594 5601 intelligit.

151 5602 235 5674 (e)
267 5604 334 5656 In
367 5616 473 5657 ms.
505 5599 662 5656 Caro.
697 5609 847 5670 atque
878 5599 931 5652 in
960 5616 1015 5674 se
1041 5601 1207 5674 genita
1235 5615 1254 5656 :
1282 5602 1439 5674 male.
1472 5599 1582 5657 Cur
1608 5617 1706 5657 au-

82 5671 187 5728 tent
213 5671 281 5727 in
306 5690 389 5729 eo
415 5681 659 5737 maneat,
686 5673 767 5726 sic
793 5671 1081 5741 exponitur
1103 5671 1156 5726 in
1188 5671 1323 5742 psal.
1354 5687 1525 5738 cun,
1552 5691 1604 5728 n.
1639 5674 1703 5728 ‘2:

79 5743 221 5801 Deus
252 5746 411 5801 enim
433 5760 495 5800 ea:
521 5744 631 5800 Deo
653 5745 870 5814 genitus,
901 5759 1001 5799 non
1021 5743 1162 5806 abest
1180 5761 1268 5813 per
1286 5753 1525 5801 naturam
1556 5745 1618 5800 ab
1648 5762 1705 5801 eo

78 5834 137 5873 ea:
163 5834 276 5889 quo
308 5818 524 5889 genitus
548 5814 869 5889 conﬁtendtg
890 5824 965 5881 est
993 5832 1012 5873 :
1042 5831 1167 5881 cum
1192 5827 1392 5889 castora
1407 5818 1583 5873 absint
1610 5833 1708 5889 per

80 5885 781 5962 natur-as'discrepantiant.
816 5885 984 5946 Filius
1028 5888 1209 5962 itaque
1236 5887 1398 5960 digna
1440 5905 1538 5963 per
1564 5885 1627 5952 δέ
1651 5898 1709 5957 ει

1819 3371 1866 3415 ει
1898 3378 2000 3416 non
2027 3371 2099 3415 est
2132 3359 2266 3413 Deus
2298 3369 2481 3429 praeter
2512 3368 2577 3413 te.
2613 3356 2692 3413 Tu
2717 3357 2851 3411 enim
2882 3372 2932 3410 es
2965 3356 3121 3423 Deus,
3158 3367 3203 3411 et
3234 3356 3428 3415 nescie—

1819 3457 2018 3523 bamus,
2050 3454 2185 3510 Deus
2218 3452 2382 3509 lsrael
2404 3455 2649 3509 salvator.
2677 3451 2843 3508 Caret
2868 3448 2950 3524 (It)
2974 3451 3303 3509 contumelia
3327 3449 3429 3507 lto-

1821 3550 1969 3604 noris
1995 3546 2255 3613 officium,
2285 3561 2459 3617 neque
2487 3544 2844 3601 oﬂensionem
2878 3543 3042 3598 habet
3068 3543 3425 3599 confessionis

1818 3645 2164 3714 exemplum;
2208 3644 2440 3698 maxime
2470 3656 2593 3703 cum
2629 3640 2938 3695 adversatto
2959 3637 3076 3711 ejus
3108 3637 3261 3710 plena
3291 3652 3424 3697 con-

1819 3738 2045 3794 fusionis
2073 3737 2144 3793 sit
2172 3747 2225 3797 et
2257 3736 2497 3808 pudoris.
2528 3734 2825 3793 ltumorare
2873 3733 2965 3790 Dei
2992 3732 3204 3798 verbis,
3255 3732 3426 3789 conli-

1819 3840 1931 3886 tere
1959 3829 2053 3885 Dei
2083 3829 2336 3894 vocibus;
2366 3838 2420 3885 et
2438 3827 2564 3898 fuge
2581 3826 2917 3882 confusionis
2936 3824 3422 3881 denuntiationem.

1819 3924 1987 3980 Deum
2033 3924 2177 3981 enim
2212 3923 2301 3977 Dei
2342 3923 2509 3977 lilium
2539 3919 2893 3991 abnegando,
2945 3935 3051 3973 non
3095 3930 3203 3974 tam
3254 3918 3421 3975 Deum

1818 4030 2089 4091 tamquam
2121 4016 2204 4090 (2)
2238 4017 2539 4074 solitarium
2572 4016 2634 4089 (i)
2675 4015 2863 4087 gloriae
2895 4015 3100 4073 honore
3132 4014 3426 4071 venerabe-

1816 4116 1915 4181 ris,
1941 4130 2101 4186 quam
2129 4113 2340 4169 Patrem
2374 4112 2493 4168 Filii
2524 4111 3286 4167 inltonorationecontemnes.
3321 4108 3427 4165 Ho-

1820 4209 1967 4263 noris
2019 4206 2179 4262 ﬂdem
2226 4206 2527 4262 innaseibili
2578 4205 2688 4261 Deo
2715 4203 3011 4272 confitere,
3053 4203 3197 4281 quod
3228 4214 3425 4275 praeter

1820 4319 1945 4361 eum
1971 4302 2112 4360 Deus
2142 4301 2318 4365 nullus
2347 4301 2418 4361 sit
2447 4319 2461 4357 :
2493 4300 2773 4374 unigenito
2813 4299 2927 4358 Deo
2967 4299 3197 4370 pra'dica
3218 4341 3233 4367 ,
3281 4297 3423 4371 quod

1821 4396 2028 4468 absque
2048 4410 2117 4452 eo
2143 4395 2283 4452 Deus
2305 4410 2415 4452 non
2441 4394 2535 4451 sit.
3349 4413 3360 4421 -

1883 4535 1966 4612 (ἓ)
1992 4535 2261 4594 Solitario.

1735 4680 1790 4742 ι)
1814 4670 2089 4729 sufﬁciens
2120 4681 2200 4726 est
2228 4669 2491 4729 habitatio
2517 4669 2692 4725 Patris
2728 4686 2743 4724 :
2786 4668 2888 4742 qui
2914 4667 2966 4723 in
3006 4666 3223 4742 caeteris
3253 4668 3417 4724 etiam

1815 4745 2041 4802 habitat.
2062 4755 2327 4814 quatenus
2341 4742 2480 4799 Filio
2502 4742 2772 4811 conjuncti
2798 4743 2850 4796 in
2877 4740 2995 4814 ipso
3016 4740 3420 4808 quodammodo

1815 4812 2183 4877 continentur,
2214 4825 2272 4869 ιιι
2305 4815 2581 4884 eleganter
2610 4815 2805 4869 ibidem
2837 4812 3155 4876 exolicatur.

1890 4887 1965 4958 if)
1992 4887 2108 4941 Vat.
2136 4887 2248 4943 bas.
2283 4902 2386 4940 ms.
2417 4888 2609 4941 dictum
2636 4888 2730 4940 hoc
2752 4902 2771 4940 :
2804 4886 2989 4958 minus
3010 4884 3170 4958 bene.

2000 4959 2140 5013 ltlem
2182 4960 2372 5018 codex.
2408 4959 2744 5025 defenderet:
2771 4972 2944 5027 neque
2973 4954 3064 5030 hic
3090 4952 3415 5010 audiendus.

2000 4978 2140 5013 luem
2182 4978 2372 5018 CtMICX.
2408 4978 2698 5025 acienaeret
2724 4978 2744 5013 ἔ
2771 4978 2944 5027 neque
2977 4978 3064 5010 IIIC
3090 4978 3414 5010 ωηιιυιιυυδ.

1886 5030 1905 5104 (
1949 5031 1967 5102 )
1995 5030 2290 5104 Νθαιιθὲιιίε
2311 5031 2521 5104 videtur
2547 5031 2811 5104 sincerior
2842 5028 3127 5098 praedictus
3154 5043 3257 5081 ms.
3291 5042 3414 5082 cum

1814 5100 1912 5173 pro
1938 5100 2273 5173 contumelia,
2301 5100 2518 5156 exhibet
2546 5101 2806 5155 calumnia
2829 5115 2849 5156 :
2878 5108 2934 5156 et
2958 5115 3080 5155 mox
3110 5115 3259 5169 poena
3288 5115 3411 5154 con-

1817 5171 2056 5246 Ῑιιείυηῑδ,
2094 5190 2188 5246 ιιι-ο
2218 5171 2369 5246 plena
2395 5174 2729 5246 confusionis.
2791 5245 2794 5246 ν
2909 5244 2915 5246 _
3004 5243 3049 5246 __
3091 5243 3101 5246 _
3454 5229 3459 5234 .

1887 5246 1962 5320 (i)
2005 5245 2288 5320 Editicntu
2318 5243 2520 5320 aliquot
2560 5262 2693 5320 mss.
2718 5244 2967 5320 solitario
3003 5243 3264 5298 Malumus
3289 5256 3411 5299 cum

1814 5317 2027 5373 caeteris
2056 5317 2366 5381 solitarium,
2396 5319 2541 5387 prius
2567 5319 2812 5372 restiwta
2837 5318 3095 5388 particula
3119 5325 3372 5388 tamquam
3392 5352 3409 5378 ,

1813 5405 1972 5460 quam
2021 5388 2232 5455 Lipsius
2274 5386 2478 5459 absque
2503 5386 3201 5457 auctoritate'expuuxerat.
3255 5386 3413 5460 l’ater

1813 5456 1994 5515 autem
2021 5456 2551 5527 inhonoratur,dum
2581 5460 2674 5515 lilii
2705 5456 2988 5531 degeneris
3034 5465 3184 5527 pater
3213 5456 3410 5531 prandi-

1812 5542 1965 5589 catur
1989 5576 2003 5598 ,
2056 5543 2114 5586 ut
2142 5547 2286 5600 saepe
2318 5533 2554 5588 insinuat
2590 5528 3036 5588 noster'llilarius
3063 5573 3076 5593 ,
3127 5544 3188 5583 ac
3222 5528 3412 5598 probat

1812 5602 2165 5672 Augustinus,
2195 5602 2372 5660 Sertn.
2427 5605 2551 5672 159,
2605 5622 2657 5658 n.
2692 5603 2727 5659 5
2751 5645 2766 5668 ,
2814 5618 3024 5658 necnon
3062 5600 3407 5666 Ambrosius,

1811 5675 1904 5730 liti.
1936 5691 1953 5731 1
1983 5676 2051 5731 de
2084 5675 2214 5731 Fide
2241 5692 2292 5733 c.
2328 5680 2382 5743 o‘,
2425 5678 2508 5732 vel
2537 5677 2663 5731 dum
2693 5674 2981 5743 aliquando
3004 5673 3120 5728 sine
3146 5673 3321 5729 Verbo
3350 5687 3412 5728 ac

1810 5749 2071 5817 sapientia
2109 5747 2299 5816 fuisse,
2328 5750 2572 5819 adeoque
2603 5746 2820 5802 aliunde
2849 5750 3110 5803 rationem
3138 5755 3414 5801 mutuatus

1808 5834 1933 5951 ﬁsse
1959 5823 2245 5951 assggiitur,
2276 5831 2333 5879 ut
2369 5818 2603 5886 ostendit
2630 5819 2980 5895 Athanasius,
3003 5819 3156 5891 Orat.
3202 5835 3237 5887 ll
3263 5826 3415 5889 cunt.

1858 5908 1931 5951 r..
1962 5907 2016 5951 ο.
2162 5934 2178 5949 .

1810 5896 1931 5963 An,
1960 5907 2016 5965 p.
2048 5895 2178 5961 531.
