4040 6328
612 334 717 393 127

1807 336 2052 396 SANCTI
2092 338 2348 395 HILARII
2388 339 2693 398 EPISCOPI
3792 346 3871 404 1:28

683 454 837 528 ιοι
866 452 958 509 42.
994 452 1123 510 Filii
1148 453 1402 510 divinitati
1431 454 1790 526 adstipulatur
1817 454 2087 511 Jeremias.
2117 455 2221 524 Qui
2244 465 2294 523 Α
2323 472 2482 530 puero
2506 473 2621 526 suo,
2651 456 2885 512 etlsrael
2911 457 3098 513 dilecto
3126 475 3223 513 suo
3252 474 3271 514 :
3297 466 3411 530 post
3436 457 3530 513 hoc
3556 475 3701 530 super
3720 469 3873 517 terram

610 546 749 603 Deus
774 564 929 617 super
957 558 1146 603 terram
1174 550 1332 605 visus.
1365 547 1539 605 Filius
1575 559 1621 604 et
1647 550 1698 605 in
1727 549 1854 621 legis
1885 550 2075 605 latione
2094 559 2142 604 et
2166 551 2218 605 in

607 640 779 695 carnis
818 641 1167 710 assumptione
1215 658 1347 694 unus
1417 639 1695 696 Mediator.
1749 639 1909 695 Pater
1952 652 1999 696 et
2048 640 2221 698 Filius

608 747 789 785 unum.
821 761 894 773 -
924 732 1058 787 Audi
1089 732 1230 788 enim
1263 740 1458 803 prmter
1494 732 1715 807 Moysen
1747 742 1801 789 et
1832 733 2079 801 Esaiam,
2109 745 2219 790 tum

611 824 774 882 tertio
817 826 868 881 Id
916 827 1090 897 ipsum
1122 842 1335 899 quoque
1367 840 1418 883 et
1453 819 1530 902 (α)
1575 828 1863 884 Jercmiam
1894 828 2178 884 docentem
2202 871 2218 897 ,

610 934 733 976 cum
765 919 939 975 dicit:
974 918 1077 975 Hic
1127 920 1263 976 Deus
1303 933 1473 977 noster
1501 933 1606 989 est,
1654 935 1702 979 et
1744 940 1847 978 non
1887 925 2218 995 deputabitur

611 1014 747 1070 alter
773 1013 843 1067 ad
871 1029 1004 1067 eum.
1042 1012 1145 1081 Qui
1169 1014 1359 1069 invenit
1387 1032 1588 1071 onmem
1618 1017 1751 1071 viam
1773 1017 2020 1083 scientiaz,
2055 1026 2101 1071 et
2132 1017 2224 1071 de-

610 1107 687 1162 dit
727 1122 841 1161 ram
868 1103 1033 1161 Jacob
1080 1123 1237 1177 puero
1281 1124 1407 1177 suo,
1440 1118 1484 1163 et
1534 1107 1704 1164 Israel
1730 1109 1914 1163 dilecto
1947 1126 2060 1163 suo.
2093 1107 2222 1164 Post

621 1202 717 1254 hoc
743 1215 897 1271 super
918 1207 1108 1253 terrant
1129 1201 1265 1254 visus
1286 1209 1381 1265 est,
1410 1211 1457 1256 et
1479 1201 1610 1255 inter
1641 1201 1872 1255 homines
1894 1210 2222 1255 conversatus

611 1299 683 1345 est
713 1288 965 1362 (Baruclt.
1005 1306 1083 1357 nt,
1113 1290 1183 1348 56
1228 1299 1275 1345 et
1302 1294 1491 1364 seqq.).
1526 1293 1740 1347 Dixerat
1766 1292 1910 1348 enim
1930 1294 2039 1360 jam
2064 1307 2223 1363 supe-

610 1381 746 1448 rius,
780 1381 843 1436 Et
875 1382 1028 1436 homo
1058 1393 1150 1447 est,
1185 1394 1232 1437 et
1258 1384 1371 1455 quis
1400 1395 1667 1453 cognoscet
1699 1384 1862 1439 eum?
1891 1383 2071 1441 Habes
2093 1399 2222 1455 ergo

616 1477 785 1533 Deum
819 1477 870 1531 in
897 1477 1052 1533 terris
1074 1477 1270 1546 visum,
1293 1488 1348 1535 et
1370 1481 1511 1536 inter
1532 1480 1780 1536 homines
1805 1490 2219 1536 conversalum:

612 1581 670 1627 et
697 1572 915 1644 requiro
958 1575 1229 1645 quomodo
1272 1574 1683 1646 intelligendum
1717 1576 2018 1642 existimes,
2054 1574 2223 1631 Deum

612 1679 762 1719 nemo
802 1666 928 1720 vidit
967 1683 1237 1738 umquam,
1270 1670 1372 1722 nisi
1401 1669 1692 1741 unigenitus
1729 1669 1899 1739 ﬁlius,
1943 1669 2032 1740 qui
2064 1679 2138 1723 est
2170 1669 2222 1724 in

614 1756 735 1812 sinu
764 1756 943 1814 Patris
984 1757 1165 1832 (Joan.
1200 1777 1254 1827 1,
1291 1759 1412 1833 l8);
1446 1777 1566 1817 eum
1588 1761 1852 1818 Jeretnias
1889 1762 2054 1817 Deum
2086 1779 2220 1833 pra:-

2321 552 2461 606 visus
2502 562 2607 618 est,
2654 561 2702 607 et
2738 551 2871 607 inter
2910 552 3143 607 homines
3173 563 3500 609 conversatus
3534 563 3623 609 est.
3657 554 3789 612 Unus
3812 566 3875 613 est

2322 643 2465 698 enim
2492 643 2752 699 Mediatur
2777 644 2866 699 Dei
2891 654 2945 700 et
2968 645 3268 709 hominum,
3297 645 3439 701 Dens
3459 655 3514 700 et
3543 647 3689 719 102
3711 647 3873 705 homo:

2323 747 2378 792 et
2406 738 2457 792 in
2503 738 2637 805 legis
2682 738 2913 806 latione,
2943 751 2995 796 et
3039 741 3088 794 in
3120 740 3367 810 corporis
3410 742 3758 811 assumptione
3784 758 3875 800 me-

2322 829 2519 886 diator.
2556 831 2708 886 Alius
2736 833 2895 902 igitur
2924 833 2989 888 ad
3019 849 3142 889 eum
3179 848 3287 888 non
3329 832 3633 904 deputatur.
3657 832 3790 890 Unus
3815 843 3880 892 est

2323 924 2464 979 enim
2509 924 2595 979 hic
2622 925 2673 979 itt
2719 925 2884 1007 Deum
2916 940 2982 982 ex
3028 927 3139 981 Deo
3182 938 3374 993 natus,
3424 942 3518 997 per
3544 943 3693 998 quem
3733 938 3878 985 creata

2323 1027 2447 1071 sunt
2476 1019 2652 1072 omnia
2684 1018 2736 1073 in
2769 1020 2907 1073 cmio
2934 1029 2989 1073 et
3020 1019 3071 1074 iu
3105 1029 3271 1086 terra,
3306 1036 3402 1090 per
3429 1038 3582 1090 quem
3606 1030 3820 1090 tempora
3839 1031 3879 1078 et

2323 1110 2517 1165 sarcula
2546 1108 2682 1165 facta
2715 1119 2858 1166 sunt.
2892 1111 2934 1166 Τ
2939 1122 3086 1168 οιιιηι
3116 1113 3262 1167 enim
3295 1111 3557 1184 quidquid
3579 1122 3678 1175 est,
3707 1128 3766 1168 ex
3789 1114 3880 1184 ejus

2323 1202 2641 1271 Operatinnc
2667 1203 2910 1257 subsistit
2943 1202 3033 1275 (c).
3079 1203 3176 1258 llic
3202 1220 3334 1275 ergo
3356 1220 3495 1259 unus
3523 1213 3602 1259 est
3627 1204 3879 1274 disponens

2323 1295 2387 1350 ad
2419 1296 2687 1352 Abraham
2710 1338 2724 1362 ,
2761 1299 2985 1367 loquens
3006 1298 3072 1353 ad
3113 1298 3332 1371 Moysen
3354 1342 3369 1365 ,
3401 1307 3603 1355 testans
3628 1300 3688 1354 ad
3718 1300 3877 1367 lsrael,

2324 1406 2546 1446 manens
2569 1391 2620 1446 in
2656 1391 2950 1462 prophetis.
2983 1408 3076 1462 per
3103 1394 3369 1465 virginem
3398 1405 3556 1449 natus
3579 1393 3656 1465 (l)
3697 1411 3755 1450 cx
3780 1394 3878 1464 Spi-

2323 1483 2428 1539 ritu
2458 1482 2537 1558 (d)
2571 1496 2796 1551 sancto,
2844 1485 3194 1542 adversantes
3226 1486 3385 1543 nobis
3434 1487 3771 1557 inimicusque
3794 1486 3879 1541 vir-

2324 1585 2465 1631 tutes
2492 1576 2636 1646 ligno
2666 1592 2700 1648 p
2718 1578 2933 1632 Issionis
2960 1578 3205 1649 al'ﬁgens,
3223 1588 3457 1633 mortem
3473 1577 3522 1632 in
3539 1577 3738 1633 inferno
3761 1576 3876 1647 peri-

2323 1694 2497 1745 mens,
2548 1678 2664 1750 spei
2714 1690 2913 1736 nostra:
2960 1681 3116 1735 ﬁdem
3152 1682 3553 1737 resurrectione
3578 1679 3881 1749 confirmans,

2323 1780 2723 1848 corruptionem
2754 1781 2934 1837 carnis
2966 1781 3211 1837 humana:
3246 1783 3417 1851 gloria
3446 1783 3685 1853 corporis
3710 1782 3783 1836 sui
3808 1795 3881 1848 pe-

612 1849 781 1919 dicet,
809 1853 899 1923 qui
928 1863 982 1909 et
1010 1855 1158 1910 visus
1181 1856 1231 1910 in
1261 1856 1418 1911 terris
1445 1867 1547 1923 est,
1576 1867 1629 1914 et
1658 1856 1802 1913 inter
1828 1858 2074 1913 homines
2098 1874 2218 1913 eon-

2327 1871 2547 1927 timens.
2598 1872 2678 1928 Ad
2712 1872 2853 1929 hunc
2896 1888 3025 1945 ergo
3068 1889 3175 1929 non
3220 1873 3571 1944 deputabitur
3613 1872 3759 1927 alius.
3799 1871 3886 1928 Soli

619 1955 869 2002 versatus
910 1946 1037 2002 est?
1065 1947 1222 2004 Pater
1243 1958 1392 2005 certe
1434 1964 1541 2005 non
1571 1950 1671 2005 nisi
1698 1948 1772 2024 (b)
1801 1951 1900 2007 soli
1928 1950 2064 2008 Filio
2092 1951 2223 2007 visi-

618 2036 747 2094 bilis
766 2039 1020 2108 est.Quis
1046 2054 1176 2110 ergo
1204 2041 1304 2097 iste
1332 2053 1414 2098 est
1433 2044 1622 2113 quiest
1643 2043 2221 2100 visusetconrersatus

613 2132 758 2189 inter
782 2132 1077 2190 homines?
1110 2135 1251 2192 Deus
1279 2146 1429 2194 certe
1459 2148 1644 2194 noster
1670 2147 1784 2206 est,
1828 2148 1884 2195 et
1911 2139 2138 2196 visibilis
2165 2141 2217 2197 in

614 2228 835 2285 homine
856 2238 911 2285 et
936 2231 1340 2287 eotttrcetabilis
1373 2232 1535 2288 Deus.
1564 2232 1627 2288 Et
1655 2232 1967 2303 prophetam
1992 2232 2220 2304 loquen—

615 2331 722 2380 tem
740 2325 982 2397 itttellige
1007 2344 1021 2382 :
1051 2324 1170 2381 Non
1192 2325 1520 2400 deputabitur
1533 2327 1665 2383 alter
1682 2327 1750 2382 ad
1766 2344 1899 2385 eum.
1918 2311 1974 2383 Si
1993 2327 2213 2399 qumris,

613 2419 931 2489 quomodo?
975 2419 1099 2475 audi
1139 2436 1257 2491 qua:
1308 2430 1647 2491 sequuntur:
1698 2437 1766 2476 ne
1796 2436 1893 2492 per
1935 2420 1986 2475 id
2031 2436 2134 2495 non
2165 2427 2219 2476 et

613 2507 757 2567 Patri
791 2510 1064 2582 proprium
1086 2526 1209 2568 esse
1231 2512 1505 2568 existimes
1535 2511 1676 2584 quod
1700 2512 1899 2567 dictum
1915 2520 1999 2569 est
2021 2529 2033 2566 :
2055 2511 2214 2576 Audi,

613 2600 807 2671 Israel,
842 2602 1093 2659 Dominus
1121 2603 1259 2659 Deus
1282 2616 1398 2660 tuus
1419 2623 1550 2662 unus
1578 2615 1649 2661 est
1672 2603 1848 2680 (Deut.
1879 2623 1953 2674 vr,
1976 2604 2056 2677 4).
2091 2606 2216 2662 Haec

612 2694 755 2751 enim
787 2695 887 2752 sibi
927 2696 1205 2754 coluerent
1234 2716 1246 2753 :
1282 2696 1407 2753 Non
1452 2699 1779 2772 deputabitur
1806 2701 1936 2755 alter
1961 2700 2030 2754 ad
2058 2717 2171 2755 cum
2194 2717 2215 2757 :

610 2791 700 2862 qui
738 2791 926 2847 invenit
963 2809 1163 2848 omnem
1191 2793 1324 2849 viam
1364 2795 1619 2861 scientite,
1653 2805 1699 2850 et
1725 2794 1863 2851 dedit
1900 2811 2014 2852 eam
2048 2793 2214 2852 Iacob

686 2905 764 2981 (Ι)
799 2907 882 2964 Ea:
907 2910 1089 2983 spiritu
1118 2920 1323 2968 tantum
1346 2912 1398 2968 in
1430 2922 1616 2969 nostro
1645 2929 1746 2971 ms.

687 3001 762 3074 (α)
790 3004 889 3080 Qui
919 3014 1241 3077 postremam
1273 3008 1563 3065 editionem
1595 3009 1718 3065 l’ar.
1749 3011 2084 3080 procuravit,
2118 3011 2205 3067 hic

611 3074 818 3132 Baruch
870 3074 990 3135 loco
1039 3081 1184 3135 vocis
1230 3080 1510 3136 Jeremiam
1549 3074 1866 3139 substituit:
1910 3084 2049 3139 idem
2072 3074 2208 3139 'vero

611 3165 813 3222 nomen
842 3166 962 3206 mox
997 3154 1284 3222 repetitum
1315 3156 1601 3211 immutare
1630 3171 1734 3211 non
1766 3157 2029 3212 meminit.

684 3221 763 3295 (b)
802 3221 900 3278 Hic
923 3224 1171 3280 addimus
1197 3227 1296 3279 soli
1335 3227 1656 3282 auctoritate
1681 3230 1920 3282 omnium
1954 3244 2085 3283 mss.
2119 3226 2208 3281 Hi-

614 3292 736 3370 l_arii
785 3296 1069 3370 sententias
1114 3296 1183 3352 de
1238 3297 1410 3353 l'atris
1444 3298 1828 3370 iiuvisihilitate
1874 3298 2210 3370 sum-agatur

612 3362 1000 3431 Tertullianus,
1028 3365 1120 3421 lib.
1175 3370 1219 3423 n'
1269 3369 1390 3423 adv.
1441 3368 1698 3423 Marcion.
1753 3387 1805 3422 ιι.
1859 3369 1967 3423 27:
2002 3362 2209 3423 Patrem

612 3436 805 3490 nemini
834 3437 1017 3500 visunt,
1048 3438 1238 3501 inquit,
1270 3442 1420 3492 etiam
1451 3456 1717 3493 commune
1740 3440 2006 3494 testabitur
2032 3440 2178 3495 Euan
2237 3436 2283 3465 “

612 3507 835 3580 getiam,
865 3510 1065 3580 dicente
1094 3509 1297 3565 Christo
1320 3526 1339 3565 :
1371 3510 1540 3565 Nemo
1585 3513 1820 3580 cognovit
1869 3510 2077 3567 Patrem
2115 3513 2214 3567 nisi

614 3576 784 3653 filius
812 3594 832 3634 :
876 3579 985 3647 ipse
1029 3581 1163 3653 enim
1198 3591 1244 3635 et
1274 3583 1425 3636 veteri
1469 3576 1787 3637 Testamento
1819 3585 2209 3653 pt'onuntiarat,

616 3647 780 3703 Deum
816 3667 962 3705 nemo
988 3651 1194 3715 videbit,
1228 3662 1271 3705 et
1302 3655 1450 3715 vivet,
1482 3653 1688 3708 Patrem
1719 3647 2019 3709 inuisibilem
2050 3647 2216 3709 deten-

621 3722 858 3797 minans,
890 3723 944 3776 in
981 3724 1129 3797 cujus
1146 3732 1457 3797 auctoritate
1487 3735 1533 3779 et
1570 3727 1773 3781 nomine
1806 3729 1914 3797 ipse
1939 3736 2045 3781 erat
2075 3726 2214 3783 Deus

613 3793 702 3864 qui
721 3794 983 3866 videbatur
999 3793 1093 3850 Dei
1120 3796 1495 3866 ﬁlius.Videsis
1511 3797 1785 3865 eumdem,
1803 3793 1926 3853 adv.
1954 3800 2212 3853 Praxeatn

616 3883 683 3940 tt.
723 3864 807 3922 M.
838 3866 929 3923 Sic
972 3864 1307 3940 Ambrosius,
1342 3867 1638 3940 inqLucatn
1675 3864 1814 3928 :Aut
1861 3871 2213 3940 acquiescatur

614 3937 771 4064 igitur
790 3954 990 3994 necesse
1014 3948 1106 4004 est,
1142 3940 1185 3994 si
1207 3938 1373 3995 Deum
1399 3939 1607 3995 Patrem
1637 3957 1783 3996 nemo
1806 3937 2210 4013 vidit'umquant,

669 4011 814 4064 ilium
837 4012 999 4064 visunt
1027 4027 1134 4064 esse
1161 4013 1213 4064 in
1241 4014 1395 4064 veteri
1418 4011 1760 4064 Testamento.
1793 4013 1865 4064 lta
1895 4025 1947 4064 et
1978 4014 2210 4064 Pruden-

669 4011 814 4065 iliunt
837 4012 999 4065 visum
1027 4027 1134 4066 esse
1161 4013 1213 4065 in
1241 4014 1395 4066 veteri
1418 4011 1760 4069 Testamento.
1792 4013 1865 4068 lta
1895 4025 1947 4069 et
1978 4011 2217 4068 Pruden-

621 4081 757 4158 tius,
777 4081 980 4149 Apatb.
1014 4083 1249 4158 vers.79,
1286 4086 1426 4139 inter
1441 4085 1544 4139 alia
1567 4088 1674 4141 ait:
1704 4082 1856 4140 Cerni
1876 4087 2009 4158 potis
2030 4096 2102 4140 est
2127 4088 2216 4157 qui

615 4156 846 4227 nascitur
874 4170 893 4209 :
921 4165 974 4227 at
1015 4172 1116 4227 non
1145 4155 1351 4211 innatus
1381 4159 1518 4210 cerni
1559 4158 1693 4227 potis
1719 4166 1812 4213 est.
1846 4155 2050 4225 Quibus
2085 4155 2219 4213 cuu-

615 4226 784 4300 gentit
806 4225 1384 4300 .IuSIinus,Dial.Acutn
1417 4225 1646 4300 'l‘ryplu,
1664 4227 1911 4300 fovetque
1938 4228 2210 4297 Clemens,

617 4294 925 4366 Strmn.1v,
959 4313 1011 4366 p.
1055 4297 1178 4353 5'57.
1218 4298 1420 4353 llorum
1460 4294 1727 4355 sententia
1760 4294 1993 4357 maxime
2032 4294 2219 4357 nititur

617 4365 704 4421 his
729 4366 991 4441 Johannis
1018 4368 1227 4425 verbis:
1261 4368 1426 4424 Deunt
1466 4386 1614 4425 nemo
1641 4372 1763 4425 vidit
1791 4387 2053 4441 umquam.
2081 4372 2215 4428 Natu

614 4452 817 4512 vocent
851 4437 1025 4508 Deus,
1082 4442 1294 4510 quoties
1335 4441 1653 4512 simpliciter
1698 4437 1938 4511 ponitur,
1987 4444 2056 4498 de
2106 4445 2218 4499 Deo

616 4508 778 4567 Patre
804 4508 1144 4581 interpretari
1177 4513 1357 4567 solent
1386 4508 1623 4580 priorum
1655 4508 1972 4567 saeculorum
2004 4514 2211 4571 Patres.

618 4580 756 4639 llinc
783 4580 1178 4647 concludebant
1201 4581 1397 4638 Filium
1429 4583 1517 4652 qui
1549 4584 1695 4639 visus
1722 4583 1827 4650 sit,
1859 4599 1890 4639 a
1927 4584 2086 4640 Patre
2125 4588 2216 4655 qui

619 4669 910 4727 numquam
943 4657 1110 4717 visus,
1139 4655 1302 4711 alium
1331 4669 1471 4711 esse.
1502 4654 1608 4712 Sed
1636 4655 1781 4727 quod
1803 4655 1879 4710 illi
1905 4655 1970 4711 ad
1996 4656 2218 4713 distinc-

621 4725 820 4798 tionem
845 4742 1195 4798 personarum
1218 4727 1594 4791 observarunt,
1625 4725 1969 4783 detorserant
1990 4729 2217 4783 subinde

2315 3510 2605 3571 Alltanas.,

2322 1974 2466 2029 enim
2497 1975 2610 2030 hme
2638 1975 2914 2047 unigenito
2938 1975 3054 2031 Deo
3087 1976 3311 2047 prOpria
3338 1985 3486 2038 sunt.
3518 1983 3573 2031 et
3592 1989 3724 2030 unus
3746 1954 3821 2029 hic
3844 1973 3884 2028 in

2324 2075 2424 2131 hac
2476 2076 2735 2148 peculiari
2762 2078 3015 2132 virtutum
3047 2091 3263 2132 suarum
3320 2077 3651 2133 beatitudine
3677 2084 3813 2131 natus
3835 2088 3885 2130 ex

2325 2180 2434 2235 Deo
2457 2188 2561 2235 est.
2595 2178 2708 2234 Non
2732 2179 2869 2236 alter
2890 2179 2954 2234 ad
2979 2196 3102 2235 eum
3125 2179 3269 2235 Deus
3292 2180 3589 2252 deputatur
3612 2197 3625 2233 :
3651 2193 3747 2234 non
3772 2176 3883 2233 enim

2322 2296 2387 2337 ex
2423 2280 2524 2335 alia
2551 2280 2850 2336 substantia
2876 2324 2889 2348 ,
2936 2280 3030 2336 sed
3062 2297 3127 2336 ex
3157 2280 3271 2336 Deo
3304 2281 3456 2339 Deus
3483 2290 3585 2337 est.
3614 2280 3746 2336 Nihil
3769 2279 3885 2334 ineo

2321 2385 2501 2456 itaque
2523 2400 2741 2451 novum,
2769 2383 2900 2440 nihil
2921 2391 3263 2453 extraneum,
3292 2384 3430 2441 nihil
3455 2397 3643 2441 recens
3664 2389 3757 2439 est.
3780 2380 3882 2436 Cum

2320 2486 2464 2542 enim
2491 2484 2644 2541 audit
2680 2484 2874 2548 Israel.
2904 2484 3047 2556 quod
3078 2485 3183 2541 sibi
3215 2485 3361 2541 Deus
3392 2499 3533 2542 unus
3560 2486 3664 2552 sit,
3705 2492 3753 2542 et
3774 2480 3884 2539 Filio

2326 2589 2420 2645 Dei
2451 2589 2563 2646 Deo
2588 2602 2695 2644 non
2724 2588 2862 2645 alter
2893 2588 3036 2643 Deus
3073 2587 3387 2658 deputetur,
3420 2592 3495 2661 te)
3554 2597 3610 2643 ut
3652 2586 3781 2643 Deus
3803 2584 3881 2648 sit;

2324 2690 2571 2747 absolute
2601 2699 2753 2761 pater
2774 2689 2916 2745 Deus
2939 2699 2992 2745 et
3032 2689 3175 2745 ﬁlius
3220 2689 3368 2748 Deus
3414 2705 3581 2746 unum
3627 2696 3764 2747 sunt.
3799 2699 3882 2740 non

2323 2792 2522 2851 unione
2543 2790 2613 2865 (ι’)
2641 2807 2904 2863 personae,
2920 2791 3015 2849 sed
3038 2791 3357 2848 substantia:
3382 2791 3591 2850 unitate
3617 2809 3631 2847 :
3661 2788 3775 2863 quia
3798 2785 3885 2844 lilio

2310 3008 2419 3062 haec
2449 3007 2523 3081 (in
2557 3014 2695 3061 terra
2733 3005 2991 3081 visusest)
3019 3014 3194 3075 aperte
3220 3004 3452 3081 declarat
3479 3024 3495 3060 :
3530 3005 3629 3081 llic
3656 3004 3883 3081 enimest,

2316 3081 2401 3151 qui
2431 3071 2739 3151 corpoream
2771 3077 3029 3151 uobiscum
3054 3071 3484 3151 consuetudinem
3525 3079 3733 3151 habuit.‘
3760 3071 3883 3151 Unde

2316 3144 2371 3208 et
2412 3169 2441 3207 a
2473 3144 2658 3206 nostro
2704 3150 2908 3204 Hilario
2948 3164 3071 3203 mox
3117 3149 3314 3203 dicitur
3359 3149 3576 3204 visibilis
3617 3150 3669 3203 in
3714 3144 3885 3200 homine

2321 3218 2642 3295 (assumpto)
2670 3231 2719 3277 et
2748 3220 3121 3295 contrectabilis
3145 3216 3313 3295 Deus.
3340 3220 3443 3295 Ubi
3474 3221 3669 3295 editio”
3691 3218 3803 3295 Par.
3819 3227 3884 3295 lex

2318 3285 2903 3351 Nivelliaua'mendose
2946 3308 3055 3363 pra:
3084 3307 3144 3347 se
3186 3290 3392 3348 ferebat
3429 3292 3693 3348 invisibilis
3729 3290 3776 3344 in
3812 3285 3888 3341 ho-

2319 3384 2475 3422 mine.

2390 3438 2461 3562 ξε)
2484 3437 2690 3493 Eadem
2712 3438 2829 3563 32;:
2855 3436 3015 3491 habet
3044 3434 3365 3506 rescriptum
3386 3436 3455 3493 ad
3481 3436 3748 3493 Liberium
3769 3424 3885 3503 apud

2410 3525 2605 3563 lanas“
2632 3526 2683 3563 D.
2826 3549 2839 3562 .

2389 3526 2932 3651 ξῖῗθιῗίὰέέῗδξὶιω
2961 3588 3102 3636 notae
3130 3595 3261 3635 mss.
3291 3596 3357 3637 ex
3385 3580 3587 3655 Spiritu
3606 3623 3619 3647 ,
3651 3593 3745 3636 nec
3777 3572 3887 3644 adji-

2317 3653 2466 3708 ciunt
2493 3664 2689 3707 sancto.

2389 3723 2460 3797 (ε)
2493 3724 2548 3780 ln
2594 3724 2865 3781 nonnullis
2907 3723 3298 3781 recentioribus
3342 3738 3473 3780 mss.

2320 3794 2460 3851 Deus
2485 3798 2553 3851 sit.
2578 3813 2592 3850 :
2623 3798 2915 3865 glossema.

2392 3868 2464 3941 (ί)
2495 3868 2626 3941 Quia
2662 3884 2762 3923 vox
2792 3870 2911 3941 unio
2940 3868 3137 3941 sapius
3166 3869 3418 3932 recurrit,
3441 3870 3669 3925 omnino
3700 3871 3889 3941 necessc

2319 3933 2536 3994 est'ritti
2569 3939 2713 3994 illius
2754 3940 2921 4010 probe
2963 3933 3159 3995 habere
3205 3951 3563 4009 perspectam.
3611 3933 3891 4010 Respondet

2319 4020 2497 4066 autem
2532 4011 2696 4085 verba
2724 4008 2901 4082 git-meo
2930 4014 3120 4085 μονὰς,
3153 4008 3526 4085 signiﬁcatque
3568 4008 3884 4085 solitudinem

2318 4097 2384 4139 ac
2426 4071 2870 4155 singularitatem.
2924 4071 2979 4138 in
3029 4071 3131 4139 hoc
3169 4071 3349 4139 dilicrt
3395 4071 3463 4137 ab
3510 4083 3745 4149 unitate,
3776 4071 3891 4147 quod

2319 4155 2489 4210 unitas
2519 4156 2585 4210 ad
2618 4166 2860 4211 naturam
2880 4196 2895 4221 ,
2925 4158 3047 4211 unio
3078 4165 3255 4210 autem
3300 4155 3366 4209 ad
3411 4170 3673 4225 personas
3702 4158 3890 4225 semper

2319 4226 2409 4302 ab
2434 4227 2636 4283 ililat'io
2684 4228 2948 4302 referatur
2977 4245 2990 4282 :
3023 4238 3184 4302 atque
3216 4220 3665 4302 ita_pro'pugn_a_us
3706 4225 3758 4278 in
3796 4220 3888 4302 Deo

2322 4298 2618 4362 unitatem,
2671 4300 2868 4355 acriter
2922 4299 3164 4369 explodit
3220 4297 3513 4353 unionemf
3555 4297 3725 4367 Hujus
3769 4297 3893 4344 vocis

2320 4371 2746 4445 auctorvidetur
2760 4371 3046 4445 Sabellius,
3072 4385 3241 4445 eaque
3263 4383 3414 4445 suam
3437 4370 3674 4445 heresim
3698 4373 3894 4445 capre-9'

2320 4441 2478 4513 sisse.
2515 4441 2666 4497 Unde
2694 4441 2787 4513 lib.
2815 4441 2883 4496 de
2904 4442 3106 4513 Synod.
3139 4440 3194 4496 ri.
3216 4442 3308 4509 26,
3334 4442 3541 4498 lueresis
3563 4440 3895 4513 unionissim-

2324 4511 2534 4582 pliciter
2577 4512 2878 4581 appellatur
2912 4506 3011 4569 z'et
3056 4515 3145 4582 qui
3176 4513 3224 4568 ei
3271 4506 3469 4570 addicti
3495 4522 3687 4579 erant,
3718 4525 3746 4562 a
3774 4506 3892 4564 Pru-

2322 4583 2517 4660 dentia
2553 4583 2817 4660 unioniue
2847 4583 3088 4654 inscripti
3129 4585 3633 4660 leguntur,_Apoth.
3680 4590 3814 4660 ante.
3845 4588 3891 4627 V-

2324 4654 2447 4729 178.
2496 4654 2585 4729 ltaA
2619 4655 2858 4729 Sulpicio
2907 4665 3044 4713 teste
3075 4671 3131 4729 p.
3172 4654 3300 4729 255.
3333 4654 3638 4729 Orientales
3678 4654 3894 4718 suspica-

2323 4725 2520 4800 bantur
2547 4725 2730 4800 Gallos
2764 4725 3316 4800 trionymum’solitarii
3350 4728 3442 4783 Dei
3472 4731 3711 4800 unionem
3735 4734 3892 4800 secvn-

3548 3734 3605 3780 ut
3670 3720 3888 3779 redimens

618 4795 806 4853 Ariani
830 4789 859 4862 ,’
878 4808 935 4853 ιιι
968 4799 1078 4869 jam
1111 4802 1449 4862 monuimus,
1478 4799 1544 4854 ad
1585 4789 1955 4855 diversitatem
2001 4812 2218 4855 natura-
2243 4795 2298 4857 D
2322 4797 2445 4852 dum
2484 4797 2766 4854 Sabellium
2793 4789 3090 4857 credidisse.
3124 4800 3260 4857 Galli
3298 4811 3476 4856 autem
3510 4799 3740 4856 concilio
3765 4789 3896 4869 Pari-

620 4885 761 4943 rum.
798 4870 992 4931 Filius.
1029 4870 1276 4943 inquiunt
1303 4873 1441 4943 apud
1486 4873 1865 4943 Augustinum,
1889 4874 2067 4929 Serm.
2109 4888 2214 4938 vn,

622 4958 675 4995 ιι.
711 4941 745 4995 4
773 4960 785 4997 :
813 4944 949 4997 visus
974 4952 1047 4996 est
1075 4933 1353 5008 PatRbus,
1396 4941 1555 4998 Pater
1569 4933 1694 4999 'non
1723 4955 1795 4999 est
1826 4933 1965 4999 visus
1991 4961 2009 4999 :
2048 4933 2223 4999 invisi-

623 5013 739 5084 bilis
781 5024 828 5069 et
857 5013 1067 5069 visibilis
1116 5014 1314 5069 diversa
1358 5024 1544 5070 natura
1585 5026 1690 5082 est,
1739 5025 1844 5072 etc.
1890 5016 2051 5084 Quasi
2092 5031 2222 5072 vero

624 5083 791 5159 Filius
834 5087 1129 5159 secundum
1162 5086 1396 5140 divinam
1429 5098 1671 5142 naturam
1704 5102 1809 5142 non
1843 5083 1995 5159 tt'qtte
2032 5090 2220 5143 invisi-

625 5157 749 5231 l_iil_is
778 5158 847 5213 sit
889 5172 952 5212 ae
986 5157 1190 5231 Pater:
1227 5169 1283 5212 ut
1313 5162 1503 5212 merito
1546 5157 2031 5231 Augustinusﬂih.
2078 5176 2114 5215 ιι
2153 5161 2222 5216 de

624 5228 817 5301 Trinit.
845 5245 895 5284 c.
938 5227 1028 5294 14,
1058 5229 1332 5285 delirantes
1355 5245 1451 5296 eos
1483 5227 1667 5297 vocet',
1697 5232 1787 5301 qui
1814 5229 2009 5285 Filium
2049 5235 2102 5286 in
2129 5249 2222 5287 sua

624 5300 906 5355 substantia
928 5302 1086 5355 visum
1109 5302 1304 5355 volunt.
1330 5302 1534 5371 Quibus
1553 5302 1757 5357 deliriis
1786 5313 1841 5357 ut
1862 5318 2078 5358 omnem
2100 5304 2219 5358 adi-

628 5384 740 5427 tum
796 5374 1178 5443 prmeluderet,
1225 5374 1334 5427 visa
1387 5375 1810 5443 patriarcharum
1862 5375 2020 5442 paulo
2066 5376 2224 5430 aliter

626 5446 896 5516 explicare
925 5446 1085 5516 caepit
1104 5484 1120 5511 ,
1155 5460 1313 5517 quam
1344 5445 1578 5517 solerent
1608 5445 1701 5501 alii
1730 5446 1946 5509 Patres,
1982 5461 2185 5517 negans
2204 5489 2219 5514 ,

627 5515 885 5589 quantum
931 5518 1125 5589 petuit,
1158 5515 1353 5571 Filium
1387 5516 1448 5571 iis
1479 5519 1658 5588 potius
1686 5518 2031 5587 apparuisse,
2057 5515 2223 5589 quam

630 5588 890 5660 personas
913 5588 1067 5645 alias.
1099 5588 1269 5657 Quem
1311 5598 1488 5644 tamen
1532 5606 1641 5659 prie
1677 5589 1923 5645 manibus
1965 5588 2224 5648 habemus

629 5661 921 5732 Scriptura:
943 5663 1119 5717 locum
1150 5675 1344 5732 urgens
1375 5662 1634 5718 adversus
1656 5661 2124 5731 Maximinttm,lib.
2162 5679 2220 5731 ιι,

628 5747 686 5813 (ει
726 5731 827 5799 26,
874 5749 931 5788 n.
967 5734 1059 5800 ἰδέ
1103 5731 1229 5813 eum
1264 5731 1333 5813 de
1370 5732 1508 5813 Filio
1540 5733 2003 5813 interpretandum
2045 5736 2221 5813 docet.

632 5803 803 5878 Nam,
838 5814 1074 5878 ut_;uotat
1111 5804 1402 5878 Gregorius
1433 5803 1709 5875 Nasutan
1741 5806 1835 5862 0r.
1875 5822 2065 5874 xxxvi,
2089 5807 2224 5878 quod

633 5882 733 5932 nun
764 5876 828 5933 de
874 5874 1062 5946 Putre,
1092 5876 1182 5932 sed
1221 5874 1283 5931 de
1312 5875 1452 5934 Filio
1490 5891 1653 5933 sermo
1696 5874 1961 5945 habeatur,
2005 5874 2223 5954 adjez'f‘tio

2326 4870 2812 4947 sjensi_Er:tgtn._XI,
2834 4888 2886 4947 ιι.
2901 4872 2956 4947 2,
2975 4874 3278 4947 rescrihuttt
3294 4889 3353 4928 se
3365 4872 3623 4947 detestari
3639 4863 3894 4947 secundum

2326 4940 2544 5014 Sabellii
2559 4940 2904 5011 blasphemias
2920 4945 3085 5014 ipsam
3102 4945 3598 4999 unionemJlursum
3617 4940 3890 5014 DSUIPiClt‘s

2328 5030 2380 5083 p.
2403 5012 2532 5080 242,
2562 5014 2818 5069 scribitur
2844 5011 3103 5071 Photinus
3129 5033 3161 5069 a
3184 5014 3412 5069 Sabellio
3437 5016 3490 5068 in
3509 5016 3698 5070 unione
3717 5011 3895 5065 dissen-

2325 5086 2486 5149 tiens,
2516 5087 2635 5156 quia
2686 5086 2803 5142 scil.
2846 5102 2950 5142 non
2998 5086 3205 5142 unicam
3254 5088 3304 5140 in
3331 5086 3594 5143 Trinitale
3634 5086 3893 5153 personam

2326 5159 2601 5226 praedicat.
2650 5157 2852 5212 Eodem
2869 5174 3030 5215 sensu
3061 5174 3091 5213 a
3130 5158 3360 5213 Maximo
3391 5157 3639 5225 Taurin.,
3682 5157 3819 5209 hom.
3848 5160 3890 5207 Ι.

2326 5229 2395 5285 de
2431 5229 2501 5306 _S.
2552 5229 2806 5306 Eusebio,
2842 5230 3734 5306 usurpatur__unio_nisvocabulum
3761 5229 3895 5306 ﬁt“?

2369 5302 2531 5355 ariter
2561 5302 2639 5355 usi
2690 5312 2815 5357 sunt
2855 5298 3100 5357 Gela’sius
3141 5302 3231 5356 lib.
3267 5302 3334 5356 de
3372 5303 3582 5358 duabus
3621 5298 3814 5355 naturis
3848 5298 3894 5342 ct

2381 5372 2559 5443 igilius
2580 5372 2793 5445 j‘apsit.
2829 5373 2920 5428 lib.
2970 5390 3006 5430 ιι
3043 5384 3227 5429 contra
3258 5375 3484 5445 Eutych.
3513 5376 3579 5430 ad
3608 5371 3894 5442 exprimen-

2331 5442 2453 5499 dam
2487 5445 2538 5499 in
2566 5442 2785 5499 Christo
2818 5461 3060 5509 persona:
3104 5442 3559 5516 singularitatem,
3593 5458 3749 5516 quam
3773 5444 3894 5516 nuta

2331 5517 2620 5582 resttuebat
2647 5516 2937 5584 Sabellius,
2954 5519 3021 5573 ab
3039 5510 3251 5573 Arianis
3278 5516 3435 5587 epist.
3461 5518 3525 5571 ad
3547 5510 3892 5587 Alexandrum

2331 5579 2625 5644 Alexandr.
2655 5592 2896 5661 arguitur
2923 5579 3064 5661 quod
3098 5579 3333 5644 unionem
3360 5590 3562 5661 dividit,
3595 5590 3693 5643 huc
3721 5592 3820 5661 eSI.‘
3846 5579 3895 5661 ul»

2328 5650 2995 5730 interpretatur'llilarius,
3023 5663 3116 5719 lib.
3143 5677 3214 5727 γι,
3248 5662 3364 5728 n.7,
3389 5650 3659 5717 Christum
3681 5650 3891 5714 eumdem

2329 5734 2497 5807 diuisit
2516 5734 2569 5787 in
2598 5731 2831 5807 Virgine.
2863 5732 2955 5790 His
2982 5734 3188 5807 accedit
3212 5733 3572 5807 Hieronymus
3593 5732 3749 5807 epiSI.
3776 5732 3890 5806 ξιιμ

2328 5800 2710 5878 θύιΕυθῑθειιςι
2789 5820 2898 5876 Quo
2923 5805 3124 5863 Christi
3150 5816 3321 5878 mater
3343 5800 3666 5878 [triedicmrur
3685 5800 3749 5856 ad
3768 5800 3896 5878 simi:

2327 5874 2594 5934 iittidinetit
2644 5875 2739 5931 Dei
2786 5868 2970 5933 unicae
3015 5872 3234 5949 fecunda
3267 5894 3284 5932 :
3316 5868 3439 5949 quia
3482 5877 3731 5935 nimirum
3770 5868 3893 5925 sicut

2382 5952 2403 5979 \
