4040 6328
134 292 232 353 129

1372 278 1462 336 DE
1499 272 1869 334 TRlNl’l‘ATE
1907 268 2113 329 LlBER
2154 268 2219 328 V.

3338 258 3445 318 150

128 411 219 467 Dei
242 411 352 465 Deo
381 405 628 478 deputari
657 403 725 461 ad
754 403 986 462 alterum
1014 400 1183 457 Deum
1212 412 1322 455 non
1340 396 1471 455 sinit
1498 396 1573 471 (a)
1610 411 1734 468 pro-
1760 401 1807 460 Λ
1838 390 2038 447 rationi
2068 388 2374 454 conveniat,
2401 393 2459 443 ttt
2485 385 2687 443 utiliter
2710 383 3030 450 allii-metor,
3063 379 3207 454 quod
3236 380 3443 438 utiliter

131 506 319 578 pheta,
352 502 494 574 quod
526 502 670 556 Dens
691 510 796 557 est.

460 620 809 698 103-1“
845 619 1051 677 LIBER
1087 616 1409 688 QUINTUS.

129 740 332 799 Dicitur
356 740 512 794 etiam
542 736 813 795 secundus
846 753 860 789 :
911 736 1035 807 quia
1075 733 1330 790 secundus
1370 742 1446 789 est
1490 730 1737 786 adversus

197 833 512 888 Arianorum
555 829 779 902 partium
822 826 1126 899 perﬁdiam,
1166 825 1419 899 superiori
1465 824 1594 879 libro
1626 822 1737 894 pri-

199 940 342 980 mum
390 934 607 994 coeptam
654 921 966 993 impugnari.
1017 917 1168 973 lianc
1217 917 1450 989 agnoscit
1498 914 1738 970 Hilarius

200 1018 414 1075 subdole
434 1018 563 1073 adeo
594 1026 903 1083 contextam,
933 1023 986 1069 ut
1007 1016 1051 1067 ei
1074 1014 1159 1086 qui
1181 994 1512 1075 consenserit,
1542 1008 1737 1064 Filium

199 1111 367 1169 Deum
393 1126 613 1184 negare;
640 1109 727 1182 qui
756 1106 1125 1163 contradixerit
1148 1147 1164 1172 ,
1200 1104 1411 1159 Patrem
1450 1113 1497 1158 et
1543 1101 1740 1156 Filiam

197 1218 290 1263 aut
320 1206 450 1262 duos
493 1204 658 1270 Deos,
687 1213 775 1258 aut
816 1200 1032 1258 Sabellii
1078 1216 1217 1254 more
1244 1214 1403 1252 unum
1429 1208 1475 1252 et
1504 1194 1738 1251 eumdem

207 1301 492 1376 pradicare
525 1300 778 1354 videatur.
841 1295 1093 1365 Quocirca
1144 1311 1258 1348 cum
1310 1292 1439 1346 libro
1477 1290 1740 1356 superiore

198 1398 448 1453 adversus
493 1392 726 1460 fraudem
775 1401 1009 1460 paratam
1056 1389 1108 1442 in
1150 1386 1328 1460 primis
1375 1382 1740 1439 litercticorunt

203 1488 391 1555 verbis,
419 1486 676 1543 Novimus
704 1499 864 1539 unum
897 1484 1094 1549 Deum,
1129 1496 1191 1535 ea:
1220 1480 1345 1553 legis
1381 1488 1428 1533 et
1466 1476 1742 1548 prapltetn-

205 1598 320 1638 rum
350 1579 652 1636 testimoniis
682 1576 858 1644 ﬁdeles
886 1574 1165 1639 munierit;
1192 1589 1328 1627 nunc
1356 1572 1411 1626 in
1431 1571 1737 1641 subsequen.

210 1677 347 1731 tibus
375 1674 501 1741 illis,
533 1672 711 1728 solum
740 1686 949 1737 verum,
983 1669 1146 1725 latens
1176 1683 1417 1722 venenum
1448 1664 1738 1736 propulsat,

1831 484 2161 540 destruatur.
2208 481 2317 539 Sed
2348 479 2411 537 ad
2458 480 2655 537 divinae
2697 479 2978 550 sapientia
3023 473 3439 547 intelligentiam

1833 579 2102 635 humanus
2131 590 2324 633 sensus
2354 574 2667 644 imprudens
2691 617 2707 641 ,
2737 583 2794 630 et
2823 572 3125 629 secundum
3157 569 3442 626 caelestem

1837 672 2174 745 prudentiam
2206 669 2423 738 stultus,
2452 668 2602 740 juxta
2634 666 2975 723 inlirmitates
3005 679 3129 722 suas
3155 662 3355 728 sentit,
3388 670 3445 717 et

1836 768 1985 840 juxta
2031 765 2458 823 imbecillitatem
2499 772 2704 819 natura:
2732 777 2845 818 sua:
2888 758 3059 831 sapit;
3111 757 3309 814 stultus
3338 753 3444 811 sibi

1841 862 2073 931 futurus,
2102 874 2160 918 ut
2189 860 2302 916 Deo
2331 858 2525 929 sapiat,
2551 856 2762 913 scilicet
2788 864 2847 911 ut
2871 868 3065 911 sensus
3092 850 3177 908 sui
3205 850 3442 920 inopiam

1841 956 2169 1025 intelligens,
2198 964 2253 1010 et
2279 952 2377 1008 Dei
2399 951 2718 1022 sapientiam
2747 955 3089 1013 consectans,
3118 960 3221 1000 non
3250 958 3446 999 secun-

1840 1051 1967 1108 dum
1996 1053 2286 1107 humanam
2306 1048 2631 1118 sapientiam
2658 1043 2892 1117 prudens
2914 1042 3005 1108 sit,
3026 1039 3121 1096 sed
3144 1038 3443 1096 secundum

1841 1145 1985 1218 quod
2015 1144 2083 1200 ad
2111 1143 2279 1198 Deum
2313 1140 2527 1213 prolicit
2554 1138 2757 1210 sapiat,
2805 1138 2859 1192 in
2894 1135 2989 1191 Dei
3028 1133 3347 1206 sapientiam
3376 1146 3442 1187 ex

1842 1239 2118 1309 recognita
2168 1235 2355 1291 mundi
2398 1232 2624 1289 stultitia
2671 1231 3016 1287 transiturus.
3047 1226 3214 1296 Cujus
3258 1224 3443 1282 Stulta:

1842 1329 2122 1400 sapientiae
2142 1342 2358 1385 sensum
2384 1324 2637 1381 haeretica
2661 1323 2933 1379 subtilitas
2957 1320 3024 1376 ad
3049 1318 3265 1375 fallendi
3288 1332 3447 1374 occa-

1848 1423 2058 1479 sionem
2112 1433 2390 1490 eoaptans,
2439 1434 2602 1473 unum
2650 1416 2819 1472 Deum
2882 1414 3121 1486 professa
3169 1422 3271 1476 est,
3321 1425 3448 1466 auc-

1854 1514 2067 1570 toritate
2089 1511 2248 1583 Legis
2277 1510 2797 1581 Evangeliorumqne
2826 1521 2941 1574 usa,
2969 1519 3074 1577 qua
3097 1502 3297 1559 dictum
3328 1509 3446 1558 est:

1844 1606 2004 1674 Audi,
2038 1605 2226 1671 Israel,
2257 1603 2505 1658 Dominus
2536 1600 2671 1656 Deus
2696 1610 2814 1655 tuus
2844 1615 2977 1653 unus
2999 1607 3070 1653 est
3096 1597 3357 1666 (Dettt.Vl,
3377 1595 3445 1661 ις

1846 1696 2013 1752 Marc.
2049 1712 2143 1763 xu,
2173 1694 2266 1768 ‘29)
2304 1712 2317 1750 :
2351 1710 2458 1750 non
2504 1693 2756 1763 ignorans
2800 1697 3055 1763 quantum
3112 1688 3167 1742 in
3196 1704 3263 1745 co
3303 1694 3451 1742 esset

204 1768 408 1872 fidium
444 1766 745 1872 “50.9w?”
772 1781 942 1872 ver"'_"
980 1762 1298 1872 ξξῗάεηξίθνε
1321 1770 1618 1872 (“fuﬁ'onm
1644 1757 1737 1812 de’
1771 1812 1818 1872 Β
1846 1792 1929 1849 vel
1957 1789 2329 1863 respmisinnis
2364 1787 2680 1859 perieulum,
2722 1785 2804 1841 vel
2834 1784 3069 1849 silentii;
3097 1790 3153 1838 et
3192 1798 3258 1838 ex
3298 1788 3448 1837 utro-

205 1861 453 1937 fendens,
479 1862 660 1931 quibus
690 1861 742 1913 in
772 1867 953 1928 quarto
979 1858 1108 1911 libro
1142 1854 1306 1909 Deum
1343 1863 1388 1908 et
1421 1852 1622 1916 Deum,
1650 1868 1740 1908 seu

204 1954 374 2010 Deum
415 1971 519 2009 non
569 1951 857 2008 solitarium
899 1941 1308 2021 ac‘singularem
1347 1962 1453 2002 esse
1498 1945 1735 2001 ostendit.

204 2047 347 2104 Tum
379 2048 471 2103 sub
502 2047 614 2102 libri
642 2047 797 2118 finem
828 2042 1007 2118 probat
1039 2042 1252 2099 Patrem
1285 2052 1330 2097 et
1356 2040 1553 2095 Filiam
1580 2057 1741 2097 unum

213 2142 407 2197 essein
436 2140 677 2196 distinctis
717 2139 945 2210 personis
970 2137 1153 2194 Deum.
1190 2135 1256 2191 In
1282 2137 1360 2190 Itis
1398 2152 1550 2207 porro
1577 2136 1739 2190 muni—

212 2235 348 2303 bus,
399 2234 617 2289 nonduut
666 2233 734 2289 ad
784 2232 1072 2304 evangelica
1112 2231 1358 2285 excedens
1411 2228 1738 2295 testimonia,

206 2345 425 2403 prorsus
449 2344 501 2383 se
516 2328 735 2383 continet
753 2328 887 2380 intra
902 2327 1029 2394 [ines
1051 2323 1197 2395 legis,
1225 2324 1278 2377 in
1301 2339 1401 2395 qua
1418 2320 1516 2375 Dei
1536 2338 1739 2388 nomen,

206 2425 481 2490 virtutem,
523 2438 630 2477 rem
671 2438 733 2476 ac
774 2429 1048 2487 naturant,
1091 2418 1404 2490 proindeque
1444 2417 1740 2483 veritatem,

208 2516 357 2572 Filio
388 2516 600 2571 attribui
630 2516 961 2570 demonstrat.
994 2509 1145 2583 Legis
1170 2519 1337 2566 autem
1366 2509 1568 2564 nomine
1596 2507 1746 2562 intel-

204 2609 363 2682 ligit,
408 2608 657 2680 quidquid
695 2608 855 2662 sacris
896 2606 1081 2661 litteris
1110 2612 1227 2659 ante
1267 2602 1529 2659 Christum
1568 2610 1745 2656 natum

214 2705 423 2775 scriptis
452 2704 760 2758 continetur.

218 2821 272 2876 1.
324 2817 597 2873 ereticis
624 2813 794 2871 Deum
830 2831 983 2869 unum
1023 2812 1423 2887 prwdicantibus
1451 2819 1539 2866 aut
1568 2827 1744 2866 assen-

153 2913 268 2981 tiri,
294 2922 385 2967 aut
415 2908 678 2965 adversari
722 2909 1083 2977 periculosum.
1112 2935 1185 2947 —
1212 2903 1618 2975 [lespondentes
1650 2903 1750 2958 im-

148 3009 253 3079 piis
276 3019 327 3064 et
367 3006 586 3063 vesanis
615 3004 992 3060 haereticorum
1032 2998 1457 3057 institutionibus
1488 3000 1750 3071 superio-

147 3100 298 3157 ribus
316 3100 490 3167 libris,
506 3113 613 3153 non
636 3096 998 3168 ignorat-imus
1021 3095 1072 3149 in
1092 3110 1209 3149 eam
1227 3109 1326 3149 nos
1344 3092 1748 3150 contradicendi

1845 1900 1951 1956 que
1983 1881 2438 1954 Opportunitatem
2461 1879 2753 1949 impietatis
2776 1887 3096 1947 exspectans
3126 1892 3140 1930 :
3172 1883 3229 1929 ut
3250 1874 3293 1930 si
3324 1887 3450 1928 san-

1844 1978 2082 2033 etitatetn
2110 1975 2182 2048 (c)
2207 1974 2333 2030 dicti
2368 1973 2654 2030 inﬁdeliter
2681 1973 2942 2044 usurpati,
2990 1970 3068 2043 (ά)
3110 1969 3451 2027 conniventis

1844 2071 2183 2128 taciturnitas
2209 2071 2588 2136 conﬁrmaret,
2624 2084 2722 2139 per
2747 2068 2796 2123 id
2825 2066 2969 2139 quod
2997 2065 3143 2123 Dens
3175 2076 3311 2120 unus
3340 2072 3447 2131 est,

1849 2166 1989 2221 titius
2021 2176 2199 2221 tamen
2224 2165 2319 2221 Dei
2366 2165 2509 2220 Deus
2553 2180 2658 2219 non
2686 2172 2865 2230 esset,
2910 2160 3025 2217 Deo
3074 2170 3281 2216 tantum
3311 2160 3453 2216 sicut

1852 2268 1936 2315 est
1956 2273 2063 2313 uno
2093 2267 2373 2325 manente;
2407 2267 2462 2312 at
2492 2272 2620 2312 vero
2645 2257 2691 2313 si
2721 2255 3078 2312 contradictio
3107 2261 3450 2325 praesumpta:

1854 2352 2032 2422 impia:
2066 2351 2223 2422 hujus
2265 2350 2616 2423 professionis
2646 2351 2969 2418 exsisteret,
3008 2348 3290 2406 veritatem
3325 2346 3450 2404 fidei

1848 2448 2173 2519 evangelicae
2219 2463 2326 2502 non
2377 2424 2723 2502 conservaret
2776 2446 2943 2501 Deum
2998 2460 3161 2500 nntnn
3212 2442 3282 2519 (ε)
3337 2458 3444 2500 non

1848 2540 2096 2597 confessa
2146 2540 2459 2611 reSponsio,
2498 2538 2776 2595 eumtﬁdei
2824 2546 3024 2594 nostra:
3064 2536 3333 2608 professio
3358 2552 3454 2594 se-

1849 2635 2081 2691 cundum
2106 2635 2270 2692 Deum
2295 2650 2458 2691 unum
2481 2634 2587 2701 sit;
2620 2634 2993 2705 recideretque
3021 2634 3073 2688 in
3103 2634 3324 2689 alterius
3344 2633 3455 2690 bte-

1849 2745 2033 2786 reseos
2056 2729 2404 2801 impietatem,
2425 2730 2590 2784 Deum
2613 2744 2775 2783 unum
2801 2726 3015 2782 Patrem
3040 2735 3095 2783 et
3115 2725 3308 2782 Filium
3327 2741 3455 2797 pro-

1853 2822 1993 2880 lessa
2028 2822 2101 2897 (f)
2129 2821 2419 2879 confessio.
2465 2819 2641 2892 Atque
2676 2820 2748 2876 ita
2784 2819 3049 2889 sapientia
3080 2820 3300 2887 mundi,
3333 2835 3455 2891 qua:

1852 2916 2079 2971 stultitia
2119 2914 2260 2986 apud
2295 2917 2459 2970 Deum
2490 2924 2602 2978 est,
2633 2912 2818 2983 specie
2864 2912 3071 2967 blanda:
3102 2922 3157 2967 et
3186 2913 3455 2981 peetiterte

1853 3008 1930 3084 (g)
1962 3008 2321 3079 simplicitatis
2354 3006 2604 3061 illuderet
2625 3046 2639 3071 ,
2669 3019 2790 3061 cum
2821 3003 2923 3059 hoc
2950 3002 3075 3059 ﬁdei
3111 3020 3226 3059 sua:
3255 3002 3458 3059 c0nsti-

1855 3111 2029 3158 lueret
2051 3099 2358 3165 exordium,
2393 3099 2444 3153 in
2471 3113 2578 3170 quo
2607 3099 2708 3153 sibi
2740 3096 2901 3169 impie
2927 3096 3458 3164 autassentiremur,

146 3193 532 3251 necessitatem
559 3189 820 3245 deductos
861 3188 1025 3243 fuisse
1047 3229 1059 3251 ,
1090 3197 1145 3242 111
1175 3203 1279 3243 11011
1316 3187 1493 3242 llllttllS
1523 3185 1744 3256 periculi
1776 3217 1822 3281 Ο
1853 3205 1947 3250 aut
1987 3194 2403 3250 adversaremur
2431 3210 2445 3247 ;
2478 3202 2533 3248 et,
2571 3206 2666 3263 per
2698 3191 2801 3247 hoc
2831 3191 3110 3260 utriusque
3142 3190 3218 3246 rei
3246 3191 3461 3257 pericu-

144 3287 492 3346 audientibus
541 3284 824 3356 responsio
855 3293 1035 3339 nostra
1058 3324 1072 3348 ,
1105 3298 1267 3352 quam
1298 3282 1569 3336 silentium
1602 3295 1751 3335 com-

145 3390 417 3434 moveret.
448 3376 581 3433 Cttnt
609 3376 754 3433 enim
779 3392 941 3432 unum
971 3375 1138 3429 Dentn
1168 3373 1241 3446 (b)
1272 3372 1495 3444 profane
1523 3372 1751 3427 assertio

144 3472 389 3529 inlidelis
416 3474 715 3545 ingereret,
746 3482 800 3528 et
849 3487 1059 3529 rursum
1093 3486 1256 3524 unntn
1293 3468 1456 3524 Dcnnt
1501 3467 1753 3539 religiose

142 3583 353 3639 negare
383 3566 518 3622 fides
537 3581 664 3622 sana
697 3580 806 3621 non
835 3574 1049 3636 posset;
1079 3562 1296 3620 tractari
1317 3564 1384 3618 de
1406 3579 1469 3618 co
1500 3578 1605 3618 non
1635 3563 1754 3618 sine

143 3662 405 3732 ancipitis
432 3660 650 3730 periculi
682 3657 1016 3715 conscientia
1045 3656 1234 3728 potuit,
1265 3656 1407 3727 quod
1442 3672 1548 3711 non
1578 3653 1756 3711 minus

142 3756 320 3826 impie
367 3754 804 3821 conﬁrmaretur,
857 3767 1018 3824 quam
1068 3759 1381 3823 negaretur.
1431 3749 1499 3804 Et
1543 3748 1756 3820 quidem

144 3850 378 3906 humani
411 3863 606 3904 sensus
635 3848 888 3918 Opinione
920 3845 1164 3915 ineptum
1186 3854 1239 3899 et
1269 3841 1497 3899 rationis
1523 3842 1757 3898 alienum

144 3960 279 4002 esse
303 3947 407 4000 hoc
431 3944 570 3999 forte
595 3940 1014 4004 existimabitur,
1040 3945 1100 3993 ut
1118 3936 1261 4009 quod
1293 3936 1654 4008 irreligiosum
1677 3944 1762 3992 est

141 4056 393 4112 negare,
426 4038 659 4107 idipsum
692 4034 1050 4105 irreligiosum
1080 4033 1152 4088 sit
1181 4030 1425 4087 conﬁteri
1453 4048 1466 4084 :
1500 4046 1619 4085 cum
1653 4030 1760 4100 pic-

142 4146 236 4193 tas
261 4131 590 4198 conﬁtendi,
623 4129 953 4221 impietatem
986 4125 1313 4184 condemnet
1354 4124 1615 4196 negandi;
1659 4139 1761 4180 nec

138 4318 319 4376 Pater
362 4316 509 4372 solus
553 4316 671 4371 sine
714 4324 885 4369 matre
912 4311 1183 4374 Verbum,
1214 4310 1286 4367 ita
1325 4310 1439 4380 ipsa
1482 4309 1594 4365 sola
1636 4309 1752 4367 sine

180 4402 310 4447 atre
336 4389 618 4461 generavit
654 4386 947 4461 Christum.
981 4383 1051 4461 At
1080 4399 1109 4438 a
1136 4384 1488 4461 Tertulliann.
1496 4382 1753 4461 adversus

224 4479 319 4518 at.
339 4453 409 4515 vn.
444 4461 532 4528 15,
563 4470 618 4515 et
645 4460 712 4515 de
738 4459 1135 4514 resurrectiolte
1163 4455 1342 4510 carnis
1372 4470 1424 4509 n.
1457 4453 1524 4516 2,
1553 4469 1659 4528 no_n
1687 4455 1751 4507 atl

1856 3288 1986 3353 lum,
2017 3286 2112 3342 Dei
2143 3287 2310 3341 ﬁlium
2345 3285 2513 3341 Deutn
2546 3299 2652 3338 non
2682 3298 2805 3339 esse
2833 3282 3127 3350 obtineret,
3158 3281 3282 3354 quia
3315 3281 3459 3338 Deus

1857 3395 1995 3435 unus
2018 3389 2130 3448 est;
2164 3388 2255 3433 aut
2280 3384 2633 3445 extorqueret
2664 3379 2936 3432 Increseos
2964 3374 3381 3442 necessitatem,
3412 3373 3459 3431 si

1859 3484 1913 3530 et
1940 3474 2152 3530 Patrem
2184 3475 2348 3529 Deum
2382 3484 2436 3529 et
2471 3472 2666 3528 Filium
2706 3471 2873 3527 Deum
2910 3468 3261 3536 conﬁtentes,
3293 3483 3460 3525 unum

1859 3567 2031 3624 Deum
2066 3568 2364 3639 prtedieare
2400 3567 2697 3623 secundum
2746 3565 2969 3621 Sabellii
3009 3565 3321 3635 opinionem
3356 3565 3462 3621 im-

1860 3661 2003 3733 piam
2044 3662 2519 3718 cxistimaremnr:
2568 3668 2623 3715 et
2660 3660 2730 3714 ita
2773 3658 2875 3715 hoc
2914 3658 3314 3730 praedicationis
3350 3673 3465 3715 suae

1864 3754 2026 3811 modo
2047 3772 2179 3810 unus
2204 3753 2345 3809 Deus
2371 3764 2463 3810 aut
2492 3754 2656 3808 alium
2687 3752 3020 3821 excluderet,
3051 3762 3147 3809 aut
3173 3769 3272 3825 per
3301 3753 3464 3809 alium

1879 3866 1984 3905 non
2017 3859 2159 3904 esset
2193 3846 2418 3921 (supple,
2454 3847 2650 3918 unus),
2692 3854 2784 3900 aut
2822 3855 3028 3901 tantum
3068 3846 3119 3901 in
3160 3845 3483 3903 nominibus.

1866 3960 2003 3999 unus
2024 3951 2206 3999 esset:
2232 3942 2354 4013 quia
2383 3940 2538 4014 105
2555 3948 2611 3994 et
2634 3937 2717 4011 (It)
2749 3939 2921 3995 unitas
2946 3940 3109 3994 alium
3137 3940 3389 4006 nesciret,
3413 3946 3469 3994 et

1866 4038 2001 4094 alius
2032 4052 2135 4093 non
2167 4035 2505 4105 permitteret
2538 4034 2825 4101 unionem,
2883 4040 2940 4089 et
2992 4033 3098 4091 duo
3153 4048 3291 4090 unus
3345 4047 3468 4091 esse

1865 4130 1929 4203 (i)
1962 4146 2068 4187 non
2101 4138 2306 4203 posset.

1866 4386 1878 4397 ο
1919 4311 2008 4455 ές)
2042 4313 2163 4370 Vat.
2214 4313 2329 4370 bas.
2364 4327 2466 4370 ms.
2509 4312 2827 4369 securitatem
2863 4311 3007 4369 dicti.
3054 4311 3308 4372 Proxime
3350 4323 3474 4388 post

1866 4403 1914 4439 tn
1960 4386 2161 4453 deliter,
2193 4386 2416 4455 supple,
2449 4386 2511 4440 ab
2542 4384 2819 4441 Itwreticis.

1861 4384 2161 4455 inﬁdeliter,
2193 4386 2416 4455 supple,
2449 4386 2511 4440 ab
2542 4384 2819 4441 Itwreticis.

1936 4455 2016 4530 (d)
2048 4457 2201 4528 Apud
2232 4457 2352 4513 Par.
2384 4459 2745 4512 convenientis.
2792 4461 2859 4530 At
2900 4458 2950 4512 in
2982 4472 3113 4513 mss.
3157 4461 3432 4517 coniventi:
3452 4502 3468 4529 ,

138 4549 453 4608 personas,
474 4525 581 4608 sed
623 4530 691 4608 ad
722 4542 965 4608 naturain
997 4532 1167 4608 ipsum
1200 4528 1468 4608 refertur;
1499 4534 1560 4608 u_t_
1582 4525 1635 4608 ei
1662 4541 1754 4607 sy—
1781 4533 1834 4595 Ι)
1859 4525 2274 4608 vel'couibentis,
2309 4537 2535 4608 mutato2
2569 4540 2624 4583 ut
2651 4545 2797 4598 Saepe
2829 4529 2908 4608 ﬁt,
2940 4547 2973 4584 ιι
3001 4530 3054 4584 in
3084 4531 3134 4585 ό,
3166 4530 3305 4588 Hinc
3331 4543 3386 4588 ει
3413 4525 3471 4589 ili

136 4597 397 4680 isonynia
439 4607 549 4680 sint
576 4604 732 4680 unio,
775 4612 848 4680 et_
874 4597 1066 4680 unitas.
1097 4599 1251 4680 Quod
1296 4609 1474 4680 autem
1503 4597 1751 4680 .lltlarius

137 4669 442 4742 unitinem,
471 4677 573 4730 hoc
601 4674 917 4731 Ambrosius
946 4672 1371 4743 singularitatem
1401 4670 1561 4743 dixit,
1586 4669 1700 4743 lib.
1725 4685 1756 4724 ν

135 4753 217 4809 de
250 4748 387 4806 Fide
431 4741 481 4804 e.
514 4748 535 4801 1
578 4769 592 4803 z
629 4746 848 4801 Evidens
870 4754 942 4800 est
980 4741 1168 4815 igitur,
1196 4743 1315 4815 quia
1341 4741 1479 4811 quod
1507 4742 1656 4815 unius
1685 4751 1755 4796 est

131 4821 462 4881 substantia
482 4862 497 4881 ,
526 4818 756 4889 separari
781 4834 884 4872 non
912 4813 1077 4889 potest
1098 4856 1117 4889 ,γ
1141 4813 1340 4889 etiamsi
1363 4831 1465 4868 non
1493 4814 1558 4889 sit
1582 4813 1761 4885 singu-

136 4895 416 4959 laritatis,
464 4891 554 4946 sed
582 4885 820 4944 unitatis.
853 4885 1275 4959 Singularitatem
1307 4887 1440 4940 lianc
1470 4885 1617 4950 dico,
1647 4900 1761 4956 qua?

133 4983 331 5042 grqce
357 4958 575 5042 μὸγότης
601 4963 808 5016 dicitur.
834 4960 1183 5032 Singularitas
1207 4958 1275 5013 ad
1297 4974 1538 5028 personas
1558 4959 1756 5022 attinet,

136 5038 339 5095 imitus
367 5038 436 5089 ad
466 5048 723 5089 naturam.

220 5108 313 5184 (η)
339 5108 421 5184 ita
446 5106 576 5184 Bad.
600 5121 722 5160 cum
738 5118 878 5184 mss.
904 5103 1004 5184 nisi
1031 5102 1243 5184 quodin
1260 5099 1485 5184 Carnut_.
1518 5100 1766 5184 preparato

135 5170 304 5256 φιὸιί
332 5181 483 5256 inest.
518 5181 585 5233 At
614 5176 751 5246 apud
781 5178 899 5256 Eia,
927 5170 1077 5256 Lips.
1103 5187 1154 5230 et
1177 5170 1574 5256 P.tr..pr0plteta
1595 5170 1767 5256 dic_ens

135 5244 303 5327 quod
333 5250 475 5306 Deus
497 5266 630 5327 u_nus
651 5244 729 5327 est
752 5264 771 5302 :
798 5244 1081 5327 immutate
1103 5261 1264 5327 sensu
1293 5245 1502 5327 Hilarii,
1535 5244 1767 5327 prophe-

138 5317 219 5386 tae
252 5328 485 5383 nomine
512 5321 801 5378 Jeremiani
833 5335 927 5374 seu
958 5319 1187 5379 Baruch.
1222 5335 1327 5372 non
1360 5317 1575 5388 Moysen
1610 5317 1768 5371 intel-

134 5403 386 5473 ligentts
416 5415 432 5451 :
462 5395 565 5473 l_to_e
586 5401 692 5460 est,
720 5392 841 5462 quia
871 5392 1128 5473 propheta
1158 5390 1366 5473 Baruch
1397 5388 1508 5473 tilio
1534 5388 1628 5472 Dei
1660 5389 1766 5444 Deo

135 5461 265 5529 hac
286 5511 306 5534 ,
340 5467 485 5541 quod
520 5466 657 5521 Deus
686 5461 889 5532 est,-ad
917 5464 1149 5520 alterum
1182 5462 1350 5517 Deum
1382 5461 1631 5531 deputari
1660 5475 1770 5515 non

131 5546 323 5604 εἱιιίι.

218 5633 320 5710 (b)
352 5631 518 5710 Editi,
550 5632 789 5710 profane:
826 5629 1042 5710 assertio
1069 5626 1413 5710 iit/itleli‘tntis-1
1444 5626 1773 5710 Concinnitts

129 5699 308 5769 ms'si
338 5699 599 5775 potiores,
623 5699 840 5775 profane
858 5703 1069 5758 assertio
1098 5699 1469 5775 inﬁdelisaEst
1493 5700 1638 5754 enim
1669 5712 1770 5775 an-

130 5772 408 5844 tithesis,
437 5772 914 5849 quaopponuntur
944 5775 1162 5849 profane
1187 5782 1234 5829 et
1267 5772 1536 5843 religiose;
1557 5772 1772 5829 assertio

133 5849 424 5927 inﬁdelis,
456 5847 502 5903 et
529 5847 656 5918 ﬁdes
682 5863 829 5902 sana.

1863 4603 2087 4657 Carnnt.
2117 4613 2171 4657 et
2203 4601 2323 4656 Vat.
2359 4604 2472 4656 bas.
2505 4601 2796 4671 depravate
2836 4600 3032 4657 factum
3063 4613 3145 4657 est
3168 4603 3468 4659 colubeutis.

1949 4672 2021 4746 (ε)
2046 4674 2315 4729 Particula
2347 4689 2548 4746 negans
2575 4673 2819 4746 aﬂLipsio
2849 4673 2991 4729 male
3020 4687 3286 4744 expuncta
3315 4678 3473 4733 resti-

1870 4746 2034 4800 tuitur
2060 4748 2385 4801 auctoritate
2409 4745 2568 4812 Bad.,
2598 4745 2690 4799 Er.
2720 4754 2775 4800 et
2799 4759 2931 4801 mss.

1941 4815 2012 4890 (Γ)
2054 4816 2187 4890 Beda
2231 4827 2286 4872 el
2313 4816 2406 4890 Esr-
2452 4833 2516 4890 es
2549 4816 2851 4890 recentiore
2894 4832 2999 4890 nis.
3026 4817 3181 4874 Colh.
3212 4835 3317 4875 non
3346 4836 3469 4890 pro-

1870 4886 2007 4959 fessa
2039 4903 2057 4943 :
2086 4888 2227 4943 male
2253 4896 2307 4942 et
2337 4886 2724 4943 dissidentibus
2753 4889 2876 4945 aliis
2901 4889 3072 4945 libris.
3106 4890 3299 4947 Totum
3330 4886 3472 4949 Hila-

1872 4961 1935 5016 rii
1968 4970 2344 5031 argumentum
2377 4961 2445 5015 ita
2480 4959 2678 5032 paucis
2722 4960 3008 5032 perstringi
3059 4971 3234 5032 potest
3264 4981 3278 5018 :
3322 4964 3474 5022 Sicut

1869 5033 1957 5158 ﬁni
1989 5032 2256 5088 haereticis
2282 5046 2445 5086 unum
2477 5031 2645 5087 Deum
2676 5031 3092 5100 prmdicantibus
3117 5049 3223 5090 non
3250 5049 3470 5091 contra-

1908 5104 2075 5158 icunt.
2104 5104 2156 5158 in
2190 5104 2484 5158 periculum
2518 5104 2761 5157 incidunt
2781 5120 2847 5158 ue
2870 5101 3061 5158 Filium
3087 5106 3249 5158 Deum
3275 5123 3470 5158 "enare

1908 5104 2075 5187 icttnt,
2104 5104 2156 5158 in
2190 5104 2847 5187 periculumincidunt‘ue
2870 5101 3061 5187 Filium
3087 5106 3249 5187 Deum
3275 5123 3472 5178 negare

1872 5185 2157 5248 putentur;
2190 5175 2261 5231 ita
2290 5176 2383 5243 iis,
2417 5176 2504 5248 qui
2535 5175 2945 5239 contradicunt.
2980 5177 3181 5248 duplex
3226 5175 3472 5237 imminet

1872 5247 2206 5317 periculum,
2241 5262 2309 5303 ne
2353 5247 2605 5301 videlicet
2648 5257 2740 5300 aut
2782 5262 2943 5302 ttnnm
2988 5247 3154 5305 Deum
3186 5251 3472 5308 videantur

1873 5334 2102 5390 negare,
2134 5327 2227 5374 aut
2270 5319 2461 5390 saltem
2505 5318 2721 5375 Patrem
2767 5330 2821 5374 et
2868 5319 3063 5375 Filium
3105 5321 3274 5378 Deum
3307 5340 3470 5380 unum

1874 5389 2093 5448 Sabellii
2127 5405 2278 5447 more
2310 5389 2623 5461 praedicare.
2658 5391 2723 5445 Et
2752 5390 2856 5447 hoc
2905 5408 3090 5448 revera
3134 5397 3350 5451 nomine
3379 5412 3472 5451 ca-

1877 5462 2059 5519 tholici
2095 5464 2163 5518 ab
2198 5462 2464 5519 haereticis
2507 5464 2709 5534 passim
2739 5475 2867 5519 sunt
2897 5465 3162 5520 infamati.
3205 5467 3472 5534 Quocirca

1875 5550 1974 5605 pro
2004 5535 2367 5601 recideretque,
2398 5536 2557 5603 longe
2590 5534 2872 5591 mallemus
2898 5538 3224 5593 recidet-etne.

1949 5626 2154 5708 _(g)__Ms_.
2206 5627 2322 5682 bas.
2372 5625 2493 5681 Vat.
2523 5641 2645 5683 cum
2695 5625 2856 5684 Carn.
2888 5628 3113 5701 aliisque
3156 5634 3470 5708 nonnullis,

1876 5698 2193 5756 subtilitatis.

1971 5769 2109 5844 h)_ln
2139 5770 2388 5844 ms.Vat.
2420 5769 2537 5827 bas.
2568 5772 2717 5829 uitio.

1973 5842 2018 5913 ἱ)
2037 5842 2249 5915 Lipsius
2278 5843 2348 5901 de
2375 5856 2475 5901 suo
2504 5852 2838 5916 reposuerat,
2874 5860 2977 5904 non
3001 5857 3228 5921 possent.
3262 5850 3466 5914 Sensus
