4040 6328
667 264 761 346 lat

1852 278 2101 341 ssnon
2141 272 2402 340 HlLARll
2451 276 2757 342 EPlSCOPl
3782 294 3851 352 ,δε

734 407 788 459 2.
836 403 948 472 Quo
978 408 1370 474 tentperamento
1400 398 1687 470 periculum
1709 414 1857 456 omne
1895 400 2081 454 caverit
2114 398 2262 453 Hila-
2290 401 2337 462 Α
2368 415 2507 465 sum,
2534 408 2589 457 et
2627 400 2706 473 (Ι)
2737 399 2790 455 in
2818 396 3044 455 farinam
3073 398 3151 472 (ε)
3176 398 3626 464 comminutttm,et
3653 403 3695 459 in
3716 419 3850 476 putem

663 502 795 556 rius.
827 500 1028 572 Scopas
1057 497 1174 551 libri
1198 496 1501 562 superioris.
1526 523 1600 535 —-
1648 495 1755 550 Sed
1802 510 1900 549 nos
1943 494 2266 564 sapientiam

667 594 781 661 Dei,
814 593 904 665 qui
936 591 1138 646 mundo
1167 589 1395 644 stultitia
1422 597 1529 653 est,
1576 588 1876 652 consecuti,
1924 597 1979 642 et
2019 601 2114 657 per
2146 584 2272 641 fidei

660 686 942 742 dominicae
971 684 1266 740 salutarem
1310 692 1365 738 et
1403 684 1671 738 sinceram
1719 680 2118 737 confessionem
2140 725 2155 749 ,
2186 681 2270 735 vi-

660 795 837 852 perea:
851 778 1112 833 doctrinae
1128 776 1545 831 fraudulentiam
1579 773 1863 845 prodituri,
1885 776 2027 829 hunc
2047 788 2276 843 respon-

658 873 829 928 Sinnis
858 880 1057 927 nostra:
1084 869 1328 926 ordinem
1383 869 1757 925 incboavimus
1783 909 1800 933 ,
1832 867 1922 940 qui
1962 877 2017 923 et
2061 868 2269 923 aditum

658 967 759 1023 sibi
787 965 1223 1022 demonstrandae
1255 964 1497 1020 veritatis
1532 964 1870 1034 anquireret,
1900 977 2002 1019 nec
2037 979 2097 1019 se
2125 965 2270 1034 peri-

659 1062 985 1131 culoimpiae
1015 1057 1368 1129 professionis
1418 1058 1682 1113 insereret
1722 1074 1735 1111 :
1789 1065 2087 1127 temperato
2131 1057 2276 1113 inter

658 1162 951 1224 utrumque
982 1152 1371 1217 moderamine;
1422 1165 1528 1206 non
1576 1159 1836 1222 negantes
1882 1152 2049 1206 Deum
2081 1166 2270 1217 unum,

660 1245 754 1301 sul
803 1262 869 1301 eo
913 1248 1030 1316 ipso
1074 1254 1299 1300 auctore
1352 1244 1516 1299 Deum
1557 1252 1614 1299 et
1650 1244 1838 1307 Deum,
1867 1241 1950 1316 (α)
1979 1259 2075 1313 per
2109 1257 2270 1314 quem

662 1339 804 1394 Deus
850 1355 986 1393 unus
1032 1339 1354 1409 praidicatus
1395 1347 1513 1401 est,
1568 1336 1956 1407 prtedicantes;
2006 1344 2063 1393 et
2104 1337 2272 1392 Deum

662 1447 826 1486 unum
860 1446 966 1486 non
1001 1445 1097 1501 per
1120 1431 1378 1484 unionem
1404 1427 1699 1495 docentes,
1747 1442 1920 1498 neque
1949 1442 2164 1483 rursum
2206 1427 2274 1483 ad

661 1519 988 1579 diversitatis
1021 1537 1304 1578 numerum
1337 1522 1657 1576 tlesecantes
1679 1562 1695 1585 ,
1729 1535 1905 1589 neque
1933 1532 2121 1575 contra
2151 1529 2273 1575 tan-

662 1626 774 1671 tum
823 1619 874 1670 in
919 1614 1229 1670 nominibus
1255 1614 1609 1681 confitentes;
1641 1613 1738 1669 sed
1784 1614 1950 1669 Deum
1988 1622 2045 1669 et
2082 1614 2272 1683 Deum,

659 1713 895 1783 reposita
945 1717 1001 1767 et
1045 1710 1206 1766 dilata
1239 1709 1415 1765 adhuc
1444 1708 1658 1779 plenius
1688 1706 1908 1763 unitatis
1949 1709 2269 1778 quaestione,

2361 505 2630 559 coactum,
2662 504 2715 548 et
2747 492 2802 547 in
2844 493 3022 548 cibum
3065 506 3355 561 sumptum,
3402 494 3662 551 reddith
3685 514 3737 554 ex
3759 514 3855 557 seet

2363 595 2609 641 naturam
2642 586 2797 655 panis
2823 596 2878 641 et
2906 599 3122 639 munus.
3171 584 3352 656 Itaque
3390 587 3504 657 quia
3546 597 3717 643 natura:
3739 592 3855 649 tiitns

2365 687 2583 747 przestat
2603 678 2919 744 veritatem;
2947 676 3224 732 videamus
3249 692 3314 731 an
3341 692 3492 732 verus
3520 679 3641 735 Deus
3658 683 3729 744 sit,
3746 699 3857 752 quem

2364 769 2577 843 Moyses
2614 771 2777 826 Deum
2814 786 2937 826 esse
2964 770 3227 841 significat
3261 791 3272 823 :
3304 768 3369 824 de
3397 786 3495 826 uno
3525 771 3639 837 Deo,
3665 785 3707 827 et
3726 775 3857 831 eodem

2365 880 2493 921 vero
2529 866 2636 922 Deo
2667 861 2848 936 postea
2892 866 3163 929 locuturi;
3212 881 3277 920 ne
3306 882 3406 920 non
3437 868 3708 937 interposita
3743 886 3857 941 spon-

2363 962 2517 1016 sione
2546 961 2629 1032 (f)
2662 960 2731 1016 de
2761 965 2915 1015 nnins
2945 970 3000 1015 et
3028 961 3143 1016 veri
3189 960 3279 1016 Dei
3309 960 3358 1016 in
3398 962 3547 1017 Patre
3580 973 3625 1016 et
3653 962 3760 1019 Filio
3778 969 3859 1019 sub-

2363 1054 2682 1108 sistentibus
2701 1055 3133 1121 continuatione,
3155 1054 3447 1125 periculosa
3466 1053 3673 1125 suspicio
3687 1055 3858 1126 pendula

2365 1146 2788 1215 exspectationis
2813 1146 3231 1201 sollicitudinem
3262 1145 3528 1217 defatiget.

2437 1238 2493 1295 4.
2526 1238 2693 1295 Filius
2721 1256 2784 1295 ea:
2803 1240 3012 1294 creandi
3036 1240 3221 1294 uirtute
3245 1237 3488 1309 probatur
3520 1254 3651 1293 uerus
3680 1237 3796 1297 Dens.
3818 1270 3861 1280 -

2366 1332 2586 1388 Creatio
2608 1332 2770 1404 igitur
2800 1335 3009 1400 mundi,
3039 1342 3321 1405 postquam
3363 1343 3416 1389 et
3455 1335 3540 1389 Dei
3572 1336 3763 1405 cognitio
3782 1349 3860 1388 sus-

2366 1441 2520 1499 cepta
2552 1436 2655 1493 est,
2690 1427 2856 1483 tilium
2897 1429 2991 1484 Dei
3029 1431 3193 1485 Deum
3224 1444 3346 1485 esse
3372 1420 3686 1500 significans,
3713 1445 3807 1501 rogo
3829 1429 3860 1483 in

2368 1537 2475 1593 quo
2517 1521 2733 1576 tandem
2776 1537 2959 1578 verum
3007 1537 3128 1577 esse
3174 1522 3336 1578 Deum
3388 1522 3614 1594 deneget.
3649 1521 3743 1578 Non
3772 1522 3861 1576 enim

2368 1615 2684 1685 ambigitur,
2715 1618 2840 1687 quin
2874 1633 2973 1687 per
2999 1616 3192 1671 Filium
3225 1618 3401 1672 omnia
3428 1618 3547 1673 sint.
3579 1617 3734 1671 Omnia
3763 1632 3863 1671 nant-

2370 1722 2495 1778 que,
2520 1705 2817 1763 secnndntn
2845 1709 3185 1779 Apostolutn,
3218 1727 3310 1779 per
3338 1711 3519 1780 ipsum,
3546 1720 3588 1764 et
3607 1711 3654 1765 in
3676 1707 3865 1783 ipso(Co—

662 1817 1049 1863 monstrantes.
1084 1804 1251 1860 Recte
1277 1803 1419 1858 enim
1455 1819 1620 1858 unum
1650 1803 1818 1857 Deum
1849 1818 1877 1857 a
1911 1802 2095 1874 Moyse
2125 1819 2263 1874 praa-
2299 1797 2349 1858 B
2375 1799 2495 1853 loss.
2525 1816 2563 1863 ι,
2596 1799 2707 1871 l6).
2739 1798 2795 1858 Si
2828 1800 3008 1855 omnia
3036 1818 3133 1873 per
3160 1816 3307 1871 eum,
3336 1812 3386 1859 et
3415 1804 3583 1859 omnia
3605 1818 3661 1860 ex
3684 1801 3820 1867 nihilo,
3834 1813 3865 1856 et

660 1902 896 1956 dicatum
926 1898 1221 1967 Evangelia
1271 1905 1540 1951 testantur
1571 1914 1584 1950 :
1613 1909 1669 1952 et
1696 1912 1911 1951 rursum
1955 1894 2187 1951 fideliter
2212 1896 2264 1950 in

659 1992 971 2065 Evangeliis
995 1991 1162 2047 Deum
1184 2000 1236 2046 et
1267 1990 1430 2045 Deum
1456 1989 1661 2055 doceri,
1679 1989 1888 2058 Moyses
1913 1989 2080 2044 Deum
2104 2005 2266 2044 unum

660 2086 963 2155 prtudicans
986 2092 1173 2137 auctor
1203 2091 1305 2136 est.
1332 2080 1506 2151 Atque
1536 2080 1610 2134 ita
1659 2096 1765 2136 non
1795 2083 2102 2136 auctoritati
2135 2097 2269 2137 con-

662 2177 879 2232 troitum
909 2176 981 2248 (b)
1015 2185 1119 2242 est,
1150 2175 1246 2231 sed
1276 2191 1342 2229 ex
1375 2174 1696 2229 auctoritate
1718 2190 2036 2244 responsum
2060 2186 2165 2242 est,
2199 2191 2268 2231 ne

659 2283 757 2339 per
783 2269 833 2323 id
869 2270 959 2323 Dei
1001 2268 1166 2321 lilium
1216 2268 1399 2321 liceret
1453 2266 1619 2320 Deum
1673 2266 1979 2340 negari,(c)
2027 2268 2149 2337 quia
2200 2266 2266 2321 ad

657 2361 823 2418 Israel
879 2361 1020 2415 Deus
1068 2375 1206 2415 unus
1239 2369 1371 2415 est:
1420 2373 1542 2414 cum
1599 2359 1890 2413 conlitendi
1948 2360 2038 2413 Dei
2099 2359 2269 2414 filium

663 2456 828 2509 Deum
864 2454 1007 2509 idem
1050 2464 1240 2509 auctor
1280 2461 1447 2519 esset,
1478 2453 1569 2523 qui
1608 2464 1797 2507 auctor
1838 2463 1923 2508 est
1969 2453 2062 2509 Dei
2110 2455 2267 2508 unius

659 2545 1008 2618 ptardicandi.

729 2641 783 2696 5.
830 2640 1030 2708 Scapus
1058 2639 1214 2712 hujus
1235 2638 1445 2693 alterius
1474 2637 1613 2693 libri.
1652 2637 1850 2693 Veritas
1876 2639 1950 2693 rei
1980 2638 2116 2693 unde
2142 2655 2265 2693 con-

656 2745 771 2789 stet.
800 2733 1153 2804 --Sequitur
1202 2733 1383 2803 itaque
1432 2733 1676 2787 ordinem
1739 2724 2055 2803 quaestionis
2104 2734 2265 2789 etiam

656 2826 792 2880 ordo
814 2825 1041 2881 connexi
1067 2823 1169 2880 sibi
1200 2824 1385 2879 libelli.
1415 2822 1547 2878 Nam
1570 2825 1693 2896 quia
1719 2823 1834 2880 haec
1860 2841 2095 2897 sequens
2119 2828 2265 2897 impii

656 2917 1012 2974 blandimenti
1068 2918 1240 2989 posita
1284 2919 1551 2974 sententia
1604 2928 1690 2973 est
1737 2934 1751 2973 :
1814 2918 2064 2974 Nouimus
2108 2937 2267 2975 unum

655 3010 825 3068 Deum
865 3027 1040 3067 uerum
1084 3027 1104 3065 :
1154 3010 1279 3067 hinc
1318 3025 1530 3083 quoque
1557 3012 1641 3084 (ά)
1685 3013 1907 3068 secundi
1958 3013 2117 3084 hujus
2148 3014 2268 3070 libri

655 3108 832 3164 Otnnis
865 3123 1045 3163 sermo
1072 3107 1339 3169 consistit,
1388 3124 1455 3161 an
1503 3108 1646 3161 ﬁlius
1676 3108 1769 3163 Dei
1802 3107 1944 3163 Deus
1982 3123 2143 3164 verus
2174 3109 2260 3164 sit.

2375 1890 2506 1945 niitil
2538 1906 2644 1945 t:0n
2678 1910 2770 1961 per
2795 1909 2948 1960 eunt;
2982 1909 3164 1963 quer
3185 1893 3239 1950 in
3267 1911 3372 1966 quo
3398 1894 3447 1951 ei
3469 1896 3645 1951 veritas
3672 1896 3741 1950 Dei
3763 1894 3864 1955 desit,

2373 1982 2457 2037 cui
2483 1999 2586 2039 non
2610 1983 2751 2039 desit
2774 1984 2866 2040 Dei
2892 2002 2989 2040 nec
3016 1994 3225 2054 natura,
3259 2002 3359 2043 nec
3376 1987 3553 2044 virtus.
3582 1987 3757 2042 Natum
3775 1986 3865 2043 enim

2374 2078 2485 2132 sua:
2511 2080 2711 2134 virtute
2738 2095 2867 2135 usus
2913 2088 3016 2146 est,
3061 2090 3117 2134 ttt
3147 2091 3201 2135 ct
3226 2089 3411 2137 essent
3440 2098 3552 2153 qua:
3580 2098 3672 2136 non
3697 2090 3867 2143 erant,et

2376 2171 2566 2228 ﬂerent
2608 2190 2728 2245 quae
2767 2173 3064 2245 placerent.
3113 2174 3257 2232 Vidit
3292 2178 3434 2232 enim
3480 2176 3609 2231 Deus
3644 2175 3742 2247 quia
3777 2175 3863 2228 bona

2375 2276 2521 2322 sunt.

2446 2359 2500 2413 5.
2533 2358 2638 2416 Lea:
2664 2362 2717 2414 in
2742 2361 2940 2417 dicente
2967 2360 3080 2418 Deo
3104 2372 3153 2418 et
3180 2366 3232 2419 in
3257 2365 3475 2437 faciente
3502 2364 3604 2421 Deo
3621 2364 3733 2420 solas
3754 2377 3867 2434 perso-

2373 2470 2466 2509 nas
2515 2455 2808 2527 distinguit.
2858 2456 3090 2513 Dicentis
3124 2469 3177 2514 et
3214 2462 3450 2532 facientis
3495 2478 3592 2516 una
3636 2467 3869 2514 autumat.

2372 2547 2549 2602 Filius
2572 2547 2670 2603 Dei
2698 2567 2802 2604 non
2821 2562 2892 2606 est
2924 2549 3064 2605 Deus
3089 2553 3255 2623 falsus
3278 2564 3367 2609 aut
3395 2554 3663 2626 adoptivus.
3683 2549 3871 2619 ——Neqtte

2373 2643 2517 2698 enim
2549 2641 2625 2715 (g)
2652 2643 2834 2711 aliam,
2866 2662 3028 2716 quam
3056 2663 3323 2717 personae,
3376 2650 3551 2707 intulit
3576 2651 3649 2707 lex
3688 2645 3873 2716 signiﬁca-

2375 2735 2612 2803 tionem,
2656 2750 2778 2791 cum
2825 2737 2898 2790 ait
2926 2756 2940 2791 :
2970 2736 3040 2790 Et
3087 2740 3216 2794 dixit
3265 2740 3425 2809 Deus,
3473 2742 3561 2812 [int
3595 2741 3872 2811 ﬁrmamentum

2374 2824 2528 2898 (Gen.
2559 2842 2597 2888 t,
2630 2828 2716 2899 6);
2743 2839 2797 2884 et
2829 2829 3056 2900 >IIDjBCii.
3083 2848 3299 2888 rursum
3333 2853 3348 2890 :
3382 2834 3445 2889 Et
3480 2834 3590 2907 fecit
3613 2831 3730 2888 Deus
3758 2830 3870 2900 ﬁrma-

2375 2936 2596 2979 mentum
2642 2924 2829 2999 (lbid.,
2861 2925 2937 3000 7).
2976 2925 3248 2986 Caeterum
3294 2947 3395 2988 nec
3422 2932 3656 2988 virtutem
3689 2923 3873 2986 distinxit,

2375 3032 2475 3073 nec
2505 3016 2751 3075 naturam
2783 3023 3077 3090 separavit,
3121 3039 3219 3079 nec
3266 3039 3463 3080 nomen
3492 3023 3745 3081 demutavit
3768 3018 3804 3072 in
3822 3030 3874 3077 eo.

2373 3111 2426 3163 itt
2477 3127 2584 3180 quo
2624 3122 2829 3167 tantum
2872 3113 3101 3171 dicentis
3142 3117 3551 3189 intelligentiam
3596 3110 3807 3186 praestitit.
3841 3115 3874 3160 ιιι

655 3199 789 3256 Nam
819 3199 937 3254 sine
966 3199 1129 3254 dubio
1160 3199 1212 3253 in
1253 3197 1393 3252 hunc
1421 3213 1482 3253 se
1511 3198 1757 3253 ordinem
1789 3196 2035 3254 haeretici
2066 3198 2267 3270 ingenii
2296 3200 2343 3266 C
2374 3203 2819 3275 significationem
2868 3209 3154 3266 efficientis
3177 3210 3422 3269 afferret.
3463 3211 3728 3269 Veritatem
3759 3213 3877 3260 autem

654 3291 930 3350 subtilitas
976 3291 1238 3358 coaptavit
1269 3332 1284 3357 ,
1325 3291 1558 3361 primum
1608 3306 1769 3344 unum
1818 3288 1989 3346 Deum
2036 3291 2262 3360 dicens,

656 3388 853 3443 deinde
879 3403 1034 3441 unum
1062 3400 1232 3440 verum
1260 3385 1422 3438 Deum
1452 3387 1716 3440 conlitens
1752 3403 1763 3439 :
1799 3393 1856 3439 ttt
1886 3401 1980 3456 per
2003 3386 2052 3440 id
2093 3386 2261 3441 lilium

660 3483 756 3539 Dei
777 3499 803 3537 a
835 3493 1024 3538 natura
1053 3481 1145 3536 Dei
1173 3488 1229 3535 et
1260 3479 1487 3535 veritate
1512 3486 1802 3543 averteret,
1834 3493 1955 3534 cum
1988 3481 2185 3536 veritas
2207 3481 2259 3536 in

657 3587 851 3634 natura
878 3577 1036 3631 unius
1059 3588 1303 3639 manens,
1334 3573 1632 3629 naturalem
1657 3575 1815 3628 unius
1844 3589 1948 3629 non
1974 3575 2265 3633 excederet

656 3671 962 3725 veritatem.
1013 3667 1181 3738 Igitur
1204 3665 1326 3737 quia
1358 3665 1726 3737 ambiguitatis
1765 3667 1917 3723 locus
1947 3667 2125 3723 nullus
2153 3680 2258 3737 est,

658 3762 788 3833 quin
818 3760 1032 3832 Moyses
1062 3773 1227 3812 unum
1265 3757 1431 3813 Deum
1461 3756 1761 3827 praedicans
1787 3801 1802 3827 ,
1836 3759 2169 3830 intelligatur
2197 3761 2267 3819 de

657 3856 752 3911 Dei
784 3844 892 3910 filio
917 3852 1250 3926 significasse
1277 3852 1421 3923 quod
1455 3851 1595 3907 Deus
1615 3852 1706 3916 sit,
1742 3867 1836 3922 per
1868 3854 2013 3924 ipsas
2043 3854 2161 3911 illas
2188 3858 2265 3913 sic

656 3948 1017 4021 gniﬁcationis
1037 3963 1147 4001 suae
1186 3945 1543 4002 auctoritates
1583 3958 1931 4001 recurremus
1961 3965 1973 4000 :
2002 3956 2056 4002 et
2086 3951 2268 4022 requi-

655 4057 857 4103 ramus,
885 4056 951 4095 an
978 4054 1139 4111 quem
1172 4038 1788 4109 Deum/signiﬁcaverit,
1840 4039 2007 4094 Deum
2051 4058 2267 4111 quoque

660 4150 846 4190 verum
879 4132 1283 4203 intelligendum
1334 4130 1601 4186 docuerit.
1634 4130 1775 4186 Nulli
1817 4143 1996 4185 autem
2042 4134 2264 4190 dubium

657 4238 763 4294 est,
790 4226 1073 4281 veritatem
1105 4240 1173 4279 ex
1205 4223 1362 4295 106
1390 4229 1579 4277 natura
1608 4231 1661 4276 et
1690 4239 1753 4277 cx
1784 4229 1985 4280 virtute
2010 4242 2131 4281 esse
2159 4244 2171 4279 :
2209 4236 2267 4281 nt

656 4321 893 4388 exempli
917 4334 1078 4375 causa
1108 4317 1310 4373 dictum
1340 4316 1431 4381 sit,
1466 4331 1650 4371 verum
1687 4316 1924 4370 triticum
1971 4329 2074 4384 est,
2124 4323 2265 4390 quod

656 4418 803 4488 spica
831 4422 1117 4482 structum,
1150 4423 1201 4468 et
1225 4411 1405 4467 aristis
1430 4411 1706 4478 vallatum,
1726 4421 1780 4466 et
1803 4409 2054 4469 folliculis
2075 4413 2267 4471 decus-

732 4554 812 4630 ll)
842 4554 912 4612 In
942 4556 1027 4628 far
1054 4554 1445 4611 comminutum.

2374 3308 2580 3352 naturae
2624 3308 2786 3371 atque
2832 3302 3068 3371 virtutis,
3101 3303 3184 3377 (It)
3217 3306 3536 3373 significatio
3572 3296 3879 3361 sermodaantis

2373 3406 2483 3446 non
2513 3391 2729 3459 adimit;
2763 3393 2889 3463 quin
2926 3397 3100 3465 potius
3123 3399 3410 3455 veritatem
3445 3400 3606 3471 ipsam
3625 3403 3784 3469 quanta
3804 3403 3885 3460 Ρτο·

2375 3487 2605 3553 prietate
2632 3488 2997 3545 commendat.
3029 3489 3245 3547 Afferre
3271 3493 3418 3548 enim
3448 3493 3586 3548 dicto
3612 3486 3880 3547 efﬁcientiam,

2373 3586 2580 3635 natura;
2614 3581 2731 3651 ejus
2780 3590 2882 3651 est,
2936 3600 3057 3655 qua:
3103 3585 3348 3645 efficiens
3395 3586 3447 3644 id
3493 3588 3651 3660 possit
3685 3589 3883 3656 praestari.

2371 3671 2514 3741 quod
2541 3672 2748 3729 dicens.
2795 3673 2852 3729 In
2890 3690 2995 3746 quo
3022 3692 3154 3745 ergo
3184 3680 3403 3736 tandem
3435 3695 3540 3735 non
3568 3680 3659 3735 erit
3685 3684 3809 3730 verus
3827 3667 3882 3721 ille

2372 3768 2461 3835 qui
2489 3766 2675 3834 efficit,
2704 3785 2825 3824 cum
2857 3786 3017 3827 verus
3064 3771 3136 3827 sit
3174 3772 3265 3829 ille
3305 3775 3397 3845 qui
3439 3775 3593 3838 dicit;
3620 3766 3795 3843 quando
3811 3760 3887 3833 qni-

2373 3860 2496 3916 detn
2523 3861 2652 3917 dicti
2684 3865 2987 3931 veritatem,
3019 3864 3143 3921 facti
3188 3868 3393 3924 veritas
3421 3857 3885 3938 consequaturtDettS

2373 3964 2460 4011 est
2484 3957 2573 4027 qni
2598 3957 2757 4025 dixit,
2782 3958 2925 4016 Deus
2951 3962 3141 4032 estqui
3171 3961 3322 4019 fecit.
3355 3962 3410 4019 Si
3443 3963 3495 4019 in
3524 3963 3659 4018 dicto
3685 3958 3746 4031 (in
3768 3942 3887 4018 θοαυῖ

2375 4050 2533 4122 dixit)
2559 4054 2758 4108 veritas
2788 4063 2902 4121 est;
2951 4071 3137 4126 quaero
3184 4072 3284 4113 cur
3329 4070 3554 4128 negetur
3597 4056 3644 4111 in
3694 4052 3802 4107 facto
3839 4042 3889 4111 (ίη

2375 4157 2442 4196 eo
2500 4145 2590 4214 qni
2649 4143 2835 4217 fecit).
2890 4145 3002 4202 Nisi
3054 4147 3193 4205 forte
3234 4148 3326 4205 hic
3379 4148 3606 4206 dicendo
3654 4158 3782 4201 verus
3822 4134 3890 4195 Sil.

2373 4246 2429 4291 et
2482 4251 2589 4292 non
2647 4238 2719 4293 sit
2774 4256 2936 4297 verus
2978 4242 3081 4297 iste
3126 4242 3396 4299 faciendo.
3479 4242 3725 4298 Habemus
3771 4235 3893 4298 ita‘l“e

2374 4329 2425 4382 in
2458 4329 2571 4384 filio
2601 4330 2693 4386 Dei
2721 4332 2829 4389 Deo
2856 4344 3061 4389 naturae
3090 4337 3398 4392 veritatem.
3458 4336 3596 4390 Deus
3636 4340 3727 4393 est,
3749 4331 3895 4381 creator

2373 4431 2476 4489 est,
2512 4422 2607 4479 Dei
2634 4404 2777 4483 [ilius
2801 4436 2908 4493 est,
2939 4436 3115 4498 potest
3135 4429 3339 4487 omnia.
3388 4427 3545 4501 107
3584 4426 3753 4481 Parum
3775 4414 3897 4472 estut

658 4690 823 4753 porro
840 4684 968 4753 e_st_§
999 4681 1054 4727 et
1076 4686 1215 4727 unus
1247 4684 1352 4726 non
1384 4676 1569 4740 posset
1597 4681 1720 4723 esse
1748 4665 1877 4733 duo,
1916 4666 2017 4725 nisi
2051 4674 2254 4723 tantum
2283 4667 2340 4730 D
2365 4684 2534 4753 opus,
2564 4674 2877 4753 cujusutres
2915 4676 3118 4749 primos
3156 4692 3407 4753 spectare
3470 4682 3593 4739 licet
3635 4677 3774 4753 velut
3795 4679 3897 4753 (Illic:

661 4745 713 4803 in
746 4745 1072 4802 nominibus.

730 4839 807 4964 ςα)
843 4838 975 4893 Illud
1019 4852 1107 4909 per
1144 4851 1314 4907 quem,
1344 4848 1451 4889 non
1482 4832 1549 4889 ad
1584 4832 1753 4911 Deum
1785 4833 2130 4891 referendum
2158 4849 2264 4908 est,

730 4930 737 4964 ι
789 4911 853 4964 ad
904 4910 1145 4964 Movsen.
1175 4925 1281 4964 uno
1328 4919 1552 4962 auctore
1602 4907 1768 4961 Deum
1816 4917 1869 4961 et
1913 4909 2076 4962 Detttn
2128 4909 2264 4964 liber

658 4907 750 4967 sed
787 4907 853 4965 ad
904 4907 1145 4981 Moysen,
1175 4919 1552 4981 quorauctore
1602 4907 1768 4981 Deum
1816 4917 1869 4961 et
1913 4909 2076 4962 Deum
2128 4907 2266 4969 liber

660 4982 906 5052 superior
952 4980 1374 5052 demonstravit,
1424 4994 1544 5032 cum
1594 4980 1710 5048 ejus
1762 4982 2079 5052 auctoritate
2126 4981 2264 5039 abu-

661 5050 901 5109 terentur
925 5051 1187 5117 lucretici,
1218 5060 1275 5105 ut
1298 5050 1464 5104 Deum
1495 5064 1657 5105 unum
1696 5062 1749 5106 et
1779 5051 2078 5107 solitarium
2123 5068 2263 5124 prae.

661 5126 924 5181 dicarent.

730 5196 809 5269 (b)
838 5194 913 5250 Ita
943 5208 1073 5249 mss.
1105 5192 1173 5249 At
1203 5191 1356 5256 editi,
1384 5194 1701 5247 contrarium
1728 5204 1825 5249 est.

730 5293 806 5361 (ο)
851 5289 1098 5359 Quinque
1128 5303 1258 5344 mss.
1298 5291 1652 5361 recentiores,
1676 5291 1797 5361 quia
1822 5291 1947 5347 audi
1975 5290 2166 5350 Israel.
2202 5292 2262 5350 In

661 5357 767 5420 uno
797 5378 827 5418 e
850 5357 1152 5427 Colbfqnia
1182 5362 1274 5426 ait,
1308 5360 1466 5429 Audi,
1500 5357 1691 5416 Israel.

734 5462 817 5534 (Δ)
848 5457 972 5515 Vat.
1001 5457 1131 5534 Abas.
1164 5472 1266 5513 ms.
1294 5458 1456 5534 quinti
1482 5458 1633 5530 hujus
1659 5458 1795 5512 libri.
1831 5457 2144 5534 Retinemus
2182 5468 2265 5516 ta-

661 5529 786 5588 men
817 5546 939 5585 cum
966 5529 1088 5585 aliis
1117 5530 1355 5597 secundi,
1396 5529 1580 5600 sicque
1612 5539 1833 5584 vocatur
1862 5530 1947 5587 hic
1982 5532 2117 5587 liber
2143 5546 2252 5587 non

660 5613 913 5676 respectu
945 5602 1108 5676 totius
1146 5600 1349 5676 operis,
1391 5600 1486 5676 sed
1517 5603 1598 5657 vel
1640 5602 1782 5676 quod
1797 5603 1866 5676 in
1896 5619 1962 5659 eo
1996 5603 2250 5669 Hilarius,

659 5674 735 5731 uti
756 5672 1208 5746 'prtemonuitnus,
1238 5672 1610 5746 luereticorum
1644 5672 1941 5743 perfidiam,
1975 5676 2255 5744 superiore

660 5744 798 5803 libro
840 5745 1067 5817 primum
1113 5755 1472 5817 oppugnatam
1495 5786 1510 5811 ,
1541 5744 1721 5801 denuo
1746 5747 2088 5817 aggrediatur
2120 5765 2133 5799 :
2167 5747 2251 5801 vel

660 5821 823 5897 etiam
838 5815 960 5891 quia
984 5815 1253 5874 secundus
1271 5815 1364 5876 est
1391 5832 1456 5874 ex
1485 5832 1592 5888 quo
1616 5817 1683 5873 ad
1705 5815 2071 5877 intermissum
2092 5817 2254 5877 rediit

2373 4742 2501 4870 ἓξὲξ
2531 4742 2809 4816 Ρνίιῖίυάίθι
2843 4742 2961 4821 (Illic
2991 4753 3153 4808 etiam
3180 4742 3210 4809 ὁ
3233 4755 3450 4810 caeteris
3477 4751 3652 4811 divelli
3677 4745 3803 4805 facile
3817 4748 3900 4812 pos-

2425 4833 2439 4869 ι

2373 4831 2455 4869 Si"

2446 4886 2520 5031 ξε)
2550 4889 2799 4960 Plerique
2822 4907 2953 4949 mss.
2988 4894 3044 4948 in
3074 4896 3159 4969 fur
3188 4898 3579 4951 comminutum.

2473 4962 2522 5031 f)
2557 4961 2696 5016 Editi
2723 5004 2737 5029 ,
2771 4965 2833 5018 de
2860 4967 3012 5020 unius
3040 4969 3145 5021 veri
3177 4966 3274 5022 Dei
3300 4970 3355 5023 in
3390 4967 3548 5024 Patre

2473 4948 2522 5031 ί)
2557 4961 2696 5016 Editi
2716 4948 2737 5029 ',
2771 4965 2833 5018 de
2860 4948 3012 5020 unius
3040 4948 3145 5021 vini
3177 4948 3636 5024 natabant;
3674 4960 3791 5019 Filio
3812 4948 3901 5009 ul-

2371 5032 2646 5105 sistentis:
2676 5037 3032 5092 emendantur
3082 5054 3147 5094 ex
3201 5057 3332 5095 mss.
3384 5037 3735 5095 Sulisistcntes
3776 5034 3901 5105 autem

2374 5113 2536 5186 vocat
2582 5103 2797 5162 Patrem
2852 5119 2934 5186 et
2972 5108 3165 5186 Filium
3194 5155 3208 5177 ,
3244 5112 3362 5186 hoc
3398 5119 3517 5179 est,
3577 5106 3791 5186 personis
3817 5097 3905 5186 Adi}:

2374 5177 2607 5302 παῖς(
2664 5194 2771 5250 quo
2847 5180 3138 5238 Sabelliani
3192 5184 3395 5240 erroris
3442 5177 3780 5251 suspicionem
3809 5184 3832 5225 3
3864 5177 3903 5219 5°

2452 5263 2512 5301 er
2536 5263 2564 5301 a
2598 5289 2611 5301 .

2377 5259 2611 5302 avertat.

2446 5318 2521 5395 (9)
2553 5320 2678 5375 Mss.
2704 5320 2898 5391 eam,
2932 5324 3094 5379 aliud.
3129 5323 3296 5382 Vetus
3329 5325 3510 5395 Colb.,
3535 5326 3686 5381 aliam
3716 5320 3905 5395 ρενεοπιε.

2374 5394 2578 5471 omisso
2624 5409 2801 5471 quam.
2851 5395 3014 5465 Pejus
3051 5398 3235 5471 alterL
3259 5399 3421 5471 aliam
3462 5392 3677 5471 aliquam
3714 5392 3905 5471 Ρετξοηίὲο

2372 5459 2831 5539 Nil_t_nut_a:nt_lum.
2887 5459 3144 5539 apposite
3193 5459 3564 5526 Tertullianus
3613 5459 3904 5539 οοηίηΡτειξ·

2375 5549 2431 5611 n_.
2463 5534 2567 5589 12:
2599 5534 2767 5611 Habes
2795 5526 2949 5604 duos;
2974 5526 3150 5595 Ianum
3176 5543 3427 5597 dicentem
3469 5553 3522 5596 ut
3560 5541 3668 5611 ﬁat,
3700 5526 3910 5611 ultumi”:

2366 5606 2599 5686 cientem.
2649 5606 2820 5663 Alium
2871 5620 3044 5665 autem
3081 5615 3336 5686 quomodo
3360 5605 3596 5686 accipere
3622 5610 3800 5686 debuit,
3826 5605 3909 5686 ἱαξξ

2367 5680 2627 5761 professus
2652 5660 2816 5746 {alii}
3120 5660 3264 5761 Et};
3862 5660 3911 5719 σά

2365 5749 2742 5806 distinctionem
2764 5793 2779 5819 ,
2808 5749 2911 5809 non
2936 5755 3006 5809 ad
3029 5749 3350 5814 diuisionem.

2368 5890 2389 5897 _
2440 5822 2518 5892 (lt)
2558 5822 2614 5879 lu
2648 5839 2779 5881 mss.
2804 5825 2993 5898 Carn.,
3016 5830 3378 5886 sermocinatio
3400 5825 3746 5902 signiﬁcantis.
