4040 6328
128 274 236 344 455*

1351 270 1440 333 DE
1477 264 1849 333 TRINITATE
1878 264 2081 324 LIBER
2110 252 2178 321 ν.

3322 228 3437 312 εει

125 403 259 476 quod
291 401 404 459 vult
433 397 639 469 possit,
668 397 791 470 quia
819 409 1035 467 semper
1067 394 1318 450 voluntas
1344 394 1559 449 virtutis
1588 401 1672 450 est
1698 407 1714 458 ;

1895 410 1948 463 7.
2002 406 2157 461 Pater
2182 403 2371 458 dicens.
2401 400 2685 457 Faciamus
2734 397 2980 469 (aqualem
3034 394 3129 452 sibi
3177 395 3431 468 signiﬁcat

127 498 243 570 quin
275 497 437 553 etiam
472 494 524 549 id
547 492 688 562 quod
716 493 817 550 sibi
847 491 1043 549 dicitur
1064 499 1257 560 potest.
1290 489 1549 544 Perfecta!
1574 488 1718 543 enim

128 589 405 662 potestatis
447 594 553 652 est,
607 584 711 641 hoc
760 592 1006 640 naturam
1052 597 1216 653 posse
1262 582 1528 647 facientis,
1576 580 1723 651 quod

126 682 293 756 possit
310 679 617 752 signiﬁcare
643 693 827 734 sermo
848 677 1098 733 dicentis.
1123 680 1297 747 Atque
1324 677 1393 730 ita
1415 689 1539 730 cum
1561 673 1723 744 quid-

125 776 245 848 quid
276 775 384 831 dici
412 782 609 844 potest,
658 771 709 827 id
756 771 931 841 ipsum
962 777 1017 826 et
1047 768 1128 844 (Ι)
1155 768 1296 826 efﬁci
1343 769 1542 839 possit;
1579 774 1727 822 tenet

126 870 365 924 veritatis
406 877 650 921 naturam
679 879 741 919 ea
772 880 896 935 quae
936 864 1094 919 dictis
1119 873 1430 934 exmquatur
1456 862 1720 932 operatio.

125 964 232 1019 Non
262 974 345 1017 est
380 962 559 1030 itaque
591 958 683 1013 Dei
712 957 854 1013 ﬁlius
885 958 1024 1013 Deus
1048 956 1235 1022 falsus,
1261 970 1360 1012 nec
1392 955 1534 1009 Deus
1562 954 1727 1023 adop-

128 1058 285 1123 tivus,
318 1070 421 1110 nec
447 1051 590 1108 Deus
620 1050 698 1123 (α)
729 1060 1196 1120 conuuncupatus,
1227 1048 1322 1104 sed
1359 1048 1500 1103 Deus
1545 1061 1724 1102 verus.

127 1152 185 1206 Et
204 1147 282 1223 (ὑ)
317 1163 424 1202 non
455 1160 679 1201 necesse
705 1154 784 1198 est
814 1142 1015 1214 aliquid
1039 1158 1071 1198 e
1091 1143 1308 1197 diverso
1333 1140 1726 1203 demanatrare,

126 1259 215 1315 per
240 1242 390 1313 quod
438 1256 544 1297 non
584 1238 657 1295 sit
709 1238 848 1293 Deus
879 1252 1038 1294 verus
1072 1255 1087 1292 :
1120 1235 1416 1293 mihienim
1446 1234 1650 1291 sul'licit
1673 1233 1727 1288 in

126 1355 187 1395 eo
210 1336 312 1394 Dei
343 1350 540 1392 nomen
567 1343 730 1404 atque
744 1343 952 1388 natura.
983 1332 1127 1389 Deus
1153 1332 1299 1387 enim
1320 1339 1421 1395 est,
1455 1345 1550 1399 per
1568 1343 1729 1399 quem

126 1431 255 1486 facta
318 1438 448 1486 sunt
510 1426 717 1483 omnia.
784 1425 857 1498 (c)
921 1425 1035 1480 lloe
1088 1424 1219 1481 mihi
1269 1425 1337 1481 de
1410 1437 1477 1479 eo
1527 1421 1733 1479 erectio

126 1522 312 1579 mundi
365 1522 540 1577 locuta
592 1504 727 1576 est:
757 1519 1087 1591 Exazquatur
1131 1519 1275 1575 Deus
1328 1518 1442 1574 Deo
1490 1517 1729 1583 nomine,

128 1627 440 1689 esteqttatur
481 1615 691 1673 veritati
735 1617 934 1669 veritas
968 1629 1150 1682 opere.
1189 1611 1260 1669 Ut
1293 1611 1619 1683 significatio
1651 1619 1734 1666 est

129 1715 226 1771 Dei
250 1714 493 1786 potentis
518 1711 571 1766 in
593 1710 759 1777 dicto,
789 1710 863 1765 ita
890 1709 1246 1779 intelligentia
1272 1716 1356 1762 est
1379 1706 1474 1762 Dei
1498 1705 1735 1776 potentis

1825 503 1913 555 cui
1932 499 1986 553 id
2016 499 2237 553 dicit.——
2264 496 2395 564 Qum
2421 511 2539 549 cum
2568 494 2635 548 ita
2654 494 2780 560 sint,
2798 492 3075 560 interrogo
3095 492 3430 544 interverutn

1822 600 1878 648 et
1909 591 2098 647 falsum
2129 588 2301 643 Deum
2335 585 2605 658 quomodo
2656 583 2757 639 hoc
2798 584 2997 638 dietum
3052 582 3382 652 intelligatur
3416 598 3430 635 :

1826 685 2104 742 Faciamus
2135 683 2389 738 hominem
2418 681 2485 735 atl
2509 680 2782 752 imaginem
2808 687 2857 731 et
2878 675 3267 732 similitudinem
3316 691 3437 728 nos-

1827 790 1962 834 tram
1990 777 2143 851 (Gen.
2171 792 2204 841 t,
2236 775 2352 846 26).
2399 773 2573 830 Verba
2619 788 2837 827 sensum
2886 772 3191 834 eountiant,
3245 783 3437 825 sensus

1827 876 2052 933 rationis
2080 872 2144 945 (Γ)
2172 883 2254 928 est
2278 879 2453 926 motus
2473 913 2486 937 ,
2513 869 2741 925 rationis
2770 878 2971 922 motum
3002 865 3201 921 veritas
3227 864 3436 919 incitat.

1829 970 1909 1026 Ex
1932 970 2110 1025 verbis
2140 967 2302 1038 igitur
2326 980 2543 1021 sensum
2568 979 2877 1035 sequamur,
2903 979 2967 1018 cx
2991 976 3152 1017 sensu
3176 964 3439 1013 rationem

1831 1063 2211 1132 intelligamus,
2255 1070 2308 1116 et
2352 1075 2417 1115 ex
2467 1057 2676 1113 ratione
2732 1056 3015 1111 veritatem
3067 1053 3437 1126 apprehendit»

1834 1172 1974 1211 mus.
2004 1154 2102 1209 Cui
2134 1155 2278 1208 enim
2320 1153 2519 1207 dicitur
2552 1168 2565 1204 :
2600 1147 2876 1204 Faciamus
2918 1149 3178 1203 hominem
3213 1149 3279 1202 ad
3303 1148 3441 1201 ima-

1831 1251 2000 1324 ginem
2032 1257 2079 1304 et
2106 1247 2495 1303 similitudinem
2520 1258 2763 1307 nostram,
2794 1259 2978 1314 quaaro
3007 1244 3061 1298 itt
3090 1258 3199 1313 quo
3229 1257 3335 1297 non
3356 1256 3444 1297 se-

1834 1344 2068 1401 cundum
2094 1343 2169 1417 (g)
2196 1358 2317 1399 eum
2348 1356 2507 1397 verus
2538 1342 2606 1395 sit
2631 1382 2645 1405 ,
2678 1339 2768 1411 qui
2797 1338 2899 1394 sibi
2940 1337 3082 1394 dicat
3116 1356 3130 1393 :
3160 1354 3281 1392 nam
3325 1338 3444 1392 sine

1835 1440 1998 1495 dubio
2026 1437 2233 1493 dictum
2291 1438 2392 1493 hoc
2444 1452 2512 1492 ex
2552 1435 2746 1491 affectu
2776 1449 3047 1504 sensuque
3085 1432 3313 1489 dicentis
3338 1442 3441 1487 est.

1838 1533 1979 1603 Ergo
2008 1532 2098 1603 qui
2125 1530 2255 1585 dicit
2286 1529 2600 1596 Faciamus,
2637 1528 2903 1598 signiﬁcat
2931 1542 3114 1583 secum
3148 1525 3215 1582 ad
3247 1525 3447 1582 facien-

1838 1625 1965 1680 dum
2000 1640 2105 1679 non
2128 1623 2562 1689 dissentientem,
2586 1639 2691 1676 non
2716 1623 2971 1687 alienum,
3006 1637 3113 1676 non
3148 1619 3446 1686 inlirinum,

1839 1718 1935 1774 sed
1964 1719 2054 1789 qui
2088 1726 2279 1788 potens
2310 1719 2378 1771 sit
2408 1716 2473 1771 ad
2504 1716 2577 1783 id,
2607 1715 2749 1771 unde
2776 1725 2858 1769 est
2881 1731 3082 1782 sermo,
3114 1712 3442 1781 faciet‘idum.

124 1809 176 1867 in
206 1807 372 1864 facto.
418 1806 484 1861 Et
535 1813 657 1876 post
699 1801 817 1859 haec
844 1817 1049 1872 quaero,
1074 1804 1129 1856 in
1161 1802 1335 1856 Patris
1365 1809 1421 1855 et
1452 1800 1571 1855 Filii
1601 1814 1734 1854 con-

1863 1807 1958 1864 ioc
1984 1823 2115 1881 ergo
2141 1812 2259 1866 sine
2285 1808 2448 1865 dubio
2477 1809 2717 1865 sensisse
2738 1808 2828 1881 qui
2856 1808 3117 1880 loquitur,
3142 1806 3265 1880 quia
3298 1806 3348 1862 id
3375 1809 3452 1863 lo-

124 1900 363 1956 fossione
401 1914 509 1970 qua
554 1897 882 1953 auctoritate
927 1907 1133 1951 natura:
1163 1896 1363 1951 veritas
1391 1894 1471 1967 (d)
1500 1894 1737 1965 denege-

125 2005 238 2060 tur,
257 2009 420 2063 quam
433 2002 491 2050 et
503 1994 669 2047 virtus
682 1990 940 2058 nominis,
958 1998 1016 2045 et
1030 2004 1225 2046 nomen
1243 1988 1735 2058 virtutisiinplevit.

195 2087 485 2161 6.0bjecta
504 2101 568 2141 ex
592 2083 884 2157 Evangeliis
910 2083 1133 2139 adducta
1158 2082 1285 2138 alibi
1303 2083 1585 2139 diluentur.
1610 2081 1735 2136 Cur.

131 2182 353 2237 Veritas
381 2198 481 2235 non
503 2178 822 2253 intelligitur,
850 2179 949 2235 nisi
966 2178 1162 2250 objecta
1189 2177 1326 2248 falsa
1359 2192 1470 2232 esse
1499 2177 1739 2231 evincanc

120 2285 240 2328 tur.
273 2302 347 2313 —
370 2273 676 2329 Meminisse
699 2282 881 2329 autem
921 2272 1188 2343 legentem
1233 2280 1467 2342 Oportet,
1498 2286 1605 2325 non
1650 2284 1740 2325 me

125 2365 513 2423 immemorem
536 2375 628 2421 aut
647 2365 979 2421 diflidentem
1003 2380 1187 2420 earum
1206 2381 1326 2432 quae
1341 2363 1501 2434 objiei
1528 2363 1742 2418 soleant

120 2464 516 2537 qiuestionunt,
556 2460 626 2516 de
666 2460 750 2515 bis
798 2476 940 2515 nunc
981 2469 1180 2515 tacere.
1230 2458 1415 2530 Neque
1461 2458 1603 2513 enim
1637 2458 1741 2514 hoc

123 2559 273 2632 quod
293 2558 404 2615 dici
434 2558 575 2614 solet
604 2575 618 2612 :
650 2556 807 2612 Pater
836 2558 1006 2626 major
1035 2570 1116 2609 me
1142 2565 1214 2609 est
1246 2552 1427 2627 (Joan.
1462 2568 1580 2621 xw,
1619 2552 1737 2624 28),

124 2663 180 2709 et
210 2664 414 2708 cetera
446 2650 754 2722 hujusmodi
779 2648 1002 2717 similia,
1034 2660 1127 2703 aut
1157 2649 1491 2719 ignorantur,
1520 2655 1612 2701 aut
1634 2659 1740 2700 non

127 2748 530 2820 intelliguntur,
560 2756 620 2802 ut
656 2761 765 2800 non
812 2761 910 2815 per
937 2744 1053 2799 haec
1084 2744 1200 2813 ipsa
1238 2741 1355 2797 veri
1382 2741 1475 2797 Dei
1520 2742 1570 2795 in
1606 2740 1744 2795 Filio

129 2852 321 2899 natura
366 2842 671 2897 doceatur:
704 2838 801 2894 sed
841 2837 1087 2893 ordinem
1128 2835 1500 2907 responsionis
1542 2842 1744 2890 nostra:

135 2950 256 2990 eum
296 2950 426 2991 esse
464 2931 738 2996 convenit,
769 2932 858 3001 qui
903 2939 1022 2986 erat
1053 2928 1436 3001 propositionis
1465 2928 1740 2994 adversae;

130 3040 187 3084 ut
215 3029 447 3101 vestigia
470 3027 650 3097 impia:
681 3025 1037 3081 institutionis
1062 3038 1284 3094 gressus
1311 3020 1398 3076 hic
1419 3021 1522 3091 piae
1547 3020 1746 3092 praedi-

127 3122 370 3179 catinnis
396 3121 695 3187 inculcatis,
745 3119 857 3188 ipsa
910 3118 998 3172 illa
1051 3118 1219 3186 prima
1250 3113 1531 3171 evadentis
1561 3114 1612 3168 in
1642 3112 1747 3169 hoc

1842 1912 1998 1959 cutus
2029 1914 2132 1967 est,
2169 1903 2550 1974 intelligendus
2577 1914 2679 1961 est.

1917 2019 1969 2074 8.
2015 2018 2203 2072 Dicens
2233 2018 2300 2072 ad
2326 2019 2611 2090 imaginem
2641 2028 2879 2075 nostram
2911 2037 3067 2075 unam
3093 2018 3190 2074 sibi
3215 2033 3331 2072 cum
3358 2014 3453 2071 Fi-

1843 2113 1911 2167 lio
1940 2121 2176 2165 naturam
2205 2112 2419 2166 indicat.
2441 2142 2512 2153 —
2534 2111 2599 2168 Ut
2630 2113 2839 2182 plenior
2858 2124 3038 2167 autem
3062 2122 3266 2166 naturae
3288 2120 3455 2181 atque

1843 2207 2174 2276 operationis
2208 2208 2406 2260 veritas
2434 2205 2760 2272 doceretur;
2796 2206 2888 2276 qui
2915 2221 3136 2260 sensum
3164 2219 3319 2259 suum
3358 2217 3454 2272 per

1846 2304 2003 2356 verba
2028 2301 2403 2372 eloquebatur,
2430 2316 2622 2357 sensus
2644 2316 2860 2372 quoque
2884 2301 3143 2357 rationem
3166 2315 3233 2355 ex
3261 2306 3454 2354 natura

1844 2410 1966 2451 cum
2012 2398 2239 2451 veritate
2269 2395 2520 2467 subjecit,
2568 2395 2754 2450 dicens
2791 2394 2859 2448 ad
2889 2394 3164 2465 imaginem
3191 2403 3235 2447 et
3265 2390 3454 2447 simili-

1846 2488 2070 2541 tudinem
2103 2498 2350 2543 nostram.
2387 2486 2484 2543 Ubi
2511 2497 2592 2542 est
2633 2485 2721 2542 ltic
2749 2487 2918 2540 falsus
2948 2484 3114 2549 Deus,
3161 2485 3247 2540 cui
3295 2498 3457 2538 verus

1848 2580 1989 2636 Deus
2033 2580 2163 2636 dicit
2206 2583 2275 2635 ad
2324 2581 2600 2652 imaginem
2650 2593 2696 2635 et
2743 2580 3136 2635 similitudinem
3185 2575 3455 2634 nostram?

1852 2671 2101 2731 Nostram
2123 2689 2228 2728 non
2265 2674 2422 2728 habet
2450 2675 2729 2740 unionem,
2755 2689 2859 2728 non
2884 2674 3040 2728 habet
3061 2672 3454 2735 diversitatem.

1849 2784 1957 2824 non
1987 2768 2148 2824 habet
2170 2769 2573 2823 discretionem.
2605 2767 2776 2823 Homo
2805 2767 2950 2823 enim
2998 2766 3064 2821 ad
3112 2779 3456 2821 communem

1848 2864 1929 2930 lit,
1954 2864 2249 2920 scentulum
2291 2863 2574 2918 veritatem
2616 2865 2882 2918 sermonis
2906 2903 2923 2929 ,
2958 2858 3266 2930 imaginem.
3299 2858 3463 2913 Com-

1852 2959 2035 3012 munio
2066 2971 2246 3011 autem
2280 2954 2415 3010 falso
2446 2970 2686 3023 veroiiuc
2718 2972 2823 3009 non
2855 2953 3135 3024 competit.
3170 2950 3336 3017 Deus,
3367 2947 3461 3020 qui

1853 3052 2108 3123 loquitur,
2140 3051 2206 3105 ad
2232 3049 2401 3105 Deum
2434 3048 2672 3120 loquitur
2706 3065 2721 3102 :
2762 3048 2827 3103 ad
2874 3047 3046 3102 Patris
3079 3054 3135 3101 et
3166 3044 3290 3101 Filii
3320 3042 3461 3099 ima-

1851 3148 2029 3216 ginem
2055 3143 2217 3198 homo
2243 3143 2514 3200 conditur.
2551 3142 2752 3197 Nomen
2786 3156 2892 3196 non
2925 3140 3225 3210 discrepat,
3269 3146 3463 3190 natura

127 3214 428 3283 profanum
458 3213 929 3284 irreligiosutnque
956 3210 1060 3265 iter
1080 3208 1284 3263 fallacis
1305 3207 1566 3262 doctrinze
1597 3196 1820 3277 slgna‘C
1852 3196 2212 3294 "in—ire".
2433 3236 2577 3292 enim
2625 3246 2712 3292 es,
2759 3233 2844 3307 (ἡ)
2875 3196 3151 3306 ίηωςίηίέ.
3193 3196 3259 3286 a'd
3303 3244 3465 3302 quam

123 3312 374 3367 deleret.
406 3308 596 3363 Dilatis
650 3308 811 3377 igitur
839 3313 1000 3374 atque
1024 3305 1076 3360 in
1104 3313 1435 3374 postremum
1460 3301 1752 3357 reservatis

120 3400 469 3475 evangelicis
493 3410 653 3472 atque
674 3398 986 3467 apostolicis
1008 3398 1312 3469 praeconiis,
1338 3398 1513 3452 omnis
1534 3397 1750 3454 interim

123 3497 299 3554 nobis
327 3497 403 3553 de
429 3496 548 3567 lege
579 3504 635 3550 ct
664 3493 941 3564 proiibetis
956 3492 1429 3561 adversusimpios
1456 3506 1629 3560 biiugos
1660 3490 1751 3555 sit,

119 3592 464 3650 cmentitam
496 3602 687 3645 eorum
711 3603 775 3642 ac
804 3586 1048 3642 fallacem
1081 3586 1491 3656 perversitatem
1516 3583 1596 3638 his
1625 3583 1756 3652 ipsis

121 3686 391 3749 interim,
435 3681 635 3751 quibus
664 3679 855 3736 fallere
900 3685 1128 3742 tentant,
1161 3677 1319 3733 dictis
1347 3674 1424 3750 (2)
1454 3690 1754 3748 coarguen-

122 3782 285 3835 tibus
335 3776 436 3849 (ε).
486 3775 672 3845 Neque
714 3775 856 3830 enim
885 3772 1043 3828 aliter
1073 3771 1270 3828 veritas
1300 3769 1523 3842 intelligi
1560 3777 1758 3841 potest,

116 3888 302 3942 quam
332 3871 384 3925 si
417 3869 549 3925 falsa
577 3884 640 3925 ea
669 3883 814 3935 esse,
855 3883 975 3939 quae
1005 3866 1220 3922 veritati
1248 3864 1459 3933 objecta
1488 3873 1636 3930 sunt,
1664 3864 1763 3920 de-

118 3971 435 4037 tegantur;
464 3971 519 4017 et
539 3960 641 4015 hoc
666 3960 883 4031 quidem
907 3959 1284 4014 mentientium
1305 3957 1640 4013 absoltttiore
1659 3956 1759 4012 de-

113 4057 371 4122 decore,
414 4054 461 4108 si
494 4053 772 4110 tuendacia
804 4054 917 4123 ipsa
966 4051 1250 4121 proﬁciant
1277 4050 1513 4106 veritati.
1549 4050 1614 4104 Et
1643 4053 1764 4119 qui-

113 4150 257 4205 dem
308 4162 483 4204 sensu
541 4148 789 4199 humana:
834 4143 1112 4213 Opinionis
1162 4158 1452 4198 commune
1494 4142 1758 4213 judicium

111 4252 235 4309 est,
268 4253 628 4311 nequaquam
660 4238 806 4293 veris
830 4236 962 4292 falsa
993 4237 1210 4303 sociari,
1239 4251 1416 4305 neque
1439 4234 1558 4290 haec
1576 4249 1759 4291 rerum

110 4350 351 4408 genera
380 4343 574 4387 mutuo
598 4330 697 4387 sibi
731 4330 890 4404 108
913 4345 1143 4387 assensu
1165 4329 1435 4385 contineri
1466 4347 1481 4384 :
1512 4330 1637 4400 quia
1666 4343 1763 4399 per

109 4430 370 4499 generis
390 4425 756 4482 differentiam
784 4427 1106 4480 adversante
1128 4435 1320 4478 natura
1342 4437 1633 4495 numquam
1654 4422 1768 4480 dis-

108 4521 389 4581 sidentia
445 4528 659 4586 coeant,
710 4532 811 4573 nec
848 4516 1060 4574 diversa
1108 4517 1470 4585 consentiant,
1512 4531 1614 4573 nec
1665 4516 1769 4574 sibi

110 4620 396 4674 invicem
425 4611 599 4667 aliena
628 4611 935 4668 communia
963 4610 1093 4667 sint.

190 4734 219 4809 ζ
225 4736 293 4807 1)
322 4730 389 4786 In
409 4728 690 4794 anteriori,
709 4728 846 4799 efﬁci
873 4734 1054 4800 potest.

1857 3332 2019 3386 homo
2040 3316 2255 3387 creatus
2284 3340 2389 3393 est,
2423 3330 2653 3400 species.
2688 3326 2758 3382 Et
2803 3328 2944 3382 inter
2985 3329 3101 3380 haec
3148 3323 3349 3379 veritas
3377 3322 3466 3378 ubi

1856 3424 2088 3496 deperit,
2119 3433 2370 3480 manente
2395 3423 2457 3494 (i)
2488 3423 2628 3476 inter
2660 3429 2947 3491 utrumque
2973 3430 3027 3474 et
3067 3419 3191 3472 lacti
3222 3429 3469 3471 commu-

1860 3517 2042 3582 nione,
2073 3523 2129 3571 et
2153 3512 2456 3570 communis
2499 3512 2746 3584 imaginis
2791 3508 3054 3567 veritate?
3083 3507 3333 3564 Nondum
3369 3505 3469 3561 ab-

1860 3612 2133 3667 solvenda:
2164 3610 2321 3681 hujus
2345 3610 2662 3681 qua-stionis
2691 3608 2821 3663 mihi
2864 3618 3075 3677 tempus
3105 3613 3189 3660 est
3226 3620 3240 3657 :
3283 3612 3468 3672 poste-

1864 3707 1975 3762 rius
1997 3704 2138 3761 enitn
2169 3705 2687 3770 demonstrabimus,
2737 3704 2790 3757 in
2846 3720 3007 3773 quatit
3051 3701 3339 3772 imaginem
3371 3697 3470 3753 Dei

1866 3803 2031 3872 pairis
2062 3809 2117 3856 e‘.
2145 3799 2238 3856 Dei
2284 3800 2377 3855 ﬁlii
2426 3806 2586 3854 homo
2625 3798 2874 3855 conditus
2919 3798 3010 3852 sit.
3062 3795 3216 3851 Nunc
3253 3794 3470 3850 interim

1866 3894 1967 3950 hoc
2001 3906 2264 3962 tenemus,
2291 3912 2358 3950 an
2387 3910 2547 3949 verus
2578 3893 2723 3948 Deus
2754 3907 2861 3948 non
2907 3894 2997 3956 sit,
3031 3891 3115 3945 cui
3142 3904 3301 3945 verus
3329 3887 3472 3943 Deus

1866 3990 2058 4045 dixerit
2091 4008 2103 4044 :
2136 3988 2410 4044 Faciamus
2434 3988 2691 4043 hominem
2712 3987 2780 4039 ad
2799 3983 3071 4058 imaginem
3102 3994 3150 4037 et
3172 3979 3473 4036 similitudi-

1874 4101 1986 4138 nem
2012 4094 2259 4138 nostram.
2286 4082 2563 4149 Discerne,
2595 4082 2639 4135 si
2667 4080 2793 4151 quid
2821 4089 2993 4148 potes,
3020 4079 3075 4134 in
3101 4076 3201 4133 bac
3224 4075 3473 4146 imaginis

1864 4177 2244 4234 communione
2276 4192 2462 4233 verum
2492 4184 2651 4247 atque
2685 4173 2845 4247 109
2865 4174 3054 4227 falsum
3090 4189 3103 4226 :
3133 4179 3188 4229 et
3213 4169 3476 4228 haeretica

1867 4274 2046 4328 furore
2096 4270 2210 4327 lucc
2240 4269 2635 4327 iudissecabilia
2673 4268 2885 4325 decide.
2925 4264 3101 4324 Unum
3140 4266 3283 4323 enim
3327 4256 3483 4333 sunt,

1868 4362 1936 4438 (j)
1968 4381 2196 4436 quorum
2225 4363 2475 4435 imaginis
2503 4370 2561 4419 et
2583 4359 2958 4419 similitudinis
2987 4375 3152 4415 unum
3199 4367 3285 4415 est
3312 4358 3478 4415 homo

1873 4462 2047 4516 lactus
2077 4458 2410 4530 exemplum.

1945 4551 1999 4609 9.
2033 4548 2207 4608 Homo
2249 4549 2520 4624 faciendus
2545 4547 2614 4607 ad
2657 4546 2934 4620 imaginem
2978 4536 3161 4602 Patris
3206 4553 3254 4600 et
3294 4542 3395 4614 ﬁlii
3420 4542 3482 4613 ﬁt

1951 4730 2033 4804 (2)
2054 4731 2131 4787 lta
2151 4730 2287 4787 Cod.
2313 4729 2515 4786 Veron.
2547 4728 2605 4785 lu
2630 4726 2915 4795 anteriori,
2945 4733 3295 4799 coarguentes.

364 4825 513 4906 Editi
537 4867 550 4886 ,
598 4821 736 4877 Deus
761 4822 1139 4893 nuncupativus
1162 4836 1181 4875 :
1204 4806 1594 4875 reluctantibus
1627 4834 1761 4876 mss.
1788 4825 1843 4888 1)
1942 4826 2013 4951 (e)
2042 4825 2206 4890 Ειιίιί,
2238 4834 2472 4892 excepto
2503 4823 2626 4878 Par.
2657 4820 3085 4893 coarguentibus.
3128 4819 3276 4875 nullo
3317 4816 3487 4873 adsti-

364 4900 441 4951 MII
468 4893 805 4951 (ῖίὶῐηυιθιὶείθ
851 4895 1133 4951 exelllltl-H‘
1168 4902 1292 4947 allle
1330 4908 1502 4947 annos
1529 4893 1633 4950 700
1682 4909 1768 4947 re-
1875 4913 1942 4951 nu
1970 4911 2095 4951 ante
2119 4911 2302 4951 vetere
2330 4896 2467 4951 libro
2488 4937 2504 4951 .
2528 4896 2623 4951 sed
2647 4894 2874 4951 servatis
2901 4891 3271 4951 scrupulosius
3305 4904 3486 4951 gram-

220 4847 260 4883 α

220 4847 260 4883 α
364 4829 513 4880 Editi
537 4867 550 4886 ,
598 4829 736 4877 Deus
761 4829 1139 4893 nuncupativus
1162 4836 1181 4875 :
1204 4829 1594 4875 reluctantibus
1627 4834 1761 4876 mss.

190 4829 293 4977 ibi
324 4900 441 4977 Qui
468 4893 805 4977 Carnuteuse
844 4895 1292 4977 exemplanante
1330 4908 1502 4977 annos
1529 4893 1633 4950 700
1682 4909 1768 4947 re-

102 4965 439 5046 cognovit,
488 4969 884 5046 ltic_expunxit
930 4965 1243 5033 particulam
1291 4975 1575 5046 negantem
1605 4980 1767 5046 :_non

106 5035 279 5103 maio
311 5056 522 5097 sensu.
556 5039 675 5093 Mox
700 5035 752 5092 in
782 5038 971 5092 eodem
1002 5054 1082 5091 ms
1146 5051 1354 5092 neeum:
1381 5037 1434 5091 in
1459 5035 1767 5092 vetustiori-

102 5121 222 5176 bus
257 5114 475 5172 (1011)..
508 5111 743 5181 Kenng.,
766 5119 897 5181 etc.,
922 5107 1397 5175 demonstrandum,
1423 5125 1527 5163 non
1562 5108 1774 5163 demon-

100 5205 333 5247 strare.
378 5182 656 5252 Quantum
676 5180 749 5236 ex
779 5180 1229 5252 subsequentibus
1256 5183 1624 5252 assequlmur,
1648 5190 1772 5234 sen-

105 5262 333 5319 tcntiae
380 5250 545 5325 hujus
564 5256 679 5308 hac
701 5263 784 5308 est.
808 5250 1156 5322 intelligentia
1185 5270 1197 5305 :
1225 5250 1336 5305 Non
1364 5250 1504 5325 nunc
1531 5266 1665 5322 opus
1689 5260 1774 5325 est

100 5324 569 5407 exponereqni
588 5328 663 5380 ab
686 5327 1014 5381 adversariis
1041 5333 1363 5407 opponatur,
1398 5324 1539 5379 unde
1569 5325 1623 5379 in
1655 5324 1770 5379 aui-

101 5393 281 5464 ωιῑη.
323 5393 599 5456 inducant
628 5412 753 5451 eum
782 5411 887 5452 non
913 5410 1036 5452 esse
1056 5393 1242 5451 verum
1270 5393 1458 5450 Deum.

184 5473 509 5554 (c)“So‘lus
722 5468 845 5554 vat.
887 5467 1042 5554 Abas”
1089 5469 1186 5523 hoc
1232 5467 1358 5522 mihi
1417 5469 1481 5524 de
1537 5465 1779 5523 Creatore

98 5541 331 5607 ιιιὲπὶἰί
377 5541 595 5597 Genesis
626 5542 796 5595 locuta
826 5549 921 5595 est.

183 5623 292 5696 (ά)
324 5618 404 5672 ιιι
435 5613 871 5698 recentiorems.
892 5612 1052 5698 Culb;
1069 5613 1138 5698 ab
1158 5609 1783 5698 .interpolato‘refl‘iicad-A-

96 5682 320 5753 «litium
366 5696 465 5741 cst
492 5687 570 5740 vel
594 5686 839 5740 dicimus
861 5700 881 5740 :
911 5685 1056 5755 quod
1085 5683 1284 5741 deinde
1313 5682 1368 5739 in
1397 5683 1528 5740 edit.
1562 5682 1694 5739 Bari.
1728 5691 1784 5739 et

96 5774 211 5828 Er.
256 5759 537 5822 transiit.
566 5757 757 5815 Postea
783 5771 814 5811 a
844 5754 1032 5828 Lipsio
1063 5757 1414 5814 substitutum
1444 5764 1529 5813 est
1552 5754 1630 5812 vel
1652 5754 1785 5810 diui-

96 5838 364 5902 nitatis,
409 5837 466 5887 et
490 5829 631 5904 apud
661 5830 784 5886 Par.
815 5837 1110 5887 retentum.

1875 4891 2095 4968 pula'nte
2119 4911 2302 4953 vetere
2330 4891 2467 4952 libro
2488 4937 2504 4965 ,
2528 4896 2623 4951 sed
2647 4891 2874 4951 servatis
2901 4891 3271 4964 scrupulosius
3305 4904 3486 4962 gram-

1876 4973 2084 5025 maticm
2114 4969 2346 5040 legibus.

1946 5063 2013 5135 (f)
2046 5061 2277 5118 Verbum
2308 5071 2383 5116 est
2410 5076 2443 5116 a
2470 5059 2658 5130 Lipsio
2686 5066 3016 5130 expunctum
3047 5054 3389 5114 restituimus
3419 5062 3489 5112 ex

1876 5134 2037 5201 Bad.,
2062 5135 2154 5190 Er.
2191 5146 2245 5189 et
2276 5150 2408 5189 mss.

1948 5225 2027 5300 (θ)
2059 5226 2112 5281 ld
2134 5235 2247 5300 est,
2280 5225 2333 5281 in
2364 5240 2481 5300 quo
2499 5237 2607 5300 non
2631 5237 2791 5279 verus
2819 5222 2889 5300 sit
2912 5221 2979 5277 ad
3003 5221 3189 5300 instar
3215 5220 3359 5277 illius
3393 5217 3491 5290 qui

1878 5294 1991 5355 sibi
2007 5294 2169 5354 dicat.
2202 5294 2609 5366 Prtepositionis
2647 5296 2927 5351 secundum
2971 5294 3212 5366 similem
3250 5299 3493 5366 potestas

1882 5384 1987 5427 tem
2012 5370 2123 5441 jam
2154 5363 2563 5425 observavimus
2595 5368 2649 5423 in
2680 5367 3119 5424 adnotationibus
3148 5364 3217 5421 ad
3236 5372 3399 5420 tract.
3428 5363 3490 5418 in

1884 5445 1974 5499 Ps.
2006 5457 2227 5508 cxxxtx,
2259 5458 2313 5497 n.
2342 5442 2429 5499 lt).

1959 5537 2039 5609 (h)
2063 5535 2121 5591 In
2163 5533 2286 5609 cod.
2333 5533 2449 5609 Vat.
2493 5532 2611 5588 bas.
2664 5530 2904 5602 imaginis
2939 5528 3257 5596 similitudo,
3289 5527 3495 5583 mnisso

1883 5605 2083 5679 deinde
2105 5607 2270 5664 verbo
2296 5605 2509 5679 species.

1956 5680 2022 5752 (ἱ)
2044 5678 2141 5736 Ms.
2184 5670 2337 5736 Coll):
2377 5693 2500 5733 cum
2541 5673 2850 5752 Germ,_,_ad
2879 5683 3177 5745 utrumque.
3206 5672 3331 5730 Mox
3360 5670 3487 5728 Vat.

1886 5746 2029 5815 basf,
2053 5752 2369 5811 mihisermo
2399 5756 2494 5818 est,
2527 5763 2624 5818 pro
2651 5746 2776 5801 mihi
2801 5757 3001 5815 tempus
3031 5756 3125 5802 est.

1960 5775 2029 5815 5.,
2053 5775 2369 5811 nutttsermu
2399 5775 2494 5818 est,
2527 5775 2624 5818 μιν
2652 5775 2776 5801 num
2801 5775 3000 5815 scrupus
3031 5775 3125 5802 cu.
3354 5775 3361 5781 -

1960 5823 2031 5897 (j)
2079 5824 2253 5893 Editi,
2306 5821 2375 5877 ad
2413 5834 2632 5893 quorum
2670 5832 2690 5874 :
2741 5818 3134 5876 reluctantibus
3180 5831 3318 5875 mss.
3368 5815 3491 5873 Mox
