4040 6328
271 335 373 394 “5

1487 342 1578 399 DE
1615 343 1991 403 TRINITATE
2023 345 2230 403 LIBER
2288 347 2354 403 V.

3467 361 3571 418 NG

273 466 379 514 tem
408 457 537 514 adiit
576 458 595 532 (
626 456 766 514 Ibid.
811 458 881 514 24
904 459 953 533 );
987 459 1294 517 divinorum
1341 471 1394 517 et
1430 462 1730 519 caelestium
1772 478 1860 519 sa-
1891 467 1940 525 Α
1969 463 2137 520 Deum
2162 465 2251 522 lex
2289 475 2434 523 esset
2453 466 2667 537 locuta;
2700 477 2758 525 ut
2786 482 3033 528 naturam
3064 473 3302 530 nominis
3321 488 3417 546 per
3442 490 3572 533 auc-

266 562 665 608 cramentorum
714 554 1078 624 cognitionem
1127 553 1482 626 quadraginta
1544 554 1754 611 dierum
1801 570 1866 612 ac

266 644 505 700 noctium
532 654 773 716 tempore
797 644 1025 716 adeptus
1065 655 1178 713 est,
1202 647 1383 702 omnia
1414 647 1709 705 secundum
1743 663 1867 720 spe-

267 737 404 794 ciem
452 746 685 793 ostensa:
716 738 817 794 sibi
851 739 904 793 in
954 749 1138 795 monte
1184 740 1432 796 veritatis
1478 741 1734 808 instituit,
1769 757 1866 813 per

263 831 681 887 familiaritatem
719 831 993 903 loquentis
1020 832 1088 887 ad
1135 848 1193 887 se
1224 834 1351 899 Dei,
1393 833 1622 904 gloriam
1649 834 1865 890 clarita-

264 925 333 979 tis
380 924 818 993 inconSpicabilis
864 926 1124 997 sumpsit,
1171 933 1227 980 et
1271 922 1633 998 corruptivum
1685 927 1864 983 vultus

261 1017 341 1071 sui
372 1015 609 1087 speciem
643 1015 738 1071 lux
788 1017 1143 1074 intolerabilis
1174 1018 1363 1074 vicium
1417 1019 1719 1088 majestatis
1772 1020 1866 1075 im-

261 1108 441 1180 plevit,
478 1109 642 1164 Deum
693 1118 965 1177 testatur,
996 1110 1066 1166 de
1124 1112 1262 1167 Deo’
1283 1113 1557 1183 loquitur,
1604 1112 1671 1167 ad
1721 1112 1863 1169 hunc

258 1202 592 1259 adorandum
625 1218 748 1259 cum
800 1203 981 1259 laetitia
1031 1205 1271 1275 gentium
1314 1204 1536 1276 angelos
1570 1206 1660 1261 Dei
1693 1206 1861 1261 advo-

257 1305 362 1361 cat,
391 1294 552 1367 hujus
582 1296 807 1366 placitas
857 1297 1259 1353 benedicuones
1289 1296 1489 1368 Joseph
1518 1298 1708 1355 vertici
1762 1298 1862 1353 itu-

256 1398 507 1459 precatur
531 1386 715 1464 (Deut.
747 1405 920 1445 xxxut
944 1431 959 1457 ,
1008 1388 1133 1462 16):
1166 1401 1221 1446 et
1267 1400 1386 1461 post
1436 1389 1553 1446 haec
1582 1390 1699 1445 solo
1727 1404 1859 1447 con-

255 1496 414 1538 cesso
442 1482 491 1539 ei
523 1482 765 1552 nomine,
796 1482 958 1540 audet
987 1484 1269 1556 quisquam
1300 1497 1501 1556 negare
1526 1482 1672 1554 quod
1699 1497 1860 1540 verus

257 1584 341 1631 est
367 1577 392 1631 ἲ

325 1667 417 1725 94.
449 1670 669 1727 Summa
694 1688 870 1727 eorum
889 1687 1005 1743 qua
1032 1671 1185 1727 Itocce
1208 1671 1340 1728 libro
1371 1671 1618 1727 hactenus
1641 1670 1858 1742 probata

254 1774 392 1821 sunt.
423 1795 493 1805 —
530 1764 685 1821 Nunc
711 1767 833 1838 quia
882 1766 1030 1821 omni
1077 1765 1181 1822 hoc
1229 1782 1482 1824 sermone
1534 1777 1721 1823 nostro
1762 1766 1854 1824 de-

1969 556 2242 613 toritatem
2289 557 2418 614 dicti
2449 561 2749 631 prophetici
2788 574 3051 635 negaret,
3080 565 3319 638 adjecit,
3351 566 3574 625 Benedi-

1967 658 2080 703 eent
2105 660 2153 705 te
2189 648 2357 705 Deum
2400 667 2573 707 verum
2606 652 2777 727 (Esai.
2809 671 2934 722 ων,
2965 655 3090 729 l6):
3122 666 3181 714 ut
3200 674 3297 730 per
3321 659 3375 716 id
3407 678 3570 718 unum

1968 741 2138 797 Deum
2162 742 2341 799 locuta
2375 743 2456 800 lex
2479 755 2624 801 esset
2650 789 2665 814 ,
2703 758 2955 819 essetque
2986 750 3037 804 in
3068 748 3181 805 tilio
3208 751 3304 807 Dei
3334 752 3444 808 Deo
3471 768 3572 810 no-

1967 848 2092 890 men
2125 836 2302 906 potius
2329 851 2489 906 quam
2523 837 2758 906 vet-itas,
2788 854 2894 895 uno
2923 838 3004 913 (ά)
3029 848 3235 898 tantum
3280 859 3411 899 vero
3454 845 3566 903 Deo

1968 926 2340 997 intelligendo.
2388 929 2455 985 Et
2503 929 2642 987 torte
2662 932 3036 989 contradicere
3059 950 3158 989 nos
3188 934 3347 992 dictis
3376 939 3504 1007 tuis,
3533 954 3568 994 ο

1966 1020 2152 1087 stulte,
2179 1023 2495 1091 arbitraris,
2539 1034 2597 1078 ut
2646 1040 2903 1096 negemus
2929 1042 3095 1082 unum
3147 1028 3314 1084 Deum
3347 1045 3563 1086 verum.

1964 1114 2082 1172 Non
2118 1117 2275 1187 plane
2316 1134 2576 1190 negamus
2622 1121 2917 1177 secundum
2948 1131 2999 1178 te
3048 1122 3127 1197 (id
3150 1134 3254 1191 est,
3297 1124 3454 1183 sicuti
3485 1124 3563 1197 tu)

1964 1208 2294 1265 confitendo.
2326 1210 2451 1266 llaec
2470 1211 2616 1267 enim
2651 1212 2786 1269 lides
2816 1222 2998 1270 nostra
3028 1256 3043 1282 ,
3067 1214 3185 1271 haec
3210 1217 3566 1285 conscientia,

1964 1299 2053 1356 hic
2083 1316 2261 1357 sermo
2289 1311 2391 1359 est.
2416 1304 2524 1359 Sed
2552 1305 2899 1378 intelligimus
2922 1306 3094 1363 Deum
3124 1324 3309 1374 unum,
3334 1318 3391 1364 et
3417 1326 3567 1365 enm-

1963 1394 2085 1450 dem
2114 1395 2282 1451 Deutu
2313 1412 2519 1452 verum.
2551 1396 2662 1455 Nec
2712 1398 2985 1457 confessio
3013 1409 3198 1457 nostra
3236 1401 3570 1472 periclitatur

1961 1484 2019 1544 in
2047 1489 2289 1555 nomine,
2321 1505 2442 1558 qua:
2485 1490 2539 1546 in
2569 1502 2758 1548 natura
2809 1491 2881 1566 (e)
2909 1492 3030 1549 Filii
3077 1510 3244 1549 unum
3275 1506 3328 1551 et
3376 1511 3566 1552 verum

1962 1581 2130 1637 Deum
2173 1584 2451 1653 pratdicat.
2504 1585 2660 1642 Disce
2702 1588 3063 1644 confessionis
3105 1598 3210 1645 tuae
3256 1590 3568 1662 intelligen-

1962 1673 2091 1731 tiam
2112 1717 2127 1742 ,
2157 1686 2211 1731 et
2259 1694 2421 1733 unum
2461 1693 2525 1734 ac
2555 1694 2741 1736 verum
2774 1681 2939 1737 Deum
2968 1697 3271 1754 cognosce,
3305 1693 3361 1739 ut
3401 1700 3566 1741 unum

1959 1783 2024 1825 ac
2049 1784 2235 1825 verum
2268 1769 2434 1827 Deum
2462 1771 2548 1842 pie
2587 1772 2868 1843 prcedices.
2898 1772 3063 1844 Rapis
3108 1775 3253 1830 enim
3279 1775 3349 1830 ad
3376 1776 3568 1847 impie-

253 1865 609 1914 monstratum
637 1860 1030 1927 existimamus,
1066 1859 1270 1915 nullam
1299 1861 1668 1932 interpositam
1693 1860 1851 1917 intel-
1883 1868 1929 1929 Β
1959 1869 2120 1918 tatem
2147 1873 2290 1917 tuam
2333 1863 2606 1934 religionis
2635 1875 2837 1920 nostra:
2882 1866 3303 1938 professionem:
3331 1877 3386 1923 et
3422 1867 3565 1939 quod

255 1948 485 2020 ligentite
506 1951 769 2005 rationem
802 1950 1004 2019 fuisse,
1048 1961 1107 2007 ut
1150 1953 1292 2008 Deus
1318 1968 1474 2009 verus
1503 1962 1555 2009 et
1589 1954 1731 2011 Deus
1754 1953 1854 2009 fal—

255 2060 349 2102 sus
379 2050 430 2103 in
460 2063 676 2105 sensum
702 2049 951 2105 humana:
982 2052 1178 2107 mentis
1207 2052 1492 2120 incideret,
1525 2067 1645 2109 cum
1680 2054 1849 2110 Deum

262 2152 313 2198 ct
343 2142 502 2199 Deum
528 2185 544 2211 ,
572 2155 621 2199 et
658 2143 945 2208 Dominum
992 2155 1047 2200 et
1096 2145 1379 2201 Dominum
1426 2146 1511 2201 lex
1540 2147 1715 2203 locuta
1738 2148 1848 2216 sit;

263 2251 435 2308 neque
462 2238 512 2292 in
543 2239 849 2294 nominibus
894 2240 1208 2311 naturisque
1257 2240 1615 2311 significatam
1667 2241 1850 2299 diver-

250 2329 463 2385 sitatem
494 2328 659 2388 fuisse
683 2373 698 2398 ,
732 2348 800 2389 ne
831 2349 936 2389 non
982 2333 1281 2391 secundum
1327 2334 1487 2408 119
1530 2350 1727 2393 nomen
1760 2351 1851 2391 na-

252 2434 387 2479 turae
415 2434 468 2479 et
496 2435 687 2482 natura
719 2428 957 2483 nominis
1005 2439 1187 2498 posset
1215 2429 1473 2501 intelligi;
1516 2444 1638 2485 cum
1678 2430 1849 2487 virtus

246 2517 342 2574 Dei
369 2560 384 2583 ,
416 2528 654 2589 potestas
688 2520 811 2589 Dei,
849 2537 937 2578 res
967 2523 1079 2590 Dei,
1117 2539 1313 2579 nomen
1342 2523 1433 2579 Dei
1482 2523 1533 2578 in
1563 2540 1630 2580 co
1662 2532 1846 2594 esset,

245 2629 406 2684 quem
438 2614 603 2671 Deum
633 2615 718 2672 lex
744 2617 1103 2687 prmdicabat:
1148 2616 1227 2691 (a)
1260 2635 1381 2690 quae
1425 2619 1725 2675 secundum
1753 2635 1845 2676 sa-

244 2706 508 2761 cramenti
530 2708 830 2780 evangelici
878 2710 1312 2768 distributionem
1339 2754 1354 2779 ,
1399 2712 1464 2769 ad
1499 2728 1744 2784 personae
1774 2716 1846 2771 si-

242 2800 688 2871 gnificationem,
738 2803 1133 2861 demonstraret
1184 2814 1238 2863 et
1285 2806 1337 2860 in
1380 2807 1615 2862 creando
1644 2807 1846 2865 mundo

240 2894 586 2952 obedientem
613 2897 773 2953 dietis
807 2898 900 2954 Dei
933 2898 1125 2967 Deum,
1158 2910 1213 2955 et
1241 2900 1292 2955 in
1323 2900 1601 2971 ligurando
1627 2901 1845 2957 homine

240 2992 549 3047 communis
588 3007 770 3048 secum
801 3000 856 3049 et
905 2992 997 3048 Dei
1030 2993 1279 3067 imaginis
1305 2995 1379 3067 (b)
1429 2997 1595 3052 Deum
1626 3005 1841 3052 creatu-

238 3098 392 3153 rem,
420 3097 474 3142 et
505 3085 556 3141 in
584 3086 890 3157 judicandis
914 3087 1461 3159 Sadomitisjudicem
1496 3090 1780 3145 Dominum
1810 3105 1841 3146 a

239 3176 476 3233 Domino
498 3221 513 3245 ,
545 3187 601 3234 et
630 3180 683 3234 in
736 3180 1029 3252 largiendis
1061 3180 1529 3238 benedictionibus
1557 3191 1612 3238 et
1645 3183 1698 3238 in
1749 3183 1845 3240 de-

1954 1964 2038 2012 est
2098 1971 2302 2028 negas,
2355 1956 2482 2012 dum
2551 1959 2695 2030 quod
2736 1970 2817 2014 est
2847 1974 2954 2015 non
2985 1975 3168 2031 negas.
3200 1959 3290 2017 Sic
3317 1960 3386 2033 (Ῑ)
3430 1959 3566 2015 stul-

1957 2058 2064 2104 tam
2117 2051 2434 2119 sapientiam
2481 2049 2624 2108 fallis
2661 2094 2675 2120 ,
2727 2061 2788 2108 ut
2832 2056 3111 2110 veritatem
3158 2055 3395 2126 perimas
3435 2068 3564 2125 spc-

1954 2139 2038 2196 cie
2092 2141 2353 2196 veritatis.
2428 2141 2602 2198 Unum
2654 2143 2812 2216 120
2861 2160 3046 2201 verum
3109 2145 3276 2201 Deum
3342 2146 3568 2201 confite—

1953 2233 2066 2303 ris,
2149 2242 2206 2289 ut
2270 2251 2431 2291 unum
2512 2253 2698 2293 verum
2779 2239 2946 2294 Deum
3000 2240 3254 2311 deneges.
3288 2237 3565 2296 Professio

1952 2328 2094 2384 enim
2145 2338 2234 2384 tua
2283 2331 2362 2386 sic
2424 2342 2642 2402 putatur
2696 2332 2816 2403 pia,
2868 2332 3012 2404 quod
3054 2333 3224 2404 magis
3252 2333 3411 2404 impia
3437 2343 3559 2399 est;

1951 2422 2032 2477 sie
2081 2438 2209 2478 vera
2259 2423 2403 2493 quod
2449 2424 2580 2482 falsa
2622 2435 2725 2482 est.
2785 2426 2875 2483 Sic
2925 2443 2955 2481 a
3011 2435 3064 2483 te
3104 2440 3244 2481 unus
3300 2437 3355 2481 et
3397 2440 3562 2482 verus

1950 2514 2095 2570 Deus
2122 2515 2445 2589 praedicatur
2465 2559 2480 2585 ,
2511 2528 2569 2573 ut
2609 2535 2720 2575 non
2769 2520 2859 2575 sit.
2891 2518 3065 2592 Negas
3095 2520 3240 2576 enim
3276 2517 3365 2574 Dei
3390 2517 3560 2573 ﬁlium

1950 2612 2119 2669 Deum
2168 2629 2377 2681 verum,
2407 2629 2531 2670 eum
2574 2623 2751 2670 tamen
2805 2616 2972 2671 Deum
3006 2629 3111 2670 non
3159 2629 3359 2685 neges;
3391 2614 3561 2669 Deum

1952 2719 2130 2768 tamen
2158 2726 2264 2766 non
2293 2718 2482 2765 natura
2511 2706 2850 2776 conﬁtendo,
2882 2707 2977 2763 sed
3008 2707 3248 2763 nomine.
3279 2706 3334 2764 Si
3366 2706 3563 2762 nativi-

1952 2816 2033 2861 tas
2060 2807 2200 2875 ejus,
2234 2804 2468 2861 nominis
2499 2803 2676 2875 potius
2701 2811 2785 2858 est
2812 2818 2968 2875 quam
3000 2802 3262 2869 veritatis,
3289 2811 3445 2874 potes
3465 2817 3562 2857 au-

1949 2899 2091 2955 ferre
2133 2899 2332 2954 nomini
2381 2898 2697 2955 veritatem:
2732 2896 2779 2953 si
2818 2894 2999 2953 autem
3049 2913 3177 2953 vere
3221 2898 3362 2953 Dens
3390 2905 3550 2952 natus

1948 3002 2052 3060 est,
2078 3008 2264 3064 QUIBI'O
2316 2991 2588 3063 quonme
2616 2993 2789 3063 possit
2830 3007 2939 3047 non
2969 3007 3098 3048 vere
3140 3007 3261 3048 esse
3291 2991 3432 3064 quod
3462 3007 3561 3047 na-

1949 3094 2035 3140 tus
2054 3086 2170 3141 est?
2193 3087 2297 3140 Aut
2319 3100 2451 3155 nega
2473 3099 2617 3151 esse,
2642 3100 2709 3139 ne
2729 3084 2831 3151 sit;
2854 3094 2943 3139 aut
2970 3085 3015 3139 si
3044 3094 3150 3151 est,
3176 3083 3258 3157 (1)
3283 3083 3556 3154 quomodo

1946 3179 2089 3250 quod
2114 3187 2198 3235 est
2224 3195 2329 3233 non
2356 3179 2496 3247 erit,
2524 3192 2647 3234 cum
2672 3178 2813 3246 quod
2852 3186 2939 3234 est
2965 3192 3070 3233 non
3100 3178 3270 3249 possit
3311 3192 3467 3246 esse,
3500 3185 3556 3232 ιιι

238 3272 530 3330 cernendis
560 3273 832 3344 mysteriis
861 3274 994 3346 legis
1021 3276 1271 3346 angelum
1322 3276 1415 3332 Dei
1451 3276 1615 3333 Deum
1641 3295 1655 3332 :
1688 3286 1747 3333 ut
1774 3277 1839 3332 ad
1870 3280 1915 3347 C
1948 3287 2056 3329 non
2084 3274 2154 3329 sit
2174 3272 2277 3345 (g)?
2302 3271 2380 3329 Ac
2406 3271 2475 3327 de
2506 3270 2785 3327 nativitate
2814 3270 3029 3342 quidem
3060 3286 3183 3326 mox
3218 3271 3323 3328 erit
3351 3285 3555 3327 sermo.
3602 3280 3605 3281 '

239 3367 534 3422 salutarem
562 3366 962 3424 confessionem
993 3369 1047 3425 in
1085 3378 1238 3441 patre
1283 3370 1392 3425 Deo
1420 3378 1477 3427 et
1507 3370 1560 3426 in
1593 3370 1702 3427 lilio
1732 3370 1840 3427 Deo

239 3458 380 3515 Deus
409 3475 627 3526 semper
674 3469 925 3516 ostensus
957 3505 972 3530 ,
1020 3474 1227 3518 naturae
1272 3463 1556 3519 veritatem
1587 3464 1704 3534 ipso
1741 3478 1839 3518 ua-

238 3560 368 3608 ιρι-ω
402 3554 623 3608 nomine
646 3552 937 3620 edoceret,
966 3569 1088 3610 cum
1136 3555 1220 3612 lex
1247 3555 1413 3612 Deum
1445 3566 1734 3626 utrumque
1762 3555 1837 3610 si-

235 3646 525 3718 gniﬁcans,
555 3646 958 3717 ambiguitatem
992 3662 1097 3702 non
1131 3648 1462 3718 relinqueret
1503 3648 1767 3704 veritatis.

303 3739 396 3795 9.5.
436 3737 736 3795 Occurritur
756 3741 1008 3796 haereticis
1040 3740 1083 3794 [τ’
1086 3741 1234 3797 ilium
1263 3739 1428 3796 Deum
1454 3758 1625 3797 verum
1648 3758 1839 3811 negan-

234 3834 386 3889 tibus.
409 3830 461 3885 F
463 3833 584 3888 ilius
605 3835 699 3888 hoc
728 3843 800 3888 est
830 3850 942 3888 vere
962 3835 1097 3905 quod
1119 3846 1269 3890 natus
1297 3834 1599 3891 est.——Tem
1610 3851 1706 3902 pus
1725 3835 1838 3906 jam

233 3943 377 3984 nunc
421 3936 540 3992 est,
570 3937 627 3983 ut
656 3927 802 3999 quod
834 3930 919 3998 pie
950 3939 1004 3983 et
1032 3928 1282 3999 religiose
1323 3929 1412 3985 lex
1451 3928 1670 3996 docuit,
1729 3944 1834 3984 non

232 4021 399 4093 impie
451 4021 594 4078 furto
624 4022 891 4079 haeretica:
937 4023 1179 4099 stultitia:
1233 4024 1513 4094 praedicari
1560 4026 1832 4094 sinamus,

229 4132 349 4187 qua:
381 4116 479 4171 Dei
516 4115 681 4171 filiuni
714 4116 786 4189 (e)
820 4127 1075 4187 negatura
1105 4117 1183 4171 sic
1222 4118 1421 4187 cmpit:
1449 4116 1607 4186 Audi,
1627 4115 1797 4173 Israel
1822 4157 1837 4183 ,

228 4205 491 4264 Dominus
522 4208 659 4265 Deus
682 4221 797 4264 tuus
822 4227 958 4265 unus
975 4222 1044 4265 est
1076 4209 1255 4282 (Deut.
1282 4228 1353 4275 vn,
1379 4210 1456 4283 4).
1492 4210 1562 4265 Et.
1591 4211 1712 4279 quia
1735 4209 1839 4265 im-

227 4303 402 4374 pietas
430 4303 548 4374 ejus
599 4302 998 4374 periclitaretur
1025 4305 1077 4360 in
1124 4304 1340 4361 nomine
1365 4347 1381 4374 ,
1414 4320 1536 4360 cum
1582 4306 1747 4361 Deum
1782 4312 1837 4361 et

301 4466 384 4535 (1)
410 4464 469 4521 In
502 4464 758 4521 anteriori
788 4506 804 4532 ,
835 4464 1091 4538 quomodo
1129 4465 1268 4538 quod
1297 4474 1371 4521 est
1398 4482 1505 4538 non
1538 4464 1702 4538 possit
1723 4480 1830 4521 esse

227 4551 409 4592 nenon
435 4541 522 4592 sit.
550 4538 833 4595 Consentit
859 4537 1174 4594 Erasmiana
1201 4537 1291 4595 ed.
1311 4552 1433 4593 cum
1453 4537 1591 4594 libro
1620 4545 1824 4594 nostro.

225 4676 488 4749 loquitur,
515 4690 569 4732 ut
602 4675 790 4732 audire
818 4683 1045 4749 cumet
1076 4674 1257 4731 videre
1295 4675 1499 4749 absque
1542 4673 1831 4749 formidine
1855 4672 1910 4735 D

221 4746 329 4820 jam
389 4751 608 4854 possis,
657 4764 751 4803 seu
784 4757 842 4804 ut
866 4747 1092 4803 audiens
1137 4762 1259 4802 eum
1304 4746 1428 4803 vitae
1470 4754 1573 4802 tua:
1604 4761 1714 4803 non
1763 4748 1831 4801 ti-

243 4838 373 4876 neas
398 4838 414 4876 ἶ

243 4982 332 5020 CI.

423 5036 492 5112 lu
523 5038 735 5112 esensis
782 5033 1085 5112 Dominum.
1135 5033 1329 5112 Verius
1360 5034 1413 5089 in
1445 5034 1649 5112 aliquot
1694 5047 1825 5089 mss.

222 5105 412 5164 Deitm.
453 5108 531 5163 Ex
562 5108 660 5161 hae
690 5123 791 5162 una
832 5106 1096 5162 sententia
1127 5108 1367 5177 cernitur
1395 5121 1554 5177 quam
1586 5108 1638 5160 in
1666 5112 1827 5160 casteo

219 5182 295 5235 ris
325 5196 551 5248 pressos
582 5180 650 5234 sit
675 5180 857 5235 llilarii
900 5193 1099 5234 sermo.
1137 5178 1270 5234 Dicit
1302 5176 1468 5232 Deum
1492 5186 1791 5248 creatorem
1810 5193 1831 5243 ,-

221 5246 347 5320 quia
379 5253 457 5307 de
489 5252 628 5307 Filio
655 5253 912 5317 scriptum
959 5258 1042 5304 est
1081 5249 1218 5305 Gen.
1252 5265 1291 5315 ι,
1318 5249 1421 5304 27:
1459 5247 1523 5302 Et
1544 5249 1662 5320 fecit
1688 5246 1832 5303 Deus
1856 5302 1869 5319 ,

222 5319 506 5379 hominem.
559 5324 719 5379 Addit
762 5321 1045 5378 communis
1078 5338 1249 5377 secum
1298 5319 1579 5391 imaginis:
1627 5321 1750 5387 quia
1781 5319 1831 5375 ei

220 5395 358 5450 dixit
390 5397 553 5451 Pater
578 5437 593 5462 ,
623 5393 896 5450 Faciamus
924 5393 1178 5448 hominem
1201 5393 1558 5518 adimaginem
1578 5403 1828 5446 nostram.

222 5465 351 5518 Post
373 5469 662 5518 communis
710 5484 920 5518 secum.
962 5465 1237 5518 subiuncti.
1280 5473 1330 5518 et
1426 5465 1513 5518 ei:
1546 5465 1665 5518 auia
1712 5478 1828 5518 eum

222 5465 351 5523 Post
373 5469 662 5523 communis
710 5484 920 5526 secum,
962 5465 1237 5536 subjnngtt
1280 5473 1330 5518 et
1375 5465 1513 5519 Dei:
1546 5465 1665 5534 quia
1696 5478 1832 5536 qua:

224 5542 375 5607 prius
410 5542 586 5609 imago
611 5540 913 5594 communis
936 5580 950 5602 ,
986 5535 1177 5606 postea
1204 5536 1301 5609 Dei
1326 5535 1488 5609 unius
1512 5550 1633 5591 esse
1662 5535 1829 5609 signi-

222 5605 422 5666 ﬁcatur
451 5605 735 5667 his'verbis
760 5652 776 5678 ,
818 5610 899 5665 Ad
944 5612 1219 5678 imaginem
1266 5605 1362 5662 Dei
1391 5607 1511 5680 fecit
1529 5622 1663 5661 eum.
1695 5605 1833 5661 Hinc

224 5683 547 5754 particulam
571 5691 618 5737 et
638 5724 653 5748 ,
673 5693 796 5754 ante
817 5680 914 5735 Dei
934 5680 1171 5750 imaginis
1197 5721 1209 5739 .
1240 5695 1306 5733 ue
1331 5693 1623 5749 expungas,
1648 5692 1841 5749 quam-

226 5752 315 5809 ἧς
343 5758 399 5811 in
436 5770 537 5809 ms.
568 5755 682 5809 bas.
722 5752 841 5809 Vat.
877 5769 984 5808 non
1012 5761 1281 5807 occurrat.

1945 3363 2167 3421 Interim
2199 3374 2376 3420 tamen
2429 3363 2496 3419 de
2538 3363 2766 3419 veritate
2823 3371 3028 3418 naturae
3080 3362 3174 3417 Dei
3222 3362 3557 3434 impietatem

1945 3456 2213 3514 mendacii
2250 3456 2329 3512 tui
2359 3455 2671 3526 prophetica
2696 3453 2777 3529 (2)
2822 3453 3164 3533 confessione
3189 3456 3509 3512 convincam
3538 3472 3553 3521 ;

1944 3554 2016 3610 ita
2043 3562 2245 3618 tamen,
2268 3559 2330 3607 ut
2357 3567 2522 3607 unum
2571 3559 2628 3606 et
2651 3566 2838 3606 verum
2870 3550 3039 3607 Deum
3088 3550 3365 3622 praedicari
3394 3565 3424 3605 a
3457 3566 3557 3606 uo-

1943 3646 2049 3714 bis,
2078 3661 2250 3717 neque
2270 3644 2349 3718 (Ii)
2380 3643 2599 3702 Sabellii
2633 3643 2857 3699 haeresis
2888 3643 3060 3714 ipsum
3113 3642 3330 3699 Patrem
3369 3642 3469 3698 sibi
3498 3651 3555 3698 et

1946 3742 2142 3799 Filium
2164 3743 2399 3813 professa
2424 3749 2733 3811 praesumat,
2752 3754 2926 3809 neque
2960 3747 3016 3794 tu
3036 3739 3316 3795 veritatem
3347 3737 3415 3793 de
3443 3735 3556 3792 lilio

1948 3837 2041 3893 Dei
2067 3851 2231 3893 unum
2280 3814 2484 3890 tantum
2518 3834 2683 3889 Deum
2715 3848 2901 3889 verum
2928 3832 3230 3903 praedicans
3251 3831 3550 3888 mentiaris.

2018 3931 2108 3987 26.
2136 3929 2379 3985 lla'retici
2400 3928 2610 3984 subdole
2642 3927 2967 3998 Scripturam
2993 3929 3352 3997 interpolatum
3378 3928 3534 3982 citan'

1940 4034 2018 4081 tes
2046 4024 2391 4079 revincuntur.
2414 4050 2486 4062 —-
2514 4021 2652 4076 Nihil
2684 4022 2841 4092 plane
2868 4021 2921 4075 in
2967 4034 3026 4076 se
3072 4019 3230 4074 habet
3273 4021 3553 4090 sapientiae

1942 4117 2231 4187 impietas:
2265 4124 2319 4170 et
2372 4114 2465 4169 Dei
2501 4111 2679 4180 timor,
2711 4112 2802 4184 qui
2824 4112 3101 4183 sapientiae
3155 4111 3365 4166 initium
3412 4125 3496 4171 est
3526 4157 3543 4184 ,

1944 4210 2035 4265 ubi
2066 4209 2243 4276 deest,
2275 4206 2450 4264 aufert
2474 4220 2658 4262 secum
2705 4221 2867 4262 omne
2911 4204 3195 4261 exordium
3227 4205 3553 4276 prudentim.

1941 4304 2025 4362 Ad
2054 4301 2430 4359 infirmandam
2462 4300 2608 4358 enim
2642 4300 2735 4356 Dei
2763 4300 2873 4357 veri
2898 4300 2953 4356 in
2978 4298 3117 4356 Filio
3139 4299 3297 4356 fidem
3322 4302 3560 4374 prophe—

2006 4461 2087 4536 (2)
2110 4460 2461 4536 Professione.

2010 4670 2090 4799 (t2
2122 4670 2236 4727 Hoc
2264 4678 2368 4738 est,
2393 4668 2518 4741 quia
2556 4682 2697 4724 unus
2721 4674 2926 4724 tantum
2976 4666 3121 4724 Deus
3139 4679 3303 4722 verus
3344 4665 3551 4725 intelli-

2015 4762 2043 4798 Il
2092 4760 2152 4797 us
2180 4751 2281 4799 est.

1941 4751 2155 4816 gelidus
2180 4751 2281 4799 est.

2015 4814 2089 4887 (e)
2119 4814 2342 4887 Carnut.
2379 4828 2500 4887 gms.
2559 4822 2833 4887 eutn_u_no
2881 4809 3038 4887 Colb.
3069 4808 3265 4887 Filium
3295 4826 3314 4868 :
3370 4810 3552 4887 minus

1939 4880 2172 4942 sincere.
2204 4885 2343 4941 Illud
2370 4885 2425 4939 in
2459 4893 2645 4939 natura
2684 4880 2813 4937 Filii
2844 4924 2859 4949 ,
2893 4881 2944 4937 id
2968 4891 3057 4937 'est
3084 4922 3100 4947 ,
3133 4882 3186 4937 in
3236 4883 3547 4939 assertione

1940 4956 2066 5012 Filii
2091 5000 2104 5016 .
2130 4958 2220 5028 qui
2248 4973 2357 5012 non
2387 4966 2592 5011 tantum
2614 4970 2691 5028 ex
2724 4953 3128 5025 nuncupatione
3148 4963 3203 5010 et
3230 4954 3547 5026 adaptione,

1936 5029 2034 5085 sed
2064 5045 2130 5084 ex
2150 5025 2339 5084 natura
2372 5029 2443 5083 sit
2466 5028 2558 5083 Dei
2604 5025 2765 5081 ﬁlius.

2012 5100 2082 5173 (f)
2107 5101 2176 5154 lla
2206 5099 2310 5173 Par
2335 5114 2455 5173 cum
2493 5102 2651 5173 mss.,’
2679 5098 2731 5152 id
2753 5107 2861 5173 est,
2889 5097 2967 5152 sic
3000 5094 3260 5173 fallis_co_s
3280 5136 3310 5173 _,_
3331 5098 3420 5173 qui
3450 5096 3549 5173 hu~

1937 5167 2113 5228 manis
2151 5171 2467 5226 ratiunculis
2494 5172 2613 5242 plus
2638 5171 2906 5234 credunt,
2938 5183 3098 5242 quam
3139 5170 3229 5223 Dei
3256 5167 3439 5242 dictis.
3475 5171 3545 5242 At

1939 5242 2071 5299 Bad.
2097 5285 2113 5308 ,
2148 5244 2240 5298 Er.
2290 5251 2347 5298 et
2373 5238 2520 5313 Lips.
2549 5284 2564 5311 ,
2604 5241 2765 5296 stulta
2816 5238 2995 5295 mundi
3048 5240 3299 5312 sapientia
3325 5257 3344 5295 :
3397 5238 3542 5313 quod

1934 5315 2222 5442 fomtnode
2250 5315 2411 5372 etiam
2439 5312 2496 5371 in
2524 5315 2714 5384 quinto
2747 5327 2812 5367 ac
2834 5321 2991 5369 sexto
3017 5326 3148 5367 casu
3171 5320 3347 5382 petest
3376 5312 3540 5368 intel-

1958 5402 2049 5442 tat.

1977 5403 2096 5534 gl(.g)
2121 5459 2289 5527 Editi,
2311 5467 2368 5534 ut
2387 5473 2519 5534 non.
2533 5455 2883 5534 Prteferimus
2899 5469 3037 5534 _t_1_tss.
3061 5453 3549 5534 lectionetn,_(jttam

1949 5524 2128 5586 tamen
2159 5524 2400 5586 non'alia
2424 5532 2633 5586 ratione
2661 5529 2742 5583 sic
2783 5527 3155 5598 intelligimus,
3184 5528 3340 5598 quasi
3371 5524 3553 5596 legere

1949 5613 2124 5658 esset:
2165 5618 2287 5657 cum
2329 5617 2434 5658 non
2488 5600 2651 5672 possit
2701 5598 2817 5655 fieri
2848 5641 2863 5666 ,
2891 5596 3199 5670 ut‘aliquid
3231 5613 3339 5654 non
3381 5598 3454 5654 sit
3498 5598 3549 5653 id

1950 5674 2357 5817 gulffﬂiquot
2400 5744 2586 5817 proba:
2629 5752 2773 5797 notae
2820 5740 3252 5817 mss._Sabeltia:
3282 5742 3386 5817 cui
3432 5739 3552 5817 uel

738 5799 1450 5894 negatura.
1486 5820 1651 5877 Abest
1677 5817 1845 5875 Deum
1953 5799 2104 5874 ms‘sz
2124 5799 2256 5872 \iat:
2270 5799 2469 5897 basiet
2491 5816 2709 5894 Carnut.
2745 5812 3058 5898 particulam
3085 5812 3215 5870 sicut
3245 5799 3552 5887 p'raaligunl‘,

302 5899 306 5951 i
334 5898 422 5951 ad.
464 5909 510 5951 et
544 5913 644 5951 ms.
1954 5904 2076 5951 qua:
2108 5890 2303 5945 melius
2328 5888 2480 5942 abest
2508 5886 2576 5940 ab
2602 5888 2724 5941 alus
2753 5883 2928 5940 libus.

228 5910 257 5949 a
289 5898 422 5952 liad.
464 5909 510 5954 et
544 5913 644 5953 ms.

1954 5904 2076 5960 qua:
2108 5890 2303 5945 melius
2328 5888 2480 5942 abest
2508 5886 2576 5940 ab
2602 5885 2724 5941 aliis
2753 5883 2928 5940 libtis.
