4040 6328
228 366 327 426 149

1401 355 1492 415 DE
1529 353 1908 416 TPJNITATE
1935 354 2143 417 LIBER
2172 358 2239 418 V.

3428 365 3533 423 150

225 478 490 551 interﬁciat
521 475 798 545 Dominus,
827 475 881 533 id
908 474 1337 532 demonstratum
1382 472 1575 544 fuisse,
1623 482 1685 530 ut
1725 475 1818 547 qui
1846 479 1896 539 Α
1922 475 2206 549 gniﬁcasse
2224 476 2574 550 intelligatur,
2614 484 2670 535 et
2694 478 2782 535 cui
2812 493 2910 552 per
2930 494 3132 539 novum
3177 494 3379 539 nomen
3411 497 3530 540 ser-

225 576 550 645 loqueretur,
576 577 635 627 et
661 571 753 642 qui
773 569 1153 627 interfecturus
1178 577 1346 637 esset,
1394 568 1476 637 (a)
1530 583 1635 623 non
1680 567 1827 624 aliud

226 666 614 738 intelligeretur
656 678 781 721 esse
828 678 996 737 quam
1050 664 1345 730 Dominus;
1377 663 1470 734 qui
1536 670 1593 718 et
1637 673 1824 734 postea

222 760 321 818 sibi
344 759 646 815 servientes
693 772 839 813 novo
880 765 1028 814 esset
1064 757 1288 813 nomine
1338 756 1751 824 muneraturus,
1770 764 1828 814 et

226 871 329 912 non
363 854 704 925 ignoraretur
724 863 780 909 et
809 853 863 908 in
882 853 1159 923 prophetis
1190 852 1405 909 locutus
1445 867 1588 916 esse,
1622 862 1677 909 et
1707 853 1827 925 pio-

227 962 342 1005 rum
371 959 535 1018 atque
561 945 851 1016 impiorum
875 946 1043 1017 judex
1080 946 1337 1002 futurus?
1371 946 1683 1019 Mysterium
1723 948 1825 1003 ita-

225 1059 326 1115 que
375 1056 558 1098 sermo
596 1041 837 1112 reliquus
887 1041 963 1112 (b)
1000 1040 1298 1111 evangelici
1350 1043 1694 1109 sacramenti,
1757 1058 1827 1100 ne

224 1134 348 1207 quid
403 1135 458 1190 in
512 1134 741 1190 Domino
770 1132 984 1190 dicente
1027 1144 1081 1190 et
1111 1135 1165 1189 in
1210 1134 1438 1189 Domino
1468 1134 1827 1191 interﬁciente

223 1228 415 1299 ambigi
449 1227 640 1297 possit,
671 1227 928 1297 explicuit
973 1245 987 1283 :
1037 1225 1387 1282 Servientibus
1422 1242 1539 1282 vero
1583 1226 1707 1283 mihi
1739 1243 1827 1283 vo-

225 1321 421 1375 cabitur
444 1335 629 1375 nomen
660 1335 865 1389 novum,
904 1320 1041 1390 quod
1067 1318 1393 1374 benedicatur
1438 1336 1590 1390 super
1610 1330 1820 1377 tetram.

226 1414 411 1470 Onmis
436 1413 526 1469 hic
553 1410 720 1468 futuri
750 1414 1010 1483 temporis
1030 1428 1213 1468 sermo
1234 1423 1338 1469 est.
1360 1413 1428 1467 Et
1447 1412 1588 1483 quod
1613 1423 1696 1469 est
1718 1413 1825 1470 hoc

227 1522 417 1564 novum
468 1521 667 1563 nomen
722 1504 1021 1576 religionis,
1072 1504 1217 1576 quod
1266 1504 1618 1560 benedicetur
1661 1520 1826 1574 super

226 1599 543 1658 terram?Si
596 1616 627 1655 a
672 1600 886 1656 saeculis
941 1599 1232 1656 Christiani
1259 1600 1509 1656 vocabuli
1556 1598 1634 1674 (ε)
1664 1609 1822 1657 antea

224 1694 496 1754 beatitudo
518 1710 774 1765 umquam
803 1694 906 1751 fuit
935 1736 951 1762 ,
993 1692 1076 1767 (Ι)
1126 1709 1269 1751 nunc
1313 1709 1508 1749 novum
1557 1710 1663 1749 non
1714 1705 1819 1752 est.

225 1789 314 1845 Sin
364 1803 493 1844 vero
543 1786 645 1842 hoc
702 1784 784 1861 (ιι)
834 1785 1227 1843 sanctiﬁcatum
1256 1786 1472 1858 pietatis
1512 1797 1712 1843 nostrre
1766 1788 1819 1843 in

1928 572 2126 638 viatur,
2154 579 2209 627 et
2230 586 2329 642 per
2350 587 2510 644 quem
2536 572 2781 645 ejusdem
2813 574 3048 632 nominis
3086 577 3141 631 in
3172 578 3335 634 terris
3359 578 3526 634 bene-

1928 665 2073 721 dicta
2097 666 2169 720 sit
2191 667 2421 733 novitas,
2447 674 2503 722 et
2541 668 2631 737 qui
2672 668 3024 726 benedicatur
3051 669 3194 728 Deus
3240 686 3423 742 verus,
3475 682 3532 729 et

1927 758 2247 830 quijuretur
2275 760 2417 816 Deus
2446 775 2634 827 verus;
2679 776 2798 832 qua:
2827 763 3007 818 omnia
3049 763 3343 820 secundum
3391 772 3531 822 tem-

1928 865 2118 922 porum
2159 852 2547 923 plenitudinem
2580 853 2833 910 Ecclesite
2863 855 2998 912 ﬁdes
3029 856 3113 928 pia
3140 855 3195 912 in
3241 856 3528 913 Dominum

1926 942 2205 999 Christum
2233 944 2495 1017 religione
2522 945 2808 1015 proﬁtetur
2829 945 2850 1020 (
2872 956 2925 1003 et
2949 948 3019 1003 ita
3044 964 3103 1005 se
3126 949 3177 1005 in
3205 965 3270 1006 eo
3297 950 3532 1022 prophe—

1927 1037 2065 1093 ticus
2091 1052 2271 1092 sermo
2292 1040 2580 1109 cooptavit,
2613 1048 2671 1094 ut
2701 1040 3149 1110 significationem
3178 1058 3420 1113 personae
3450 1044 3532 1099 al-

1929 1130 2097 1186 terius
2144 1132 2449 1202 adjectione
2489 1134 2826 1203 pronominis
2874 1150 2980 1190 non
3013 1145 3256 1193 novaret.
3305 1137 3362 1194 Si
3389 1139 3532 1194 enim

1927 1224 2241 1287 addidisset,
2268 1233 2314 1279 te
2342 1221 2511 1279 Deum
2541 1242 2738 1293 verum,
2772 1225 2965 1283 referri
2994 1227 3060 1283 ad
3092 1227 3320 1284 alterum
3343 1230 3534 1288 dicen-

1929 1318 1995 1373 tis
2017 1333 2196 1372 sermo
2225 1319 2490 1389 potuisset
2518 1336 2531 1371 :
2566 1318 2662 1375 sed
2687 1334 2808 1375 cum
2832 1320 2929 1388 ait,
2957 1317 3126 1376 Deum
3147 1338 3340 1389 verum,
3374 1324 3539 1394 signi-

1927 1410 2193 1467 ﬁcationis
2238 1410 2647 1482 intelligentiam
2676 1426 2844 1483 penes
2871 1412 3183 1483 loquentem
3239 1414 3480 1487 reliquit)
3515 1433 3528 1469 :

1926 1512 1981 1559 et
2019 1518 2342 1575 quamquam
2386 1520 2544 1575 quem
2602 1520 2844 1576 praesens
2887 1521 3069 1562 sermo
3111 1506 3397 1578 signiﬁcet,
3428 1522 3536 1564 non

1926 1598 2260 1668 ambigatur;
2306 1605 2483 1654 tamen
2511 1614 2753 1656 connexa
2777 1600 3027 1671 superius
3047 1600 3205 1669 dicta,
3233 1602 3386 1673 cujus
3411 1618 3539 1674 pro-

1926 1688 2091 1745 fessio
2122 1691 2221 1745 ista
2252 1693 2324 1746 sit
2352 1693 2720 1765 intelligenda,
2778 1695 3171 1752 demonstrant.
3204 1695 3299 1753 Ait
3341 1699 3484 1754 enim
3522 1719 3537 1755 :

1928 1783 2113 1839 Palam
2127 1786 2345 1857 apparui
2370 1804 2471 1841 non
2504 1789 2934 1864 interrogantibus
2962 1806 3063 1856 me,
3092 1798 3137 1845 et
3162 1790 3396 1847 inventus
3423 1808 3534 1846 sum

228 1884 391 1940 Deum
416 1896 617 1939 novum
640 1895 837 1938 nomen
866 1891 970 1948 est,
1006 1880 1163 1953 133
1200 1879 1317 1936 hinc
1345 1881 1583 1953 profecto
1607 1881 1815 1951 proies—
1847 1885 1897 1946 B
1924 1893 2025 1932 non
2048 1877 2387 1948 quaerentibus
2414 1896 2513 1934 me.
2548 1879 2694 1949 Dixi,
2728 1880 2796 1955 (Γ)
2817 1879 2952 1937 Ecce
2982 1897 3095 1937 sum
3133 1883 3291 1955 genti,
3322 1883 3409 1953 qui
3440 1900 3543 1937 non

227 1976 391 2032 sionis
422 1975 635 2031 novitas
655 1973 960 2031 ctelestium
1004 1972 1443 2029 benedictionum
1478 1990 1688 2032 merces
1729 1991 1824 2031 su-

232 2083 323 2140 per
353 2077 547 2123 terram
574 2075 680 2123 est.

302 2163 391 2218 30.
432 2162 576 2229 Quod
609 2162 676 2217 de
706 2159 907 2218 Christo
942 2163 1352 2237 intelligendum.
1400 2171 1457 2219 et
1505 2163 1828 2220 benedicent

241 2261 399 2318 Deum
425 2275 629 2317 verum.
660 2289 735 2302 --
766 2259 885 2316 lam
913 2274 1046 2317 vero
1094 2262 1261 2318 totius
1289 2260 1413 2316 ﬁdei
1452 2268 1651 2316 nostra:
1696 2274 1828 2315 con-

230 2358 506 2414 scientiam
530 2371 765 2428 sequens
784 2371 966 2412 sermo
993 2356 1300 2426 conﬁrmat,
1327 2357 1541 2423 dicens,
1580 2356 1649 2411 Et
1673 2355 1829 2411 bene.

231 2450 394 2506 dicent
418 2448 589 2505 Deum
612 2465 810 2517 omni,
840 2458 887 2505 et
914 2450 1001 2521 qui
1025 2450 1212 2522 juraat
1252 2466 1408 2521 super
1446 2459 1655 2513 terram,
1675 2453 1832 2524 jura-

230 2542 350 2598 bunt
402 2543 459 2598 in
511 2540 679 2598 Deum
724 2557 920 2598 rerum.
965 2541 1028 2597 ili
1080 2554 1232 2598 certe
1290 2542 1614 2599 benedicent
1663 2542 1829 2605 Deum

228 2651 435 2704 verum,
465 2649 698 2707 quorum
728 2634 782 2691 in
806 2634 900 2691 Dei
931 2635 1198 2691 servitute
1224 2650 1422 2691 novum
1455 2649 1653 2691 nomen
1687 2645 1771 2691 est
1806 2651 1820 2690 :

230 2738 339 2784 tum
366 2728 566 2784 deinde
591 2726 681 2799 qui
707 2726 976 2797 jurandus
1000 2726 1104 2783 erit
1150 2728 1314 2794 Deus,
1348 2728 1488 2783 Deus
1513 2742 1674 2785 verus
1722 2735 1826 2783 est.

228 2823 382 2878 Anne
404 2820 700 2893 ambigitur
723 2820 846 2891 quis
879 2819 1115 2891 juretur,
1150 2819 1270 2892 quis
1316 2820 1685 2888 benedicatur,
1734 2835 1832 2892 per

228 2932 387 2987 quem
413 2930 610 2971 novum
641 2915 743 2985 ipsi
775 2914 1137 2969 servientibus
1156 2913 1608 2986 benedictumque
1634 2929 1831 2970 nomen

229 3010 328 3065 sit?
348 3008 620 3065 Consistit
642 3021 854 3065 mecum
882 3007 1143 3063 adversus
1187 3008 1404 3079 impiam
1437 3017 1607 3075 tuam,
1657 3011 1832 3064 inere-

228 3103 348 3172 tice,
395 3101 837 3173 przedicationem
875 3101 1125 3157 absoluta
1164 3102 1432 3156 sermonis
1478 3101 1832 3157 ecclesiastici

229 3195 383 3260 ﬁdes,
419 3195 543 3251 novi
576 3209 673 3266 per
706 3205 758 3250 te
783 3193 1002 3250 Christe
1044 3193 1298 3260 nominis,
1353 3202 1408 3249 et
1456 3209 1552 3264 per
1599 3194 1834 3250 servitu-

1932 1972 2291 2027 inttocauerunt
2322 1988 2508 2028 nomen
2534 1990 2720 2029 meum.
2758 1973 2985 2030 Extendi
3022 1990 3206 2031 manus
3244 1992 3384 2030 meas
3435 1984 3542 2030 tota

1933 2066 2018 2120 die
2032 2068 2101 2120 ad
2122 2068 2369 2138 populum
2383 2068 2702 2140 difﬁdentem
2719 2077 2765 2124 et
2778 2069 3208 2126 contradicentem
3226 2068 3395 2143 (Esai.
3410 2084 3538 2137 va,

1935 2160 1963 2215 i
1984 2202 1999 2229 ,
2027 2158 2109 2233 2).
2127 2159 2282 2215 Anne
2311 2160 2472 2231 impia
2495 2161 2704 2217 lurtivm
2718 2161 3121 2235 praedicationis
3142 2161 3344 2218 falsitas
3374 2162 3424 2217 in
3444 2161 3542 2217 ob.

1934 2269 2092 2310 scuro
2108 2262 2213 2322 est,
2237 2265 2290 2311 et
2318 2256 2458 2312 Deus
2488 2272 2649 2313 verus
2670 2256 3107 2330 ignorabiturfqui
3132 2258 3246 2313 haec
3268 2256 3539 2329 loquitur?

1934 2344 2107 2419 Rogo,
2130 2347 2249 2418 quis
2265 2347 2513 2420 apparuit
2529 2365 2635 2405 non
2650 2348 3129 2420 interrogantibus,
3146 2358 3199 2406 et
3211 2348 3331 2421 quis
3354 2354 3542 2404 inven-

1936 2453 2022 2499 tus
2053 2458 2160 2500 non
2188 2446 2590 2517 quterentibus?
2613 2445 2681 2501 Et
2700 2446 2820 2518 quis
2847 2445 3087 2517 gentium
3110 2453 3192 2502 est
3223 2442 3384 2520 125.
3417 2459 3539 2515 qum

1935 2555 2042 2595 non
2074 2542 2465 2595 invocaverunt
2498 2547 2657 2596 antea
2685 2554 2881 2595 nomen
2904 2537 3067 2608 ejus?
3093 2536 3159 2593 Et
3180 2539 3301 2609 quis
3317 2538 3405 2593 die
3425 2545 3538 2592 tota

1935 2647 2127 2689 manus
2152 2632 2218 2687 ad
2240 2632 2573 2688 difﬁdentem
2604 2641 2657 2688 et
2685 2631 3146 2687 contradicentem
3168 2632 3421 2702 populum
3439 2645 3537 2686 ex-

1937 2728 2148 2786 tendit?
2197 2726 2400 2784 Confer
2443 2740 2564 2783 cum
2628 2724 2713 2781 bis
2762 2738 2975 2782 sacrum
3024 2724 3158 2780 illud
3198 2736 3253 2781 et
3299 2723 3542 2779 divinum

1936 2820 2345 2881 Deuteronomii
2373 2821 2651 2878 Canticum
2676 2818 2854 2892 (Dent.
2881 2832 3049 2887 χχχιι,
3071 2817 3190 2890 21),
3219 2818 3273 2875 in
3311 2833 3420 2890 quo
3446 2834 3543 2874 su-

1937 2934 2032 2991 per
2062 2933 2173 2974 non
2202 2918 2334 2973 deos
2362 2916 2505 2972 Deus
2543 2915 2919 2985 exacerbatus,
2966 2928 3128 2984 super
3169 2927 3275 2968 non
3324 2919 3537 2987 gentem
3592 2894 3604 2907 ’

1937 3024 1990 3070 et
2020 3023 2232 3085 gentem
2262 3012 2479 3066 stultam
2512 3011 2565 3065 in
2597 3011 2771 3065 zelum
2804 3005 2915 3084 (ῃ)
2958 3007 3145 3064 incitat
3165 3005 3413 3063 inﬁdeles
3442 3024 3454 3061 :
3486 3015 3542 3063 et

1938 3105 2179 3177 intellige
2203 3104 2325 3177 quis
2351 3103 2431 3176 (lt)
2461 3104 2776 3160 manifestus
2810 3103 2869 3158 ﬁt
2897 3101 3290 3173 ignorantibus,
3329 3108 3385 3156 et
3420 3099 3540 3171 quis

1938 3201 2189 3272 proprius
2214 3208 2506 3269 usurpatur
2539 3196 2751 3265 alienis,
2792 3206 2846 3252 et
2872 3196 2992 3268 quis
3019 3208 3215 3250 manus
3244 3207 3370 3250 suas
3413 3201 3542 3250 ante

228 3289 295 3345 tis
331 3289 407 3361 (θ)
443 3286 835 3357 professionem
894 3286 1189 3344 benedictae
1226 3301 1292 3341 ex
1335 3294 1391 3341 te
1439 3300 1603 3357 super
1634 3296 1832 3345 terram
1861 3305 1905 3369 ρ
1939 3289 2270 3346 difﬁdentem
2316 3287 2884 3360 contradicentemque
2931 3288 3220 3359 populum,
3264 3286 3543 3359 conﬁgeus

229 3381 667 3451 nuncupationis,
703 3389 753 3435 te
791 3395 976 3436 verum
1010 3380 1175 3436 Deum
1218 3380 1428 3451 jurans.
1485 3379 1658 3436 Omne
1683 3381 1827 3437 enim

226 3491 285 3533 os
306 3477 649 3534 credentium
704 3482 779 3543 te,
830 3473 1068 3544 Christe,
1114 3474 1282 3530 Deum
1326 3474 1585 3545 loquitur.
1642 3473 1832 3530 Omnis

228 3571 566 3629 credentium
596 3569 727 3626 ﬁdes
776 3580 827 3625 te
858 3569 1027 3624 Deum
1065 3568 1234 3639 jurat,
1270 3569 1435 3622 Deum
1486 3582 1675 3622 verum
1712 3581 1833 3624 esse

229 3673 279 3721 te
327 3665 625 3728 conﬁtens,
656 3663 824 3718 Deum
854 3676 1038 3717 verum
1080 3675 1200 3716 esse
1230 3664 1287 3716 te
1312 3659 1628 3731 praedicans,
1662 3659 1831 3724 Deum

228 3773 421 3816 verum
452 3771 574 3814 esse
599 3764 652 3812 te
682 3755 920 3813 conscia.

295 3854 392 3911 31.
437 3850 672 3908 Idemets
698 3847 1045 3920 superioribus
1087 3846 1352 3918 propheta:
1378 3847 1551 3918 dictis,
1605 3848 1837 3905 illustra-

226 3957 331 4003 tur.
378 3975 461 3992 --
511 3945 846 4015 Quamquam
903 3941 1066 4011 igitur
1115 3940 1294 3995 omnis
1348 3939 1439 3995 hic
1490 3941 1837 4011 propheticus

228 4056 417 4099 sermo
449 4039 651 4095 nullam
677 4035 954 4108 reliquerit
978 4033 1371 4101 difﬁcultatem,
1406 4034 1536 4106 quin
1558 4033 1725 4093 Deum
1764 4041 1840 4093 si-

296 4158 378 4233 (l)
410 4156 572 4217 Nunc
596 4170 782 4211 nouunt
810 4160 1109 4226 nomengest.

296 4276 380 4349 (a)
413 4271 584 4349 Editi,
615 4287 715 4327 non
731 4269 893 4349 alius.
922 4267 1143 4349 Rectius
1169 4280 1303 4323 mss.
1326 4281 1432 4321 non
1454 4264 1602 4349 aliud
1619 4279 1639 4321 :
1658 4264 1726 4321 de
1742 4280 1841 4322 na—

227 4336 532 4407 tura'enim
553 4336 780 4409 quaestio
800 4351 886 4397 est
909 4382 925 4407 ,
966 4355 1074 4397 non
1100 4340 1166 4394 de
1194 4352 1444 4408 persona.
1474 4336 1631 4393 Unde
1656 4353 1840 4409 supra,

227 4436 382 4476 num.
415 4418 516 4479 16:
547 4409 690 4471 Pluit
728 4413 983 4468 Dominus
1008 4430 1039 4465 a
1070 4409 1325 4466 Domino:
1349 4409 1595 4481 numquid
1621 4427 1723 4465 non
1756 4427 1841 4466 ve-

226 4509 315 4546 rus
346 4488 609 4545 Dominus
639 4504 669 4540 α
699 4501 815 4541 vero
846 4484 1066 4541 Domino
1084 4484 1109 4536 ξ)
1133 4493 1220 4537 aut
1247 4482 1369 4551 quid
1391 4483 1538 4536 aliud
1557 4499 1709 4551 quam
1738 4483 1844 4537 Do-

224 4563 445 4620 minus?
471 4558 626 4627 Quod
655 4556 876 4622 deinde,
902 4566 959 4612 ut
984 4566 1037 4610 et
1064 4555 1215 4618 alibi,
1247 4554 1322 4609 ait
1359 4552 1619 4619 Hilarius,
1644 4554 1841 4609 Filimu

225 4636 279 4690 in
307 4632 858 4704 prophetislocutum
880 4642 1020 4704 esse,
1052 4642 1158 4680 non
1194 4627 1265 4704 ita
1297 4627 1345 4680 ei
1378 4627 1654 4704 proprium
1688 4627 1837 4681 arhie

227 4693 433 4767 tralur:
453 4703 579 4774 quin
604 4702 703 4756 hoc
725 4703 896 4774 ipsum
918 4702 1079 4754 etiam
1105 4699 1363 4774 attribuat
1385 4693 1831 4774 Spiritui_s_anct0:
1864 4693 1918 4754 D

224 4779 387 4847 cujus
416 4770 755 4847 divinitatem
784 4771 1012 4843 probare
1038 4770 1272 4847 volens,
1296 4770 1386 4824 lib.
1422 4784 1478 4835 tl,
1511 4785 1566 4823 n.
1601 4770 1693 4832 Μ,
1724 4770 1836 4847 ait:

226 4841 317 4911 Es't
345 4851 490 4905 enim
533 4845 760 4918 Spiritus
786 4841 1001 4900 sanctus
1024 4858 1155 4918 unus
1190 4841 1589 4918 ubique,_ontrt_es
1616 4843 1840 4914 patriar-

221 4925 373 4987 chas,
410 4912 690 4986 propis-etas
712 4925 756 4971 et
771 4931 969 4970 omnem
992 4914 1206 4969 chorum
1228 4912 1354 4983 legis
1373 4912 1690 4987 illuminans.

296 4986 380 5067 (b)
412 4994 603 5067 Petest
632 4990 733 5067 hoc
760 4990 828 5043 ita
856 4986 1078 5067 intelligi
1105 5028 1120 5047 ,
1153 4995 1210 5040 ut
1237 4986 1536 5067 mysterium
1563 4986 1839 5067 evangelici

219 5056 570 5127 sacramenti,
595 5060 833 5129 reliquus
863 5058 1137 5127 prophetae
1164 5071 1344 5110 sermo
1364 5056 1702 5129 explicuerit.
1739 5056 1835 5113 Vel

221 5137 389 5193 etiam
414 5126 765 5205 propheticus
781 5126 1176 5205 sermo'dicitur
1193 5126 1473 5205 evangelici
1484 5131 1797 5205 sacramenti
1814 5146 1835 5195 ,-

219 5211 347 5280 quia
388 5199 558 5280 ineo
578 5208 911 5280 continetur,
959 5199 1103 5280 quod
1141 5200 1209 5280 ad
1244 5199 1835 5280 E_v:irrge|ittm__attitiel,

220 5269 320 5337 seu
350 5281 411 5336 in
446 5279 539 5335 illo
575 5276 803 5341 velatur,
835 5269 989 5346 quod
1010 5272 1248 5343 apertius
1282 5272 1334 5324 in
1364 5269 1656 5342 Evangelia
1686 5288 1841 5327 reve-

220 5352 395 5411 latum
429 5358 536 5407 est.

294 5424 379 5499 (ε)
429 5424 549 5481 Vat.
576 5420 714 5481 ~bats.
751 5432 853 5477 ms.
876 5458 890 5481 ,
921 5432 1103 5499 nomen
1129 5414 1446 5499 benedictum
1470 5431 1695 5499 unquam
1722 5416 1842 5499 fuit,

223 5486 369 5551 nunc
394 5509 591 5549 novum
613 5507 799 5545 nomen
824 5499 917 5543 est.
952 5487 1177 5543 Caruut.
1204 5502 1326 5541 cum
1359 5501 1467 5540 uno
1488 5486 1668 5553 Cnlb.,
1696 5498 1848 5542 antea

222 5568 523 5628 benedictio
554 5578 795 5633 umquam
820 5562 941 5632 fuit,
985 5576 1122 5615 nunc
1152 5574 1342 5617 nouum
1374 5575 1558 5613 nomen
1586 5570 1679 5615 est.
1713 5559 1845 5616 Bad.

223 5651 279 5697 et
306 5642 406 5697 Er.
443 5646 609 5691 antea
641 5633 900 5691 beatitudo
926 5648 1185 5701 nunquam
1223 5633 1343 5702 fuit,
1375 5647 1511 5684 nunc
1542 5647 1727 5685 nouum
1758 5649 1852 5688 no-

224 5729 363 5771 men
390 5721 491 5766 est.
530 5708 719 5764 Melius
750 5706 838 5760 alii
870 5704 989 5759 libri
1016 5744 1033 5769 ,
1064 5718 1198 5757 nunc
1227 5718 1416 5756 novum
1447 5708 1666 5772 (supple
1696 5718 1856 5759 voca-

226 5786 327 5843 bul
344 5801 446 5840 um
470 5780 619 5854 )7non
643 5787 738 5835 est.
764 5778 897 5831 Nam
923 5792 989 5854 ex
1012 5792 1112 5829 non
1144 5773 1525 5854 facile‘iztctum
1549 5783 1859 5854 estnomen.

1938 3385 2082 3441 cruci
2112 3381 2531 3455 chirographum
2563 3381 2723 3438 edicti
2769 3380 3056 3437 anterioris
3104 3377 3381 3446 expandit.
3435 3378 3532 3436 Hic

1939 3491 2172 3548 namque
2204 3476 2483 3546 propheta:
2507 3474 2737 3546 Spiritus
2768 3473 2902 3529 dixit
2933 3486 3029 3544 per
3057 3470 3422 3527 continentem
3439 3466 3543 3527 sibi

1941 3573 1993 3628 in
2021 3572 2213 3628 ordine
2236 3585 2649 3644 connexumque
2686 3584 3018 3635 sermonem,
3048 3564 3396 3624 Servientibus
3425 3581 3541 3622 vero

1943 3666 2071 3721 mihi
2094 3665 2356 3721 vocabitur
2379 3680 2566 3721 nomen
2597 3680 2806 3731 novum,
2846 3662 2984 3735 quod
3028 3661 3350 3716 benedicetur
3389 3674 3544 3731 super

1943 3766 2156 3827 terram,
2185 3767 2232 3813 et
2263 3759 2558 3814 benediccnt
2583 3752 2750 3812 Deum
2776 3771 2953 3811 verum
2990 3770 3011 3811 :
3045 3763 3093 3810 et
3120 3754 3207 3826 qui
3241 3754 3420 3817 iurant
3457 3767 3544 3807 su-

1942 3869 2035 3924 per
2063 3862 2270 3921 terram,
2290 3853 2544 3928 jurabunt
2572 3854 2625 3907 in
2653 3848 2819 3907 Deum
2848 3865 3022 3905 verum
3041 3847 3195 3920 (Esa.
3225 3862 3350 3914 ων,
3387 3843 3501 3920 16).

2015 3946 2105 4003 52.
2152 3946 2321 4001 Esaia:
2342 3946 2489 4002 verba
2518 3946 2582 4000 de
2604 3944 2744 3999 Filio
2765 3944 2902 3998 dicta
2926 3941 3131 3997 Paulus
3150 3943 3538 4014 interpretatur.

1944 4071 2017 4082 —
2046 4040 2172 4097 Haec
2194 4040 2240 4097 si
2269 4040 2498 4099 stultitia
2537 4048 2700 4113 atque
2746 4038 2996 4108 impietas
3043 4036 3317 4106 hmretica,
3346 4036 3414 4101 ad
3443 4036 3544 4093 fal-

2016 4268 2092 4341 (e)
2118 4267 2242 4327 Vat.
2271 4269 2386 4326 bas.
2415 4285 2520 4328 ms.
2550 4272 2636 4332 hic
2665 4272 2815 4330 addit
2841 4281 2963 4332 tum.

2018 4361 2088 4440 (Γ)
2115 4363 2328 4440 Primus
2356 4365 2616 4440 Erasmus
2639 4368 2710 4425 de
2739 4385 2837 4425 suo
2863 4368 2951 4425 hic
2968 4369 3170 4440 posuit,
3188 4385 3303 4425 ecce
3322 4369 3544 4437 adsunt;

1944 4437 2088 4519 quod
2116 4437 2357 4519 retinens
2382 4439 2599 4509 Lipsius
2627 4443 2842 4519 propria
2868 4437 3185 4519 auctoritate
3206 4440 3403 4519 deinde
3418 4444 3547 4519 gul-

1944 4509 2109 4575 gavit,
2134 4509 2365 4578 gentibus
2388 4526 2502 4581 qua:
2536 4509 2642 4569 non
2668 4509 3045 4569 invocaverunt.
3072 4512 3329 4570 Neutrum
3349 4512 3403 4569 in
3418 4514 3544 4571 Par.

1946 4594 2249 4635 correcmm
2301 4592 2419 4668 est:
2458 4584 2702 4668 quamvis
2737 4587 2790 4641 in
2832 4587 3085 4667 omnibus
3125 4599 3255 4641 mss.
3306 4586 3543 4668 legatur,

1947 4667 2193 4730 eccemsum
2215 4655 2373 4730 genti,
2399 4655 2509 4725 qui,
2533 4659 3056 4730 etc.,c0ttsenticute
3070 4671 3271 4730 graeco,
3301 4657 3410 4715 1δοὺ
3434 4660 3541 4730 εἰμὶ

1942 4721 2187 4799 ’τῷ-ἔθνει,
2216 4721 2298 4780 ei:
2329 4721 2504 4799 neque
2530 4727 2675 4783 aliud
2700 4729 3041 4799 permittente
3067 4721 3541 4798 Hilariiinterpre-

1941 4796 2166 4861 talione,
2197 4812 2302 4867 qua
2334 4796 2462 4872 illud
2489 4816 2603 4854 ecce
2630 4796 2742 4855 sum
2766 4801 2923 4871 genti,
2948 4799 3173 4870 perinde
3198 4796 3436 4872 explicat
3459 4809 3543 4861 at—

1941 4882 2067 4937 que,
2097 4872 2343 4938 pertineo
2368 4868 2482 4939 jam
2516 4871 2583 4931 ad
2606 4868 2852 4942 gentem.

2013 4962 2413 5038 (g)_Exempl_ar
2434 4963 2557 5038 Vat.
2589 4965 2703 5038 has.
2736 4966 2994 5030 incitatus,
3018 4966 3247 5038 inﬁdelis
3272 4973 3325 5020 tu
3351 4965 3466 5038 vide
3494 4972 3542 5019 et

1939 5035 2189 5107 intellige,
2212 5035 2353 5104 quod
2381 5046 2434 5091 et
2462 5037 2621 5092 habet
2639 5037 2861 5093 Carnut.
2886 5054 2914 5093 a
2945 5035 3179 5094 secunda
3212 5054 3392 5092 manu.
3424 5037 3539 5092 Hu-

1934 5104 2241 5181 juspotior
2289 5118 2407 5181 erat
2459 5108 2618 5163 lecrio
2647 5110 2842 5180 prima,
2893 5126 3052 5179 quam
3101 5112 3304 5166 hahent
3329 5122 3547 5181 quoque

1937 5178 2024 5232 alii
2050 5178 2193 5245 libri,
2224 5179 2612 5252 conﬁrmatque
2641 5178 2794 5237 sacer
2819 5178 3015 5238 textus.

2015 5270 2094 5344 (It)
2114 5270 2288 5345 AEditi,
2321 5273 2621 5345 manifestus
2648 5274 2732 5328 sit.
2764 5271 3266 5345 PosteaErasmus,
3306 5286 3404 5342 pro
3432 5270 3549 5343 quis

1948 5343 2207 5418 proprius,
2236 5346 2300 5418 ad
2328 5343 2623 5418 nnirgiuem
2668 5347 2909 5415 apponit,
2950 5344 3108 5402 Forte
3135 5346 3246 5414 quis
3272 5345 3548 5418 proprius;

1948 5416 2120 5469 locum
2154 5414 2324 5479 Isaia),
2352 5414 2486 5471 Ecce
2505 5434 2618 5471 sum
2641 5417 2798 5487 genti,
2826 5419 2914 5486 qui
2934 5435 3036 5473 non
3064 5414 3445 5479 invocaverunt,
3477 5416 3549 5472 ab

1950 5489 2068 5557 ipso
2109 5495 2166 5541 ut
2206 5502 2366 5555 supra
2411 5489 2718 5543 monuimus
2782 5490 3028 5545 nonnihil
3055 5498 3405 5559 corruptum,
3436 5501 3547 5543 non

1950 5559 2254 5630 percipiens
2285 5560 2363 5615 sic
2392 5562 2457 5615 ab
2503 5559 2702 5615 ililario
2733 5561 2976 5632 intelligi,
3021 5560 3195 5632 quasi,
3220 5558 3356 5616 ’Jam
3405 5558 3551 5632 Deus

1958 5646 2076 5686 sum
2102 5633 2164 5685 iis
2197 5633 2464 5706 proprius,
2492 5632 2685 5706 quibus
2712 5644 2867 5706 antea
2895 5631 3052 5706 eram
3072 5634 3304 5701 alienus,
3337 5647 3432 5687 seu
3459 5631 3553 5706 qui

1965 5719 2049 5758 me
2080 5718 2184 5757 non
2216 5704 2556 5776 invocabant.
2587 5703 2769 5776 Neque
2797 5704 3003 5759 felicius
3034 5707 3193 5776 paulo
3218 5713 3338 5775 post
3358 5703 3559 5774 expun-

1966 5776 2059 5847 git,
2089 5789 2187 5847 pro
2208 5775 2471 5843 expandit,
2499 5774 2779 5847 legendum
2810 5774 3096 5847 conjectat,
3128 5774 3279 5847 quasi
3305 5776 3407 5831 hoc
3436 5790 3557 5831 ver-

323 5857 411 5927 (d)
471 5845 637 5927 Editi,
661 5858 897 5927 excepto
919 5846 1072 5927 Pan,
1117 5845 1496 5927 sancti/iretur;
1529 5856 1641 5901 tum
1672 5849 1766 5904 Er.
1811 5856 1867 5905 et
1968 5845 2094 5927 bum
2112 5846 2179 5901 ad
2203 5847 2599 5927 cliirographum
2628 5845 2943 5927 referretur,
2970 5863 3079 5907 non
3098 5845 3165 5908 ad
3191 5865 3396 5919 manus,
3424 5860 3559 5920 quas

244 5917 411 6001 Lips;
449 5926 611 5996 pietas
628 5917 882 5984 nostrain
908 5918 1073 5979 Deum
1090 5960 1109 5989 ,
1130 5917 1489 5977 renitentibus
1511 5933 1644 5976 mss.

1971 5920 2023 5973 in
2054 5930 2214 5975 cruce
2238 5918 2480 5974 Christus
2503 5918 2762 5976 extendit.
