4040 6328
544 320 644 380 liii

551 442 769 498 lendum
824 439 1134 512 ignorantes
1176 434 1672 508 simplicioresque,
1715 434 1860 491 dicta
1903 449 2025 492 esse
2076 448 2143 491 ex
2172 434 2223 493 A

550 549 780 606 persona
808 532 902 588 Dei
925 532 1093 604 patris
1114 530 1425 595 mentietur,
1449 544 1517 586 ne
1542 528 1595 584 in
1620 530 1787 584 Deum
1814 527 2001 584 ﬁllium
2016 528 2145 584 dicti

550 628 711 699 hujus
733 625 1081 695 intelligentia
1101 622 1302 694 suscipi
1335 621 1539 693 possit:
1562 622 1743 677 audiat
1772 621 2039 677 mendacii
2063 620 2146 675 sui

552 721 621 774 ab
649 719 893 790 apostolo
920 726 975 772 et
1003 717 1227 773 doetore
1261 716 1504 787 gentium
1540 727 1783 781 reatum;
1817 716 1999 770 omnia
2030 714 2150 771 haec

551 817 619 872 ad
654 822 1049 871 sacramentum
1084 812 1351 884 passionis
1393 810 1679 866 dominica:
1724 819 1781 864 ct
1825 808 2150 880 evangelicae

551 906 676 963 ﬁdei
709 916 952 977 tempora
984 903 1332 975 pracdicwte,
1369 911 1481 958 tum
1514 917 1638 957 cum
1669 900 2038 957 inﬁdelitatem
2073 898 2153 955 ls-

552 998 668 1056 rael
708 997 999 1054 adventum
1041 996 1251 1052 Domini
1296 995 1349 1051 in
1387 1009 1607 1049 carnem
1649 1009 1754 1049 non
1796 993 2153 1065 intelligentis

551 1091 862 1161 exprobrat.
909 1089 1004 1145 Ait
1046 1089 1190 1143 enim
1231 1087 1301 1142 ita
1329 1103 1350 1142 :
1399 1085 1579 1141 Omnis
1624 1088 1795 1154 enim,
1849 1086 2155 1158 quicumque

550 1184 856 1238 invacaverit
877 1198 1058 1236 nomen
1076 1178 1305 1244 Domini,
1328 1179 1628 1234 salvabitur.
1660 1177 1929 1246 Quomodo
1945 1179 2153 1232 invoca-

552 1279 676 1335 bunt
708 1294 822 1332 eum
858 1278 911 1331 in
951 1292 1102 1346 quens
1131 1289 1232 1328 non
1264 1272 1587 1328 crediderunt
1607 1272 1634 1326 ἴ
1680 1272 1951 1338 Quomodo
1984 1281 2156 1327 autem

555 1373 761 1428 credent
795 1372 841 1427 ei
868 1386 1015 1437 quem
1044 1386 1147 1424 non
1182 1369 1456 1424 audierunt
1479 1368 1512 1422 2‘
1542 1366 1814 1435 Quomodo
1854 1377 2022 1422 autem
2057 1382 2155 1420 au-

556 1467 698 1522 dient
740 1468 849 1522 sine
896 1465 1248 1537 praedicante?
1293 1462 1565 1531 Quomodo
1607 1471 1775 1516 autem
1803 1461 2159 1532 pradicabunt

555 1544 658 1615 nisi
705 1559 845 1614 missi
890 1557 1116 1627 fuerint?
1141 1557 1293 1612 sicuti
1320 1557 1572 1626 scriptum
1599 1564 1711 1610 est:
1735 1553 1810 1628 (a)
1846 1552 2015 1621 Quam
2041 1569 2158 1625 spe-

556 1652 683 1707 ciosi
714 1652 866 1721 pedes
904 1666 1081 1705 eorum
1124 1650 1213 1721 qui
1252 1649 1562 1704 annuntiant
1609 1663 1808 1721 pacem,
1857 1662 2033 1703 eorum
2072 1646 2162 1713 qui

556 1746 863 1800 annuntiant
901 1744 1033 1799 bona
1076 1742 1249 1815 (Esai.
1290 1758 1381 1810 ιιι,
1413 1741 1468 1812 7)
1499 1760 1512 1796 :
1545 1741 1653 1797 Sed
1689 1757 1791 1796 non
1844 1755 2017 1795 omnes
2047 1741 2165 1795 obe-

562 1840 710 1894 diunt
753 1835 1058 1908 Evangelia.
1100 1835 1287 1891 Esaias
1326 1835 1462 1889 enim
1516 1835 1684 1901 dicit,
1726 1831 1985 1901 Domine,
2049 1833 2163 1903 quis
2193 1847 2410 1921 Bquod
2452 1846 2504 1901 ίη
2553 1860 2614 1901 ea
2665 1844 2834 1916 gloria
2878 1844 3209 1915 unigenitum
3257 1843 3425 1898 Deum
3453 1842 3668 1907 viderit;
3711 1840 3802 1896 and;

560 1930 779 1987 credidit
844 1931 1046 1986 auditui
1091 1939 1265 1985 nostra
1330 1927 1502 2003 (Esai.
1531 1944 1647 1997 un,
1683 1928 1779 2000 υτ
1818 1925 2002 1998 Itaque
2034 1926 2165 1998 ﬁdes

562 2051 626 2090 ea:
651 2032 857 2100 auditu,
901 2032 1112 2087 auditus
1155 2039 1325 2084 autem
1372 2045 1465 2099 per
1489 2026 1697 2083 verbum
1737 2026 1835 2100 (b).
1879 2025 1987 2083 Sed
2024 2026 2165 2092 dico,

563 2127 815 2199 numquid
837 2143 938 2181 non
960 2124 1273 2179 audierunt?
1326 2120 1443 2177 Ima
1491 2121 1547 2175 in
1576 2136 1778 2176 omnem
1798 2127 1989 2174 terram
2015 2118 2168 2174 exivit

559 2237 718 2276 sonus
746 2236 945 2287 eorum,
977 2229 1025 2273 et
1063 2217 1132 2272 ad
1153 2216 1393 2272 terminos
1418 2215 1554 2270 orbis
1571 2212 1643 2287 (c)
1664 2212 1814 2268 verba
1834 2228 2034 2268 eorum.
2062 2210 2172 2267 Sed

562 2314 703 2369 dico:
732 2312 1001 2385 Numquid
1028 2310 1200 2367 Israel
1226 2326 1329 2365 non
1356 2309 1543 2365 scivit?
1566 2306 1777 2362 Primus
1802 2304 2008 2377 Moyses
2025 2304 2167 2371 dicit,

563 2405 680 2479 Ego
713 2405 935 2462 incitaba
962 2422 1049 2460 vos
1077 2407 1132 2461 in
1159 2422 1260 2461 non
1284 2413 1484 2477 gentem
1503 2445 1519 2469 ,
1550 2403 1605 2458 in
1632 2412 1833 2475 gentem
1859 2402 2175 2457 insensatam

564 2502 876 2557 exacerbaba
898 2517 1007 2556 vos.
1037 2499 1225 2556 Esaias
1254 2510 1428 2555 autem
1450 2496 1604 2552 audet
1643 2505 1692 2553 et
1737 2497 1892 2563 dicit,
1938 2495 2175 2566 Apparui

567 2604 736 2648 autem
763 2593 844 2648 his
866 2593 955 2664 qui
984 2609 1065 2648 me
1090 2608 1192 2647 non
1219 2590 1302 2665 (ά)
1322 2599 1581 2662 quarunt,
1609 2592 1844 2646 inventus
1864 2605 1976 2645 sum
2005 2589 2069 2644 iis
2087 2588 2176 2659 qui

567 2702 650 2742 me
676 2703 779 2741 non
798 2684 1182 2756 interrogabant
1199 2683 1403 2758 (Esaia.
1431 2699 1563 2751 va,
1590 2683 1666 2755 l).
1701 2682 1783 2737 Ad
1806 2680 1980 2737 Israel
2007 2693 2176 2737 autem

569 2782 695 2853 quid
721 2781 887 2837 dicit?
907 2778 1040 2836 Tota
1066 2781 1148 2835 die
1175 2778 1255 2853 (l)
1281 2779 1486 2835 extendi
1504 2794 1691 2834 manus
1716 2795 1854 2834 meas
1891 2778 1959 2832 ad
2020 2777 2176 2851 125

570 2874 822 2945 populum
834 2889 938 2927 non
953 2871 1571 2944 audientem(Rom.x,l'5
1588 2882 1635 2926 et
1650 2871 1783 2944 seq.)
1794 2914 1807 2927 .
1818 2871 2026 2944 (e)Quis
2053 2872 2176 2928 caeli

572 2964 831 3032 circulos,
859 2964 1129 3021 incertum
1159 2964 1516 3035 incorporeus
1548 2979 1617 3019 an
1646 2978 1965 3036 corporeus,
1995 2978 2178 3035 egres-

570 3072 685 3124 sus,
712 3057 927 3113 ﬁdelior
956 3056 1122 3113 Paulo
1148 3056 1419 3113 dictorum
1444 3058 1884 3129 propheticorum
1908 3062 2178 3131 interpres

573 3150 829 3207 exstitisti
852 3148 922 3223 (ll
943 3147 1063 3205 Cor.
1090 3164 1190 3216 xu,
1208 3149 1269 3219 2)
1286 3149 1308 3204 ‘l
1324 3149 1458 3217 Quis
1485 3148 1844 3205 inenarranda
1871 3150 2175 3207 cmlestium

572 3244 955 3317 mysteriorum
983 3242 1208 3299 audiens
1235 3252 1573 3299 sacramenta
1609 3252 1665 3299 et
1707 3253 1893 3300 tacens
1915 3285 1931 3311 ,
1972 3245 2179 3316 majore
2204 3242 2250 3305 C
2281 3249 2373 3320 qui
2402 3248 2454 3303 in
2482 3248 2604 3303 sinu
2632 3248 2809 3304 Patris
2835 3257 2918 3303 est
2960 3248 3251 3303 enarravit.
3295 3252 3399 3303 Aut
3431 3247 3652 3304 dissolve
3677 3241 3820 3311 unige-

574 3338 695 3396 harc
716 3338 908 3396 ﬁducia
935 3339 1189 3394 revelata:
1218 3338 1313 3394 tibi
1358 3353 1389 3393 a
1422 3339 1530 3394 Deo
1574 3339 1816 3394 scientia:
1844 3339 2181 3409 prtedicasti?

579 3433 713 3501 Quis
740 3432 807 3487 ad
847 3431 1238 3504 plenitudinem
1284 3431 1571 3489 dominicae
1616 3432 1884 3504 passionis
1920 3436 2070 3490 cruci
2099 3452 2185 3491 re-

577 3525 901 3594 servandus,
923 3535 1080 3581 antea
1099 3526 1149 3579 in
1169 3524 1475 3596 paradisum
1493 3537 1682 3594 raptus
1708 3530 1967 3596 evadeus,
1990 3530 2185 3588 melius

579 3618 650 3675 de
687 3618 886 3674 divinis
920 3617 1217 3689 Scripturis
1256 3618 1541 3675 electionis
1578 3633 1709 3676 vase
1757 3620 2018 3690 docuisti,
2069 3623 2183 3681 haec

581 3712 832 3768 nesciens
853 3711 995 3768 dicta
1019 3719 1279 3783 gestaque
1309 3725 1432 3767 esse
1461 3725 1491 3766 a
1518 3711 1627 3767 Deo
1656 3728 1809 3780 vero,
1836 3722 1892 3769 et
1920 3714 1987 3769 ad
2025 3716 2186 3773 intel-

580 3804 859 3876 ligentiam
891 3802 987 3860 Dei
1012 3803 1126 3861 veri
1152 3819 1183 3859 a
1213 3817 1344 3860 vero
1363 3803 1481 3876 ejus
1504 3813 1559 3860 et
1579 3803 1756 3862 electo
1774 3808 2022 3875 apostolo
2050 3824 2187 3879 pra:-

581 3897 801 3956 dicata?

668 4041 750 4117 (l)
780 4042 1056 4117 Eapandi,
1085 4045 1240 4116 juxta
1270 4046 1378 4102 vim
1418 4047 1577 4117 graeci
1607 4045 1853 4103 vocabuli
1879 4048 2180 4114 ἐξεπέτασα.

582 4126 610 4195 t’:
657 4115 739 4198 (ᾖ)
774 4115 1030 4191 Umquam
1049 4115 1204 4175 abest
1229 4133 1259 4172 a
1291 4134 1394 4174 ms.
1423 4115 1629 4175 Veron.

682 4236 735 4305 a)
753 4234 816 4289 ln
840 4249 942 4289 ms.
969 4229 1138 4305 Carn.
1167 4246 1195 4305 _a
1224 4231 1397 4305 prima
1421 4247 1605 4305 manu,
1631 4249 1786 4303 quam
1807 4233 2001 4287 veloces
2022 4234 2192 4305 pedes.

680 4300 732 4378 b)
754 4305 1103 4360 Removimus
1126 4302 1252 4358 hinc
1271 4304 1492 4358 verbum
1517 4300 1904 4370 Dei,'veterum
1934 4300 2191 4360 librorum

581 4378 928 4436 auctoritate.

658 4448 733 4522 (c)
760 4447 816 4522 In
838 4444 1072 4522 vulgatis
1096 4444 1183 4522 hic
1208 4443 1427 4499 additur
1448 4444 1796 4522 terrm:__quod
1814 4445 1969 4501 abest
1997 4461 2027 4501 a
2057 4461 2189 4504 mss.

660 4516 741 4593 (ἄ)
774 4517 939 4593 Editi,
964 4516 1255 4593 thterebant
1274 4531 1293 4569 :
1321 4516 1745 4593 repugnantibus
1770 4531 1901 4593 mss.

665 4585 739 4663 le)
774 4585 1103 4663 Bad.‘et_Er.
1128 4602 1252 4663 cum
1282 4585 1581 4663 unicuints.
1613 4585 1769 4641 Culb.
1802 4588 2042 4641 minima:
2064 4602 2191 4644 auc-

585 4658 822 4719 toritatis
847 4678 860 4713 :
896 4658 1026 4727 Quis
1049 4659 1100 4731 in
1125 4658 1540 4731 tertiumgcaelum
1561 4660 1895 4728 incorporeus
1916 4675 1983 4713 an
2004 4676 2157 4731 carpo
2171 4691 2185 4700 -

587 4751 706 4789 reus
730 4734 1013 4804 ingressus.
1048 4728 1406 4804 ln_edit._a|iis
1430 4738 1699 4804 retentum
1736 4740 1818 4804 est
1858 4728 2189 4786 verbum—in-

589 4798 813 4879 gressus.
839 4801 999 4879 Quod
1027 4811 1081 4855 et
1111 4800 1297 4879 habuit
1319 4815 1419 4879 ius.
1458 4798 1623 4879 Carn.
1654 4817 1681 4879 a
1709 4802 1880 4871 prima
1915 4808 2195 4879 mann._At

589 4871 620 4933 Ξι
652 4875 886 4933 secunda
911 4875 1258 4943 consentiens
1284 4871 1401 4926 aliis
1427 4887 1557 4927 mss.
1587 4873 1767 4939 habet,
1802 4890 2060 4943 egressus.
2095 4875 2193 4928 Pa-

591 4948 699 5005 lam
747 4954 832 5000 est
874 4942 958 4998 hic
987 4942 1183 5011 respici
1233 4942 1381 4997 Pauli
1423 4956 1637 5012 raptum
1678 4942 1845 5014 usque
1876 4948 1925 4999 in
1975 4947 2190 5000 tertium

592 5020 791 5075 caelum
846 5014 972 5085 (qui
1023 5014 1238 5083 quidem
1270 5014 1323 5067 in
1352 5015 1486 5083 psal.
1519 5030 1694 5071 cxxxv
1719 5058 1735 5081 ,
1771 5034 1827 5071 n.
1860 5017 1948 5079 l0,
1986 5017 2063 5070 sic
2094 5034 2193 5072 ex~

601 5082 863 5160 primitur
886 5082 909 5140 ε’
934 5082 1063 5160 Qum
1091 5097 1273 5160 raptus
1300 5085 1370 5160 ad
1411 5089 1561 5160 calas
1601 5094 1706 5158 est)
1736 5105 1749 5141 :
1779 5103 1902 5160 mox
1928 5104 2056 5160 vero
2103 5089 2194 5143 ubi

592 5154 912 5228 subjicitur,
949 5154 1174 5228 Quisgad
1202 5156 1591 5228 plenitudinem,
1626 5154 1934 5218 etc..allndi
1964 5159 2028 5214 ad
2082 5160 2194 5214 lucc

590 5226 776 5286 Colos.
795 5244 832 5292 ι,
853 5227 924 5281 ει
951 5226 1269 5299 {Adimpleo
1284 5242 1353 5299 ea
1372 5244 1486 5296 quae
1510 5231 1691 5284 desunt
1712 5232 2013 5299 passionum
2035 5228 2186 5285 Chri-

592 5302 680 5356 sti.
702 5301 778 5355 lta
796 5300 850 5354 in
869 5298 950 5352 his
972 5296 1206 5369 Hilarius
1229 5297 1597 5355 adversarium
1620 5296 1740 5355 cum
1764 5301 2026 5369 Apostolo
2044 5317 2191 5357 com-

592 5383 768 5443 parat,
802 5379 860 5425 ut
904 5382 1025 5441 quae
1066 5368 1217 5423 Pauli
1261 5378 1422 5439 sunt,
1455 5371 1508 5427 in
1556 5372 1703 5427 illum
1733 5375 1983 5430 conferre
2010 5374 2192 5430 videa-

596 5453 738 5580 ιωξῇ
764 5511 992 5580 Quidam
1021 5526 1153 5566 mss.
1180 5527 1246 5567 ex
1262 5512 1527 5580 propheta:
1552 5514 1757 5580 spiritu.

764 5516 992 5580 Quidam
1021 5526 1153 5566 mss.
1180 5527 1246 5567 ex
1262 5516 1527 5580 propheta:
1552 5529 1577 5566 s
1616 5516 1757 5569 iritu.

666 5516 745 5678 ϐ
777 5584 951 5652 Editi,
979 5598 1095 5655 qua:
1128 5583 1256 5654 facis
1283 5532 1671 5641 reluctantibus
1704 5602 1834 5643 mss.
1865 5597 1919 5643 et
1950 5603 2127 5661 graeco
2153 5589 2189 5646 ἃ

594 5676 934 5853 ποέἳιῖᾝῇυιι
988 5725 1117 5780 Batl.
1170 5733 1224 5781 et
1266 5723 1387 5790 Er.,
1420 5729 1883 5797 pronuntiaverat:
1921 5733 2080 5788 male.
2127 5730 2190 5788 ln

594 5814 660 5853 co
705 5814 781 5853 tce
808 5805 986 5851 autem
1022 5796 1139 5851 Vat.
1175 5798 1291 5851 bas.
1336 5801 1731 5853 artenuntiabat.
1782 5801 1837 5853 ιιι
1888 5802 2008 5853 aliis
2062 5818 2190 5853 vero

594 5796 781 5855 cadiae
808 5805 986 5851 autem
1022 5796 1139 5851 Vat.
1175 5798 1291 5851 bas.
1335 5796 1731 5868 prtenuntiabat.
1782 5801 1837 5857 in
1888 5802 2008 5858 aliis
2062 5818 2192 5859 vero

596 5869 779 5938 libris,
810 5868 1240 5940 prtenuntiaverat
1273 5883 1292 5923 :
1342 5873 1537 5927 verius.
1579 5868 1717 5929 Tum
1744 5876 1961 5943 excusi,
2002 5884 2192 5947 myste-

1737 312 1984 375 SANCTI
2016 314 2273 373 HILARII
2310 313 2618 373 EPISCOPI

3691 323 3772 379 ΗΞ

2318 430 2409 489 55.
2440 431 2651 487 Esaiam
2681 448 2747 488 ea:
2777 432 2945 488 Esaia;-
2970 432 3121 489 dictis
3148 434 3503 506 interpretatur
3525 437 3772 511 Apostolus.

2254 522 2437 578 Esaias
2466 526 2589 579 vidit
2632 522 2833 593 Deum,
2867 541 3027 597 neque
3063 527 3223 581 aliaat
3247 528 3369 584 vidit
3397 540 3568 601 prteter
3600 531 3773 590 Filium.

2252 650 2323 662 ο-
2345 619 2458 675 Nisi
2483 621 2620 676 forte
2651 620 2941 692 Apostolus
2992 620 3149 676 dictis
3188 622 3505 694 propheticis
3529 641 3623 681 non
3645 625 3703 699 (ί)
3726 643 3775 684 ex

2253 713 2549 785 prophetia:
2594 714 2786 785 spiritu
2837 715 3107 786 usurpatis
3131 756 3145 779 ,
3178 716 3490 772 temerarius
3529 718 3667 774 alieni
3690 735 3782 775 ser.

2254 807 2430 862 tuonis
2458 808 2724 879 interpres
2745 820 2848 863 εει.
2880 807 3073 864 Omnia
3094 809 3307 881 quidem
3335 826 3431 883 per
3457 811 3781 869 revelationem

2254 899 2454 956 Christi
2490 899 2782 971 Apostolus
2826 900 2999 957 dicit:
3030 902 3125 957 sed
3176 902 3351 957 Esaiae
3377 902 3514 958 dicta
3563 919 3619 959 es
3664 904 3784 961 dictis

2258 994 2431 1051 Esaias
2457 997 2624 1065 ipsius
2660 994 2827 1052 novit.
2858 995 2916 1051 lu
2952 996 3177 1052 exordio
3220 1001 3362 1053 enim
3402 999 3648 1054 sermonis
3667 1000 3787 1069 ejus,

2257 1093 2311 1147 in
2338 1106 2445 1160 quo
2480 1090 2619 1144 Deus
2648 1104 2811 1146 verus
2853 1106 2884 1144 a
2915 1089 3277 1146 servientibus
3323 1090 3421 1145 sibi
3448 1090 3788 1147 benedicendtts

2256 1195 2417 1257 atque
2437 1184 2695 1255 iurandus
2735 1194 2819 1241 est
2839 1226 2854 1250 ,
2887 1182 3004 1239 haec
3030 1185 3304 1256 propheta:
3338 1185 3507 1239 oratio
3531 1184 3733 1255 legitur:
3757 1184 3790 1237 Α

2258 1278 2448 1335 steculo
2471 1294 2575 1333 non
2602 1278 2914 1344 audivimus,
2946 1294 3038 1332 nec
3062 1278 3198 1332 oculi
3227 1279 3388 1332 nostri
3421 1276 3638 1332 viderunt
3667 1276 3790 1332 Deum

2261 1385 2445 1447 praeter
2474 1383 2542 1436 te.
2588 1384 2635 1429 et
2663 1390 2819 1445 opera
2847 1383 2933 1428 tua
2979 1374 3058 1447 (g)
3084 1390 3200 1441 qua:
3244 1373 3402 1445 facies
3442 1374 3794 1444 exspectantibus

2260 1467 2664 1523 misericordiam
2693 1475 2830 1521 tuam
2857 1465 3007 1537 (Esa.
3043 1481 3193 1532 thv,
3220 1464 3298 1540 4).
3343 1466 3594 1538 Loquitur
3620 1466 3793 1533 Esaias,

2262 1569 2460 1632 praeter
2486 1558 2631 1615 hunc
2679 1574 2739 1614 se
2767 1562 3038 1615 neminem
3073 1560 3241 1615 Deum
3280 1561 3495 1616 vidisse.
3542 1559 3670 1615 Vidit
3688 1561 3797 1616 enim

2262 1631 2487 1726 gloriam
2539 1653 2671 1721 Dei,
2718 1655 2874 1725 cujus
2918 1651 3000 1727 (h)
3048 1654 3496 1724 praenuntiaverat
3541 1631 3797 1726 mysteriu'm

2265 1750 2662 1822 corporationis
2685 1764 2754 1805 ex
2785 1749 3010 1821 virgine.
3038 1748 3116 1804 Ac
3156 1750 3201 1803 si
3232 1758 3285 1804 tu
3322 1748 3570 1805 hmretice
3603 1749 3799 1818 ignoras,

2269 1942 2533 1999 Joannem
2575 1938 2959 2009 evangelistam
3010 1937 3276 1992 dicentem
3304 1922 3443 2011 (stt,
3475 1934 3805 2007 “ﬁliam:-

2274 2047 2373 2092 tcm
2403 2034 2532 2089 dixit
2561 2031 2768 2096 Esaias,
2808 2030 3013 2103 quando
3035 2030 3159 2085 vidit
3184 2028 3246 2102 (i)
3279 2030 3523 2085 honorem
3541 2028 3668 2099 eius,
3693 2037 3733 2082 et
3752 2028 3806 2080 lo-

2273 2140 2422 2185 cutus
2460 2136 2533 2184 est
2577 2126 2641 2181 de
2666 2142 2724 2181 eo
2770 2124 2922 2196 (Esa.
2950 2140 3037 2192 vt,
3071 2125 3149 2196 l).
3179 2124 3315 2180 Hinc
3356 2124 3685 2196 apostolicis,
3718 2122 3808 2176 hinc

2273 2219 2622 2291 evangelicis,
2651 2217 2778 2273 hinc
2808 2216 3140 2288 prapbeticis
3166 2216 3325 2272 dictis
3350 2260 3365 2281 ,
3399 2216 3556 2286 impie
3577 2214 3806 2278 haeretica,

2275 2276 2639 2372 concluderis.
2669 2276 2859 2368 Esaias
2881 2276 3025 2367 enim
3055 2312 3221 2367 Deum
3253 2310 3419 2376 vidit;
3463 2276 3650 2365 etcum
3686 2276 3810 2375 scrip
3938 2276 3944 2376 1

2278 2419 2389 2465 tum
2415 2410 2485 2464 sit
2515 2429 2528 2463 :
2557 2406 2727 2462 Deum
2757 2422 2909 2462 nemo
2935 2405 3061 2461 vidit
3094 2405 3172 2479 (2)
3206 2407 3277 2479 (j)
3305 2420 3548 2475 umquam
3569 2445 3584 2469 ,
3610 2402 3695 2457 nisi
3723 2400 3808 2453 uri-

2277 2504 2481 2576 genitus
2526 2500 2669 2571 ﬁlius
2694 2542 2709 2568 ,
2754 2500 2841 2571 qui
2867 2510 2939 2554 est
2978 2500 3038 2554 in
3064 2500 3182 2553 sinu
3232 2497 3441 2565 Patris,
3473 2497 3580 2565 ipse
3611 2494 3810 2549 enarravit

2280 2595 2461 2669 (Joan.
2492 2611 2548 2661 ι.
2600 2593 2728 2667 l8);
2761 2594 2926 2649 Deum
2976 2601 3159 2648 tamen
3185 2591 3449 2664 propheta
3477 2588 3637 2656 vidit,
3661 2597 3706 2643 et
3730 2587 3812 2658 giu-

2278 2690 2415 2745 riam
2445 2688 2561 2761 ejus
2594 2703 2766 2757 usque
2818 2685 2884 2742 ad
2932 2685 3196 2742 invidiam
3226 2684 3557 2756 prophetica:
3598 2682 3812 2753 dignitatis

2279 2783 2551 2855 adspexit.
2582 2781 2715 2838 Nam
2746 2782 2799 2836 in
2825 2780 3083 2852 judicium
3110 2778 3302 2837 mortis
3321 2779 3396 2835 ob
3426 2777 3561 2833 hanc
3586 2790 3766 2833 causam
3789 2788 3809 2825 λ

2278 2875 2483 2933 Judaais
2502 2884 2654 2931 actus
2684 2885 2789 2929 est.

2363 2969 2523 3041 126
2549 2968 2641 3025 54.
2669 2965 2912 3023 Pressius
2928 2964 3209 3022 ostenditur
3234 2964 3436 3021 Filium
3457 2964 3519 3019 ab
3537 2961 3681 3017 Esaia
3698 2959 3815 3012 Dm

2280 3078 2456 3117 verum
2481 3060 2812 3131 prwdicalum
2839 3075 2965 3115 esse.
2994 3057 3367 3115 ereticorum
3395 3060 3451 3114 id
3477 3056 3736 3130 negantium
3752 3051 3819 3104 do.

2281 3153 2384 3209 lus.
2409 3182 2480 3195 ——
2507 3153 2675 3208 Deum
2708 3153 2889 3224 itaque
2920 3152 3120 3208 nemini
3147 3153 3318 3208 visum
3344 3196 3359 3221 ,
3390 3150 3686 3224 unigenitus
3717 3145 3820 3200 ﬁlius

2287 3342 2387 3397 niti
2413 3343 2817 3397 enarrationem
2840 3382 2856 3410 ,
2888 3341 2969 3413 (3)
3010 3352 3106 3396 aut
3149 3342 3311 3398 crede
3341 3342 3433 3411 qui
3465 3342 3606 3397 visus
3641 3346 3735 3402 est,
3758 3333 3821 3403 qui

2287 3435 2538 3508 apparuit
2564 3449 2671 3491 non
2701 3434 3128 3506 intelligentibus
3160 3450 3221 3490 se
3242 3476 3258 3501 ,
3294 3431 3375 3507 (ὁ)
3409 3433 3487 3508 (Is)
3512 3442 3566 3490 et
3600 3431 3825 3487 lactusest

2286 3531 2527 3601 gentium
2552 3544 2657 3584 non
2689 3529 3050 3585 invocantium
3079 3542 3158 3593 se,
3189 3537 3242 3584 et
3264 3527 3524 3597 expandit
3545 3538 3714 3581 manus
3735 3524 3825 3573 ante

2288 3624 2548 3695 populum
2579 3622 3041 3679 contradicentetn
3073 3638 3088 3676 :
3118 3621 3189 3676 ita
3242 3631 3423 3676 tamen
3451 3627 3508 3676 ut
3548 3626 3600 3674 et
3634 3612 3828 3672 servien-

2292 3719 2431 3774 tibus
2470 3718 2572 3775 sibi
2614 3732 2812 3773 nomen
2846 3733 3046 3773 novunt
3079 3724 3334 3782 vocetur,
3367 3727 3427 3770 et
3463 3715 3518 3771 in
3553 3711 3696 3768 terris
3724 3707 3831 3762 Deus

2290 3825 2451 3866 verus
2499 3810 2855 3867 benedicatur
2901 3818 3062 3878 atque
3103 3808 3337 3879 juretur.
3385 3808 3460 3877 (ι)
3498 3796 3833 3875 Propltetialo-

2290 3905 2496 3977 quitur,
2522 3902 2870 3976 Evangelium
2897 3911 3143 3969 testatur,
3169 3900 3466 3973 Apostolus
3484 3900 3830 3969 interpretatur.

2367 4050 2424 4118 (3

2366 4120 2422 4193 (4

2300 4237 2436 4289 rium
2459 4235 2910 4307 incorporationis.
2947 4236 3258 4305 Elegantius
3288 4249 3423 4291 mss.
3465 4235 3738 4307 mysterium
3755 4245 3840 4307 cor-

2302 4302 2615 4375 porationis.
2648 4306 2718 4363 Ut
2758 4316 2939 4363 autem
2992 4302 3177 4362 llilarii
3224 4302 3599 4376 argumentum
3649 4302 3839 4376 apertius

2305 4374 2523 4451 pateat,
2581 4379 2815 4451 sicrttno
2862 4380 3178 4451 syllogismo
3229 4374 3403 4451 "om;
3461 4374 3837 4451 comprehendi:

2303 4450 2484 4504 Esaias
2510 4450 2644 4505 vidit
2670 4450 2856 4522 Deum,
2878 4448 2934 4505 vl
2954 4493 2968 4517 ,
3005 4448 3030 4507 l
3061 4492 3077 4516 ,
3123 4449 3241 4505 Vidi
3278 4448 3557 4504 Dominum
3588 4448 3839 4522 ’sedentgttt2

2296 4523 2577 4589 etc..atqni
2610 4536 2717 4576 non
2744 4521 2902 4592 aliam
2930 4514 3023 4577 Dei
3049 4514 3332 4592 personam
3363 4532 3565 4592 prmtgr
3583 4534 3728 4588 quam
3749 4514 3842 4571 Filii

2296 4592 2425 4647 vidit
2450 4608 2588 4653 utv.
2620 4594 2654 4648 4
2685 4612 2698 4647 :
2737 4591 2847 4647 Nec
2877 4595 3015 4648 oculi
3039 4590 3201 4648 nostri
3232 4590 3469 4649 viderunt
3500 4590 3658 4647 Deum
3698 4596 3845 4663 pro?!”

2295 4674 2342 4719 te
2364 4680 2382 4717 :
2412 4663 2577 4718 Filius
2609 4665 2771 4731 igitur
2799 4673 2883 4720 est
2915 4666 3076 4721 Deus.

2378 4733 2528 4809 (i)glu
2561 4736 2815 4809 vulgatis,
2848 4735 3069 4809 gloriam
3103 4754 3121 4792 :
3148 4751 3177 4790 a
3207 4753 3309 4807 qua
3336 4751 3470 4793 voce
3500 4751 3607 4809 non
3630 4732 3841 4788 abhorret

2299 4806 2553 4861 Hilarius.
2587 4806 2915 4877 Reponimns
2948 4819 3123 4864 tamen
3156 4806 3400 4864 honorem
3425 4823 3491 4865 ex
3519 4807 3623 4862 ﬁde
3651 4818 3763 4859 mss.

2368 4878 2437 4949 (ἰ)
2468 4878 2549 4932 Ab
2571 4879 2821 4949 omnibus
2850 4877 2965 4934 lere
2993 4897 3120 4935 mss.
3155 4881 3240 4936 hic
3265 4882 3415 4937 abest
3444 4893 3696 4947 umquam,
3723 4882 3847 4949 sectis

2298 4941 2428 5025 vero
2456 4949 2495 5004 l.
2527 4967 2576 5025 vi.
2596 4966 2664 5025 _n.
2683 4948 2781 5025 b2,
2804 4962 2865 5025 _et
2893 4951 2928 5005 l.
2956 4967 3102 5016 vr,n.
3133 4952 3395 5025 59.Qnod
3422 4941 3552 5025 (col:
3582 4941 3849 5025 l!7,_nt_tl.b

2298 5019 2453 5093 hujus
2482 5020 2742 5093 editionis)
2766 5021 3110 5077 observatum
3140 5016 3363 5089 esthei
3391 5016 3611 5078 nomine
3629 5062 3643 5085 ,
3668 5016 3850 5093 ubi

2299 5086 2403 5146 vox
2424 5086 2743 5161 simpliciter
2770 5096 3040 5162 occurrit,
3074 5086 3288 5151 Patrem
3318 5096 3385 5151 ab
3415 5095 3646 5163 antiquis
3667 5086 3850 5163 intelligi

2296 5164 2492 5229 solere,
2523 5167 2756 5219 maxime
2787 5166 2838 5218 itt
2869 5166 3022 5221 hisce
3044 5166 3269 5223 Joannis
3302 5168 3479 5221 verbis
3505 5161 3675 5218 locum
3702 5161 3849 5213 habet.

2297 5232 2387 5289 Sic
2429 5250 2591 5304 porro
2632 5233 2866 5289 Hilarius
2915 5238 3308 5293 ratiocinatnr:
3345 5237 3532 5292 Esaias
3578 5250 3642 5289 ex
3669 5228 3852 5304 Joannis

2298 5300 2605 5361 testimonio
2642 5308 2813 5361 Deum
2856 5308 2990 5362 vidit
3040 5326 3052 5362 :
3086 5318 3142 5364 at
3170 5309 3341 5366 Deum
3374 5309 3589 5364 Patrem
3617 5320 3648 5360 a
3676 5300 3853 5358 nemine

2293 5376 2469 5450 visum
2498 5378 2786 5450 Johannes
2818 5379 2960 5435 idem
3009 5391 3238 5436 testatur
3271 5398 3284 5434 :
3319 5380 3449 5435 vidit
3498 5380 3656 5450 igitur
3702 5372 3854 5428 Esaias

2297 5447 2462 5503 Deum
2494 5448 2711 5504 Filium.

2367 5519 2443 5593 (It)
2472 5521 2616 5576 Editi
2644 5534 2766 5576 cum
2820 5522 3063 5590 pluribus
3105 5538 3238 5579 mss.
3263 5566 3275 5585 .
3304 5532 3354 5577 et
3382 5523 3554 5593 palam
3600 5520 3754 5589 {actus
3799 5516 3854 5591 cf!

2293 5592 2433 5666 genti
2458 5610 2559 5647 non
2589 5593 2845 5666 invocanti
2873 5610 2947 5666 se.
2980 5594 3271 5666 Exemplar
3292 5592 3455 5651 Carn.
3485 5636 3500 5661 ,
3533 5593 3787 5666 Μαίη-εξ(
3816 5595 3855 5632 τη

2295 5656 2462 5736 ξηεάέο
2483 5665 2732 5736 θεηίίαιην
2765 5675 2869 5720 ϐω·
2908 5665 3100 5723 Verius
3145 5656 3641 5721 velttstinres'mss;
3687 5656 3852 5736 Calb.

2298 5730 2509 5806 llcmig'.
2542 5745 2596 5811 et
2620 5736 2831 5811 ὕεται,
2863 5740 3028 5808 fttclns
3053 5750 3127 5792 est
3161 5739 3389 5811 gentium
3420 5753 3521 5793 non
3550 5730 3852 5789 invocantium

2298 5821 2372 5869 se,
2403 5805 2619 5875 supple,
2651 5805 2794 5860 Deus
2818 5805 3081 5877 praprius.

2374 5878 2438 5949 (Ι)
2474 5864 2581 5934 ’ἑῆς
2603 5864 2733 5934 mss.
2765 5864 2835 5934 Ai
2859 5864 3013 5949 editi,
3038 5879 3322 5951 Propheta.
3345 5880 3481 5940 Nota
3500 5881 3585 5936 hic
3611 5890 3708 5935 non
3726 5864 3856 5929 modo

2478 4048 2578 4103 Aut
2604 4046 2772 4103 Deum
2798 4048 2969 4103 crede.

2488 4119 2555 4174 Et
2581 4119 2754 4191 palam
2777 4120 2949 4191 factus
2972 4127 3045 4175 est
3071 4119 3212 4192 genti
3231 4135 3333 4174 non
3358 4118 3614 4175 invocanti
3630 4134 3699 4172 se.
