4040 6328
208 336 311 395 553

1442 334 1527 394 DE
1565 333 1942 393 TRINITATE
1984 334 2189 391 LIBER
2228 335 2292 392 V.

3394 330 3499 391 154

209 450 443 509 Ecclesia
468 449 794 517 conﬁtetur,
820 450 988 506 Deum
1010 464 1201 508 verum
1233 465 1355 507 esse
1395 450 1485 523 qui
1517 452 1663 507 visus
1692 452 1796 518 sit;
1825 461 1881 521 Α
1904 466 2089 507 verum
2126 450 2556 509 ostenderemus.
2596 451 2681 520 Et,
2716 460 2771 507 ttt
2806 450 2877 525 (f)
2905 465 3101 523 spero,
3130 465 3193 508 ca
3233 451 3500 509 dictorum

206 561 324 602 cum
352 552 532 600 tamen
563 545 728 599 Deum
778 554 986 616 patrem
1026 543 1198 600 visum
1231 558 1391 601 nemo
1428 543 1660 601 fateatur
1696 562 1709 599 :
1742 553 1798 602 et

206 654 270 697 eo
296 638 529 693 haeretici
560 636 760 694 furoris
791 638 1035 708 prorupit
1057 638 1288 705 insania,
1317 638 1520 695 utdum
1546 637 1792 695 conﬁteri

204 751 262 793 se
304 735 539 795 simulat.
569 734 881 805 denegaret.
910 733 1079 804 Negat
1114 734 1258 789 enim
1312 748 1452 789 novo
1502 732 1795 790 confessio-

206 830 286 885 nis
313 828 393 901 (a)
422 829 690 900 impioque
716 828 975 894 consilio;
1004 838 1059 884 et
1079 838 1195 883 arte
1220 811 1443 885 subdola
1475 827 1631 882 ﬁdem
1666 827 1793 882 dum

203 923 479 991 mentitur,
502 921 693 979 eludit.
719 923 850 978 Cum
873 922 1016 978 enim
1036 921 1287 978 confesso
1311 936 1416 977 uno
1444 922 1557 977 Deo
1577 920 1798 976 eodem-

203 1031 303 1087 que
326 1031 456 1071 vero
481 1025 535 1071 et
565 1016 685 1072 solo
704 1015 872 1087 justo,
898 1016 1016 1071 solo
1039 1016 1283 1085 sapiente
1303 1057 1317 1079 ,
1346 1015 1465 1069 solo
1494 1014 1799 1070 ittdetnuta-

203 1109 329 1174 bili,
381 1109 499 1164 solo
546 1108 875 1175 immortali,
908 1108 1024 1164 solo
1054 1116 1302 1180 potente,
1335 1108 1619 1179 subjicitur
1643 1117 1698 1164 et
1733 1107 1797 1163 li-

200 1207 303 1262 lius
328 1207 382 1262 in
410 1206 726 1263 diversitate
756 1205 1073 1262 substantiae
1097 1248 1113 1274 ,
1146 1220 1254 1261 non
1291 1220 1360 1260 cx
1401 1205 1509 1262 Deo
1535 1216 1692 1262 natus
1739 1206 1793 1262 in

203 1301 364 1357 Deum
390 1342 406 1367 ,
434 1298 530 1354 sed
563 1314 660 1369 per
684 1299 1014 1355 creationem
1041 1307 1321 1369 susceptus
1360 1299 1412 1353 in
1445 1298 1614 1354 lilium
1640 1341 1656 1367 ,
1685 1313 1792 1354 non

200 1401 404 1449 natura:
434 1391 640 1449 habens
688 1407 925 1459 nomen,
976 1392 1071 1447 sed
1119 1390 1425 1463 ad0ptionis
1454 1392 1676 1447 sortitus
1701 1406 1796 1459 ap-

200 1486 581 1558 pellationem;
612 1499 838 1541 necesse
867 1498 950 1540 est
992 1492 1051 1539 ut
1095 1484 1180 1539 his
1206 1485 1454 1539 omnibus
1482 1494 1663 1540 careat
1699 1484 1793 1540 Fi-

198 1578 316 1645 lius,
339 1593 461 1649 quae
490 1578 557 1633 ad
585 1577 925 1649 privilegium
969 1577 1224 1633 solitariae
1251 1578 1303 1632 in
1336 1577 1494 1633 Patre
1538 1576 1791 1648 majesta-

199 1672 265 1728 tis
292 1681 417 1727 sunt
446 1672 759 1742 praedicata.
1181 1724 1185 1728 .

262 1767 351 1824 '55.
384 1767 566 1822 Ariani
600 1783 761 1821 unum
781 1782 955 1821 verum
1002 1766 1163 1822 Deum
1194 1768 1446 1823 nesciunt.
1485 1767 1610 1825 Cur.
1655 1768 1794 1834 Quid

198 1858 392 1914 duobus
432 1859 786 1928 superioribus
813 1860 961 1915 libris
1000 1861 1282 1930 praestitum
1306 1902 1319 1926 ,
1352 1860 1476 1931 quid
1501 1864 1618 1934 jam
1658 1878 1791 1933 prw-
1820 1861 1867 1920 B

204 1954 462 2007 standum.
488 1983 560 1992 —
584 1950 769 2009 Nescit
798 1954 1050 2008 hzeretica
1074 1953 1398 2024 perversitas
1425 1969 1589 2008 unum
1620 1954 1787 2010 Deum

200 2059 385 2101 verum
408 2059 568 2100 nosse
595 2054 651 2101 et
670 2047 938 2112 conﬁteri;
972 2055 1023 2101 et
1045 2055 1200 2101 extra
1226 2046 1516 2115 impietatis
1543 2061 1785 2116 sensum,

202 2138 549 2195 confessionis
570 2138 732 2210 hujus
771 2149 857 2195 est
884 2150 939 2196 et
976 2140 1110 2195 fides
1133 2149 1188 2195 et
1215 2139 1591 2209 intelligentia.
1637 2141 1788 2197 Prius

202 2230 528 2287 confitendus
568 2243 651 2289 est
681 2232 757 2307 (b)
788 2233 951 2290 Pater
997 2241 1052 2290 et
1090 2232 1263 2289 Filius
1289 2276 1305 2301 ,
1356 2243 1416 2289 ut
1458 2249 1601 2290 unus
1627 2249 1788 2291 verus

198 2325 335 2383 Deus
359 2327 527 2397 possit
566 2320 801 2398 intelligi
833 2345 847 2382 :
875 2335 932 2383 et
954 2328 1184 2399 cognitis
1220 2328 1574 2385 sacramentis
1600 2329 1790 2385 salutis

197 2421 442 2476 humana:
465 2462 482 2487 ,
512 2437 632 2492 qua:
661 2422 713 2477 in
746 2424 900 2477 nobis
946 2438 1042 2494 per
1075 2422 1502 2494 regenerationis
1536 2422 1787 2478 virtutem

196 2517 247 2572 in
274 2516 434 2572 Patre
462 2526 516 2573 et
545 2516 686 2573 Filio
718 2516 786 2589 (ε)
815 2529 1262 2574 consummantur
1299 2519 1367 2575 ad
1414 2519 1577 2575 vitam
1602 2563 1617 2586 ,
1658 2521 1791 2593 legis

197 2619 246 2664 et
292 2609 678 2681 prophetarum
724 2620 850 2666 sunt
878 2612 1132 2690 mysteria
1168 2616 1565 2686 conscqueuda.
1611 2615 1788 2673 Unum

199 2703 358 2759 Deum
395 2719 585 2760 verum
619 2720 725 2760 non
773 2705 1127 2775 apprehendit
1166 2706 1349 2777 ignara
1377 2708 1700 2779 evangelica:
1737 2717 1792 2765 et

197 2800 504 2867 apostolica:
532 2799 933 2871 praedicationis
959 2801 1226 2872 impietas.
1256 2801 1420 2873 Cujus
1442 2803 1687 2875 quamvis
1719 2803 1792 2858 in-

200 2895 580 2966 telligentiam,
610 2912 782 2966 usque
818 2896 883 2951 ad
912 2896 1366 2951 absolutissimum
1412 2913 1552 2952 verae
1578 2898 1791 2968 pietatis

199 2989 621 3059 professionem,
673 3005 738 3045 ex
772 2990 913 3075 ipsis
952 2991 1031 3064 (ά)
1080 3005 1267 3046 eorum
1318 2991 1578 3047 doctrinis
1633 2992 1789 3066 127

196 3082 606 3153 prtestabimus;
641 3091 700 3138 ut
725 3082 987 3138 indivisus
1024 3091 1183 3154 atque
1214 3084 1591 3155 inseparabilis
1615 3128 1628 3149 .
1682 3102 1788 3142 non

197 3192 254 3232 ex
278 3191 515 3247 persona
536 3219 549 3241 ,
577 3177 672 3233 sed
703 3193 771 3233 ex
800 3187 1012 3246 natura,
1046 3178 1345 3234 subsistens
1371 3193 1437 3232 ex
1469 3178 1627 3234 Patre
1668 3179 1787 3234 uni-

1902 546 2140 599 omninm
2174 544 2443 600 absolutio
2469 546 2601 613 fuit,
2625 554 2685 601 ut
2717 545 2857 602 Deus
2884 561 3044 602 verus
3071 546 3500 619 intelligeretur,

1902 636 1994 708 qui
2021 637 2162 693 Deus
2187 652 2311 694 esse
2340 653 2449 693 non
2480 639 2797 710 negabatur.
2829 638 3089 708 Reliquus
3127 651 3309 696 autem
3357 656 3501 706 nunc

1902 733 2079 787 omnis
2103 747 2286 788 sermo
2313 732 2382 788 ad
2423 731 2474 788 id
2508 732 2783 803 proﬁciet,
2813 742 2871 790 ut
2895 734 2988 806 qui
3028 735 3170 790 Deus
3197 750 3357 792 verus
3378 752 3502 794 esse

1904 826 2240 897 intelligitur.
2272 840 2379 881 non
2405 826 2457 881 in
2490 827 2655 882 Deum
2684 826 2912 883 alterum
2937 826 3250 899 deputetur;
3282 837 3336 885 et
3356 830 3497 899 quod

1900 910 1966 972 ad
2000 919 2076 988 (g)
2096 918 2327 973 alterum
2358 932 2465 973 non
2502 917 2751 990 proficit,
2802 918 2869 974 ad
2917 934 3079 975 unum
3125 919 3498 992 intelligatur:

1902 1027 2064 1067 unum
2098 1022 2276 1067 autem
2324 1011 2458 1068 illud
2498 1028 2604 1068 non
2646 1013 3032 1069 subsistentem
3068 1023 3311 1070 naturam
3343 1017 3499 1087 peri-

1901 1112 2013 1159 mat
2037 1104 2088 1159 in
2123 1104 2259 1160 Filio
2277 1146 2292 1171 ,
2324 1104 2421 1162 sed
2449 1105 2502 1161 in
2527 1105 2636 1162 Deo
2662 1115 2718 1162 et
2746 1105 2859 1161 Deo
2879 1114 3122 1162 naturam
3152 1106 3245 1164 Dei
3271 1108 3497 1181 (Incon-

1898 1207 2080 1254 servet
2103 1198 2287 1254 unius.

1973 1290 2065 1345 56.
2126 1290 2282 1359 Quod
2328 1306 2393 1346 ea:
2439 1290 2619 1365 Moyse
2651 1289 2827 1347 Filius
2879 1307 2995 1347 cum
3048 1290 3204 1348 Patre
3252 1309 3387 1349 unus
3430 1295 3497 1350 sit

1899 1382 2062 1440 Deus.
2096 1415 2168 1425 —
2193 1385 2452 1443 Veritatis
2484 1388 2620 1442 ratio
2653 1387 2919 1459 postulat,
2962 1389 3032 1445 ab
3067 1403 3133 1445 eo
3179 1390 3389 1444 initium
3416 1389 3497 1445 ius

1899 1477 2215 1549 telligentite
2246 1480 2400 1535 istius
2426 1481 2566 1535 sumi
2592 1521 2607 1547 ,
2630 1496 2727 1551 per
2753 1497 2912 1553 quem
2933 1482 3265 1538 manifeSIari
3296 1482 3499 1538 sarculo

1901 1569 2042 1627 Deus
2058 1582 2268 1643 emptus
2288 1583 2389 1637 est,
2408 1570 2472 1645 (ί)
2499 1572 2678 1646 Moyse
2701 1589 2957 1647 namque,
2976 1576 3130 1646 cujus
3155 1590 3252 1631 ore
3280 1574 3398 1631 haec
3422 1575 3490 1632 de

1897 1681 1957 1721 se
2000 1666 2309 1736 unigenitus
2355 1666 2496 1722 Deus
2528 1667 2808 1739 professus
2849 1677 2934 1725 est
2973 1686 2987 1722 :
3027 1666 3248 1736 Videte,
3293 1670 3493 1734 videte,

1897 1761 2141 1831 quoniam
2169 1777 2264 1835 ego
2288 1778 2403 1816 sum
2431 1762 2570 1817 Deus
2592 1804 2605 1827 ,
2655 1771 2701 1817 et
2751 1780 2853 1818 non
2903 1773 2979 1819 est
3024 1762 3166 1819 Deus
3206 1772 3393 1837 praeter
3420 1782 3500 1819 me

1899 1853 2078 1927 (Deut.
2114 1871 2260 1910 χχχιι
2281 1897 2297 1924 ,
2331 1854 2443 1927 59).
2478 1856 2558 1912 Ac
2602 1872 2672 1913 ue
2703 1857 2841 1912 forte
2869 1857 3000 1914 dicti
3037 1858 3195 1929 hujus
3225 1858 3298 1930 (j)
3325 1858 3497 1915 virtu-

1896 1959 2000 2006 tem
2028 1949 2284 2008 haeretica
2308 1953 2559 2022 ἱηιιιίοιιίιε
2583 1953 2648 2006 ad
2682 1964 2887 2024 patrem
2921 1953 3294 2010 innascibilem
3329 1953 3496 2009 Deum

1892 2044 2126 2113 referat;
2157 2055 2212 2100 ct
2251 2046 2366 2115 ipsa
2393 2046 2519 2101 dicti
2553 2048 2691 2101 ratio
2711 2088 2724 2109 .
2771 2058 2826 2102 et
2864 2046 3155 2117 Apostolus
3184 2057 3374 2102 auctor
3396 2061 3496 2103 oc-

1892 2139 2095 2205 currit,
2138 2140 2227 2210 qui
2257 2155 2325 2196 ex
2361 2155 2590 2212 persona
2623 2141 2884 2213 unigeniti
2911 2141 3041 2209 Dei,
3079 2142 3218 2196 sicut
3243 2141 3494 2211 superius

1893 2230 2007 2307 (lib.
2039 2248 2124 2301 tv,
2169 2250 2223 2288 n.
2275 2234 2368 2303 55)
2399 2233 2682 2291 docuimus
2707 2275 2722 2300 ,
2770 2235 3106 2307 intelligendi
3141 2236 3303 2291 totius
3335 2233 3496 2305 hujus

1892 2326 2162 2382 sermonis
2191 2327 2460 2399 interpres
2485 2338 2568 2383 est
2588 2344 2603 2394 ;
2627 2338 2680 2383 et
2713 2328 2818 2384 hoc
2842 2328 2985 2400 quod
3014 2329 3215 2383 dictum
3245 2336 3349 2395 est,
3382 2326 3495 2383 Lie-

1893 2422 2074 2476 tamini
2095 2432 2270 2493 gentes
2299 2440 2414 2478 cum
2440 2424 2584 2496 plebe
2605 2426 2718 2498 ejus
2746 2424 2925 2498 (Deut.
2949 2440 3119 2492 χχχιι,
3142 2421 3244 2489 45;
3273 2431 3318 2475 et
3342 2420 3495 2477 Rom.

1891 2530 2034 2585 xvn,
2071 2517 2197 2585 10),
2248 2520 2525 2591 proprium
2567 2519 2685 2590 ejus
2712 2534 2837 2575 esse
2877 2518 3295 2586 demonstravit,
3332 2518 3498 2588 subji-

1891 2612 2042 2668 cicns
2069 2614 2133 2668 ad
2171 2613 2329 2671 ﬁdem
2362 2615 2489 2670 dicti
2527 2630 2539 2668 ;
2574 2613 2642 2668 Et
2682 2616 2775 2669 erit
2806 2615 2960 2669 rudia:
2991 2614 3156 2681 lesse,
3197 2625 3244 2668 et
3268 2615 3357 2682 qui
3384 2631 3496 2669 sur-

1892 2716 1971 2779 get
2000 2723 2176 2779 regere
2198 2718 2390 2778 gentes.
2416 2710 2467 2762 in
2494 2725 2608 2762 eum
2629 2717 2804 2778 gentes
2826 2708 3101 2781 sperabunt
3128 2705 3329 2780 (Ibid.,
3360 2706 3430 2762 12
3446 2706 3485 2777 ).

1894 2800 2277 2856 Demonstrato
2306 2801 2469 2872 igitur
2487 2816 2586 2873 per
2618 2800 2836 2872 Moysen
2868 2816 2935 2857 eo
2963 2801 3052 2871 qui
3087 2800 3299 2856 dixerat
3330 2819 3343 2855 :
3373 2799 3497 2855 Non

1892 2908 1966 2954 est
1996 2897 2136 2954 Deus
2162 2908 2349 2965 prater
2379 2916 2489 2966 me,
2514 2900 2568 2955 in
2595 2914 2661 2955 eo
2697 2900 2837 2971 quod
2880 2901 2955 2954 ait
2979 2917 2994 2955 :
3029 2899 3297 2956 Lwtamini
3327 2911 3500 2971 gentes

1890 2994 2047 3049 simul
2065 3011 2182 3048 cum
2207 3010 2301 3059 eo;
2329 3002 2385 3049 et
2413 2993 2672 3063 Apostolo
2703 2993 2754 3047 id
2798 2993 2973 3060 ipsum
3007 2992 3080 3063 (lt)
3112 2992 3177 3047 ad
3205 2991 3491 3047 Dominum

1893 3095 2137 3142 nostrum
2171 3085 2357 3141 Jesum
2386 3085 2667 3140 Christum
2704 3086 3040 3155 unigenitum
3088 3084 3255 3138 Deum
3300 3082 3499 3138 intelli-

1894 3191 2077 3252 gente,
2111 3182 2166 3236 in
2197 3195 2304 3251 quo
2332 3179 2626 3236 secundum
2650 3195 2868 3235 carnem
2899 3195 2964 3234 ex
2997 3178 3175 3234 radice
3204 3177 3358 3233 Jcsse
3377 3193 3498 3232 sur-

195 3272 396 3342 gcnitus
435 3272 805 3342 intelligatur;
861 3279 915 3327 et
966 3286 1061 3341 per
1090 3269 1143 3325 id
1175 3285 1312 3324 unus
1359 3271 1496 3326 Dens
1536 3273 1633 3340 sit,
1666 3274 1787 3343 quia
1818 3261 1862 3325 C
1892 3282 2053 3346 gente
2079 3288 2206 3345 rege
2238 3274 2398 3346 128
2425 3274 2666 3345 gentium
2700 3287 2826 3343 spes
2868 3280 2953 3326 est
2974 3314 2987 3337 ,
3035 3271 3147 3342 ipsa
3177 3286 3323 3326 nunc
3364 3270 3494 3326 dicti

196 3380 253 3420 es
285 3356 479 3421 natura
513 3365 605 3421 Dei
636 3365 777 3419 Deus
803 3365 871 3419 sit
906 3383 919 3420 :
960 3372 1138 3419 tamen
1175 3381 1242 3420 cx
1279 3365 1606 3436 propheticis
1635 3365 1792 3422 dictis

196 3459 448 3530 perfectae
494 3459 652 3528 hujus
694 3459 911 3513 unitatis
943 3457 1077 3513 ﬁdes
1116 3465 1202 3514 est
1236 3456 1309 3532 (e)
1345 3459 1704 3526 exstruenda,
1738 3469 1794 3516 et

198 3554 312 3609 hinc
331 3553 668 3622 evangelica:
700 3551 891 3606 domus
927 3561 1052 3606 sunt
1077 3553 1324 3622 ponenda
1355 3551 1699 3616 fundamina;
1733 3562 1792 3609 ut

197 3664 285 3717 per
301 3646 555 3702 eamdem
580 3654 825 3700 nalttram
853 3644 1150 3699 divinitatis
1177 3645 1335 3699 unius
1363 3661 1498 3700 unus
1524 3645 1669 3701 Deus
1697 3660 1793 3714 per

199 3740 245 3796 id
270 3740 625 3809 intelligatur.
660 3737 800 3807 quod
826 3738 878 3797 in
913 3738 1079 3791 Deum
1109 3737 1337 3792 alterum
1376 3737 1519 3792 Deus
1548 3738 1792 3808 unigeni-

196 3842 275 3888 tus
303 3852 411 3888 non
448 3829 700 3887 refertur.
729 3829 1026 3885 Tenuitnus
1055 3830 1201 3885 enim
1221 3829 1369 3884 omni
1399 3829 1500 3884 hoc
1522 3829 1792 3885 sermonis

195 3928 353 3983 nostri
385 3925 576 3980 libello
604 3938 726 3979 eum
757 3922 1039 3988 ordinem,
1089 3930 1150 3977 ut
1192 3922 1243 3976 in
1276 3922 1468 3989 quibus
1507 3923 1792 3991 superiore

192 4023 322 4078 libro
353 4021 529 4076 Deum
559 4019 724 4074 lilium
776 4018 1133 4073 docueramus
1157 4060 1171 4082 ,
1207 4018 1258 4070 in
1290 4018 1419 4088 ipsis
1450 4033 1592 4073 nunc
1621 4017 1791 4074 Deum

193 4184 252 4226 ex
281 4164 477 4238 propho
499 4162 618 4238 ticis
638 4204 654 4228 ,
689 4160 1049 4238 evangelicis,
1092 4158 1512 4238 apostolicisque
1543 4159 1789 4238 testimo-

194 4228 294 4296 niis
328 4228 498 4293 ﬁdem
532 4234 735 4289 adstrui
760 4276 775 4301 ,
826 4228 922 4289 sed
964 4228 1137 4288 etiant
1171 4247 1236 4284 ex
1268 4228 1525 4285 Ecclesia:
1575 4228 1789 4286 confes-

193 4326 427 4454 δεῗὲἳῖιι
460 4342 647 4454 codice
678 4373 1207 4454 Vat.bas._adjicitur
1231 4389 1356 4428 suat.
1393 4372 1492 4429 Hic
1520 4372 1790 4429 indicatur

192 4447 415 4523 cpistola
450 4452 777 4523 Arianorum
800 4448 877 4523 ad,
894 4447 1279 4523 Alexandrum:

264 4526 341 4597 (b)
376 4520 816 4597 list-implarAVat.
866 4522 1032 4597 Ιιῃε.ἶ
1067 4533 1215 4597 uerus
1251 4516 1413 4597 Pqter
1440 4532 1459 4571 :
1486 4516 1626 4597 quod
1665 4532 1785 4597 cum

1893 3368 2032 3423 ratio
2065 3369 2342 3422 tractanda
2374 3376 2491 3435 cst,
2529 3376 2589 3422 ut
2618 3368 2739 3437 quia
2783 3367 2984 3422 dictum
3020 3382 3125 3420 non
3175 3365 3492 3437 ambigitur,

1895 3471 2164 3532 quatenus
2195 3460 2398 3515 dictum
2431 3461 2500 3516 sit
2522 3462 2693 3531 possit
2721 3459 2966 3530 intelligi.

1964 3555 2054 3609 '57.
2092 3553 2193 3621 Qui
2224 3552 2363 3609 Deus
2386 3571 2450 3609 ex
2477 3553 2581 3609 Deo
2608 3564 2653 3608 et
2675 3554 2727 3608 in
2757 3554 2931 3608 eadem
2959 3563 3167 3608 natura.
3197 3583 3272 3595 —
3295 3552 3493 3609 Verum

1892 3658 1948 3704 et
1974 3648 2278 3704 absolutum
2306 3657 2363 3705 et
2391 3648 2683 3717 perfectum
2711 3649 2835 3706 fidei
2868 3660 3067 3705 nostra:
3089 3660 3487 3705 sacramentum

1895 3753 2009 3811 est,
2040 3744 2205 3799 Deum
2231 3760 2299 3800 ex
2329 3746 2459 3811 Deo,
2501 3756 2555 3800 et
2585 3746 2751 3801 Deum
2795 3747 2847 3801 in
2885 3747 2993 3802 Deo
3043 3745 3287 3801 conﬁteri
3318 3761 3333 3805 :
3387 3761 3494 3801 non

1895 3838 2272 3908 corporalibus
2300 3838 2513 3905 modis,
2547 3838 2640 3894 sed
2681 3839 2874 3895 divinis
2904 3841 3228 3907 virtutibus;
3262 3856 3362 3896 nec
3396 3856 3493 3895 ua-

1896 3939 2030 3984 turae
2059 3931 2111 3985 in
2143 3940 2387 3986 naturam
2438 3931 2837 4001 transiusione,
2889 3931 2984 3987 sed
3032 3932 3096 4005 (Ι)
3134 3932 3393 4004 ntySIerio
3440 3941 3497 3988 et

1898 4031 2164 4094 potcstate
2192 4032 2417 4080 naturae.
2442 4022 2557 4079 Non
2587 4027 2729 4080 enim
2756 4040 2848 4095 per
2870 4024 3234 4080 desectionetu
3257 4033 3352 4079 aut
3373 4038 3499 4094 pro-

1966 4159 2037 4232 (Ῑ)
2074 4160 2304 4216 Verbum
2360 4175 2511 4232 spero
2540 4158 2892 4232 omittitms.
2944 4158 3066 4215 Vat.
3121 4157 3238 4212 bas.
3288 4157 3494 4214 Eodem

1894 4229 2058 4286 sensu
2093 4247 2189 4301 pro
2233 4230 2442 4302 opinari
2471 4240 2712 4302 usurpati
2741 4229 3073 4302 Augustinus
3121 4232 3280 4300 epist.
3312 4244 3453 4286 CLVII
3479 4272 3494 4296 ,

1894 4319 1952 4357 tt.
1983 4302 2054 4357 2'2
2081 4298 2103 4357 ί
2125 4298 2312 4359 Plures
2339 4345 2353 4368 ,
2385 4302 2559 4372 inquit
2580 4298 2974 4367 ,‘Celestiisunt
3003 4298 3276 4357 sectatores
3296 4343 3312 4369 ,
3343 4318 3495 4373 quam

1891 4392 2100 4447 sperare
2125 4391 2415 4446 possumus.

1967 4446 2042 4521 (g)
2067 4442 2208 4501 Et'liti
2240 4462 2364 4521 cum
2388 4444 2544 4521 unico
2583 4448 2888 4521 recentiore
2916 4460 3019 4521 ms.
3046 4442 3201 4521 Coll).
3231 4486 3246 4511 ,
3273 4445 3327 4499 in
3358 4446 3489 4521 alte-

1892 4516 2031 4572 rmii'
2052 4536 2153 4573 non
2183 4519 2387 4591 pro/icit
2406 4560 2421 4586 ,
2548 4534 2727 4591 unum.
2765 4519 2893 4591 Post
2916 4517 2984 4572 ad
3015 4516 3275 4591 alterunt,
3304 4518 3495 4588 supple

194 4579 500 4665 huj‘usnnnli
526 4579 832 4648 a'dditiones
865 4590 989 4644 alibi
1016 4579 1214 4645 habeat
1239 4631 1252 4655 ,
1284 4590 1352 4641 alt
1384 4579 1788 4658 interpolatoris
1814 4579 1866 4640 Ι)
1891 4579 2331 4657 constituendum,
2384 4579 2464 4643 vel
2494 4588 2656 4643 intelli
2695 4590 2922 4656 endam;
2951 4599 3004 4642 ct
3034 4595 3155 4656 post
3181 4579 3268 4641 ad?
3294 4579 3454 4643 unum
3474 4630 3490 4659 ,

195 4686 347 4723 manu
384 4673 708 4722 temeratttm
749 4662 1011 4731 suspicari
1044 4669 1146 4715 est.
1173 4660 1282 4733 Cur
1325 4660 1375 4714 in
1410 4660 1783 4733 haereticorum
1891 4662 2193 4731 intelligere
2224 4674 2303 4717 est
2333 4673 2561 4733 mentem,
2587 4608 2796 4733 πέντε,
2823 4671 2915 4715 aut
2941 4659 3212 4731 pertinere.
3268 4730 3280 4733 _
3392 4731 3399 4733 Α

195 4660 347 4723 manu
384 4673 708 4722 temeratttm
749 4662 1011 4731 suspicari
1044 4669 1146 4715 est.
1173 4660 1282 4719 Cur
1325 4660 1375 4714 in
1410 4660 1783 4715 haereticorum

193 4754 408 4795 sensum
446 4754 554 4792 non
596 4736 749 4791 cadat
786 4734 875 4789 Dei
906 4734 1019 4787 veri
1056 4732 1324 4803 cognitio,
1375 4734 1454 4803 sic
1486 4734 1624 4785 ratio
1663 4731 1789 4786 red-

194 4812 335 4866 ditur
383 4814 477 4865 lih.
512 4825 636 4874 vut,
692 4823 841 4860 uunt.
864 4805 935 4861 6:
975 4802 1103 4859 Cum
1133 4802 1383 4875 sapientia
1409 4802 1642 4875 C_hristus
1689 4805 1784 4868 sit,

194 4900 390 4938 necesse
427 4892 503 4936 est
544 4891 597 4934 ut
634 4889 776 4933 extra
823 4878 1127 4948 sapientiam
1177 4873 1273 4944 sit,
1301 4876 1388 4945 qui
1412 4873 1670 4929 Clu-istum
1701 4885 1790 4929 aut

191 4955 390 5025 ignorat
414 4964 505 5006 mtt
538 4953 667 5025 odit.

261 5028 336 5091 (ε)
383 5027 483 5081 ΙΙὶε
533 5023 762 5091 Spiritus
792 5029 1011 5076 sanctus
1055 5020 1225 5091 [uerat
1255 5018 1635 5084 nominandus,
1684 5018 1787 5091 nisi

196 5108 297 5151 tota
324 5089 477 5152 esset
515 5089 657 5150 nunc
681 5094 748 5147 de
774 5092 934 5147 Patre
962 5101 1015 5146 et
1057 5089 1192 5145 Filio
1237 5093 1627 5146 controversia.
1677 5090 1783 5145 sed

193 5170 556 5236 suspicionem
583 5166 781 5222 nullam
812 5163 1066 5236 relinquit
1095 5163 1215 5218 libri
1244 5179 1282 5218 ιι
1309 5160 1613 5236 exordium.

261 5234 341 5313 (il)
377 5240 514 5313 Illud
542 5255 714 5313 eorum
742 5236 819 5291 sic
842 5234 1073 5313 refertur
1095 5236 1160 5313 ad
1185 5235 1488 5313 euangelista
1509 5242 1789 5313 etaposto-

193 5306 303 5366 lica:
323 5306 731 5379 pra'dieatiouis.
763 5306 985 5373 perinde
1015 5323 1075 5359 ac
1105 5308 1149 5360 si
1190 5307 1393 5379 dietum
1418 5306 1607 5379 esset.
1636 5320 1790 5379 evan-

192 5375 477 5452 gelicorum
498 5394 543 5436 et
569 5379 968 5453 apostolicorum
1000 5393 1310 5445 prtecounm.
1337 5375 1540 5431 Deinde
1570 5378 1786 5453 nonin-

196 5448 517 5526 iclligcndns
548 5448 625 5526 est
659 5450 824 5526 Filius
853 5466 880 5526 ξι
909 5450 1078 5526 Patre
1107 5453 1270 5526 ctiant
1294 5464 1360 5504 ex
1395 5463 1621 5518 persona
1652 5448 1791 5502 divi-

193 5540 282 5582 sus
307 5522 375 5581 ac
418 5523 769 5596 scparahilis,
818 5522 919 5596 nisi
967 5530 1229 5596 quatenus
1258 5523 1361 5579 hoc
1390 5531 1594 5576 tantum
1634 5531 1791 5578 sonat

196 5613 447 5667 persentit
474 5594 753 5659 utriusque
783 5594 1205 5650 distinctionem.

267 5671 341 5742 (e)
376 5669 434 5724 lu
476 5668 738 5742 vulgatis,
791 5668 1092 5742 astruenda.
1137 5667 1191 5722 In
1223 5682 1325 5724 ms.
1365 5665 1589 5742 Carn._a
1618 5667 1789 5742 prima

198 5738 393 5805 manu,
430 5740 704 5806 struenda;
734 5755 762 5793 a
791 5739 1021 5794 set-unda
1058 5751 1258 5802 autem,
1296 5738 1615 5804 instruenda,
1651 5740 1793 5795 unde

197 5823 247 5865 et
276 5816 328 5864 in
353 5828 517 5865 unum
545 5810 701 5866 Culh.
728 5810 940 5865 transiit
968 5810 1155 5866 cadent
1187 5811 1367 5868 lectio.
1399 5813 1585 5882 Aptius
1609 5812 1658 5865 in
1689 5827 1794 5868 ca:-

200 5891 268 5937 let
285 5887 328 5939 is
359 5884 685 5939 exs'r'ttend'at

1891 4662 2193 4731 intelligere
2224 4674 2303 4717 est
2333 4673 2556 4716 mentem
2587 4659 2796 4731 referre,
2823 4671 2915 4715 aut
2941 4659 3212 4731 pertinere.

1966 4734 2046 4802 (It)
2078 4730 2237 4789 Unus
2283 4749 2314 4787 e
2364 4749 2495 4787 mss.
2526 4730 2683 4785 Colit.
2708 4775 2723 4797 ,
2766 4730 3112 4796 consummet,
3142 4730 3283 4801 quod
3330 4731 3491 4787 etiam

1891 4802 2114 4931 Farnut.
2144 4804 2397 4860 secundis
2422 4805 2567 4859 curis
2592 4802 2754 4858 habet
2788 4823 2800 4859 :
2835 4803 3011 4859 minus
3044 4804 3112 4858 ad
3136 4811 3373 4859 utentem
3398 4802 3492 4859 Hi-

1911 4893 2031 4931 artt.

1911 4893 2031 4932 arll.

1967 4948 2029 5021 (ἱ)
2062 4947 2258 5002 Excusi
2304 4945 2749 5021 hicgprmfcrunt,
2780 4946 3089 5021 Hoyses,_et
3121 4953 3242 5013 post
3267 4945 3489 5003 verbum

1891 5017 2151 5091 professus
2194 5028 2297 5075 est.
2346 5019 2606 5091 adjiciunt
2632 5020 2705 5073 ait
2738 5017 3141 5091 :retritentibtts
3179 5032 3311 5071 mss.
3346 5026 3489 5072 toto-

1890 5090 1995 5161 que
2021 5100 2273 5146 contextu
2318 5090 2562 5144 nonnihil
2592 5091 2840 5158 abrupto.
2886 5090 3148 5145 Maluntus
3184 5104 3307 5144 cum
3339 5100 3485 5145 vete-

1893 5163 2039 5234 ribus
2071 5163 2240 5228 libris,
2274 5161 2453 5232 Moyse
2474 5178 2711 5232 namque,
2746 5164 2862 5216 sine
2887 5163 2961 5217 ait
2981 5203 2994 5222 .
3032 5161 3133 5234 hoc
3160 5171 3243 5234 est
3267 5202 3280 5219 .
3307 5177 3487 5234 nempe

1891 5252 1922 5287 a
1954 5232 2152 5305 Moyse.
2187 5236 2395 5301 Quippe
2424 5250 2641 5304 namque
2676 5248 2772 5305 pro
2795 5248 2977 5304 nempe
3001 5232 3135 5288 alias
3159 5232 3267 5301 jam
3299 5232 3486 5289 obser-

1892 5305 2138 5360 Vavintus
2166 5306 2367 5360 litlztriu
2395 5310 2675 5360 usitatum.

1964 5377 2034 5448 (ἱ)
2061 5379 2170 5432 Sic.
2196 5394 2327 5433 mss.
2356 5378 2496 5433 Editi
2527 5394 2677 5446 vero,
2704 5379 2985 5433 veritatem.

1964 5444 2038 5523 (lt)
2069 5449 2197 5505 Bad.
2222 5492 2237 5517 ,
2268 5449 2362 5523 Er.
2387 5461 2441 5503 et
2474 5452 2618 5523 Lips.
2645 5444 2670 5519 ,ἡ
2700 5448 3081 5523 inportunum.
3126 5444 3395 5502 Particula
3433 5448 3489 5523 in

1893 5520 2159 5591 expuncta
2187 5530 2271 5577 est
2296 5522 2532 5577 ed;tione
2575 5521 2697 5578 Par.
2754 5521 2965 5576 [labent
3006 5526 3188 5573 autem
3236 5533 3368 5574 tuss.
3419 5520 3488 5575 ad

1894 5592 2197 5654 Dominum.
2230 5597 2420 5664 supple
2443 5594 2662 5665 referri,
2706 5593 2792 5648 vel
2822 5592 3092 5665 pertinere.

1966 5666 2029 5739 (ι)
2063 5661 2322 5739 ΙΙιιιιιᾉεεᾱ
2337 5661 2590 5738 mysterio
2619 5664 2875 5739 illustrari
2905 5671 3080 5739 potest
3103 5661 3186 5717 his
3211 5662 3486 5739 ambrosii

1897 5736 1991 5792 lib}
2018 5753 2069 5793 tv
2092 5738 2161 5792 de
2185 5737 2334 5801 Fide,
2365 5736 2415 5791 cI
2444 5741 2493 5797 9.
2522 5755 2576 5792 n.
2604 5738 2708 5793 i05
2732 5754 2745 5790 :
2772 5736 3043 5790 Generatio
3074 5750 3174 5790 non
3209 5736 3264 5790 iu
3303 5737 3483 5791 volun.

1897 5811 2015 5865 tatis
2041 5809 2375 5878 possibilitate
2399 5818 2494 5875 est,
2519 5810 2608 5863 sed
2636 5811 2688 5882 in
2706 5811 2829 5882 jure
2847 5808 3072 5882 quodam
3109 5817 3156 5862 et
3178 5808 3489 5882 proprietate

1899 5883 2100 5951 paterni
2138 5882 2336 5934 videtur
2358 5896 2466 5934 esse
2488 5881 2666 5936 secreti
2690 5879 2721 5945 ,⁷
2743 5889 2847 5936 etc.
2876 5879 3029 5948 Quod
3063 5891 3193 5935 vero
3223 5879 3307 5934 hic
3347 5897 3485 5951 mys-
