4040 6328
620 321 725 383 155
1830 319 2073 381 SANCTI
2108 320 2228 379 IllL.

2336 320 2363 381 ’l
2403 318 2716 379 EPlSCOPI
3772 328 3845 385 ut;

619 436 923 495 tensionem
950 444 1044 493 aut
1068 434 1458 501 derivationem
1480 449 1545 490 ex
1570 436 1682 493 Deo
1710 435 1852 495 Deus
1875 445 1996 503 est,
2026 437 2122 495 sed
2150 452 2218 493 ex
2246 442 2301 502 Α
2323 437 2459 492 enim
2495 452 2547 491 es
2592 434 2754 503 Deus,
2784 443 2833 492 et
2873 434 3242 504 nesciebamus,
3274 434 3433 503 Deus,
3478 436 3635 494 Israel
3673 443 3848 499 salvator

619 532 820 591 virtute
850 538 1054 589 natura:
1082 531 1136 589 in
1185 540 1434 587 naturam
1477 531 1725 589 eamdem
1776 533 2051 590 nativitate
2090 533 2220 590 sub-
2323 529 2498 602 (Esai.
2526 545 2633 585 xtv
2656 568 2672 595 ,
2705 527 2772 585 Η
2798 571 2812 596 .
2845 529 2960 600 15).
2991 527 3072 602 (2)
3108 528 3185 601 (lt)
3218 528 3442 585 Exserat
3481 545 3539 587 se
3574 532 3623 587 in
3667 532 3783 590 hanc
3811 546 3851 593 rt

618 626 785 685 sistit.
817 622 926 681 Res
972 625 1116 695 ipsas
1154 624 1370 695 planius
1413 639 1756 697 consequens
1785 625 1923 682 liber
1948 627 2222 699 evangeli-

623 736 812 777 corum
840 727 1000 789 alque
1047 720 1476 790 apostolicorum
1524 719 1794 777 dictorum
1841 720 2110 789 interpres
2135 720 2221 776 lo-

622 822 815 885 quetur
844 829 859 868 :
892 811 986 868 sed
1015 811 1231 869 interim
1260 827 1329 868 ex
1360 813 1479 881 lege
1512 821 1569 868 et
1599 812 1879 884 prOpbetis
1912 812 2044 879 lion,
2076 810 2223 882 quod

620 919 675 963 et
724 904 1071 976 loquimuret
1120 902 1435 972 credimus,
1492 914 1576 963 est
1601 906 1925 963 docendum.
1959 904 2223 961 Nativitas

622 1002 786 1073 igitur
816 1000 909 1056 Dei
952 1016 1059 1054 non
1087 1008 1269 1072 potest
1296 1016 1402 1056 non
1431 1015 1548 1054 eam
1572 1042 1587 1066 ,
1612 1017 1676 1056 ex
1707 1016 1810 1072 qua
1839 1000 2077 1071 profecta
2104 1010 2222 1067 est,

624 1103 814 1151 tenere
844 1101 1115 1153 naturam.
1161 1090 1347 1162 Neque
1376 1092 1520 1148 enim
1550 1092 1697 1149 aliud
1727 1108 1888 1162 quam
1924 1093 2065 1147 Deus
2090 1092 2223 1150 sub-

622 1186 787 1251 sistit,
824 1184 968 1256 quod
1014 1199 1119 1240 non
1149 1184 1368 1239 aliunde
1398 1200 1560 1255 quam
1615 1184 1689 1258 (a)
1723 1201 1792 1240 ex
1819 1186 1931 1241 Deo
1954 1185 2219 1241 subsistit.

626 1277 888 1335 Eamdem
934 1286 1117 1337 autem
1151 1286 1396 1333 naturam
1425 1277 1500 1351 (b)
1548 1278 1620 1335 ita
1648 1320 1661 1345 ,
1695 1294 1800 1334 non
1846 1289 1908 1335 ut
1950 1287 2112 1335 natus
2156 1281 2227 1334 sit

624 1371 741 1442 ipse
765 1372 854 1442 qui
877 1370 1064 1441 genuit
1105 1371 1252 1443 (nam
1278 1370 1550 1439 quomodo
1571 1371 1675 1428 erit
1703 1372 1839 1439 ipse,
1867 1387 1989 1427 cum
2015 1371 2226 1442 genitus

627 1463 902 1537 sit?),sed
940 1463 995 1520 in
1029 1464 1111 1519 bis
1135 1464 1267 1533 ipsis
1309 1464 1569 1520 subsistat
1600 1465 1691 1520 ille
1735 1466 1825 1535 qui
1868 1465 2083 1535 genitus
2120 1474 2224 1532 est,

631 1560 705 1635 (c)
727 1575 847 1632 qua:
871 1568 1012 1616 totus
1028 1570 1109 1616 est
1131 1563 1246 1629 ipse
1276 1560 1366 1632 qui
1395 1561 1744 1633 genuit:quia
1776 1578 1881 1619 non
1911 1562 2228 1620 estaliuude

630 1653 772 1724 quod
800 1653 1010 1722 genitus
1041 1664 1143 1714 est.
1179 1654 1249 1711 Et
1281 1671 1375 1725 per
1407 1654 1508 1711 hoc
1541 1671 1648 1710 non
1690 1654 1923 1711 refertur
1952 1654 2019 1710 ad
2046 1655 2189 1711 aliud
2212 1698 2227 1723 ,

630 1749 772 1818 quod
803 1751 854 1807 in
886 1765 1049 1807 unum
1080 1749 1325 1807 subsistit
1358 1766 1425 1805 ex
1460 1766 1565 1805 uno
1592 1767 1605 1805 :
1631 1766 1807 1820 neque
1845 1765 2042 1805 novum
2087 1750 2141 1805 in
2168 1764 2230 1806 se

2326 630 2531 677 natura:
2556 631 2612 678 et
2632 621 2866 679 nominis
2884 620 3298 692 inseparabilem
3321 621 3691 694 professionem
3715 625 3849 683 haereo

2326 715 2448 770 ticte
2493 714 2787 786 impietatis
2820 714 3136 785 desperatus
3170 714 3348 772 furor:
3377 725 3433 772 et
3464 719 3592 784 haec,
3624 719 3669 775 si
3693 731 3849 790 potest,

2324 810 2487 866 dictis
2511 825 2575 865 ac
2615 811 2776 867 rebus
2798 809 2969 877 unita,
3003 809 3193 869 rabido
3229 812 3463 868 vesania:
3502 828 3610 869 suae
3648 829 3734 871 ore
3756 831 3854 873 con-

2328 914 2534 973 cerpat.
2586 903 2640 961 In
2680 903 2790 959 Deo
2835 904 2979 959 Deus
3020 913 3125 969 est,
3156 912 3212 959 et
3250 913 3447 974 praeter
3475 920 3592 960 cum
3632 905 3853 963 Deusaon

2327 1006 2444 1062 est;
2470 995 2735 1052 dissolvat
2758 1011 2880 1055 eum
2910 996 3003 1066 qui
3047 997 3204 1063 inest,
3238 998 3307 1052 ab
3330 1012 3398 1055 eo
3438 998 3488 1052 in
3532 1013 3634 1069 quo
3657 1000 3797 1055 inest:
3820 1014 3858 1056 et

2325 1088 2649 1144 sacramenti
2680 1087 2838 1158 hujus
2878 1088 3289 1159 intelligentiam
3315 1089 3521 1146 dividat
3548 1090 3622 1163 (5)
3656 1091 3712 1162 (i)
3735 1108 3855 1161 gene-

2328 1198 2447 1240 rum
2481 1184 2758 1241 varietate.
2784 1181 2919 1241 Nam
2957 1184 3008 1237 in
3041 1198 3109 1238 eo
3147 1182 3289 1254 quod
3328 1185 3426 1250 ait,
3458 1182 3526 1240 In
3559 1194 3605 1239 te
3638 1183 3759 1240 Deus
3786 1197 3855 1251 est,

2329 1285 2535 1331 natura:
2563 1276 2654 1330 Dei
2683 1276 2848 1346 patris
2872 1277 2923 1331 in
2956 1276 3061 1331 Deo
3092 1273 3200 1331 ﬁlio
3229 1276 3414 1333 docuit
3457 1276 3719 1334 veritatem
3738 1320 3749 1344 ,
3769 1296 3856 1335 tum

2329 1366 2383 1424 in
2413 1382 2479 1424 eo
2508 1369 2646 1423 Deus
2676 1367 3065 1438 intelligeretur
3090 1383 3211 1424 esse
3233 1370 3322 1440 qui
3354 1371 3496 1425 Deus
3526 1380 3621 1426 est.
3643 1371 3696 1426 Iit
3716 1388 3768 1428 eo
3793 1391 3855 1427 vc-

2330 1475 2392 1516 t'o
2422 1459 2562 1531 quod
2590 1459 2848 1531 Subjecit:
2875 1457 2943 1514 Et
2975 1469 3164 1531 prwler
3186 1470 3235 1514 te
3256 1477 3359 1516 non
3402 1473 3477 1517 est
3511 1461 3660 1517 Deus:
3681 1467 3860 1520 ostendit

2332 1562 2530 1625 praeter
2558 1568 2680 1607 eum
2723 1554 2891 1608 Deum
2930 1568 3037 1615 non
3083 1568 3227 1621 esse,
3280 1556 3408 1626 quia
3435 1554 3491 1611 in
3537 1571 3595 1610 se
3626 1556 3722 1612 Deo
3763 1557 3860 1613 Deus

2333 1649 2554 1703 inesset.
2602 1648 2714 1702 lloc
2762 1659 2890 1703 vero
2919 1648 3058 1718 quod
3104 1648 3320 1705 tertium
3357 1657 3462 1716 est,
3496 1646 3570 1704 Tu
3596 1665 3645 1704 es
3685 1648 3861 1715 Deus,tl

2334 1741 2701 1807 nesciebamus,
2735 1739 2984 1797 humanae
3034 1741 3411 1812 intelligentia:
3430 1742 3579 1813 piam
3622 1751 3674 1798 et
3702 1745 3860 1800 fidelem

628 1852 715 1901 est
736 1883 749 1907 .
772 1840 917 1912 quod
940 1842 1071 1897 vivit
1093 1858 1161 1901 ex
1190 1843 1311 1898 vivo
1336 1859 1351 1899 :
1375 1857 1549 1913 neque
1572 1843 1725 1903 abest
1745 1857 1774 1897 a
1802 1856 1883 1909 se,
1914 1842 2055 1913 quod
2081 1840 2229 1897 vivus
2260 1855 2309 1915 Β
2337 1845 2562 1892 testatur
2591 1836 3002 1907 professionem,
3028 1851 3150 1906 qure
3178 1835 3410 1906 cognitis
3438 1837 3717 1893 nativitatis
3751 1851 3861 1907 rays-

628 1934 807 2005 genuit
856 1935 934 2007 (d)
985 1935 1037 1990 in
1092 1934 1295 1993 vivum.
1350 1935 1428 1992 Ae
1479 1936 1557 1991 sic
1598 1937 1650 1991 in
1700 1936 2051 2006 generatione
2111 1932 2231 1989 Filii

627 2028 676 2101 (l
692 2030 709 2100 )
724 2039 776 2085 et
800 2040 1046 2091 naturam
1067 2046 1218 2086 suam
1245 2030 1312 2104 (ε)
1330 2031 1575 2102 sequitur
1594 2030 1949 2101 incorporalis
1967 2036 2125 2101 atque
2143 2030 2231 2087 iu-

627 2124 970 2181 demutabilis
1003 2124 1165 2192 Deus,
1194 2124 1587 2196 incorporalem
1606 2134 1766 2195 atque
1788 2123 2229 2180 indetuutabilem

631 2219 796 2277 Deum
827 2218 1052 2289 gignens
1084 2237 1098 2273 :
1132 2233 1233 2274 nec
1261 2227 1507 2274 naturam
1537 2234 1691 2275 suam
1733 2217 1936 2275 deserit
1965 2234 2027 2273 ex
2055 2217 2233 2273 incor-

627 2312 801 2382 porati
846 2321 1009 2382 atque
1032 2309 1402 2368 indemutabili
1430 2312 1539 2368 Deo
1569 2312 1926 2382 incorporalis
1961 2310 2233 2381 atquein-

627 2403 976 2461 demutabilis
1014 2403 1108 2459 Dei
1158 2402 1393 2473 perfecta
1432 2406 1722 2472 nativitas,
1768 2418 1863 2473 per
1905 2402 2008 2458 hoc
2049 2402 2233 2473 utique

628 2496 977 2553 subsistentia
1002 2511 1072 2552 ex
1105 2496 1215 2553 Deo
1256 2497 1351 2552 Dei
1381 2504 1799 2551 sacramentum.
1832 2494 1959 2551 Haec
2009 2494 2079 2550 ita
2114 2495 2235 2552 uni-

627 2594 842 2664 genitus
867 2595 1007 2649 Deus
1034 2609 1133 2667 per
1156 2604 1403 2649 sanctum
1435 2593 1655 2666 Moysen
1692 2600 1926 2649 testatur
1954 2612 1967 2647 :
2013 2592 2189 2647 Videte
2213 2634 2229 2660 ,

536 2706 543 2712 ’
633 2685 795 2741 ridete
815 2727 830 2753 ,
861 2686 1107 2758 quoniam
1146 2701 1239 2759 ego
1267 2702 1381 2741 sum
1426 2685 1681 2742 Dominus
1703 2727 1720 2755 ,
1769 2694 1816 2740 et
1847 2702 1948 2741 non
1989 2694 2065 2743 est
2094 2685 2233 2743 Deus

633 2785 820 2852 praeter
858 2795 939 2835 me
965 2776 1146 2849 (Deut.
1196 2795 1380 2844 χχιιι.
1409 2778 1528 2851 59).
1570 2779 1686 2834 Non
1730 2787 1814 2836 est
1858 2778 2000 2836 enim
2041 2788 2234 2835 natura

634 2870 929 2929 divinitatis
955 2872 1079 2940 alia,
1118 2870 1183 2946 (Γ)
1208 2882 1266 2926 ut
1299 2883 1494 2941 praeter
1520 2887 1578 2928 se
1607 2872 1751 2927 Deus
1781 2870 1921 2927 ullus
1948 2871 2037 2927 sit.
2092 2869 2226 2927 Nam

633 2980 756 3022 cum
790 2965 906 3037 ipse
936 2965 1075 3020 Deus
1104 2966 1212 3035 sit,
1243 2974 1418 3021 tamen
1443 2966 1604 3022 etiam
1637 2980 1733 3037 per
1754 2972 1960 3023 natura:
1980 2964 2232 3025 virtutem

633 3056 686 3114 iu
718 3072 785 3114 eo
810 3058 949 3113 Deus
975 3068 1078 3114 est.
1110 3056 1180 3113 Et
1208 3072 1306 3130 per
1329 3057 1403 3121 id,
1436 3057 1578 3129 quod
1605 3058 1720 3130 ipse
1744 3057 1884 3117 Deus
1903 3065 1987 3112 est
2016 3065 2069 3111 et
2097 3055 2149 3111 in
2169 3068 2235 3110 eo

628 3149 771 3206 Deus
799 3159 902 3213 est,
933 3165 1038 3205 non
1071 3160 1154 3207 est
1186 3152 1325 3206 Deus
1354 3159 1549 3223 praeter
1577 3166 1701 3213 eum
1726 3169 1739 3206 :
1764 3166 1887 3207 cum
1918 3164 2024 3207 non
2056 3153 2236 3211 exstet

2332 1930 2506 1993 teriis,
2536 1938 2590 1984 et
2619 1928 3216 2002 nomine(Emmanuel)
3236 1930 3301 1985 ad
3320 1930 3521 2001 losepb
3546 1947 3637 2002 per
3662 1931 3862 2002 Angelum

2333 2025 2578 2081 nuntiato
2618 2022 2994 2090 conﬁteretur,
3030 2021 3109 2079 Tu
3136 2023 3271 2079 enim
3302 2040 3355 2078 es
3406 2023 3564 2089 Deus,
3598 2033 3642 2080 et
3666 2024 3863 2083 nescieba-

2333 2136 2468 2185 mus,
2504 2118 2639 2173 Deus
2685 2117 2852 2174 Israel
2903 2116 3161 2175 salvator:
3200 2118 3585 2175 subsistentem
3631 2120 3679 2181 in
3713 2136 3766 2174 t-o
3795 2119 3858 2175 Dei

2333 2212 2663 2288 naturatnlj)
2704 2212 3089 2283 intelligentes,
3126 2228 3247 2269 cum
3272 2214 3324 2268 iu
3358 2214 3472 2270 Deo
3504 2214 3862 2277 Deusinsit,ncc

2332 2318 2531 2381 praeter
2579 2324 2700 2363 eum
2744 2308 2900 2381 13o
2917 2307 3004 2378 qui
3032 2315 3116 2364 cst
3139 2308 3280 2365 Deus
3309 2308 3596 2379 quisquam
3630 2309 3752 2363 Deus
3771 2308 3862 2362 alias

2333 2411 2436 2467 sit:
2465 2408 2588 2479 quia
2620 2407 2735 2478 ipse
2764 2408 2922 2475 Deus,
2952 2415 3005 2462 et
3036 2407 3088 2461 in
3114 2422 3180 2463 eo
3212 2407 3371 2472 Deus,
3407 2407 3626 2464 alterius
3651 2407 3779 2461 nobis
3798 2422 3864 2459 tn-

2329 2502 2582 2573 jusquam
2631 2500 2721 2559 Dei
2754 2516 2861 2557 non
2893 2500 3164 2572 relinquat
3190 2515 3455 2556 errorem.
3482 2501 3549 2559 Et
3565 2500 3671 2556 bare
3705 2500 3861 2569 quidem

2337 2594 2543 2661 Esaias,
2586 2593 2913 2650 individuam
2972 2602 3135 2664 atque
3182 2593 3597 2663 inseparabilem
3646 2592 3788 2649 Patris
3826 2600 3860 2644 et

2335 2687 2456 2744 Filii
2490 2687 2825 2744 divinitatem
2857 2694 3101 2754 testatus,
3136 2686 3209 2742 ita
3238 2686 3602 2757 preplietavit.

2406 2781 2497 2839 59.
2547 2781 2631 2839 Ea:
2660 2780 2889 2836 Ieremia
2943 2780 3079 2836 idem
3122 2780 3389 2837 evincitur.
3416 2809 3489 2823 --
3514 2779 3753 2837 Jeremias
3777 2789 3859 2832 vero

2337 2889 2442 2932 non
2487 2873 2688 2944 dispari
2737 2872 3039 2945 prophetia:
3093 2872 3330 2940 virtute,
3388 2872 3687 2929 indiscreta:
3725 2886 3749 2926 a
3786 2868 3858 2924 lico

2337 2978 2488 3039 patre
2525 2979 2733 3024 natura:
2783 2967 3116 3037 unigenitum
3144 2979 3265 3021 esse
3308 2965 3483 3022 Deum
3524 2965 3592 3020 ita
3629 2964 3794 3024 docuit,
3811 2960 3863 3013 di-

2335 3077 2495 3118 cens:
2533 3059 2630 3119 Hic
2660 3058 2803 3115 Deus
2824 3069 2994 3115 noster
3013 3067 3106 3124 est,
3134 3069 3185 3114 et
3213 3076 3315 3115 non
3354 3058 3679 3130 deputabitur
3701 3057 3802 3112 alter
3819 3051 3864 3106 ad

2338 3171 2474 3211 eum.
2502 3152 2583 3226 (4)
2625 3153 2725 3222 Qui
2779 3152 2969 3209 invenit
3011 3169 3214 3209 onmem
3251 3153 3409 3207 vitam
3447 3153 3682 3218 scientitr,
3708 3159 3745 3204 et
3771 3146 3865 3201 dedit

630 3244 848 3302 aliunde
864 3242 1005 3315 quod
1032 3244 1171 3299 Deus
1187 3252 1289 3312 cst,
1313 3254 1364 3299 et
1390 3244 1548 3317 129
1574 3244 1625 3301 iu
1653 3260 1717 3299 eo
1742 3244 1881 3303 Deus
1897 3244 1987 3314 sit,
2022 3243 2226 3307 habens
2255 3244 2302 3309 C
2333 3266 2445 3307 eam
2470 3246 2635 3304 Iacob
2666 3263 2824 3318 puero
2864 3262 2981 3313 suo,
3012 3255 3058 3301 et
3101 3244 3269 3301 Israel
3311 3246 3500 3303 dilecto
3530 3263 3639 3302 suo.
3661 3244 3767 3299 Post
3792 3243 3865 3294 lure

630 3341 681 3394 in
713 3353 772 3394 se
800 3350 855 3396 et
877 3337 1019 3410 quod
1049 3338 1165 3409 ipse
1191 3346 1296 3406 est,
1326 3348 1379 3393 et
1408 3339 1484 3411 (g)
1542 3354 1612 3394 cx
1659 3352 1764 3409 quo
1807 3338 1921 3410 ipse
1959 3338 2224 3401 subsistit.

700 3432 790 3486 58.
820 3429 1103 3486 Indiridua
1137 3430 1312 3488 Patris
1341 3439 1388 3487 el
1422 3429 1549 3487 Filii
1579 3430 1820 3487 divinitas
1850 3447 1912 3489 ex
1948 3429 2131 3489 Esaia.
2158 3461 2231 3472 —-

628 3521 928 3578 Continuat
977 3535 1157 3580 autem
1197 3522 1319 3581 ﬁdei
1364 3534 1566 3585 nostra:
1606 3537 1789 3583 verum
1840 3532 1895 3579 et
1932 3524 2226 3588 salutarem

630 3615 1016 3687 professionem
1053 3617 1192 3673 idem
1228 3627 1391 3689 atque
1436 3633 1572 3675 unus
1635 3619 1685 3673 in
1718 3617 1963 3689 plurimis
1993 3618 2228 3689 Spiritus

630 3707 950 3780 pr0p|tetiaz,
976 3724 1073 3779 per
1116 3712 1489 3767 successiones
1518 3720 1573 3766 et
1616 3710 1894 3775 intervalla
1924 3720 2225 3784 temporum

628 3816 737 3857 non
768 3801 1053 3860 demutans
1084 3803 1347 3877 religiosm
1375 3803 1639 3860 doctrina:
1674 3802 2129 3875 prmdicatiouem.
2160 3804 2231 3871 Ut

628 3896 771 3952 enim
819 3912 914 3967 per
956 3897 1176 3972 Moysen
1224 3913 1290 3954 ex
1332 3913 1564 3970 persona
1619 3897 1879 3970 uuigeniti
1923 3898 2018 3955 Dei
2060 3898 2226 3966 dicta,

627 3989 873 4062 pleniore
904 3990 971 4047 ad
1019 3991 1429 4063 intelligendum
1460 3994 1913 4055 conﬁrmarentur
1942 3991 2225 4067 profectu;

627 4099 837 4141 rursum
862 4101 1112 4142 sermone
1143 4088 1232 4143 Dei
1258 4089 1422 4157 patris
1439 4103 1502 4144 ex
1528 4102 1758 4159 persona
1785 4086 2022 4141 virorum
2047 4085 2230 4141 excel-

626 4191 808 4231 sorum
839 4177 981 4233 idem
1012 4179 1310 4249 prophetiae
1331 4179 1562 4249 Spiritus
1589 4193 1685 4253 per
1708 4178 1923 4234 Esaiam
1955 4177 2226 4250 loquitur:

629 4270 886 4343 Quoniam
911 4272 965 4327 in
994 4282 1043 4327 te
1068 4284 1139 4328 est
1174 4271 1329 4341 Deus,
1360 4283 1530 4329 etnon
1558 4280 1631 4329 est
1660 4282 1849 4345 praeter
1879 4280 1925 4327 te
1951 4270 2115 4328 Deus.
2146 4268 2229 4326 Tu

730 4383 781 4457 l)
818 4383 883 4437 Et
913 4394 1148 4441 naturam
1173 4404 1343 4457 suam,
1374 4396 1431 4442 ut
1453 4389 1526 4441 ita
1558 4387 1793 4453 dixerim,
1822 4388 2071 4456 sequitur.

730 4386 751 4439 l
818 4383 883 4437 El
913 4394 1119 4441 naturai.

724 4456 758 4509 2
807 4457 1008 4512 luserat
1048 4474 1119 4513 se.

698 4383 781 4601 ἓὸξ
804 4528 1052 4583 Generum
1079 4546 1119 4583 vi

722 4528 777 4599 3)
804 4528 1052 4583 Generum
1079 4529 1290 4584 veritate
1319 4529 1518 4585 abesta
1542 4538 1728 4585 nostro
1767 4528 2081 4599 exemplari.

629 4649 753 4702 tario
776 4656 1016 4730 naturas;
1046 4645 1140 4701 lib.
1174 4662 1259 4706 vt.
1293 4662 1348 4702 n.
1385 4645 1713 4730 “indicitur
1739 4654 2059 4704 sacramento
2105 4644 2224 4701 sub—

713 4724 853 4772 nlite.
1494 4724 1505 4731 '

627 4729 853 4773 stantem.
1494 4729 1499 4731 ’

702 4789 778 4862 (a)
809 4790 863 4845 In
892 4790 1128 4862 excusis,
1172 4805 1235 4845 ea:
1270 4789 1382 4845 Deo
1424 4788 1568 4845 Deus
1599 4806 1618 4845 :
1645 4790 1884 4846 abundat
1915 4803 2016 4862 vox
2049 4786 2223 4862 Deus,

2332 3359 2493 3414 supra
2538 3350 2726 3395 terram
2760 3340 2896 3396 uisus
2939 3348 3032 3405 est,
3065 3349 3113 3394 et
3157 3340 3292 3395 inter
3339 3340 3575 3395 homines
3615 3344 3867 3393 conrmatus

2333 3445 2407 3491 est
2439 3432 2651 3502 (Barac.
2687 3447 2743 3487 ιιι
2774 3473 2788 3499 ,
2838 3429 2952 3504 56).
3007 3431 3145 3500 Quid
3174 3432 3336 3486 alium
3384 3431 3552 3489 Deum
3601 3432 3651 3486 in
3690 3430 3780 3485 ﬁlio
3801 3424 3867 3482 llri

2335 3526 2446 3583 Deo
2490 3524 2743 3581 lueretice
2789 3525 3087 3595 supponis?
3116 3524 3272 3580 Disce
3316 3541 3486 3581 unuut
3539 3527 3694 3581 Deum
3730 3536 3865 3578 verum

2334 3621 2636 3691 intelligere
2666 3628 2719 3676 et
2744 3620 3013 3676 conﬁteri.
3047 3618 3163 3675 Non
3205 3619 3346 3677 alius
3386 3620 3535 3677 Deus
3571 3620 3633 3675 ad
3657 3617 3867 3674 Christum

2336 3714 2624 3785 deputatur
2655 3723 2713 3770 ttt
2736 3714 2877 3769 Deus
2905 3714 2996 3769 sit.
3016 3712 3159 3768 Deus
3186 3722 3358 3791 estex
3394 3724 3608 3780 natura,
3635 3727 3693 3768 ex
3717 3705 3867 3765 uatixic

2337 3818 2467 3875 tate,
2499 3824 2565 3864 ex
2598 3810 2730 3865 Deo.
2762 3807 2915 3875 Quod
2957 3810 3100 3864 enim
3145 3806 3290 3863 Deus
3319 3815 3430 3877 est,
3457 3824 3528 3864 ex
3563 3808 3663 3862 Deo
3688 3814 3774 3867 est,
3795 3816 3868 3857 non

2337 3902 2499 3960 etiam
2530 3903 2672 3959 Deus
2693 3902 2828 3960 alius
2855 3912 2958 3959 est.
2994 3901 3149 3957 Alius
3176 3900 3320 3958 enim
3357 3901 3427 3955 ad
3453 3917 3575 3957 eum
3626 3915 3719 3954 non
3744 3895 3868 3965 depu-

2340 4005 2519 4063 tatur;
2568 3995 2690 4066 quia
2732 4010 2836 4050 nou
2876 3996 3040 4050 estin
3070 4009 3137 4049 eo
3189 3994 3293 4048 alia
3342 4003 3541 4063 prmter
3591 4008 3734 4064 quam
3778 4000 3866 4059 qur.

2339 4090 2431 4145 Dei
2463 4098 2545 4144 cst
2568 4088 2787 4145 veritas.
2813 4088 2948 4157 Quid
2981 4104 3167 4143 verum
3203 4097 3257 4142 et
3301 4102 3408 4142 non
3444 4102 3645 4155 verum,
3674 4082 3778 4155 quid
3801 4079 3869 4133 de-

2330 4199 2583 4257 generem
2619 4191 2671 4239 et
2716 4181 2972 4247 nobilem,
3005 4180 3133 4254 quid
3166 4180 3441 4236 diversum
3473 4180 3545 4253 (It)
3579 4189 3630 4234 et
3655 4178 3867 4233 diversum

2332 4276 2433 4332 sub
2481 4274 2638 4330 unius
2691 4273 2784 4329 Dei
2836 4274 3091 4330 ementita
3140 4272 3400 4344 religione
3447 4269 3741 4343 componis?
3766 4266 3867 4321 Deus

2336 4462 2348 4473 .
2404 4387 2483 4517 (g)
2514 4389 2616 4455 Qui
2658 4404 2765 4445 non
2795 4388 2990 4460 legitur
3020 4389 3072 4443 in
3128 4402 3230 4445 ms.
3264 4386 3708 4460 quemadmodum
3740 4392 3868 4452 neque

2336 4478 2387 4516 tu
2466 4476 2626 4517 neco.

2336 4478 2387 4516 In
2415 4476 2626 4519 υτωοο.

2400 4640 2593 4715 (e)Hie
2622 4642 2674 4697 in
2723 4656 2825 4715 ms.
2876 4638 3042 4697 Corb.
3098 4641 3529 4715 superscriptqu
3568 4648 3684 4715 est,
3735 4644 3781 4691 ut
3819 4634 3870 4685 ita

2330 4708 2579 4779 diaierim,
2616 4711 2759 4783 quod
2799 4722 2854 4767 et
2884 4715 2935 4768 in
2967 4708 3194 4783 vulgatis
3215 4726 3268 4769 et
3292 4714 3346 4769 in
3372 4708 3751 4770 recentioribus
3774 4720 3869 4760 mss.

2332 4789 2594 4843 inscrtum
2624 4785 2722 4839 fuit
2743 4826 2758 4850 ,
2792 4785 2887 4840 sed
2912 4802 3023 4841 non
3048 4786 3276 4843 habetur
3305 4789 3359 4841 in
3390 4784 3774 4840 vetustioribus.

632 4845 805 4931 neque
826 4871 1007 4933 exsutt
1034 4861 1085 4915 in
1116 4845 1242 4916 iuss.
1270 4877 1497 4932 quorum
1531 4864 1581 4916 in
1615 4845 1886 4933 plerisque
1912 4861 2127 4927 deinde,
2163 4845 2222 4915 ut
2245 4860 2300 4923 D
2399 4855 2473 4933 (f)_
2500 4856 2653 4933 llud,
2818 4867 2871 4933 et
2898 4857 3070 4933 Lips"
3101 4870 3156 4912 ut
3180 4870 3364 4929 printer
3395 4874 3508 4933 eam
3536 4855 3666 4909 Deus
3685 4845 3870 4933 aliussil:

635 4943 689 4989 et
718 4932 880 5002 paulo
903 4940 1049 4993 ante.
1079 4934 1321 4989 substitit.

710 5006 784 5088 (ρ)
822 5003 1027 5088 Excusi
1057 5004 1140 5088 l_tic
1167 5005 1368 5088 addunt
1393 5005 1514 5088 inde
1542 5021 1561 5060 :
1592 5006 1744 5061 nullo
1771 5003 2099 5088 suffragante
2118 5019 2219 5087 ms.

642 5076 812 5147 Hujus
863 5076 1013 5131 vocis
1060 5077 1178 5131 loco
1217 5078 1571 5147 supplendum
1601 5087 1751 5132 tenet.
1802 5076 2127 5147 Expressius
2172 5078 2225 5131 in

646 5146 962 5205 Pratellrnsi
1000 5147 1187 5203 codice
1208 5190 1222 5213 ,
1252 5146 1347 5202 Dei
1391 5159 1560 5205 autem
1607 5159 1843 5203 naturam
1874 5148 1946 5203 ita
1989 5146 2176 5202 obtinet
2208 5161 2228 5200 :

645 5221 743 5277 etsi
775 5219 952 5274 minus
980 5221 1210 5275 sincere.
1242 5220 1337 5276 Hie
1374 5221 1605 5277 Hilarius
1634 5236 1734 5290 pro
1765 5235 1917 5275 more
1946 5218 2230 5289 prtecludit

634 5293 813 5347 locum
844 5292 1171 5361 suspicioni,
1205 5308 1271 5347 ne
1299 5292 1534 5348 Sabellio
1557 5295 1737 5347 lavere
1757 5292 2115 5349 existimetur.

709 5363 781 5436 (c)
815 5365 906 5418 Sic
964 5365 1252 5436 pervenisti
1281 5366 1497 5436 codices
1520 5364 1699 5430 Colb.,
1731 5363 1894 5419 Corb.
1916 5403 1933 5429 ,
1980 5362 2087 5436 duo
2127 5361 2231 5416 Re-

638 5433 802 5504 ntig.',
837 5446 949 5490 tres
999 5434 1277 5500 Vaticani,
1321 5435 1526 5493 Theod.
1549 5478 1564 5501 ,
1607 5437 1790 5489 Germ.
1829 5443 1932 5489 etc.
1961 5433 2064 5489 Alii
2098 5447 2232 5487 vero

643 5507 884 5562 nonnulli
912 5523 1034 5563 cum
1067 5508 1315 5578 vulgatis,
1347 5508 1401 5562 in
1423 5508 1602 5577 quibus
1629 5518 1764 5561 totus
1790 5516 1862 5565 est
1883 5508 2001 5578 ipse
2028 5507 2123 5578 qui
2138 5521 2230 5576 ge-

639 5578 749 5630 nuit
775 5593 792 5631 :
820 5580 936 5645 quia
960 5596 1060 5633 non
1082 5596 1144 5633 ea:
1167 5575 1275 5651 alio
1301 5575 1515 5651 genitus.
1545 5578 1725 5649 Neque
1747 5576 1890 5633 aliud
1910 5593 2065 5648 quam
2090 5575 2232 5633 Datis

639 5657 712 5703 est
739 5666 757 5703 :
785 5651 904 5715 quia
930 5666 1031 5703 non
1054 5661 1127 5704 est
1152 5650 1385 5719 aliunde,
1407 5663 1513 5709 etc.

723 5722 803 5796 (ὅ)
834 5722 1154 5796 Ρεινιίοιιμιηι
1189 5727 1253 5796 in;
1293 5718 1588 5796 adjecitnus
1618 5723 1941 5777 auctoritate
1973 5734 2100 5776 mss.
2146 5718 2235 5796 Sic

648 5801 704 5850 et
732 5790 804 5848 lib
830 5808 932 5861 τη,
952 5811 1018 5867 νη.
1043 5794 1113 5848 ετ
1154 5813 1167 5848 :
1203 5794 1326 5853 Non
1350 5790 1482 5854 cnim
1508 5812 1693 5858 novum
1714 5805 1789 5853 est
1810 5834 1827 5866 ,
1868 5796 2004 5867 quod
2033 5805 2097 5854 ea:
2123 5790 2235 5851 viro

649 5873 920 5936 generatur
942 5866 997 5919 in
1032 5867 1220 5933 vivum.

2407 4914 2483 5003 ξ’ά)
2515 4914 2694 5003 ldeét.
2730 4929 2800 4981 ita
2831 4914 2979 5003 injeo'
2998 4914 3157 4984 Pater
3180 4914 3286 5003 est,
3318 4940 3373 5003 ut
3410 4929 3602 4983 habeat
3625 4934 3675 4980 et
3700 4925 3742 4978 id
3768 4914 3872 4992 quod

2332 4998 2447 5059 est.
2465 4998 2521 5055 et
2541 4999 2592 5053 id
2619 5016 2685 5054 ex
2713 5015 2819 5067 quo
2849 4998 2991 5057 (ilius
3015 5003 3129 5070 ipse
3156 5002 3422 5056 subsistit.

2406 5071 2484 5144 (It)
2504 5060 2857 5127 Carnutims.
2888 5087 3010 5128 cum
3037 5060 3243 5143 aliquot
3261 5073 3400 5141 aliis,
3428 5088 3527 5129 nec
3545 5086 3643 5127 non
3665 5060 3871 5128 Bad..Ero

2336 5154 2393 5200 ct
2418 5145 2564 5212 Lips.
2592 5144 2788 5198 inserat
2809 5159 2883 5201 se.

2407 5204 3190 5291 (ll-51335!geneftlm‘varielate
3211 5232 3241 5271 a
3273 5217 3547 5291 veteribus
3572 5211 3712 5291 libris
3735 5204 3873 5291 Colit.

2335 5285 2789 5411 βθῗιτηιίξοωίεη
2817 5286 3004 5355 νίιιιίο,
3033 5299 3138 5343 etc.
3174 5292 3253 5347 An
3282 5306 3348 5345 ex
3377 5290 3612 5359 margine
3640 5286 3687 5340 in
3714 5285 3873 5335 textum

2337 5373 2527 5411 ll‘l‘eDSI
3956 5392 3957 5411 η

2337 5367 2821 5504 ιττὸῐῖεὶιέτνιιιεῖιιὶβ
2858 5432 3171 5501 intelligens.
3195 5431 3266 5488 At
3306 5433 3357 5488 in
3393 5447 3523 5486 mss.
3566 5425 3873 5504 intelligentes,

2337 5499 2477 5575 quiid
2506 5499 2570 5555 ad
2598 5499 2703 5556 eos
2724 5499 3089 5569 referendum,
3120 5507 3211 5573 qui
3244 5504 3403 5575 paulo
3427 5512 3551 5559 ante
3579 5501 3763 5560 dicunt,
3805 5501 3874 5541 ηεο
3956 5499 3957 5553 1

2335 5574 2637 5628 sciebamus.

2409 5644 2486 5716 (lt)
2516 5644 2606 5718 Sic
2638 5644 2879 5718 plerique
2910 5661 3040 5704 mss.
3064 5647 3136 5705 At
3158 5644 3877 5718 quiCarnuteusetnfﬂog'lq:

2337 5701 2431 5774 vit‘.
2466 5701 2606 5791 quod
2640 5701 2705 5791 ad
2748 5701 2953 5791 calcem
2997 5701 3585 5791 liuius"acvsuperioris
3607 5713 3713 5791 libri
3746 5701 3874 5791 verba

2338 5786 2603 5844 emendati
2624 5786 2909 5857 signiﬁcat,
2939 5808 3042 5847 non
3069 5786 3482 5849 advertensbac
3511 5787 3718 5857 lectione
3739 5787 3874 5857 111³19·
3956 5786 3957 5857 ξ

2339 5875 2451 5917 rem
2477 5872 2598 5916 esse
2626 5853 2990 5924 mctnbrorum
3017 5862 3351 5934 antitltesim,
3379 5864 3465 5926 hic
3490 5854 3718 5934 apposuit
3741 5853 3873 5923 partiv
