4040 6328
645 302 751 363 159

646 514 773 571 dum
803 515 1017 572 Patrem
1044 530 1140 585 per
1167 514 1431 571 honorem
1454 512 1576 569 Filii
1606 529 1667 570 se
1692 513 1981 570 referrent.

720 610 773 665 5.
812 607 1039 664 Heresis
1068 609 1279 664 Arianae
1308 608 1440 664 lues.
1464 637 1536 650 ——
1567 608 1801 665 Emersit
1826 609 1969 664 enim
1992 606 2248 679 pestifera

646 710 703 759 ct
724 702 899 758 letalis
927 700 1140 773 populis
1164 701 1239 775 (α)
1270 702 1522 774 proxime
1552 701 1689 769 lues,
1720 718 1843 774 quae
1871 701 2069 772 ingenti
2100 717 2251 773 gras-

646 805 760 852 sata
788 795 1034 866 contagio
1054 795 1263 850 ruinam
1297 794 1623 850 miserandae
1652 795 1843 850 mortis
1869 793 2095 850 invexit.
2132 793 2247 850 Non

646 888 791 945 enim
817 895 1027 944 tantum
1077 896 1167 943 aut
1203 887 1598 943 considentium
1626 886 1691 957 (f.
1730 885 2157 959 concidentium)
2196 886 2249 941 in

648 981 815 1038 chaos
852 997 975 1038 cum
1010 981 1223 1051 populis
1253 981 1366 1036 suis
1402 994 1598 1051 repens
1627 979 1837 1036 urbium
1865 982 2114 1044 vastitas,
2161 988 2253 1034 aut

647 1073 962 1145 frequentes
980 1072 1247 1129 bellorum
1271 1083 1326 1129 et
1347 1073 1600 1130 funebres
1627 1084 1850 1136 mortes,
1874 1080 1968 1127 aut
1995 1072 2249 1129 immedi-

649 1176 786 1225 catae
813 1167 1150 1238 aegritudinis
1179 1168 1441 1239 populosa
1484 1168 1730 1239 contagia
1767 1166 2155 1233 desaevierunt,
2198 1169 2249 1223 in

649 1270 913 1333 quantum
939 1260 1003 1315 ad
1033 1260 1256 1316 exitium
1282 1259 1499 1332 generis
1522 1260 1741 1315 humani
1773 1261 1998 1316 haeresis
2028 1258 2145 1316 haec
2172 1258 2255 1316 fu-

653 1364 808 1409 nesta
836 1361 1081 1427 grassata
1102 1364 1206 1409 est.
1243 1352 1354 1409 Deo
1402 1352 1571 1421 enim,
1602 1352 1687 1407 cui
1717 1353 1899 1407 omnia
1931 1353 1983 1407 in
2028 1353 2257 1408 mortuis

652 1446 860 1515 vivunt,
894 1445 995 1502 hoc
1024 1447 1197 1503 solum
1240 1446 1381 1519 perit
1410 1447 1553 1519 quod
1597 1449 1701 1505 sibi
1741 1448 1975 1519 deperit.
2007 1447 2141 1503 Nam
2168 1448 2256 1518 ju-

651 1540 928 1596 dicaturus
954 1543 1070 1613 ipse
1097 1540 1164 1598 de
1179 1542 1453 1608 omnibus,
1486 1550 1541 1599 et
1571 1558 1671 1615 pro
1700 1543 2000 1616 maiestatis
2021 1557 2134 1599 sua:
2163 1542 2257 1598 mi-

653 1635 953 1692 sericordia
984 1650 1160 1707 pinnae
1183 1637 1433 1692 meritum
1466 1638 1733 1709 ignoranti
1761 1637 2141 1694 moderaturus
2165 1651 2255 1693 er-

651 1729 786 1795 rori,
821 1737 1083 1799 negantes
1130 1743 1189 1784 se
1230 1745 1337 1784 non
1361 1730 1470 1800 jam
1506 1730 1770 1802 judicabit
1800 1732 2005 1805 utique,
2035 1730 2128 1787 sed
2163 1746 2257 1788 ne-

651 1821 799 1893 gabit
829 1820 1046 1891 (Matth.
1082 1838 1136 1890 x,
1167 1823 1257 1891 55;
1288 1823 1394 1878 vid.
1419 1823 1513 1879 Tr.
1548 1824 1682 1896 psal.
1712 1840 1838 1892 CXL,
1858 1843 1910 1881 η.
1931 1825 2010 1898 8).

726 1913 783 1968 4.
840 1912 1009 1980 Quam
1050 1914 1264 1970 subdole
1306 1916 1446 1971 virus
1492 1933 1643 1971 suum
1692 1917 1945 1983 elfundat.
1978 1948 2049 1960 —-
2085 1917 2257 1991 Negat

650 2009 819 2076 enim,
862 2021 1022 2081 negat
1055 2008 1238 2066 furens
1259 2010 1486 2068 haeresis
1511 2022 1909 2067 sacramentum
1937 2028 2082 2069 verte
2104 2013 2253 2081 ﬁdei,

651 2100 720 2156 ad
749 2100 1043 2171 impietatis
1069 2118 1182 2159 suae
1201 2104 1502 2160 doctrinam
1532 2104 1806 2176 religionis
1832 2120 1927 2161 usa
1950 2105 2252 2177 principiis,

650 2207 773 2250 cum
805 2194 1139 2251 inﬁdelitatis
1165 2210 1279 2253 suae
1324 2198 1742 2270 expositionem,
1776 2209 1835 2256 ut
1883 2198 2256 2270 superioribus

649 2286 803 2344 libris
832 2289 1163 2359 continetur,
1199 2292 1266 2348 ita
1308 2294 1475 2365 capit
1502 2314 1515 2349 :
1550 2314 1571 2347 ‹
1599 2294 1857 2351 Novimus
1890 2312 2053 2352 unum
2086 2297 2252 2354 Deum

648 2381 826 2438 solum
875 2381 1160 2454 inlectum,
1202 2387 1377 2444 solum
1423 2390 1813 2461 sempiternum
1846 2432 1861 2457 ,
1913 2391 2089 2446 solum
2137 2394 2255 2449 sine

650 2476 826 2542 initio,
860 2479 1034 2534 solum
1079 2496 1293 2549 verum,
1340 2484 1515 2538 solum
1555 2485 2014 2542 immortalitatem
2057 2485 2252 2543 baben-

649 2580 781 2640 tem,
806 2572 980 2629 solum
1011 2577 1273 2647 optimum
1294 2620 1309 2646 ,
1332 2578 1511 2635 solum
1541 2585 1837 2650 potentem.
1872 2596 1892 2632 ›
1922 2578 2001 2633 Ad
2026 2578 2076 2633 id
2109 2578 2252 2635 enim

651 2683 964 2742 usurpatum
1004 2674 1215 2744 proiicit
1259 2678 1361 2747 pia:
1402 2678 1766 2734 confessionis
1805 2678 2112 2747 exordium,
2146 2694 2254 2749 quo

650 2762 770 2817 ait:
810 2782 828 2816 ε
873 2761 1050 2818 Unum
1098 2763 1288 2829 Deum,
1340 2771 1395 2818 et
1438 2763 1611 2819 solum
1645 2763 1926 2831 infectum,
1974 2775 2031 2820 et
2076 2765 2251 2821 solum

650 2857 769 2913 sine
796 2859 951 2913 initio
978 2877 989 2913 :
1022 2878 1041 2912 ι
1074 2871 1131 2916 ut
1156 2876 1253 2931 per
1280 2859 1416 2927 lucc,
1449 2877 1567 2931 qua:
1590 2859 1845 2941 religiose
1874 2860 2055 2916 verbis
2073 2872 2253 2918 osten-

654 2960 919 3020 tarentur,
951 2963 1146 3009 cratera
1172 2953 1335 3025 impie
1366 2955 1744 3011 subderentur.
1770 2954 1902 3011 Nam
1928 2966 2048 3027 post
2088 2957 2251 3012 multa

650 3046 783 3114 alia,
823 3063 941 3117 qua:
979 3047 1047 3103 de
1073 3047 1214 3104 Filio
1243 3049 1356 3119 pari
1402 3064 1615 3119 quoque
1660 3049 1927 3105 simulata:
1977 3050 2253 3122 religionis

655 3140 815 3215 134
844 3143 1178 3213 professione
1201 3143 1520 3213 protulerat,
1576 3143 1807 3213 subjecit
1838 3162 1852 3200 :
1886 3163 1905 3197 ‹
1935 3142 2249 3201 Crealuram

1860 302 2106 364 SANCTI
2144 302 2405 363 HlLARIl
2445 302 2752 365 EPISCOPI
3777 319 3847 376 lio

648 422 861 479 Patrem
890 422 981 497 qui
1009 420 1147 478 misit
1167 422 1319 479 illuni
1341 419 1523 497 (locu.
1561 436 1618 487 v,
1648 420 1767 493 25),
1791 420 1858 478 ad
1882 420 2249 478 honorifican-
2275 424 2326 485 Α
2351 421 2528 489 Pater,
2580 433 2632 478 et
2678 422 2985 490 divisibilis,
3024 431 3079 480 et
3120 424 3503 494 convertibilis,
3530 435 3580 485 et
3619 428 3686 501 (ἀ)
3707 445 3849 505 corpus
3936 419 3937 495 ξ

2351 515 2648 571 secundum
2677 516 2818 583 illos,
2850 528 2904 571 et
2925 526 3184 588 quantum
3214 518 3267 574 in
3301 521 3426 588 ipsis
3458 530 3554 585 est,
3585 536 3846 596 consequen-

2355 606 2426 662 tia
2453 608 2700 679 corporis
2740 607 3014 664 sustinens
3056 609 3175 665 sine
3211 624 3438 681 corpore
3477 612 3624 667 Deus.
3657 615 3851 687 ithuia

2352 702 2507 757 nobis
2528 717 2595 758 ex
2624 703 2838 775 integro
2852 702 3135 759 adversum
3167 703 3302 760 hanc
3321 704 3638 775 intpiissimm
3659 707 3853 765 doctrina:

2351 796 2743 866 expositionem
2784 798 3128 869 evangelicns
3169 812 3310 855 nunc
3346 800 3450 855 erit
3483 815 3678 866 sermo;
3713 816 3853 860 conse-
3938 812 3939 821 ‘

2353 905 2524 962 quens
2554 890 2980 946 existimavimus
3013 904 3226 946 omnem
3250 891 3362 961 jam
3388 889 3466 963 (2)
3492 891 3557 963 (e)
3580 893 3628 948 in
3657 895 3793 963 primo
3814 896 3855 950 li-

2352 992 2440 1040 cet
2493 983 2630 1039 libro
2674 984 2969 1042 editionem
3022 986 3188 1058 hujus
3240 986 3505 1042 haereseos
3550 987 3854 1058 conscriptam,

2354 1093 2496 1134 nunc
2512 1094 2727 1149 quoque
2749 1078 2872 1134 huic
2897 1090 3051 1135 sexto
3078 1082 3320 1136 inserere
3350 1098 3362 1134 ;
3388 1089 3445 1135 ιιι
3473 1093 3647 1135 recens
3665 1078 3804 1146 lectio,
3821 1091 3856 1135 et

2355 1172 2726 1243 responsionis
2761 1172 2829 1228 ad
2865 1173 3073 1244 singula
3116 1174 3358 1245 subjecta
3386 1173 3612 1238 collatio,
3634 1187 3715 1242 per
3744 1189 3857 1228 evan-

2354 1265 2555 1337 gelicas
2581 1275 2742 1337 atque
2773 1268 3102 1337 apostolicas
3143 1268 3508 1325 institutiones
3537 1267 3696 1322 invitis
3715 1268 3808 1323 licet
3824 1278 3860 1323 et

2354 1359 2851 1416 contradicentibus
2904 1375 3127 1416 sensum
3190 1361 3431 1417 veritatis
3482 1358 3663 1415 eliciat.
3719 1361 3859 1415 Dictmt

2356 1466 2508 1523 ergo.

3935 278 3937 435 γ

3943 1552 3945 1667 l

2714 1525 2793 1598 (5)
2812 1524 2882 1599 (f)
2914 1524 3224 1597 Exemplum
3247 1524 3587 1598 blasphemia.

2429 1639 2483 1695 5.
2516 1639 2630 1695 Arii
2659 1647 2707 1694 et
2735 1640 3051 1695 asseclarum
3078 1644 3192 1715 ejus
3231 1640 3301 1694 ad
3331 1638 3664 1694 Alexandrum
3689 1637 3859 1706 epistola.
3944 1637 3945 1691 ἓ

2353 1761 2429 1775 -
2450 1751 2468 1785 s
2498 1730 2756 1789 Novimus
2807 1748 2970 1788 unum
3001 1733 3192 1799 Deum,
3242 1733 3415 1788 solum
3462 1731 3710 1794 infec1um,
3741 1728 3861 1783 solum

2285 1823 2333 1884 B
2362 1825 2772 1896 sempiternum,
2808 1826 2983 1881 solum
3026 1827 3145 1883 sine
3172 1826 3348 1890 initio,
3378 1824 3549 1880 solum
3584 1821 3864 1878 immortalita-

2362 1872 2772 1896 -----,..--.-....-.,
2808 1872 2983 1881 πη...
3026 1872 3143 1883 ...ην
3379 1872 3549 1880 ---_..-

2361 1927 2470 1975 tem
2514 1918 2820 1985 habentem,
2872 1920 3048 1975 solum
3099 1921 3388 1991 optimum,
3431 1918 3597 1973 solum
3645 1925 3862 1987 potentem,

2361 2014 2598 2039 n.nn:.....
2663 2023 2962 2039 ..-ΑΑιΑ--..η
3056 2012 3421 2039 ..-λζ-..-ιιηυιηε
3469 2021 3515 2039 ..ι
3570 2009 3862 2039 Alamanne-um

2358 2014 2601 2068 omnium
2660 2023 3006 2082 creatorem,
3053 2012 3423 2069 ordinatorem
3467 2021 3520 2067 et
3568 2009 3863 2081 dispositorem
3946 2009 3947 2089 j

2358 2104 2848 2174 inconvertibilem,
2902 2106 3320 2173 immutabilem,
3349 2106 3551 2175 justum
3594 2113 3641 2159 et
3675 2104 3863 2171 optimum

2358 2196 2492 2270 legis
2514 2207 2568 2253 et
2595 2198 2983 2269 prophetarum
3004 2207 3058 2253 et
3082 2200 3205 2253 novi
3228 2197 3583 2254 Testamenti.
3609 2194 3736 2250 llunc
3752 2193 3863 2247 Deum

2358 2196 2492 2270 legis
2514 2207 2568 2253 et
2595 2198 2983 2269 prophetarum
3004 2207 3058 2253 et
3082 2200 3205 2253 novi
3228 2197 3583 2254 Testamenti.
3609 2194 3736 2250 llunc
3752 2193 3863 2247 Deum

2355 2308 2647 2365 generasse
2677 2294 2845 2349 lilium
2874 2293 3213 2365 unigenitum
3251 2301 3376 2348 ante
3405 2291 3582 2346 omnia
3607 2286 3861 2354 saeculum

2358 2404 2517 2461 quem
2554 2398 2611 2445 et
2639 2388 2893 2444 sreculnm
2922 2400 2976 2443 et
3013 2388 3194 2443 omnia
3223 2386 3372 2443 fecit.
3403 2385 3593 2441 Natum
3629 2390 3773 2437 autem
3793 2393 3861 2433 non

2358 2484 2619 2555 putative,
2643 2482 2738 2539 sed
2758 2497 2882 2539 vere
2908 2482 3225 2538 obsecutum
3253 2480 3515 2536 voluntati
3543 2493 3664 2542 sum,
3686 2476 3861 2530 immuta-

2358 2510 2619 2555 puuuvc,
2643 2510 2738 2539 acu
2760 2510 2882 2539 "JH:
2908 2510 3225 2538 unaccululll
3257 2510 3515 2536 nulullau
3543 2510 3664 2542 auw,
3688 2510 3845 2530 ιιιιιυυι-

2357 2578 2522 2634 bilem
2550 2588 2604 2634 et
2650 2576 3144 2643 inconvertibilem,
3178 2583 3482 2630 creaturam
3515 2572 3605 2628 Dei
3630 2568 3860 2642 perlectam.

2438 2670 2451 2681 ι
2624 2670 2694 2681 ..ι
2760 2672 2769 2681 .
2854 2671 2886 2681 Α.
3132 2668 3144 2681 ι
3360 2677 3371 2681 -
3450 2668 3461 2679 ι
3550 2665 3570 2681 ι
3631 2674 3640 2681 .
3666 2676 3765 2681 φη..
3806 2657 3861 2681 --γι

2356 2670 2453 2728 sed
2487 2688 2593 2727 non
2618 2670 2698 2743 (4)
2729 2671 2887 2725 sicuti
2917 2685 3080 2725 unum
3113 2668 3182 2724 tle
3226 2668 3525 2732 creaturis;
3550 2665 3784 2725 facturam,
3802 2657 3862 2714 sed

2356 2780 2464 2821 non
2496 2763 2657 2819 sicuti
2678 2771 2893 2819 czetera:
2922 2763 3139 2817 facturae
3164 2777 3177 2827 ;
3203 2775 3302 2816 nec
3336 2772 3395 2816 ut
3431 2758 3720 2815 Valentinus
3739 2751 3858 2825 prola-

2356 2860 2558 2916 tionem
2602 2858 2794 2913 Natum
2841 2856 3018 2913 Patris
3062 2864 3460 2913 commentatus
3509 2861 3621 2917 est;
3660 2865 3743 2906 nec
3773 2846 3860 2901 sicut

2356 2951 2685 2995 Hnninhmn:
2716 2961 2921 2995 nar-lam
2949 2950 3107 2995 unius
3136 2948 3451 2995 gnhetnnlim
3479 2944 3628 2995 125
3654 2937 3865 2995 PalrisNa-

2356 2951 2685 3009 Manichacus
2716 2961 2923 3023 partem
2949 2950 3107 3007 unius
3135 2948 3451 3006 substantiae
3479 2944 3628 3020 135
3654 2937 3865 2999 PalrisNa-
3952 2937 3953 3007 l

2358 3058 2465 3105 tum
2496 3048 2775 3119 exposuit;
2806 3062 2905 3102 nec
2954 3046 3111 3101 sicuti
3144 3044 3436 3109 Sabellius,
3482 3043 3569 3113 qui
3596 3032 3866 3103 unionemlll

2355 3143 2568 3212 dividit,
2599 3143 2773 3213 ipsum
2799 3140 2935 3197 dixit
2960 3140 3154 3196 Filium
3187 3154 3346 3210 quem
3376 3147 3432 3194 et
3453 3136 3654 3192 Patrem
3674 3150 3687 3195 :
3710 3128 3783 3186 sed
3806 3140 3868 3180 nec
3953 3146 3955 3289 ‘

2355 3236 2511 3289 sicuti
2543 3234 2796 3289 Hieracas
2838 3235 3109 3289 lucernam
3141 3231 3210 3287 de
3254 3233 3496 3289 lucerna.
3527 3228 3607 3283 vel
3643 3221 3867 3289 lampadem

650 3235 744 3291 Dei
776 3234 1091 3305 perfectam,
1122 3234 1219 3292 sed
1248 3234 1450 3309 non(l)
1478 3236 1636 3291 sicuti
1662 3252 1825 3291 unum
1853 3237 1920 3294 de
1950 3236 2245 3301 creaturis;
2277 3228 2323 3292 C
2354 3236 2511 3293 sicuti
2543 3234 2796 3291 Hieracas
2838 3235 3109 3289 lucernam
3141 3231 3210 3287 de
3254 3233 3496 3295 lucerna,
3527 3228 3607 3283 vel
3643 3221 3867 3294 lampadem

647 3329 933 3395 facturam,
966 3330 1063 3386 sed
1103 3346 1210 3385 non
1259 3327 1417 3384 sicuti
1459 3338 1669 3385 ccctera:
1708 3332 1945 3386 factura).
1979 3350 1998 3383 ι
2029 3330 2099 3385 Ει
2127 3337 2247 3399 post

650 3424 817 3479 multa
858 3423 985 3487 alia,
1027 3422 1244 3494 quibus,
1278 3424 1526 3479 veritatis
1559 3423 1858 3494 interjectis
1886 3423 2246 3481 confessioni.

649 3515 773 3579 bus,
800 3517 877 3584 (b)
920 3516 1189 3572 haeretica:
1221 3515 1514 3587 impietatis
1555 3516 1969 3574 obuntbrarelur
1997 3516 2243 3577 intentio,

650 3618 711 3665 ut
734 3608 1030 3664 subsistere
1059 3623 1180 3663 eum
1224 3608 1293 3663 de
1332 3622 1439 3663 non
1467 3607 1803 3663 exstantibus
1842 3616 2047 3679 argutas
2078 3607 2245 3663 inter-

650 3702 968 3774 pretationis
997 3701 1292 3757 subtilitate
1321 3699 1657 3766 defenderet,
1686 3700 1761 3755 ait
1787 3721 1800 3758 :
1836 3719 1856 3753 s
1886 3700 1950 3756 Et
1984 3709 2108 3755 ante
2149 3716 2248 3755 sae-

649 3796 767 3853 cula
799 3803 1014 3852 creatus
1045 3803 1102 3852 et
1122 3794 1398 3856 fundatus,
1432 3808 1540 3849 non
1570 3801 1688 3848 erat
1716 3801 1840 3849 ante
1875 3808 2036 3865 qnam
2066 3808 2253 3849 nasce-

650 3899 820 3947 retur.
860 3908 878 3943 ι
915 3889 1199 3946 Postremo
1224 3888 1380 3959 quasi
1409 3887 1570 3944 rebus
1596 3887 1705 3956 jam
1750 3888 2000 3944 omnibus
2029 3887 2249 3943 validis-

648 3986 788 4040 sime
830 3983 897 4039 ad
938 3983 1231 4055 impietatis
1254 3982 1328 4052 (c)
1359 3981 1729 4037 defensionem
1772 3981 2140 4049 communitis,
2181 3996 2248 4036 ne

649 4076 731 4132 vel
764 4074 908 4132 illius
934 4076 1017 4131 vel
1057 4076 1198 4132 Dens
1245 4075 1659 4146 intelligeretur,
1692 4073 1909 4143 adjecit,
1962 4093 1982 4127 r
2008 4074 2064 4130 Si
2105 4076 2246 4131 enim

646 4168 791 4240 quod
820 4184 883 4223 ea:
909 4168 1044 4238 ipso,
1073 4178 1126 4223 et
1146 4167 1288 4239 quod
1312 4185 1375 4223 ea:
1400 4177 1565 4232 utero,
1600 4178 1654 4224 et
1681 4168 1823 4239 quod
1854 4186 1914 4224 ea:
1940 4167 2100 4225 Patre
2120 4170 2251 4225 exivi

647 4271 696 4317 et
723 4262 857 4326 veni,
884 4261 1029 4316 velut
1061 4269 1266 4330 partem
1304 4261 1419 4331 ejus
1448 4261 1606 4316 unius
1633 4262 1973 4329 substantiae,
2018 4272 2073 4319 et
2099 4262 2251 4334 quasi

649 4353 1007 4426 prolationem
1051 4353 1351 4409 extendens
1385 4353 1740 4425 intelligitur;
1788 4357 2120 4427 compositus
2146 4358 2252 4411 erit

746 4499 801 4566 l)
833 4497 999 4556 Sicuti
1013 4514 1173 4553 unum
1198 4498 1262 4553 de
1282 4507 1537 4553 creatura.

719 4497 800 4644 £2)
832 4570 898 4625 In
923 4580 1103 4639 quarto
1128 4570 1405 4644 legebatur
1434 4571 1487 4644 in
1516 4588 1537 4622 ιτ

745 4571 800 4641 2)
832 4570 898 4625 In
923 4580 1103 4639 quarto
1127 4570 1405 4669 legebatur:
1434 4571 1487 4654 in
1516 4579 1701 4653 nostro
1728 4567 1944 4636 codice;
1976 4568 2073 4625 sed
2100 4571 2238 4626 anti-
2265 4608 2316 4669 Β

646 4641 749 4716 qua
775 4659 934 4697 manu
964 4641 1304 4698 emendatum
1325 4650 1409 4698 est
1433 4642 1485 4695 in
1511 4641 1697 4715 primo.

722 4782 799 4854 (α)
829 4781 886 4837 1η
917 4781 1060 4850 vnlg.
1093 4779 1439 4854 proxima._At
1472 4779 1524 4834 in
1556 4780 1971 4854 ms_s.proa:ime,
1999 4781 2141 4853 quod
2163 4795 2249 4837 re-

648 4851 822 4909 fertur
850 4854 917 4909 ad
968 4854 1189 4907 emersit.
1241 4852 1315 4907 lla
1349 4851 1444 4906 lib.
1476 4868 1513 4909 ι.
1549 4869 1602 4906 n.
1631 4852 1723 4916 25,
1755 4853 1868 4908 Arii
1909 4853 1976 4909 ad
2019 4851 2250 4910 Alexan-

648 4926 806 4980 drum
835 4925 1063 4990 epistola
1094 4924 1293 4979 dicitur
1314 4940 1414 4977 non
1445 4923 1567 4977 olim
1594 4924 1760 4979 edita.

722 4998 796 5069 (b)
853 4996 1025 5062 Editi,
1085 4998 1241 5070 hujus
1287 4994 1559 5051 licerelicre.
1612 4995 1832 5052 Rectius
1881 4995 2035 5053 abest
2093 4998 2250 5072 hujus

649 5084 678 5123 8
710 5085 842 5124 IIIFS.

747 5140 796 5209 c)
824 5140 918 5196 Sic
945 5153 1073 5193 mss.
1110 5137 1255 5193 Editi
1288 5154 1443 5203 vero,
1479 5140 1875 5209 professionem.

747 5143 796 5209 c)
824 5143 918 5196 Sic
945 5153 1073 5193 mss.
1110 5143 1255 5193 Etliti
1288 5154 1443 5203 vero,
1479 5143 1875 5209 professionem.

721 5143 804 5286 Ed)
833 5212 971 5268 Editi
990 5210 1096 5275 hic,
1116 5225 1423 5281 corporeus;
1442 5220 1513 5277 et,
1540 5209 1699 5277 infra,
1719 5228 1928 5281 corpus.
1947 5212 2112 5284 Magis
2140 5212 2249 5267 sibi

650 5294 899 5340 c0n5lant
924 5297 1053 5338 mss.

725 5356 795 5425 (e)
826 5354 1177 5409 Recentiores
1204 5367 1334 5425 mss.
1365 5367 1486 5408 cum
1521 5353 1772 5423 vulgatis.
1816 5355 1868 5409 in
1895 5363 2077 5425 quarto
2108 5355 2245 5409 licet.

654 5426 767 5482 Duo
798 5427 1065 5490 Vaticani,
1095 5426 1148 5478 in
1189 5424 1355 5486 primo
1398 5425 1477 5477 vel
1515 5434 1699 5495 quarto
1739 5426 1854 5480 licet
1897 5428 2047 5481 libro.
2097 5427 2253 5482 Anti-

651 5500 874 5566 qniores
907 5505 1110 5558 autem,
1153 5498 1297 5566 iique
1344 5513 1572 5552 numero
1601 5496 1800 5567 plures,
1840 5498 1893 5552 in
1932 5498 2097 5568 primo
2133 5499 2251 5553 licet

652 5571 803 5627 libro.
831 5569 961 5638 Qua!
992 5569 1151 5623 lectio
1194 5568 1350 5624 nobis
1378 5583 1445 5641 eo
1484 5569 1747 5625 sincerior
1773 5571 1887 5625 visa
1919 5581 2022 5630 est.
2064 5585 2172 5641 quo
2197 5571 2248 5625 in

655 5652 894 5699 mentem
924 5655 1113 5697 eorum
1142 5641 1320 5696 minus
1341 5640 1522 5709 cadat,
1553 5642 1640 5712 qui
1665 5643 1917 5710 antiquos
1946 5657 2012 5696 ex
2043 5642 2258 5712 conjec—

664 5715 799 5771 turis
833 5713 1133 5782 corrigunt.
1182 5713 1281 5766 Cui
1314 5712 1454 5767 favet
1487 5714 1628 5783 quod
1663 5713 1798 5768 liber
1824 5714 2090 5781 superior,
2116 5730 2173 5767 n.
2206 5714 2260 5778 '5,

656 5798 766 5843 non
798 5790 1005 5857 quintus
1032 5785 1123 5853 sed
1154 5784 1407 5857 secundus
1437 5785 1849 5857 appellelltr;ret
1877 5783 2002 5849 huc,
2028 5786 2101 5851 uti
2130 5784 2266 5839 dixi.

656 5852 822 5914 mus;
852 5856 975 5929 quia
1000 5852 1269 5910 secundus
1320 5862 1401 5909 “est.
1441 5852 1625 5912 ciuntra
1657 5852 1918 5927 perfidam
1945 5857 2264 5912 Ariaboru‘m

2358 3330 2412 3386 in
2442 3329 2575 3385 duas
2606 3336 2820 3400 partes;
2855 3342 2953 3382 nec
2974 3327 3063 3396 qni
3092 3325 3193 3381 fuit
3216 3333 3363 3390 ante,
3396 3321 3713 3395 postmodum
3745 3322 3871 3371 natum
3954 3334 3955 3365 l

2357 3422 2444 3478 vel
2474 3428 2879 3492 supercreatnm
2907 3420 2957 3474 in
2999 3418 3190 3484 lilium,
3222 3417 3381 3473 sicuti
3423 3428 3478 3473 et
3506 3425 3558 3471 tn
3586 3415 3704 3482 ipse,
3735 3406 3873 3465 beatis-

2339 3510 2494 3573 ‘sime
2519 3530 2676 3586 papa,
2708 3513 2882 3571 media
2912 3515 2962 3569 in
2997 3511 3224 3569 ecclesia
3256 3520 3311 3567 et
3340 3512 3395 3567 in
3424 3522 3671 3567 consessu
3695 3504 3874 3569 frequen-

2359 3619 2440 3667 ter
2465 3625 2561 3667 eos
2586 3610 2674 3679 qui
2692 3608 2815 3664 talia
2850 3606 3196 3667 introducunt
3221 3604 3449 3660 renuisti
3474 3621 3489 3659 :
3515 3602 3603 3657 sed
3633 3594 3764 3654 sicuti
3785 3588 3876 3646 dixi-

2357 3718 2502 3769 mus,
2527 3701 2809 3757 voluntate
2843 3701 2933 3756 Dei
2964 3711 3090 3755 ante
3118 3708 3361 3769 tempora
3390 3707 3447 3753 et
3474 3695 3660 3753 sarcula
3679 3695 3872 3746 creatum.

2356 3806 2410 3854 et
2432 3797 2613 3853 vivere
2638 3806 2691 3851 et
2719 3809 2839 3850 esse
2865 3795 3132 3864 accipiens
3153 3807 3183 3846 a
3210 3792 3461 3858 Patre,et
3478 3789 3554 3863 (5)
3579 3785 3653 3859 (lt)
3678 3782 3832 3857 glorias
3845 3778 3877 3831 ei

2354 3891 2791 3948 consubsistente
2813 3890 2993 3944 Patre.
3021 3887 3204 3957 Neque
3241 3887 3390 3942 enim
3417 3886 3577 3941 Pater
3601 3882 3720 3938 dans
3736 3878 3776 3934 ei
3801 3888 3877 3926 our

2356 3986 2501 4042 nium
2534 3984 2925 4050 hrcreditatem,
2954 3980 3221 4036 fraudavit
3254 3980 3604 4050 semetipsum
3626 3977 3689 4030 ab
3708 3972 3777 4028 bis
3794 3981 3874 4039 que

2356 4093 2464 4134 non
2490 4078 2624 4133 facta
2653 4076 2720 4131 ab
2739 4078 2854 4146 ipso
2877 4075 3143 4129 habentur
3167 4072 3316 4128 :fons
3356 4085 3443 4129 est
3483 4082 3653 4125 autem
3683 4064 3879 4121 omnium

2430 4171 2483 4229 6.
2522 4190 2541 4225 s
2585 4170 2924 4242 Quapropter
2965 4177 3077 4224 tres
3114 4167 3431 4223 substantize
3471 4174 3611 4229 sunt,
3638 4162 3787 4221 Pater,
3827 4152 3882 4207 Pi;

2358 4265 2487 4327 lius.
2535 4264 2770 4336 Spiritus
2798 4272 3037 4318 sanctus.
3097 4260 3166 4315 Et
3213 4259 3433 4331 quidem
3491 4258 3630 4314 Deus
3670 4264 3802 4308 causa
3829 4252 3883 4298 est

2358 4357 2621 4422 omnium,
2653 4353 2876 4411 omnino
2903 4353 3020 4409 sine
3062 4352 3217 4408 initio
3246 4351 3539 4408 solitarius.
3572 4347 3727 4405 Filius
3756 4348 3883 4398 autem

2412 4498 2498 4633 g3)
2530 4498 2654 4554 Haec
2678 4494 2983 4567 epigraphe
3014 4492 3171 4550 deest
3197 4493 3250 4549 in
3280 4502 3469 4547 nostro
3491 4489 3687 4547 codice.

2434 4569 2491 4633 4)
2523 4570 2621 4625 llic
2647 4568 2844 4633 repetit
2874 4567 3027 4621 sicuti
3061 4582 3218 4621 unum
3248 4565 3309 4621 de
3337 4574 3590 4621 creatura.

2434 4565 2491 4643 4)
2523 4570 2621 4643 llic
2647 4565 2844 4643 repetit
2874 4567 3027 4621 sicuti
3061 4582 3218 4621 unum
3248 4565 3309 4621 de
3337 4574 3590 4621 creatura.

2415 4640 2492 4717 (5)
2525 4640 2783 4697 Glorious.

2354 4781 2477 4837 ﬁdei
2509 4780 2919 4845 professionem.
2950 4779 3284 4849 Quamquam
3326 4775 3428 4831 sub
3463 4774 3567 4829 alio
3588 4773 3811 4849 reSpectn

2504 4832 2917 4921 t'ibéi‘ﬁr‘r’.§i]iié
2953 4832 3157 4924 iam;
3186 4856 3551 4924 nuncupatur,

2352 4910 2418 4980 a'd
2451 4910 2748 4993 marginem
2786 4923 3171 4991 adscripserat.
3203 4919 3316 4993 Ego
3344 4910 3464 4972 vero
3492 4933 3592 4971 non
3622 4910 3779 4993 duello
3803 4910 3889 4993 93':

2353 4980 2625 5068 legendum
2652 4997 2716 5050 sit
2734 4996 2786 5049 in
2804 4980 3026 5068 quatuor
3055 4993 3216 5057 libris,
3243 4980 3402 5068 Eique
3426 4999 3608 5057 postea
3636 4980 3891 5068 subscribit)

2353 5057 2492 5123 Lud.
2527 5068 2762 5122 Mirmns.
2805 5057 3070 5121 Nimirum
3114 5079 3218 5120 non
3257 5062 3603 5117 adverterunt
3649 5057 3889 5123 sermonm"

2358 5122 2444 5194 ltie
2476 5122 2658 5193 haberi
2688 5137 2756 5193 de
2781 5136 2981 5207 perﬁda
3008 5138 3335 5207 Arianorum
3352 5132 3601 5200 epistola,
3627 5139 3736 5196 qua:
3754 5122 3891 5176 ltncle‘

2358 5227 2459 5266 nus
2489 5210 2671 5271 unico,
2706 5224 2810 5263 nun
2839 5218 3069 5278 qualuor
3098 5206 3247 5262 libris
3273 5206 3417 5259 edita
3444 5213 3548 5278 est.
3601 5272 3613 5278 _
3765 5265 3775 5278 .

2430 5282 2497 5356 (ῃ
2533 5270 2682 5356 Hanc
2731 5270 3062 5356 epigraphen
3102 5281 3155 5333 in
3211 5278 3360 5346 prius
3414 5272 3643 5347 vulgatis
3683 5270 3889 5324 omissam

2356 5352 2692 5410 restituimus
2719 5368 2787 5408 ex
2824 5352 3121 5420 potioribus
3150 5364 3280 5403 mss.
3319 5418 3327 5421 Α
3554 5419 3561 5421 Α
3728 5411 3738 5421 _
3790 5405 3799 5421 ,
3842 5402 3862 5421 γ,

2719 5405 2839 5499 qui,
2858 5405 2951 5478 lib.
2977 5405 3053 5499 tv,
3064 5405 3891 5499 Διγνξυῐθιιυικδηι.ιςηὶοιιοεηιὶξπίίξιῇξ»

2356 5481 2991 5554 Ιιῖὸἲιὶίιίδθηίἰιηῖοηεηι
3019 5481 3247 5549 dieidem
3278 5508 3297 5546 :
3327 5491 3610 5558 utrobique
3635 5481 3895 5550 rcfrsganll'

2359 5570 2460 5626 bus
2494 5583 2622 5623 mss.

2436 5640 2529 5712 (Ιι)
2566 5640 2623 5695 In
2654 5639 2912 5711 vulgatis,
2964 5638 3059 5694 lib.
3103 5652 3203 5712 lV,_
3233 5634 3499 5712 gloriari“,
3534 5631 3625 5712 hic.
3662 5626 3891 5712 vero

2367 5694 2618 5771 omnibus
2642 5694 2779 5785 ~mss:
2812 5694 3040 5785 gloijians
3067 5727 3086 5766 :
3112 5694 3206 5785 sed
3233 5694 3893 5785 :errorelihrarior‘nm‘hltt:

2367 5800 2481 5842 ram
2512 5798 2543 5847 η
2589 5770 2853 5855 adiectam
2904 5782 3016 5855 jam
3066 5778 3374 5837 monuimus
3426 5777 3544 5847 (col.
3598 5770 3713 5838 l06,
3757 5770 3875 5824 ποῖοι

2370 5854 2604 5913 editimtis
2630 5854 2866 5910 vestrm.)
