4040 6328
89 380 170 435 liii

1298 362 1387 419 DE
1427 358 1801 419 TRINITATE
1843 354 2048 414 LIBER
2083 355 2167 412 Vl.

3265 348 3286 402 οι
3299 345 3368 403 62

83 499 189 552 sine
215 503 455 563 tempore
499 489 674 546 editus
701 502 729 542 a
751 486 934 552 Patre,
965 492 1018 540 et
1060 491 1185 538 ante
1213 480 1409 537 smcula
1447 489 1662 534 creatus
1689 478 1744 540 Α
1765 473 2103 544 Quamquam
2134 470 2292 541 igitur
2325 467 2700 538 superioribus
2739 466 2938 524 libellis
2972 464 3108 534 (scil.
3140 478 3191 518 tv
3232 472 3278 518 et
3308 458 3369 531 ν)

85 601 130 644 et
151 587 416 652 fundatus,
445 601 548 639 non
580 591 696 638 erat
716 589 840 635 ante
862 593 1022 649 quam
1051 586 1361 631 nasceretur
1388 591 1400 627 :
1427 572 1520 628 sed
1550 571 1664 625 sine

88 692 313 750 tempore
341 689 466 732 ante
494 675 673 731 omnia
704 684 884 739 natus,
927 670 1074 726 solus
1126 683 1156 722 a
1213 667 1332 723 solo
1380 665 1455 738 (α)
1511 664 1668 719 Patre

88 773 160 847 (Ι)
191 771 445 828 substitit.
476 768 584 824 Nec
597 767 742 823 enim
765 774 1092 821 estteternus
1119 769 1213 816 aut
1235 769 1556 824 coaeternus,
1577 763 1669 811 aut

87 866 228 923 simul
256 879 361 920 non
378 864 551 918 factus
581 875 700 916 cum
731 859 887 913 Patre
913 855 1013 928 (ὁ),
1045 869 1146 910 nec
1173 853 1330 908 simul
1358 867 1478 906 eum
1510 851 1668 905 Patre

89 959 233 1014 habet
253 971 397 1020 esse,
430 955 585 1010 sicuti
617 951 836 1024 quidam
865 950 1068 1012 dicunt,
1094 958 1186 1002 aut
1210 946 1399 1017 aliqui,
1431 944 1538 1000 duo
1560 959 1668 998 non

91 1062 198 1110 nata
226 1051 490 1121 principia
519 1047 922 1103 introducentes
950 1063 962 1097 :
993 1043 1086 1099 sed
1115 1044 1253 1098 sicut
1286 1042 1416 1097 unio
1445 1049 1499 1096 et
1522 1041 1670 1111 prin-

92 1147 271 1217 cipium
299 1145 563 1209 omnium,
594 1144 675 1198 sic
701 1151 755 1197 et
782 1141 921 1196 Deus
951 1150 1076 1194 ante
1104 1138 1284 1192 omnia
1310 1146 1412 1192 est.
1447 1136 1675 1205 Propter

92 1240 216 1312 quod
243 1251 294 1294 et
321 1248 447 1293 ante
469 1237 663 1292 Filium
688 1245 790 1302 est,
821 1235 959 1289 sicut
985 1244 1038 1289 et
1057 1249 1088 1286 a
1111 1243 1161 1288 te
1185 1229 1468 1286 didicimus
1498 1229 1674 1284 media

95 1339 139 1392 in
161 1335 383 1392 ecclesia
409 1333 760 1404 pra-dieante.
792 1328 1098 1386 Secundum
1129 1325 1270 1397 quod
1305 1328 1483 1396 itaque
1513 1340 1540 1377 a
1566 1323 1676 1378 Deo

95 1445 200 1486 esse
232 1429 417 1491 habet,
448 1428 520 1497 (ε)
552 1435 603 1481 et
625 1425 846 1497 glorias,
876 1433 930 1478 et
965 1424 1164 1487 vivere,
1187 1430 1242 1477 et
1267 1419 1444 1476 omnia
1474 1421 1520 1474 ei
1553 1427 1680 1473 sunt

99 1521 304 1586 tradita;
352 1519 648 1576 secundum
690 1517 812 1579 hoc,
853 1516 1172 1585 principium
1224 1514 1341 1582 ejus
1383 1520 1466 1568 est
1515 1511 1676 1566 Deus.

99 1615 417 1686 Principatur
444 1621 622 1666 autem
651 1609 723 1676 ei,
757 1616 944 1679 utpote
972 1609 1110 1663 Deus
1142 1606 1281 1676 ejus,
1315 1622 1435 1660 cum
1466 1603 1536 1660 sit
1556 1611 1681 1658 ante

102 1707 277 1777 ipsum.
303 1706 357 1760 Si
393 1705 538 1758 enim
575 1701 718 1772 quod
771 1717 834 1755 ea:
880 1701 1014 1769 ipso,
1064 1709 1117 1754 et
1142 1698 1283 1768 quod
1331 1714 1394 1752 ea:
1429 1706 1590 1761 utero,
1629 1705 1684 1751 et

100 1800 224 1871 quod
245 1816 307 1855 ea:
339 1798 496 1853 Patre
537 1798 664 1852 exivi
692 1805 738 1850 et
779 1795 908 1858 reni,
944 1795 1087 1849 velut
1114 1804 1320 1865 partem
1360 1792 1476 1862 ejus
1525 1791 1684 1846 unius

1767 567 1836 622 de
1863 567 1972 621 Deo
1994 577 2047 620 et
2073 562 2391 629 Deo,etDeo
2407 577 2534 616 vero
2555 576 2618 616 ac
2648 562 2755 616 Deo
2783 576 2933 624 vero,
2953 569 3006 615 et
3025 558 3076 613 in
3100 558 3208 613 Deo
3239 569 3369 610 vero

1770 669 1922 732 patre
1951 669 2004 714 et
2033 659 2086 713 in
2117 658 2228 713 Deo
2255 671 2384 712 vero
2426 655 2536 710 lilio
2565 671 2671 710 uno
2697 670 2826 712 vero
2858 654 2968 709 Deo
3017 649 3370 722 intelligendo

1770 752 2068 809 secundum
2105 759 2311 806 naturae
2340 749 2623 815 unitatem,
2662 764 2768 802 non
2800 746 3094 803 secundum
3124 759 3373 816 persona:

1772 847 2047 913 unionem,
2095 860 2160 900 ex
2189 843 2326 914 legis
2368 850 2423 898 et
2468 840 2850 912 prophetarum
2896 837 3371 910 praedicationibus

1773 939 2158 1004 docuerimus;
2189 947 2368 992 tamen
2403 935 2634 1007 perfecta
2661 932 2739 1008 (4)
2772 933 2896 988 fidei
2924 931 3081 1002 hujus
3109 929 3376 986 absolutio

1775 1047 1838 1088 es
1871 1030 2202 1102 evangelicis
2241 1038 2404 1100 atque
2433 1026 2746 1098 apostolicis
2789 1035 2872 1082 est
2911 1021 3213 1098 prmstanda
3242 1021 3372 1077 doc-

1777 1126 1956 1188 trinis.
1988 1133 2044 1178 ut
2071 1138 2231 1180 verus
2283 1122 2373 1178 Dei
2406 1120 2551 1175 {ilius
2590 1121 2731 1176 Deus
2769 1134 2874 1173 non
2906 1118 3097 1172 aliena:
3142 1131 3171 1169 a
3220 1113 3380 1170 Patro

1777 1219 2116 1288 diversaeque
2147 1229 2373 1282 naturas,
2404 1216 2498 1272 sed
2529 1213 2770 1284 ejusdem
2797 1227 2920 1268 esse
2943 1209 3264 1274 divinitatis,
3286 1224 3382 1278 per

1778 1315 2058 1371 veritatem
2102 1311 2400 1368 nativitatis
2445 1311 2704 1372 existens,
2749 1307 2920 1379 possit
2975 1304 3223 1376 intelligi.
3273 1303 3383 1361 Nec

1778 1429 1908 1469 sane
1947 1427 2269 1482 quemquam
2298 1421 2406 1463 tam
2446 1415 2715 1464 amentem
2757 1420 2920 1478 posse
2950 1418 3074 1459 esse
3099 1402 3380 1466 existimo,

1780 1511 1868 1580 qui
1896 1510 1985 1564 Dei
2013 1507 2081 1564 de
2118 1524 2178 1564 se
2225 1506 2590 1577 professiones
2621 1516 2714 1559 aut
2755 1505 2999 1576 cognitas
3031 1517 3136 1558 non
3180 1501 3384 1556 intelli—

1780 1615 1892 1678 gat,
1919 1613 2011 1659 aut
2041 1602 2344 1658 intellectas
2375 1617 2404 1656 a
2433 1616 2492 1656 se
2521 1597 2600 1673 (g)
2623 1599 2787 1654 nollet
2819 1597 3175 1668 iutelligi,aut
3201 1609 3388 1651 emen-

1783 1698 1990 1754 dandas
2014 1706 2166 1768 putet
2191 1696 2441 1751 humanae
2466 1692 2719 1765 opinione
2745 1691 3060 1762 prudentim.
3096 1689 3203 1746 Sed
3232 1697 3388 1746 antc—

1785 1809 1945 1864 quam
2001 1809 2088 1848 res
2140 1793 2285 1864 ipsas
2327 1792 2638 1846 salutarium
2707 1797 3174 1844 sacran‘ientorum
3235 1785 3384 1857 loqui

101 1892 392 1948 substantia:
419 1900 475 1946 et
499 1890 651 1960 quasi
683 1886 1040 1959 prolationem
1087 1885 1382 1940 extendens
1428 1883 1682 1954 intelligi-
1715 1907 1763 1967 Β
1793 1886 1871 1958 (5)
1904 1886 2253 1957 incipiamus;
2282 1901 2349 1942 ne
2376 1885 2629 1955 inaliquo
2655 1884 2776 1951 sibi,
2801 1884 2959 1939 editis
3004 1882 3387 1938 haereticorum

107 1993 213 2050 tur;
253 1981 586 2054 compositus
636 1982 738 2036 erit
763 1980 946 2046 Pater,
970 1990 1022 2034 et
1049 1977 1357 2040 divisibilis,
1383 1987 1432 2032 et
1461 1992 1686 2032 conver-

107 2079 258 2134 tibilis
281 2079 383 2151 (‘2),
415 2087 470 2133 et
492 2091 691 2146 corpus
736 2075 1030 2130 secundum
1063 2072 1208 2135 illos,
1240 2080 1317 2138 et,
1349 2081 1607 2142 quantum
1633 2071 1687 2126 in

107 2172 234 2243 ipsis
255 2184 359 2237 εει,
400 2170 782 2241 c0nsequentia
818 2167 1062 2239 corporis
1091 2167 1367 2222 sustinens
1407 2165 1524 2220 sine
1570 2179 1688 2219 cor-

114 2279 242 2335 pore
271 2263 407 2318 Deus
432 2261 560 2334 ((1).)

176 2358 222 2410 7.
265 2354 520 2410 Venenum
549 2355 603 2409 in
632 2355 729 2408 Itac
746 2354 962 2424 epistola
995 2353 1177 2407 latens.
1205 2381 1276 2392 -—-
1306 2349 1436 2419 Quis
1466 2364 1572 2404 non
1611 2349 1694 2407 his

112 2451 294 2506 sentiat
338 2449 576 2504 lubricos
610 2447 936 2517 serpentium
985 2444 1085 2500 vise
1130 2443 1319 2509 ﬂexus,
1363 2443 1448 2500 vel
1479 2443 1550 2516 (ρ)
1588 2453 1697 2497 tor«

118 2541 270 2600 tuosis
313 2543 479 2612 spiris
529 2541 699 2596 nodos
729 2541 978 2610 vipereos
1019 2554 1125 2592 non
1170 2535 1456 2608 intelligat,
1504 2534 1699 2605 quibus

117 2638 346 2695 venenati
377 2637 492 2693 oris
527 2637 686 2709 136
713 2633 1023 2705 principalis
1057 2641 1295 2702 potestas
1339 2631 1569 2686 collecto
1615 2632 1699 2684 in-

120 2732 224 2786 ﬂexi
243 2731 492 2800 corporis
522 2730 654 2783 orbe
697 2725 1076 2782 concluditur?
1124 2724 1228 2780 Sed
1256 2724 1494 2780 extensis
1530 2723 1703 2777 omni-

127 2828 209 2880 bus
231 2835 396 2894 atquc
424 2821 708 2888 absolutis,
746 2830 914 2875 totum
943 2819 1194 2875 occultati
1219 2819 1410 2889 capitis
1437 2818 1584 2873 virus
1609 2832 1704 2884 pa-

127 2920 254 2974 tehit.
283 2919 614 2988 ingeruntur
632 2914 774 2970 enim
806 2913 962 2968 nobis
989 2913 1216 2984 primum
1245 2915 1463 2967 nomina
1512 2914 1709 2966 verita-

130 3012 202 3079 tis,
227 3015 302 3083 (5)
338 3012 425 3084 (ί)
456 3019 515 3066 ut
543 3010 688 3064 virus
720 3007 971 3062 falsitatis
1002 3007 1252 3061 introeat.
1286 3005 1494 3060 Bonum
1525 3005 1576 3058 in
1615 3019 1709 3058 ore

128 3117 217 3173 est,
245 3118 298 3162 ut
337 3107 414 3162 de
451 3103 618 3160 corde
659 3103 859 3158 malum
901 3100 1113 3157 subeat.
1146 3101 1214 3155 Et
1258 3101 1395 3156 inter
1423 3101 1537 3154 haec
1585 3114 1710 3153 nus-

129 3218 266 3272 quam
295 3201 464 3256 audio
487 3199 557 3254 ab
598 3198 680 3254 bis
705 3197 871 3252 Deum
919 3197 1011 3250 Dei
1053 3193 1223 3249 lilium
1255 3194 1359 3248 dici
1391 3211 1405 3245 ε
1448 3208 1713 3264 nusquam

1793 1979 2121 2046 nominibus,
2174 1979 2398 2035 haeresis
2443 1976 2714 2048 professio
2765 1977 3093 2042 blandiatur,
3132 1976 3392 2032 demons-

1794 2071 2042 2126 trandum
2071 2079 2154 2126 est
2175 2086 2336 2126 omne
2365 2071 2524 2140 hujus
2550 2080 2753 2141 arguta:
2777 2069 2996 2124 malitiae
3021 2069 3264 2125 velamen
3296 2084 3308 2120 :
3338 2073 3396 2121 ut

1796 2182 1891 2237 per
1919 2164 2060 2237 quod
2108 2179 2168 2220 se
2209 2165 2358 2220 virus
2435 2163 2608 2218 latens
2666 2164 2924 2233 contegit,
2984 2177 3079 2232 per
3121 2161 3171 2215 id
3223 2160 3398 2232 ipsum

1796 2258 1878 2332 (6)
1923 2259 2190 2330 proditum
2215 2255 2296 2331 (lc)
2321 2257 2390 2313 sit
2427 2266 2483 2313 et
2525 2259 2843 2323 revelatum,
2878 2265 2933 2312 et
2975 2257 3042 2310 ad
3072 2254 3402 2311 blandientis

1796 2353 1988 2407 veneni
2031 2349 2440 2422 intelligentiam
2469 2349 2697 2421 publica:
2724 2349 3071 2406 conscientiae
3093 2362 3284 2403 sensus
3315 2347 3404 2402 iu-

1801 2453 1994 2498 ll‘OCM.

1873 2536 1928 2592 9.
1963 2535 2220 2592 Valentini
2249 2546 2554 2592 commenta.
2585 2533 2821 2591 Ecclesia
2857 2535 2918 2589 ab
2942 2535 3022 2590 Itis
3042 2534 3233 2590 aliena.
3269 2532 3407 2588 Proa

1804 2632 2012 2686 lationis
2058 2632 2263 2687 nomine
2309 2632 2536 2686 lnoretici
2567 2631 2878 2686 nativitatem
2921 2631 3156 2685 nituntur
3183 2629 3408 2684 abolere.

1805 2755 1877 2766 -—
1906 2724 2162 2781 Volentes
2207 2726 2366 2796 igitur
2391 2725 2636 2781 lneretici
2689 2725 2781 2780 Dei
2828 2723 2998 2780 filium
3044 2739 3150 2780 non
3198 2739 3264 2779 ex
3299 2723 3410 2780 Deo

1808 2835 1950 2888 esse,
2002 2835 2178 2891 neque
2205 2818 2270 2892 (ἱ)
2301 2821 2368 2876 de
2400 2832 2589 2875 natura
2641 2829 2696 2876 et
2730 2821 2784 2876 in
2833 2831 3024 2876 natura
3074 2821 3169 2876 Dei
3209 2837 3275 2877 ex
3306 2821 3415 2876 Deo

1813 2911 1980 2968 Deum
2023 2923 2231 2981 natum,
2284 2929 2405 2968 cum
2442 2913 2553 2983 jam
2601 2915 2850 2985 superius
2896 2920 3420 2970 commemorassent

1812 3025 1971 3062 unum
2002 3007 2172 3064 Deum
2205 3009 2373 3064 solum
2409 3009 2562 3080 137
2592 3025 2785 3074 verum,
2817 3024 2992 3080 neque
3017 3008 3344 3079 adjecissent
3373 3017 3420 3061 et

1815 3111 2010 3171 patrem
2035 3118 2054 3167 ;
2087 3112 2146 3156 ut
2177 3102 2334 3156 unius
2360 3101 2603 3156 veritatis
2631 3117 2754 3157 esse
2776 3102 2990 3156 Patrem
3023 3110 3077 3157 et
3104 3101 3298 3156 Filium
3321 3116 3420 3157 cx-

1817 3194 1964 3250 clusa
1982 3196 2913 3266 proprietatenativitatisnegarent,
2948 3195 3224 3262 dixerunt,
3261 3213 3279 3247 ‹
3312 3193 3424 3251 Nec

133 3294 301 3351 Filium
325 3294 552 3350 invenio
580 3292 651 3346 ita
682 3290 1032 3362 praedicatum
1078 3304 1220 3354 esse,
1269 3288 1410 3359 quod
1452 3287 1591 3344 filius
1621 3287 1711 3342 sit.
1743 3310 1788 3374 ρ
1821 3298 1878 3342 ut
1913 3288 2228 3344 Valentinus
2255 3289 2614 3359 prolationem
2647 3288 2839 3344 Natum
2870 3289 3046 3344 Patris
3090 3297 3426 3345 commenta-

132 3389 313 3445 Nomen
360 3388 465 3444 ﬁlii
513 3387 794 3458 ingeritur,
847 3395 904 3439 ut
954 3394 1141 3439 natura
1195 3396 1469 3450 taceatur;
1526 3393 1717 3438 natura

132 3481 390 3548 adimitur,
439 3490 499 3534 ut
538 3493 734 3533 nomen
777 3477 1012 3531 alienum
1066 3477 1156 3531 sit.
1205 3475 1450 3531 "LCTCSCS
1507 3487 1718 3532 exterae

134 3575 550 3645 praetenduntur,
581 3581 635 3625 ut
665 3571 732 3626 de
768 3586 828 3625 se
861 3569 1082 3624 ha-resis
1110 3569 1400 3624 mentiatur
1427 3569 1599 3642 (Idem
1629 3588 1722 3625 no-

137 3668 469 3723 tatAtltanas.
505 3664 598 3718 0r.
635 3680 670 3729 ι,
707 3680 758 3733 p.
793 3661 942 3733 515).
979 3662 1128 3718 Unus
1148 3663 1298 3717 solus
1329 3661 1469 3718 Deus
1499 3671 1550 3718 et
1576 3664 1724 3718 solus

137 3775 276 3814 verus
303 3757 594 3830 ingeritur,
640 3771 706 3811 ne
733 3771 919 3810 verum
955 3770 1020 3810 ac
1050 3755 1324 3825 proprium
1361 3755 1450 3810 Dei
1481 3755 1588 3810 lilio
1634 3771 1722 3810 rc-

141 3851 398 3923 linquatur
427 3865 550 3905 esse
577 3849 720 3920 quod
755 3849 896 3904 Deus
927 3857 1028 3904 est.
1073 3879 1081 3886 ι

199 3948 247 4001 8.
275 3945 420 4011 Quid
443 3946 560 4016 jam
590 3943 684 3997 sibi
711 3942 1032 3996 tractandum
1078 3953 1330 4014 proponat
1377 3942 1635 4001 Hilarius.
1659 3976 1728 3987 —

203 4071 275 4141 (Ι)
306 4070 578 4126 Subsistil.

203 4071 275 4143 (t)
306 4071 578 4126 Subsistil.

203 4144 275 4215 (2)
319 4142 387 4198 Ει
419 4140 705 4207 mutabilis,
731 4150 807 4215 Δυι
842 4156 1001 4211 supra
1050 4141 1100 4196 in
1151 4144 1342 4215 quarto
1374 4144 1538 4214 libro,
1573 4144 1736 4203 etiam

146 4212 226 4290 hic
238 4212 465 4290 antiqua
491 4227 652 4290 manu
678 4212 946 4290 adjectum
974 4223 1057 4268 est
1084 4215 1137 4269 in
1165 4214 1349 4265 nostro
1378 4212 1695 4290 exemplari,

231 4289 282 4357 5)
317 4287 387 4343 Ut
415 4287 548 4339 vires
575 4284 820 4357 falsitatis
849 4286 1123 4357 introeant.

230 4356 282 4431 ὦ)
308 4358 470 4412 Fidei
499 4357 654 4430 hujus
677 4356 927 4410 absolutio
950 4357 1248 4429 euangelicis
1274 4368 1424 4432 atque
1439 4362 1735 4434 apostolicis

208 4479 278 4550 (α)
305 4479 362 4533 lu
391 4475 790 4550 antiquissimis
817 4492 946 4531 mss.
997 4476 1054 4533 S.
1100 4477 1310 4534 Martini
1348 4479 1575 4546 Turon.,
1605 4480 1726 4535 Vat.

152 4549 266 4605 has.
291 4563 344 4604 et
373 4550 536 4606 Colb.
585 4565 616 4600 α
662 4549 772 4602 solo
809 4550 1028 4604 substitit
1070 4565 1088 4604 :
1121 4566 1227 4605 non
1254 4552 1427 4618 .male,
1472 4553 1517 4607 si
1549 4553 1644 4608 lib.
1680 4569 1731 4608 tv

151 4622 237 4702 sibi
275 4630 614 4702 constarent.
674 4619 729 4702 lin
777 4637 953 4690 grzeco
997 4631 1206 4691 autem,
1245 4625 1348 4680 ὑπὸ
1395 4632 1484 4680 τοῦ
1532 4628 1733 4702 πατρὸς

152 4694 356 4756 bnis-1n,
383 4693 594 4748 omisso
622 4693 754 4746 solo.

217 4766 289 4837 (ὁ)
323 4767 469 4821 Editi
500 4766 589 4818 hic
631 4763 908 4837 adjiciunt,
960 4765 1059 4835 fuit
1099 4781 1332 4833 semper;
1360 4768 1500 4836 quod
1547 4768 1639 4822 lib.
1691 4783 1744 4823 tv

156 4836 335 4894 melius
361 4839 644 4899 omittunt,
676 4837 744 4892 ibi
767 4844 822 4890 et
853 4836 940 4890 hic
971 4839 1436 4892 consentientibus
1473 4857 1602 4896 mss.

221 4909 288 4981 (ε)
314 4912 372 4965 In
399 4910 671 4984 vulgatis,
688 4919 731 4962 et
757 4908 990 4984 gloriari.
1019 4907 1074 4984 In
1100 4925 1200 4984 ins.
1239 4907 1356 4963 Vat.
1390 4911 1532 4984 bas.,
1566 4922 1613 4984 et
1639 4912 1748 4984 glo-

159 4980 286 5035 rians
316 4994 362 5036 et
410 4981 587 5035 vivens
616 4994 633 5033 :
662 4980 712 5032 in
743 4981 885 5044 aliis,
931 4988 977 5034 et
1013 4981 1242 5051 glorians
1288 4990 1333 5036 et
1361 4983 1528 5038 vivere
1558 5000 1574 5038 :
1606 4980 1746 5038 idem

161 5053 404 5108 nieiidum
437 5051 582 5121 quod
606 5065 787 5119 supra.

227 5124 304 5194 (et)
327 5125 385 5180 ln
421 5119 532 5179 uno
564 5138 666 5177 ms.
698 5131 817 5192 post
848 5137 1036 5178 vocem
1080 5119 1241 5191 Deus,
1276 5125 1576 5195 subjicitur,
1605 5126 1752 5180 Veri-

164 5206 231 5248 tas
252 5212 271 5250 :
295 5197 507 5252 additio
531 5209 722 5249 manus
747 5195 959 5259 alienae,
984 5209 1089 5266 qua
1117 5198 1286 5253 sancti
1319 5197 1563 5254 Doctoris
1592 5199 1751 5253 verba

165 5272 222 5322 ab
247 5268 631 5323 hzereticorum
655 5267 811 5322 dictis
832 5276 1203 5323 secernautur.

231 5340 302 5413 (ξ)
355 5341 522 5413 Editi,
548 5341 797 5413 tortuosi
823 5339 1040 5413 spiritus
1083 5356 1102 5393 :
1131 5345 1464 5413 castigantur
1502 5359 1565 5398 ex
1619 5357 1750 5397 mss.

171 5409 362 5466 Eadem
395 5411 748 5467 similitudine
777 5409 992 5465 fallaces
1035 5409 1500 5469 literesis'Ariaure
1533 5413 1754 5469 technas

173 5485 242 5538 sic
270 5491 635 5554 reprzesentat
664 5481 1008 5556 Athanasius,
1038 5482 1184 5556 0r."
1206 5488 1501 5542 contraAr.
1537 5503 1586 5556 p.
1610 5485 1714 5540 516
1739 5503 1754 5538 :

177 5557 267 5621 Qui
293 5557 393 5610 ista
427 5556 638 5611 luzresis
678 5572 782 5628 non
822 5555 980 5625 digna
1025 5555 1142 5628 odio
1183 5560 1358 5627 fuerit,
1401 5555 1650 5613 camilla
1681 5571 1771 5628 per

175 5628 502 5696 diﬁidentiam
534 5646 568 5681 a
593 5628 697 5681 suis
717 5627 869 5681 etiam
892 5627 1195 5697 occultetur,
1221 5640 1267 5685 et
1287 5634 1431 5702 quasi
1455 5646 1663 5702 serpens
1683 5627 1773 5700 fo-

175 5709 342 5753 ueatur
365 5703 384 5754 l

245 5772 317 5842 (0
358 5772 445 5845 Alta
491 5772 747 5845 perpauci
792 5773 1129 5845 recentiores
1172 5788 1304 5828 mss.
1355 5788 1477 5828 cum
1519 5773 1771 5845 vulgatis.

179 5841 372 5915 (lateri
397 5841 527 5899 vero
554 5841 774 5911 habent,
809 5854 864 5897 ut
893 5847 1025 5898 vires
1054 5844 1296 5915 falsitatis
1324 5841 1778 5902 introeantflluic

188 5912 402 5971 lectioni
435 5915 573 5974 favet
601 5916 752 5986 illud,
783 5917 1014 5972 venenati
1055 5912 1164 5973 ovis
1195 5919 1496 5991 principalis
1535 5928 1782 5990 potestas;

1823 3391 1908 3436 tus
1939 3394 2020 3436 est
2048 3399 2061 3434 :
2099 3401 2117 3434 ι
2149 3390 2207 3436 ut
2231 3383 2330 3437 sub
2351 3383 2532 3452 specie
2567 3383 2838 3438 haereseos
2869 3381 2934 3458 (j)
2967 3383 3291 3451 Valentinte,
3330 3397 3427 3438 no-

1823 3473 1969 3530 mine
1993 3474 2307 3544 prolationis
2334 3476 2661 3545 improbato,
2707 3476 3045 3532 nativitatem
3081 3475 3180 3532 Dei
3208 3491 3275 3532 ex
3319 3474 3430 3530 Deo

1832 3569 2222 3640 improbarent.
2269 3569 2589 3626 Valentinus
2635 3572 2779 3627 enim
2823 3570 3046 3627 ridicula
3093 3570 3340 3642 quadam
3377 3577 3432 3626 et

1831 3664 1973 3722 lmda
1996 3676 2391 3733 commentans,
2426 3682 2546 3722 cum
2581 3677 2780 3738 praeter
2806 3666 3100 3736 principem
3132 3667 3322 3731 Deum,
3355 3663 3434 3719 fa-

1835 3760 2038 3816 miliam
2067 3759 2290 3816 deorum
2320 3769 2375 3815 et
2400 3775 2720 3815 numerosas
2742 3759 2820 3832 (7)
2849 3759 2925 3832 (li)
2949 3759 3310 3815 mternitatum
3340 3771 3438 3827 po-

1836 3863 2059 3910 testates
2106 3853 2516 3920 introduxisset,
2557 3853 2642 3926 (8)
2683 3863 2810 3909 tunc
2852 3854 3119 3922 prolatum
3150 3851 3436 3908 Dominum

1835 3961 2078 4005 nostrum
2112 3948 2294 4005 .lcsum
2327 3948 2603 4004 Christum
2635 3947 2893 4020 mysterio
2919 3947 3146 4003 occulta:
3184 3945 3438 4000 volunta-

1838 4086 1908 4130 est
1941 4075 2271 4145 prwdicanda
2292 4074 2555 4128 doctrinis.

1910 4147 1989 4218 (5)
2016 4145 2321 4218 incipimus.

1909 4215 1988 4288 (6)
2017 4215 2289 4272 Proditunt
2316 4227 2361 4272 et
2392 4217 2688 4284 revelatum,
2715 4217 2784 4272 ad
2803 4215 3134 4282 blandientis,
3167 4224 3274 4272 etc.
3317 4251 3324 4259 ο

1913 4291 1994 4360 (7)
2025 4289 2286 4345 ΛΕιαιιιηι.

1913 4361 1996 4434 (8)
2023 4360 2156 4416 Tum
2179 4363 2463 4433 prolatum.

1838 4479 1998 4536 alteri
2028 4489 2232 4547 autem,
2267 4490 2426 4536 totum
2471 4479 2714 4536 occultati
2741 4479 2925 4550 capitis
2952 4481 3092 4533 virus
3117 4493 3135 4533 :
3164 4492 3284 4549 qua:
3311 4491 3448 4547 quo-

1841 4553 1986 4607 niam
2015 4553 2266 4619 obtinuit,
2303 4569 2402 4610 nec
2430 4571 2456 4605 a
2487 4553 2642 4608 nobis
2677 4562 2936 4607 mutatur.

1922 4624 1998 4698 (ῃ)
2029 4624 2194 4689 Editi,
2216 4625 2357 4698 nolit
2384 4625 2602 4697 intelligi
2630 4641 2649 4680 :
2679 4635 2735 4680 et
2757 4640 2902 4688 mox,
2927 4619 3450 4698 humanmopinionis

1772 4697 1822 4758 Ι)
1849 4694 2144 4767 prudentia.
2203 4694 2820 4765 Concinnius'optimus
2853 4695 3045 4767 codex
3077 4694 3265 4767 Coll).
3327 4708 3449 4748 cum

1849 4765 2038 4835 Corb.,
2068 4779 2200 4832 etc.,
2233 4770 2390 4824 nollet
2423 4787 2442 4822 :
2471 4783 2534 4823 ac
2560 4777 2744 4838 postea
2773 4765 3194 4837 suffragantibus
3219 4765 3373 4820 Matt.
3397 4773 3453 4819 ct

1850 4839 2038 4907 Carm,
2080 4839 2318 4895 humana:
2348 4841 2588 4910 opinione
2635 4840 2947 4910 prodeunte.
2992 4838 3290 4910 litunanam
3319 4852 3450 4905 pru-

1853 4911 2117 4976 dentiam,
2157 4928 2276 4981 qua!
2316 4913 2479 4966 variis
2527 4911 2874 4980 opinionibus
2936 4909 3143 4966 incerta
3184 4909 3449 4975 ﬂuctuat,

1855 4983 2316 5105 lidei'certitudini
2353 4998 2644 5054 numquam
2685 4981 3104 5053 praeponendam
3141 4991 3457 5037 constanter

1857 5064 1979 5105 lnCll
2005 5066 2111 5105 cat.

1857 5064 2111 5110 inCutcat.

1956 5124 2010 5196 li)
2034 5127 2158 5180 Mss.
2185 5126 2463 5195 proditum,
2492 5135 2537 5180 et
2567 5125 2863 5191 revelatum,
2897 5124 2966 5180 ad
2992 5124 3320 5189 blandientis,
3348 5133 3456 5181 etc.

1956 5199 1993 5266 i)
2025 5197 2162 5252 Illud
2191 5199 2253 5252 de
2284 5207 2488 5264 natura,
2515 5198 2565 5252 id
2589 5207 2693 5261 est,
2729 5198 2792 5250 de
2821 5197 3129 5250 substantia.

1932 5267 2005 5343 (j)
2056 5268 2254 5343 Excusi
2282 5311 2296 5335 ,
2338 5267 2740 5343 Valentinianre:
2771 5268 3130 5343 renitentibus
3184 5283 3315 5343 mss.
3371 5267 3464 5322 Sic

1857 5339 1964 5396 lib:
1989 5357 2044 5406 tl,
2077 5358 2131 5394 n.
2164 5339 2220 5408 4,
2274 5340 2500 5411 vulgatis
2531 5344 2696 5397 etiam
2725 5339 3190 5396 consentientibus
3219 5381 3232 5406 ,
3285 5339 3466 5405 legere

1859 5421 1945 5469 est
1979 5412 2276 5467 Valentino:
2302 5454 2318 5478 ,
2355 5429 2460 5468 non
2502 5412 2900 5468 Valentinianos.
2951 5411 3025 5466 lta
3055 5422 3110 5466 et
3136 5411 3187 5466 in
3235 5411 3374 5466 libro
3400 5411 3468 5465 de

1876 5484 2109 5552 Synodis
2136 5484 2244 5538 Arii
2273 5500 2379 5539 non
2417 5485 2599 5539 Ariani
2643 5484 2810 5554 ipsius
2838 5483 2952 5538 Arii
2983 5481 3222 5538 fautores
3267 5499 3474 5538 nuncu-

1879 5565 2094 5628 pantur,
2124 5564 2180 5612 et
2208 5571 2392 5627 supra,
2425 5558 2514 5612 lih.
2549 5574 2601 5625 v,
2635 5575 2688 5611 n.
2712 5554 2803 5621 25,
2839 5556 2888 5608 in
2909 5555 3113 5626 aliquot
3136 5555 3476 5625 probu'nota:

1881 5643 2012 5684 mss.
2031 5629 2316 5685 exhibetur
2344 5628 2577 5684 Sabellia
2606 5629 2832 5684 lneresis.

1956 5699 2030 5772 (lc)
2060 5700 2118 5756 lu
2150 5701 2468 5773 quibusdam
2501 5716 2630 5756 mss.
2661 5709 2918 5773 wtatunr_.__
2938 5697 2992 5773 In
3022 5699 3141 5754 aliis
3170 5699 3444 5755 nonnullis
3464 5737 3480 5764 ,

1884 5769 2185 5828 vanitatem:
2245 5773 2463 5829 Rectius
2509 5773 2564 5828 in
2611 5773 2824 5828 caeteris
2864 5769 3056 5838 libris,
3105 5775 3484 5826 wternitatum:

1888 5845 2030 5916 quod
2074 5846 2298 5900 latinum
2341 5860 2535 5901 nomen
2567 5853 2652 5901 est
2679 5840 2828 5901 vocis
2853 5856 3045 5913 graecae
3072 5847 3195 5902 αἰὼν
3220 5885 3236 5914 ,
3281 5859 3348 5900 ex
3384 5857 3490 5916 qua

1891 5933 2059 5975 mones
2088 5917 2421 5976 denominati
2446 5927 2589 5976 sunt.
