4040 6328
140 338 221 403 tos

1321 334 1411 395 ne
1447 320 1818 395 TRlNlTATE
1857 322 2062 393 unus
2097 321 2184 394 vi.

3312 336 3419 396 {06

134 455 369 515 nascenti.
416 453 541 511 llaec
568 454 718 510 enim
748 453 821 509 ita
850 453 900 512 ei
930 468 959 509 a
993 454 1102 511 Deo
1130 453 1410 527 unigenito
1434 464 1707 527 comperta
1736 458 1791 518 Α
1816 470 1914 512 nec
1940 455 2079 512 sicut
2109 454 2385 521 Hierscas,
2414 453 2686 510 lucernam
2715 453 2785 512 de
2808 453 3029 512 lucerna
3051 497 3065 521 ,
3100 454 3182 511 vel
3212 456 3420 527 lampa~

134 559 269 617 sunt,
301 547 445 619 quod
470 547 633 603 Pater
658 559 710 603 et
741 546 908 603 Filius
938 563 1103 603 unum
1130 557 1297 615 sunt,
1339 548 1483 621 quod
1529 548 1703 619 pleni-

134 644 240 699 tudo
274 641 490 697 deitatis
538 642 593 696 in
639 640 777 697 Filio
823 650 937 697 est:
983 654 1080 713 per
1121 642 1265 713 quod
1300 652 1356 699 et
1401 643 1703 712 portionem

135 734 266 790 unius
294 731 611 789 substantia:
629 732 705 805 (α)
734 732 848 788 odit
873 732 941 788 ad
965 732 1183 801 Filium,
1216 741 1270 790 et
1298 748 1393 805 per
1414 733 1708 790 nativitatis

131 830 389 883 veritatem
414 870 429 892 ,
478 842 623 883 vera:
669 826 964 882 divinitatis
998 827 1383 899 proprietatem
1418 839 1711 884 veneratur

134 924 176 978 in
203 921 349 977 Filio.
401 921 510 977 Sed
552 918 629 994 (ὸ)
678 923 913 990 reposita
958 922 1202 992 pleniore
1245 922 1573 994 singularum
1624 938 1711 979 rc-

131 1017 458 1089 sponsionum
488 1015 850 1079 absolutione,
871 1031 970 1087 per
993 1016 1198 1089 reliqua
1226 1033 1529 1073 curramus.

191 1111 266 1167 Η.
294 1108 581 1167 Sabellium
608 1116 886 1181 respuunt,
916 1120 972 1164 ut
999 1120 1199 1167 natura:
1223 1116 1277 1166 in
1312 1110 1470 1167 Patre
1490 1122 1539 1167 et
1568 1108 1710 1167 Filio

130 1206 352 1260 unitatem
390 1202 727 1273 auferant.-—
742 1202 981 1275 Namque
1008 1204 1063 1260 id
1090 1203 1366 1277 sequitur:
1399 1223 1421 1258 r
1457 1205 1566 1263 Nec
1604 1208 1713 1263 sic-

131 1307 179 1352 ut
218 1296 479 1353 Sabellius
504 1337 520 1363 ,
576 1295 669 1367 qui
697 1296 950 1353 unionem
981 1296 1202 1365 dividit,
1256 1297 1430 1369 ipsum
1457 1299 1592 1354 dixit
1620 1298 1711 1355 Fi-

129 1391 241 1446 lium
281 1406 443 1461 quem
488 1399 545 1446 et
583 1390 820 1446 Patrem.
858 1409 878 1445 »
931 1390 1147 1462 ignorat
1191 1392 1501 1466 evangelica
1549 1401 1715 1465 atque

130 1485 401 1555 apostolica
425 1490 764 1540 sacramenta
785 1485 863 1540 sic
890 1484 1123 1541 credens
1148 1486 1438 1543 Sabellius.
1473 1488 1579 1545 Sed
1606 1487 1712 1544 hoc

128 1592 218 1632 non
241 1577 560 1645 simpliciter
586 1577 654 1632 ab
700 1576 969 1633 haereticis
998 1577 1071 1651 (c)
1108 1581 1159 1633 in
1191 1578 1448 1636 hzeretico
1488 1580 1714 1637 damna-

130 1680 221 1726 tur.
257 1670 511 1727 Volentes
551 1671 695 1726 enim
724 1671 855 1726 nihil
888 1671 1028 1726 inter
1051 1672 1264 1729 Patrem
1294 1684 1348 1730 et
1372 1672 1562 1730 Filium
1590 1689 1712 1732 esse

126 1778 293 1825 unum,
325 1762 513 1817 divis-re
540 1777 571 1817 a
601 1761 839 1818 Sabellio
870 1764 1085 1819 unionis
1112 1764 1319 1821 crimen
1346 1766 1708 1836 exprobrant:

1808 548 1932 605 dem
1963 549 2014 604 in
2045 548 2179 605 duas
2209 560 2409 620 partes.
2459 548 2570 605 Nec
2610 550 2699 620 qui
2748 550 2847 605 luit
2875 561 3000 607 ante
3021 594 3036 617 ,
3070 552 3414 620 postmodum

1810 651 1992 696 natum
2016 643 2100 697 vel
2125 653 2529 712 supercreatum
2554 643 2605 695 in
2628 642 2855 699 liliuma
2889 643 3142 699 llieracas
3166 643 3416 698 nesciens

1812 734 2084 806 Unigeniti
2125 713 2497 801 nativitatem,
2522 750 2623 793 nec
2645 737 3081 808 evangelicorum
3107 750 3419 793 sacramen-

1814 840 1986 885 torum
2020 830 2268 886 virtutem
2300 831 2528 901 adeptus
2553 872 2568 896 ,
2622 831 2781 886 unius
2816 832 3052 887 lucerna:
3081 831 3190 887 duo
3213 832 3415 888 lumina

1813 924 2125 994 prmdicavit
2148 966 2162 990 ,
2213 934 2271 979 ut
2300 924 2619 997 lychnornm
2660 924 2909 995 bipertita
2938 925 3134 981 divisio
3160 926 3414 981 substan-

1813 1016 1941 1071 tiam
1969 1016 2144 1072 Patris
2169 1027 2222 1073 et
2248 1016 2370 1073 Filii
2399 1017 2768 1085 aemularetur,
2786 1032 2908 1089 qua:
2937 1034 3002 1073 ex
3033 1018 3194 1074 unius
3212 1018 3417 1075 vasculi

1813 1111 2049 1181 unguine
2073 1112 2469 1168 accenderetur
2496 1113 2551 1167 in
2579 1112 2793 1167 lumen:
2829 1124 3101 1183 tamquam
3123 1122 3269 1170 esset
3292 1112 3422 1171 sub-

1812 1204 2008 1258 stantia
2039 1204 2298 1272 exterior,
2331 1203 2413 1276 (Ir)
2447 1212 2505 1259 ut
2532 1202 2641 1260 olei
2670 1205 2722 1259 in
2749 1205 2990 1271 lucerna,
3020 1209 3308 1262 continens
3332 1207 3421 1261 itt-

1815 1300 1977 1355 minis
2007 1300 2290 1372 utriusque
2313 1311 2591 1368 naturam;
2617 1301 2705 1356 vel
2733 1309 2885 1358 certe
2911 1308 2971 1357 nt
2989 1302 3194 1372 lampas
3213 1314 3422 1374 papyro

1812 1392 1879 1466 (ξ)
1905 1392 2095 1449 eodem
2126 1394 2327 1449 intexta
2357 1434 2371 1459 ,
2412 1403 2644 1465 utroque
2671 1396 2848 1463 capite
2880 1396 3121 1464 luceret,
3168 1404 3427 1464 essetque

1816 1486 1994 1543 media
2028 1489 2285 1545 materies
2317 1488 2496 1544 lumen
2527 1505 2591 1544 ex
2632 1503 2693 1545 se
2735 1496 3025 1558 utrumque
3066 1490 3418 1561 protondens.

1814 1580 1943 1638 limo
1967 1582 2209 1638 stultitim
2240 1583 2490 1639 humana:
2519 1598 2676 1639 error
2706 1583 2913 1639 invexit
2938 1626 2953 1650 ,
3007 1583 3135 1640 dum
3163 1582 3309 1654 quod
3336 1598 3428 1638 sa-

1816 1677 2008 1747 piunt,
2050 1692 2114 1734 ex
2148 1693 2208 1734 se
2236 1678 2414 1748 potius
2443 1692 2603 1748 quam
2630 1690 2698 1732 ex
2730 1676 2838 1731 Deo
2863 1677 3100 1747 sapiunt.
3161 1676 3271 1734 Sed
3298 1677 3425 1748 quia

1813 1782 1956 1824 vera:
1985 1769 2107 1824 fidei
2139 1769 2405 1839 professio
2427 1779 2508 1825 est
2531 1811 2547 1838 ,
2582 1771 2652 1825 ita
2683 1768 2850 1825 Deum
2898 1786 2961 1826 ex
3001 1771 3110 1825 Deo
3148 1780 3332 1825 natum
3367 1776 3426 1824 ut

129 1856 265 1927 cuius
311 1856 526 1912 unionis
563 1856 756 1912 divisio
806 1872 911 1912 non
961 1857 1294 1915 nativitatem
1341 1860 1524 1917 intulit
1548 1903 1561 1924 ,
1610 1860 1708 1917 sed
1738 1848 1788 1913 Β
1817 1865 1997 1919 lumen
2028 1879 2094 1919 ex
2122 1863 2347 1932 lumine,
2377 1864 2519 1935 quod
2548 1865 2671 1919 sine
2696 1863 3024 1920 detrimento
3044 1878 3143 1936 suo
3171 1873 3421 1918 naturam

123 1951 361 2005 eumdem
401 1949 583 2004 divisit
624 1948 704 2021 (l)
735 1949 818 2024 (ά)
853 1951 903 2005 in
947 1950 1187 2023 Virgine.
1240 1952 1406 2008 Nobis
1444 1962 1623 2010 autem
1656 1953 1710 2009 in

124 2042 447 2098 confessione
489 2044 745 2099 nativitas
772 2053 854 2100 est
893 2064 908 2101 :
939 2053 994 2101 ct
1040 2046 1295 2103 unionem
1338 2047 1667 2103 detestantes
1693 2090 1708 2117 ,

122 2138 376 2193 unitatem
405 2138 695 2194 divinitatis
723 2146 997 2207 tenemus;
1028 2140 1234 2198 scilicet
1263 2149 1323 2196 ut
1347 2143 1485 2197 Deus
1509 2157 1575 2196 ex
1601 2141 1712 2197 Deo

126 2231 199 2301 (e)
236 2246 392 2286 unum
420 2232 524 2287 sint
549 2232 602 2286 in
628 2244 833 2302 genere
863 2244 1068 2288 naturae
1094 2275 1107 2299 ,
1152 2233 1279 2289 dum
1311 2230 1453 2304 quod
1482 2250 1579 2306 per
1617 2249 1714 2290 na-

120 2322 335 2377 tivitatis
360 2324 638 2379 veritatem
665 2339 731 2380 ex
762 2325 875 2380 Deo
897 2323 953 2379 in
983 2324 1153 2380 Deum
1183 2327 1388 2382 exstitit
1415 2369 1432 2394 ,
1474 2341 1582 2382 non
1616 2326 1715 2382 ali-

120 2416 250 2469 unde
275 2431 438 2487 quam
463 2431 527 2472 ex
561 2417 671 2473 Deo
697 2430 817 2472 esse
847 2417 1170 2473 substiterit.
1208 2417 1364 2487 Quod
1395 2429 1577 2473 autem
1607 2434 1714 2473 non

117 2510 321 2565 aliunde
350 2524 513 2581 quam
542 2526 608 2567 ex
643 2511 753 2567 Deo
782 2518 967 2567 manet
989 2552 1005 2575 ,
1042 2521 1258 2567 maneat
1284 2525 1511 2568 necesse
1542 2521 1625 2568 est
1655 2514 1709 2567 in

118 2618 173 2658 ea
200 2604 425 2659 veritate
464 2619 567 2675 qua
599 2605 741 2659 Deus
777 2612 894 2660 est:
945 2618 1009 2659 ac
1056 2619 1155 2675 per
1197 2604 1301 2660 hoc
1347 2621 1513 2659 unum
1538 2612 1664 2660 sunt
1692 2647 1708 2673 ,

116 2712 221 2752 cum
248 2700 334 2768 qui
362 2713 432 2753 ex
462 2697 571 2754 Deo
598 2698 740 2755 Deus
761 2708 864 2764 est,
898 2713 1077 2770 neque
1098 2698 1244 2755 aliud
1267 2699 1383 2770 ipse
1404 2708 1507 2766 est,
1533 2712 1710 2771 neque

118 2790 310 2846 aliunde
336 2790 487 2861 quod
516 2792 653 2847 Deus
677 2803 781 2847 est.
814 2790 1024 2847 Idcirco
1050 2800 1231 2847 autem
1262 2794 1477 2848 unionis
1509 2794 1563 2847 in
1605 2794 1704 2848 Sa-

118 2884 261 2940 bellio
283 2887 539 2957 impietas
565 2886 940 2956 prtetenditur,
965 2895 1023 2941 ut
1063 2883 1132 2960 (f)
1154 2885 1414 2942 Ecclesim
1449 2886 1571 2942 lidei
1599 2886 1721 2941 uni-

121 2981 225 3033 tatis
272 2982 472 3053 religio
521 2979 678 3054 ιω
721 2979 1021 3038 auferatur.
1077 2980 1381 3052 Persequar
1428 2979 1627 3036 deinde
1666 2987 1722 3035 et

117 3084 293 3129 cartera
329 3074 581 3131 limi-elici
612 3075 812 3148 ingenii
835 3074 1061 3133 artificia
1088 3117 1103 3144 ,
1136 3091 1204 3132 ne
1230 3075 1371 3131 forte
1402 3075 1721 3147 suspiciosis

118 3170 270 3237 magis
307 3184 479 3237 quam
508 3170 651 3225 veris
675 3168 1131 3227 sollicitudinibus
1154 3209 1170 3236 ,
1221 3167 1522 3225 malevolus
1550 3170 1719 3224 inter-

1816 1974 1969 2016 snam
2000 1970 2221 2029 praestat
2244 1976 2309 2017 ex
2338 1976 2481 2027 sese,
2507 1969 2566 2016 ut
2592 1959 2683 2016 det
2704 1960 2847 2029 qtrod
2878 1959 3058 2029 habet,
3083 1967 3139 2015 et
3163 1958 3309 2030 quod
3334 1958 3432 2014 de-

1817 2055 1960 2112 derit
1989 2050 2184 2111 habeat
2211 2098 2225 2123 ,
2258 2060 2620 2125 nascaturque
2645 2054 2789 2126 quod
2818 2054 2920 2120 sit;
2967 2068 3089 2109 cum
3116 2069 3223 2107 non
3255 2051 3427 2118 aliud,

1817 2162 1978 2216 quam
2026 2148 2169 2218 quod
2219 2156 2341 2214 est,
2392 2156 2579 2204 natum
2626 2147 2727 2214 sit;
2778 2157 2834 2203 et
2864 2148 3123 2202 nativitas
3157 2146 3433 2216 acceperit

1817 2240 1962 2311 quod
1979 2249 2096 2295 erat
2114 2256 2130 2307 ;
2158 2252 2258 2295 nec
2278 2239 2548 2298 ademerit
2567 2239 2715 2309 quod
2733 2239 2978 2310 accepit;
3024 2240 3203 2310 sitque
3227 2246 3434 2293 utrum-

1819 2348 1927 2403 que
1949 2346 2136 2395 unum,
2167 2333 2295 2389 dum
2323 2347 2389 2388 ex
2413 2348 2479 2389 eo
2506 2332 2649 2404 quod
2671 2333 3034 2398 estnascitur,
3063 2340 3119 2386 et
3139 2330 3281 2399 quod
3305 2342 3437 2386 nes-

1820 2424 1982 2491 citur,
2004 2438 2180 2496 neque
2204 2425 2443 2493 aliunde,
2469 2439 2644 2495 neque
2666 2424 2813 2479 aliud
2833 2434 2945 2491 est;
2971 2435 3055 2479 est
3077 2423 3224 2479 enim
3248 2423 3433 2479 lumen

1821 2535 1887 2576 ex
1918 2519 2122 2574 lumine
2147 2536 2161 2573 :
2191 2527 2251 2574 ut
2276 2532 2408 2590 ergo
2438 2516 2563 2573 lidei
2589 2518 2746 2589 hujus
2777 2517 3132 2589 intelligentia
3161 2525 3440 2573 avertere-

1823 2624 1930 2679 tur,
1959 2612 2200 2668 llieraca:
2227 2613 2435 2683 lampas
2465 2612 2548 2668 vel
2582 2612 2800 2668 lucerna
2832 2610 2898 2667 ad
2928 2610 3134 2666 crimen
3170 2608 3435 2665 conﬁten-

1820 2707 1874 2761 di
1905 2722 1971 2762 ex
2009 2705 2217 2762 lumine
2246 2705 2463 2761 luminis
2493 2705 2702 2775 objecta
2734 2713 2819 2761 est
2850 2714 2864 2770 ς
2919 2716 2987 2760 ne
3034 2702 3139 2759 diei
3179 2702 3435 2772 religiose

1828 2798 2194 2865 existimetur,
2224 2798 2366 2869 quod
2398 2798 2563 2869 impie
2590 2798 2791 2853 dictum
2823 2806 2876 2853 et
2905 2810 3049 2852 nunc
3065 2804 3268 2852 et'ante
3288 2795 3443 2850 dam-

1833 2898 2020 2947 natum
2047 2900 2147 2948 est.
2184 2891 2423 2959 Absiste,
2453 2889 2652 2946 absiste
2684 2888 3001 2945 inanissima
3032 2890 3199 2944 timor
3219 2886 3442 2943 haeretis

1824 3000 2033 3051 eorum,
2066 3000 2166 3042 nec
2191 2986 2550 3056 patrocinium
2584 2984 2967 3041 ecclesiastica.I
3003 2982 3130 3037 ﬁdei
3160 2980 3297 3036 falsa
3328 2980 3449 3036 sol-

1806 3078 1991 3143 ,licitze
2019 3078 2336 3133 assertionis
2364 3077 2622 3147 Opinione
2662 3077 2911 3132 mentire.
2964 3074 3108 3130 Nihil
3155 3073 3445 3143 corporale

1832 3168 1987 3245 141
2031 3169 2329 3227 secundum
2358 3182 2460 3227 nos
2485 3213 2500 3236 ,
2547 3169 2678 3226 nihil
2708 3168 2790 3243 (2)
2824 3168 2894 3244 (j)
2924 3168 3225 3224 inanimum
3257 3167 3310 3221 in
3342 3164 3437 3221 Dei

114 3275 227 3329 pres
254 3263 459 3319 aliena:
484 3263 845 3334 simplicitatis
868 3262 1180 3320 existimer:
1207 3275 1526 3319 ostensurus
1552 3262 1718 3319 totius
1749 3254 1796 3318 C
1830 3265 1991 3321 rebus
2016 3271 2135 3320 est:
2183 3264 2327 3336 quod
2357 3265 2498 3320 Deus
2522 3272 2608 3321 est
2633 3304 2649 3330 ,
2685 3263 2830 3319 Deus
2858 3268 3028 3318 totum
3054 3269 3154 3318 est.
3202 3259 3348 3316 Nihil
3388 3259 3442 3314 in

116 3355 460 3423 professionis
488 3354 569 3431 (ῃ)
590 3358 957 3424 conclusione,
993 3357 1049 3411 in
1075 3373 1233 3427 quem
1265 3373 1325 3412 se
1354 3357 1556 3412 exitum
1581 3373 1719 3429 pra:-

120 3450 297 3505 missio
328 3463 449 3506 tam
477 3450 692 3508 subdoli
718 3449 985 3508 sermonis
1016 3450 1352 3506 instruxerit.

182 3544 261 3598 l2.
293 3544 501 3600 Lumen
531 3560 596 3600 ea:
620 3544 813 3599 lumine
839 3543 1037 3598 Filium
1068 3541 1318 3599 Hieracas
1344 3559 1498 3611 prave
1523 3542 1719 3598 intelli-

112 3636 196 3706 git.
212 3636 330 3709 ³01ιὶ
352 3638 618 3711 intelligat
640 3636 974 3695 Ecclesia.—
997 3636 1057 3695 Id
1076 3638 1221 3695 enim
1244 3638 1524 3711 sequitur:
1561 3656 1581 3692 ‹
1609 3637 1721 3696 Sed

181 3800 261 3876 (l)
291 3800 364 3858 ιιι
400 3799 685 3874 Virginem.

114 3983 269 4023 mere:
318 3968 374 4023 in
409 3965 579 4023 Carn.
609 3973 664 4023 et
686 3964 842 4022 Mart.
872 4006 889 4032 ,
921 3963 1219 4021 temeritate.
1272 3960 1337 4018 In
1364 3960 1594 4035 vulgatis
1620 3976 1717 4020 au-

112 4051 229 4102 tem,
260 4039 573 4096 temeritati.

173 4110 249 4183 (α)
282 4111 422 4183 Bad.
458 4112 588 4165 adit.
623 4110 737 4183 Erl,
762 4108 910 4183 Lips.
942 4117 992 4163 et
1022 4105 1171 4183 Par.,
1206 4104 1392 4161 addit:
1423 4104 1719 4162 emendant

111 4180 230 4235 mss.
274 4182 417 4238 Odit
447 4185 645 4252 quippe
676 4180 918 4246 Ecclesia,
944 4181 1251 4252 portionem
1277 4220 1291 4245 ,
1331 4194 1453 4249 qua:
1492 4188 1638 4233 amat
1663 4186 1719 4235 et

110 4254 363 4325 przeilicat
392 4249 618 4309 in‘Fili'o
637 4251 855 4308 deitatis
873 4249 1288 4325 plenitudinem.

177 4324 253 4397 (ὁ)
283 4326 343 4381 1η
380 4326 570 4390 editis,
593 4327 843 4397 seposita.
872 4322 927 4377 In
961 4337 1069 4397 ms:
1096 4322 1284 4389 Carn.,
1315 4320 1571 4397 deposita.
1606 4321 1718 4397 bla-

108 4392 397 4523 gis'plnlcet
430 4413 554 4454 cum
579 4392 757 4463 Culh.,
783 4393 915 4453 Silv.
946 4404 999 4449 et
1030 4394 1215 4450 Germ.
1246 4434 1264 4463 ,
1308 4395 1532 4463 reposita
1557 4434 1573 4462 ,
1616 4392 1720 4447 hoc

110 4481 204 4523 est.
262 4486 281 4523 ι
307 4481 428 4523 (ita.

110 4481 204 4533 est,
226 4471 428 4527 dilata.

180 4541 251 4612 (ε)
284 4540 456 4612 Apud
482 4541 604 4596 Par.
636 4538 993 4612 desideratur,
1023 4542 1075 4595 in
1100 4537 1358 4612 literrtico.
1388 4534 1614 4612 Propria
1645 4546 1726 4612 at:

111 4602 206 4681 que
234 4593 513 4669 διιιῖιίὴηδ
543 4620 667 4668 nota
697 4613 747 4666 in
779 4610 881 4666 huc
906 4593 1022 4667 erat
1045 4609 1266 4668 Saliellii
1297 4593 1550 4681 haeresis,
1583 4608 1727 4680 quod
1759 4593 1814 4653 D

114 4680 371 4741 unionem
422 4688 477 4738 in
512 4684 623 4740 Deo
672 4683 1028 4755 praediCaret;
1082 4695 1134 4738 at
1180 4680 1322 4755 quod
1369 4682 1624 4755 unionem
1674 4682 1726 4734 in

110 4756 328 4812 Christo
358 4753 681 4822 divideret,
727 4756 904 4809 minus
948 4754 1339 4811 innotescehnt.
1397 4753 1508 4807 Hoc
1547 4763 1726 4807 autem

110 4828 533 4889 fraudulenter,
563 4845 669 4883 non
699 4826 826 4881 illud
853 4867 869 4893 ,
898 4829 1208 4893 exprimunt
1236 4826 1470 4878 haeretici
1497 4842 1511 4891 ;
1559 4834 1613 4877 ut
1643 4838 1732 4878 ca-

114 4903 348 4956 tholicos
380 4901 646 4955 unionem
676 4901 729 4954 in
763 4899 872 4953 Deo
894 4899 1248 4962 detestantes,
1274 4905 1326 4949 et
1351 4897 1729 4950 distinctamm

114 4988 486 5037 personarum
519 4974 571 5025 in
606 4979 791 5026 natura
818 4972 1180 5042 mqualitatem
1208 4969 1528 5040 proﬁtentes
1548 5009 1563 5034 ,
1607 4982 1733 5023 cum

113 5046 358 5101 Sabellin
393 5045 603 5113 pariter
633 5043 906 5097 tltttttttent.

176 5115 259 5190 (ά)
306 5111 479 5176 Mss"
514 5117 569 5190 in
619 5113 895 5185 Virginem.
951 5112 1083 5167 Cum
1113 5112 1238 5166 unio
1264 5111 1329 5166 ad
1363 5124 1743 5190 personas”:-

110 5182 497 5254 l’crri'soieat;
533 5187 636 5241 hoc
670 5182 766 5255 per
795 5200 854 5240 se
894 5193 1049 5240 sonat
1075 5226 1089 5251 ,
1123 5197 1410 5251 personam
1442 5184 1495 5255 in
1523 5182 1741 5238 Christo

113 5276 215 5315 non
236 5264 427 5316 fuisse
458 5259 809 5330 singularem,
838 5268 896 5318 ut
919 5256 1280 5330 explicuimus
1297 5255 1401 5330 eoi.
1432 5254 1555 5330 {06,
1580 5263 1691 5330 not.
1712 5256 1746 5328 j

112 5331 276 5402 hujus
299 5326 602 5395 editionis,
625 5331 705 5384 sic
744 5339 923 5402 tamen
956 5326 1131 5402 potius
1152 5327 1561 5402 intelligendum
1593 5326 1746 5380 vide-

111 5397 226 5470 tur;
265 5416 330 5459 ut
363 5402 651 5458 Sabellius
680 5401 936 5457 unionem
964 5401 1017 5456 in
1048 5397 1270 5469 Virgine
1296 5398 1559 5470 diviserit,
1610 5412 1745 5467 qua-

117 5468 274 5532 tenus
321 5482 467 5546 post
514 5482 819 5546 susceptam
871 5475 923 5529 in
951 5487 1014 5528 ea
1041 5468 1258 5546 carnem
1289 5471 1475 5546 eidem
1503 5468 1612 5524 Deo
1644 5484 1743 5539 pa-

120 5548 219 5604 tris
246 5542 462 5605 ac'tilii
487 5542 700 5601 nomina
719 5545 1028 5601 adscribere
1049 5543 1306 5614 coeperit,
1337 5542 1612 5597 nominum
1650 5555 1747 5596 au-

116 5636 255 5690 gens
281 5634 615 5682 numerum.
649 5634 756 5673 non
784 5631 1162 5690 personarum.

186 5691 264 5766 (e)
302 5693 498 5766 Parl,
528 5706 706 5766 unum_
720 5684 804 5744 sit.
858 5687 1081 5766 [tectius
1119 5688 1172 5766 in
1201 5686 1323 5766 aliis
1353 5684 1505 5766 libris
1530 5725 1547 5752 ,
1584 5696 1748 5766 arma:

114 5756 216 5819 sint
242 5756 265 5816 ἓ
310 5774 378 5819 nt
414 5756 562 5817 Dens
578 5777 643 5817 ea:
664 5759 774 5817 Deo
794 5770 849 5817 et
880 5762 1082 5816 lentem
1106 5758 1403 5814 divinitatis
1426 5756 1668 5823 Patrem,
1698 5763 1757 5812 et

119 5836 328 5892 Filium
364 5835 474 5906 qui
505 5850 566 5888 ex
596 5849 667 5891 eo
690 5834 955 5906 originem
985 5831 1135 5888 ducit
1175 5830 1465 5903 signiﬁcet.
1523 5829 1599 5884 Ex
1649 5836 1765 5900 quo

124 5925 251 5968 mox
280 5904 671 5976 concluditur,
703 5921 766 5962 ac
788 5904 886 5978 per
906 5904 1003 5961 hoc
1027 5914 1189 5960 unum
1216 5910 1355 5959 situt.

1830 3375 1919 3426 eo,
1950 3358 2056 3414 nisi
2086 3357 2281 3425 virtus,
2314 3356 2421 3414 nisi
2446 3358 2575 3422 vita,
2607 3356 2713 3413 nisi
2738 3357 2854 3424 lux,
2881 3356 2985 3412 nisi
3011 3352 3310 3419 beatitudo,
3338 3351 3446 3408 nisi

1828 3452 2051 3522 spiritus
2078 3458 2183 3508 est.
2214 3450 2469 3508 Materies
2492 3450 2717 3508 hebetes
2742 3458 2933 3507 natura
2962 3450 3053 3506 illa
3080 3462 3188 3505 non
3218 3447 3443 3519 recipit,

1830 3558 2109 3616 neque‘ex
2139 3543 2368 3600 diversis
2392 3552 2609 3600 constat
2638 3552 2697 3599 ut
2735 3548 2982 3599 maneat:
3035 3542 3176 3599 Deus
3199 3579 3218 3611 ,
3259 3549 3320 3597 ut
3361 3546 3448 3598 est

1831 3640 1997 3706 Deus,
2028 3635 2172 3709 quod
2198 3642 2283 3694 est
2314 3647 2623 3709 permanet:
2654 3645 2711 3693 et
2738 3649 3065 3710 permanens
3093 3636 3236 3692 Deus
3265 3634 3438 3690 Deum

1899 3798 1988 3870 (Ξ)
2023 3795 2083 3853 In
2112 3795 2408 3865 anteriori,
2439 3795 2700 3852 inanium.

1902 3960 1994 4034 (l),
2017 3960 2151 4034 Tres
2181 3959 2302 4034 Vat.
2336 3972 2467 4034 mss;
2498 3966 2551 4034 et
2573 3956 2735 4034 Silv.,
2766 3954 3126 4034 ecclesiasticis
3146 3955 3444 4034 ﬁdei._ll:e~

1826 4022 1940 4089 rest.
1966 4022 2072 4086 'ltic
2102 4030 2394 4103 opponitur
2421 4026 2696 4103 Ecclesyt:
2745 4028 2901 4103 cujus
2935 4022 3058 4083 lidei
3091 4022 3175 4103 est
3222 4029 3445 4085 unitatis

1827 4105 2045 4175 religio,
2076 4099 2205 4174 quia
2235 4102 2493 4157 unitatem
2527 4102 2580 4155 in
2605 4099 2877 4155 Trinitate
2901 4108 2957 4154 et
2990 4099 3165 4156 credit
3195 4109 3252 4155 et
3274 4114 3447 4158 vene-

1830 4188 2003 4232 ratur.

1931 4249 1986 4318 ῃ)
2021 4246 2188 4311 Editi,
2215 4244 2620 4318 conclusionem:
2650 4241 3012 4300 emendantur
3041 4258 3106 4300 ex
3132 4240 3369 4315 scriptis.

1931 4269 1986 4318 ι)
2021 4269 2188 4311 ωυιιι,
2215 4269 2619 4300 ευηυιῑιδιυηεηιε
2650 4269 3011 4300 υιιιυιιυειιιιιπ
3041 4269 3106 4300 ει
3132 4269 3369 4315 δυημιιδ.

1929 4269 1985 4390 ἦ)
2018 4318 2077 4390 [n_
2104 4317 2250 4389 vulg.
2275 4360 2290 4385 ,
2320 4327 2373 4390 ut
2400 4317 2588 4390 oleum.
2636 4318 2705 4370 At
2730 4318 2783 4370 in
2814 4331 2941 4371 mss.
2977 4359 2990 4383 ,
3021 4317 3211 4390 utgolei
3237 4319 3447 4390 ,_taeita

1837 4386 1976 4447 voce
1997 4386 2300 4446 substantia.
2330 4389 2384 4443 In
2416 4389 2514 4443 hac
2540 4390 2807 4444 sententia
2838 4390 2998 4444 datur
3018 4386 3317 4443 substantia
3340 4389 3447 4446 Pa-

1840 4465 1909 4518 tri
1950 4472 2003 4517 et
2032 4462 2170 4517 Filio
2199 4461 2384 4532 prior,
2427 4476 2551 4533 qua:
2590 4461 2659 4515 ab
2702 4468 2935 4531 utroque
2963 4462 3285 4530 participato
3329 4462 3445 4518 sit:

1838 4552 1947 4605 quo
1973 4550 2138 4590 sensu
2172 4533 2494 4605 reprobatur
2523 4533 2842 4605 homousion
2880 4532 3082 4605 libLlV,
3118 4548 3264 4587 num.
3295 4533 3351 4587 4.

1915 4608 1977 4679 (i)
2009 4607 2137 4662 Sola
2169 4605 2334 4679 editio
2364 4602 2487 4679 Par.
2518 4621 2714 4676 papyro
2740 4604 2923 4658 eidem.
2972 4603 3217 4675 Papyrus
3242 4605 3451 4679 vel_pa-

1843 4676 2036 4752 pyrum
2066 4686 2147 4732 est
2177 4677 2346 4752 herba
2380 4676 2606 4752 Ntlmica
2634 4719 2646 4735 .
2680 4679 2835 4745 cujus
2869 4691 2997 4752 usus
3029 4693 3135 4730 non
3158 4676 3445 4752 unus_l‘uit.

1849 4747 1924 4806 Ex
1969 4767 2035 4804 eo
2066 4747 2495 4803 conﬁciebantur
2523 4748 2730 4801 chartae
2757 4789 2770 4811 ,
2820 4747 2936 4819 vela
2963 4790 2977 4812 ,
3022 4756 3226 4819 tegetes
3248 4790 3264 4815 ,
3296 4747 3457 4805 funes

1847 4821 2070 4885 nautici,
2096 4830 2199 4874 etc.
2228 4819 2369 4875 Usus
2398 4834 2610 4891 quoque
2638 4819 2757 4891 ejus
2786 4818 2853 4891 ad,
2878 4834 3070 4875 cereos
3091 4835 3155 4875 ae
3175 4818 3457 4890 lampades

1848 4895 2093 4949 meminit
2114 4890 2605 4959 GregoriusPapa,
2635 4890 2669 4944 l.
2705 4907 2722 4946 ι
2752 4890 2949 4945 Di-il.c.
2979 4892 3015 4947 5
3047 4906 3060 4943 :
3098 4890 3291 4947 Omnes
3317 4893 3452 4946 lam-

1848 4966 2010 5029 pades
2039 4964 2267 5018 ecclesia:
2292 4961 2521 5031 impleuit
2551 4971 2685 5032 aqua
2710 5005 2722 5021 .
2770 4973 2923 5032 atque
2959 4978 3025 5017 ea:
3051 4980 3189 5017 more
3210 4965 3263 5017 in
3290 4965 3463 5020 medie

1852 5052 2110 5109 papyrum
2142 5036 2332 5109 posuit.
2373 5033 2667 5109 Gregorius
2692 5032 2906 5109 fromn,
2944 5033 3017 5089 de
3063 5035 3199 5090 Vitis
3235 5035 3457 5090 Patrum

1854 5104 1905 5164 ὸ.
1931 5104 1985 5173 8⁷,
2019 5104 2347 5178 mentionem
2383 5105 2508 5160 facit
2533 5104 2798 5178 cicindilis
2823 5146 2839 5172 ,
2890 5105 2944 5159 in
2974 5120 3074 5176 quo
3114 5120 3207 5159 nec
3229 5120 3459 5178 papyrus

1856 5180 2056 5306 additis.
2082 5177 2296 5305 ηεσόοωὶ
2316 5188 2460 5249 gutta
2490 5175 2738 5233 stillantis
2765 5175 2992 5252 adjecta.
3025 5175 3255 5233 Densum
3282 5175 3463 5233 Pauli-

1861 5268 1963 5306 nus
2040 5262 2141 5306 at..
2238 5268 2251 5302 :

1861 5268 1963 5307 nus
1992 5262 2141 5315 Nat.,
2172 5262 2206 5305 5
2238 5268 2251 5302 :

1983 5329 2121 5393 Clara
2147 5333 2443 5381 coronantur
2461 5328 2631 5393 densis
2655 5329 2826 5379 altaria
2850 5327 3059 5393 lychnis,

1982 5392 2187 5442 Lumina
2210 5395 2392 5444 ceratis
2412 5392 2671 5443 adolentur
2694 5394 2844 5443 odora
2868 5392 3081 5456 papyris.

1859 5466 2001 5522 Hine
2040 5464 2232 5521 Joanni
2266 5467 2333 5520 de
2363 5466 2556 5530 Janua,
2604 5480 2833 5536 papyrus
2882 5464 3071 5519 dicitur
3089 5463 3240 5536 quasi
3268 5478 3462 5534 parans

1859 5538 2189 5613 ρρρῂηἱιῌξξ-ι,Δ
2207 5539 2375 5613 ignem
2399 5556 2411 5591 :
2440 5536 2691 5613 subtiliits
2715 5542 2879 5613 torte,
2913 5546 3073 5613 quam
3097 5538 3295 5591 verius.

1938 5609 2010 5684 (j)
2054 5608 2192 5664 liditi
2213 5606 2429 5684 (inane.
2473 5608 2570 5665 Ms.
2602 5606 2777 5684 Corh._
2804 5622 2833 5663 a
2862 5606 3037 5684 prima
3063 5622 3223 5662 manu
3246 5649 3261 5675 ,
3300 5609 3481 5664 inani-

1866 5680 2007 5736 "tum
2038 5696 2058 5737 :
2095 5697 2125 5735 a
2174 5681 2409 5736 secunda
2449 5694 2573 5736 cum
2600 5682 2844 5743 caeteris,
2887 5680 3121 5734 inanium
3143 5696 3165 5735 :
3191 5692 3295 5751 qua
3341 5692 3477 5737 voce

1869 5762 2096 5825 negatur
2140 5752 2279 5808 Deus
2320 5754 2681 5823 consequentia
2719 5754 2951 5825 corporis
2991 5752 3261 5809 Sustinere
3289 5770 3305 5806 :
3336 5756 3480 5810 sicut

1866 5824 2029 5881 antea
2060 5825 2317 5896 probatur
2347 5840 2455 5880 non
2485 5839 2608 5882 esse
2635 5834 2836 5895 corpus
2857 5866 2871 5892 ,
2904 5824 2958 5881 in
2988 5834 3097 5896 quo
3132 5825 3267 5881 nihil
3290 5841 3482 5897 corpo-

1870 5898 1981 5953 ralc
2008 5897 2293 5955 asseritur.
3397 5923 3401 5927 -
