4040 6328
647 327 748 384 1137

1824 323 2072 381 SANCTI
2113 320 2374 378 HlLAllll
2413 321 2725 379 EPISCOPI

3794 343 3863 399 168

641 446 846 518 genuit.
901 445 1017 502 Non
1047 445 1389 502 continentur
1416 485 1432 513 ,
1482 453 1538 500 ut
1563 443 1769 514 lampas
1795 452 1849 498 et
1878 444 2080 512 lampas
2107 483 2121 507 ,
2156 449 2247 496 aut
2272 441 2316 501 Α
2351 455 2414 494 ex
2448 441 2557 497 Deo
2589 451 2773 496 natum
2812 441 3129 512 prcedicaret
3151 486 3166 510 ,
3199 445 3522 504 nativitatem
3555 451 3660 521 ejus
3677 455 3734 511 ad
3756 474 3867 516 cm.

640 543 869 615 lychnus
895 550 950 597 et
993 541 1219 612 lychnus
1243 581 1257 603 ,
1293 539 1565 596 exteriore
1593 549 1803 594 natura.
1859 536 2126 607 Unigeniti
2173 550 2238 591 ex

643 637 753 694 Deo
782 637 871 692 Dei
905 636 1151 690 nativitas
1183 650 1289 690 non
1321 633 1491 690 series
1513 642 1629 700 est,
1656 631 1750 688 sed
1780 631 2062 702 progenies
2088 671 2102 694 ,
2133 645 2238 682 non

638 739 844 786 tractus
872 739 993 797 est,
1025 729 1120 786 sed
1151 745 1217 785 ex
1253 729 1456 784 lumine
1489 726 1566 800 (Ι)
1618 727 1823 782 lumen.
1869 724 1947 798 (a)
1995 723 2241 779 Luminis

641 834 848 880 natura:
882 823 1060 880 unitas
1085 836 1191 888 est,
1221 840 1327 878 non
1353 839 1417 878 ex
1449 821 1786 878 connexione
1816 817 2107 890 porreetio.

721 921 809 977 15.
851 919 947 975 Dei
985 935 1051 974 ea:
1102 918 1210 974 Deo
1247 918 1480 973 nativitas
1503 917 1838 987 impugnata,
1879 913 2142 968 asseritur.
2168 939 2241 951 ——

634 1012 753 1068 Jam
783 1028 912 1068 vero
943 1013 996 1066 in
1021 1027 1088 1068 eo
1113 1020 1312 1079 quanta
1336 1009 1602 1064 haeretica:
1627 1007 1839 1062 astutia:
1861 1014 1914 1060 et
1939 1019 2100 1075 quam
2129 1002 2240 1057 cal-

639 1106 744 1162 lida
781 1105 1047 1177 professio
1085 1103 1222 1159 fuit:
1252 1122 1271 1155 ‹
1309 1102 1419 1158 Nec
1448 1102 1536 1170 qui
1571 1100 1667 1154 fuit
1707 1107 1862 1167 ante,
1895 1094 2237 1168 postmodum

636 1209 820 1257 natum
856 1199 944 1256 vel
981 1207 1386 1270 supercreatum
1435 1197 1487 1252 in
1528 1195 1717 1251 filium.
1751 1213 1770 1246 ›
1817 1193 1956 1248 Deus
1981 1232 1995 1257 ,
2038 1190 2129 1261 qui
2170 1205 2236 1244 ex

636 1296 747 1350 Deo
775 1305 934 1349 natus
955 1303 1068 1360 est,
1101 1307 1209 1348 non
1232 1293 1413 1361 utique
1442 1299 1599 1344 natus
1627 1304 1694 1344 ex
1727 1285 1898 1342 nihilo
1919 1292 2004 1340 est
2023 1326 2038 1348 ,
2065 1298 2239 1353 neque

633 1388 702 1445 de
744 1402 850 1443 non
890 1375 1224 1443 exstantibus
1267 1392 1424 1440 natus
1462 1393 1574 1447 est;
1617 1379 1711 1437 sed
1776 1378 2068 1435 nativitatis
2125 1392 2236 1432 suae

633 1483 901 1538 viventem
931 1479 1117 1534 habuit
1147 1487 1417 1534 naturam.
1447 1475 1556 1530 Nec
1585 1475 1725 1530 idem
1756 1474 1896 1528 Deus
1915 1513 1930 1537 ,
1960 1471 2052 1542 qui
2083 1479 2234 1536 erat;

635 1573 731 1630 sed
769 1573 908 1628 Deus
943 1586 1005 1628 ex
1048 1571 1186 1637 Deo,
1220 1569 1310 1640 qui
1350 1578 1501 1634 erat,
1537 1573 1695 1620 natus
1733 1576 1854 1619 est:
1887 1571 1942 1618 et
1985 1560 2237 1616 nativitas

634 1665 821 1723 habuit
864 1664 1091 1736 originis
1125 1677 1237 1718 suae
1270 1663 1322 1717 in
1355 1661 1468 1732 ipsa
1507 1674 1602 1714 sua
1643 1656 1924 1712 nativitate
1962 1664 2230 1709 naturam.

637 1757 716 1831 (‘2)
751 1758 808 1814 Si
854 1773 919 1813 ex
971 1765 1158 1812 nostro
1196 1755 1499 1826 loquimur,
1544 1751 1843 1807 insolentes
1887 1763 2116 1804 sumus:
2150 1747 2231 1801 sin

2348 534 2508 587 tionis
2533 535 2775 590 referens
2797 534 2861 588 de
2887 551 2992 590 non
3017 537 3360 592 exstantibus
3387 541 3708 602 voluntatem.

2419 626 2508 683 M.
2549 627 2665 693 Qua
2695 636 2808 680 arte
2836 625 3034 682 Filium
3061 645 3124 683 ea:
3149 630 3310 686 nihilo
3339 633 3565 689 innuant.
3593 666 3656 678 -—
3683 641 3868 711 Denique

2347 728 2466 788 post
2505 719 2670 774 multa
2701 719 2769 774 ad
2815 720 2865 775 id
2907 729 3180 792 tamquam
3216 739 3282 778 ex
3315 739 3607 798 praeparato
3639 733 3725 788 sibi
3757 738 3865 793 aditu

2347 813 2595 883 prorupit
2621 812 2806 869 dicens
2829 833 2841 870 :
2873 812 3038 870 Filius
3063 826 3246 872 autem
3274 820 3391 876 sine
3419 833 3645 894 tempore
3670 827 3812 885 editus
3831 844 3869 887 et

2341 916 2466 961 ante
2510 906 2703 962 szecula
2735 919 2948 962 creatus
2979 920 3034 964 et
3073 907 3323 966 fundatus
3343 953 3358 977 ,
3391 930 3494 969 non
3522 916 3614 972 fuit
3641 930 3865 992 antequam

2343 1009 2675 1056 nasceretur.
2704 999 3049 1070 Temperavit
3086 1017 3173 1067 se,
3208 1002 3286 1076 (ά)
3318 1016 3568 1075 quantum
3610 1023 3759 1080 putat,
3785 1015 3866 1071 lia:-

2344 1093 2545 1150 reticus
2573 1109 2752 1150 sermo
2772 1104 2828 1149 et
2857 1097 2921 1149 ad
2955 1096 3246 1166 impietatis
3270 1099 3738 1173 conﬁrmationem,
3758 1118 3801 1162 et
3822 1113 3866 1164 ad

2339 1185 2622 1240 calumniae
2647 1227 2663 1253 ,
2712 1186 2757 1242 si
2799 1187 3030 1258 qumstio
3065 1188 3458 1257 intenderetur,
3501 1200 3865 1266 excusationem,

2339 1277 2557 1334 dicens:
2588 1295 2688 1333 non
2739 1291 2845 1334 erat
2871 1292 3142 1352 antequam
3169 1296 3464 1340 nasceretur
3485 1304 3504 1342 :
3532 1299 3587 1343 ut
3614 1291 3660 1344 in
3683 1307 3740 1348 eo
3759 1296 3864 1363 quod

2339 1370 2573 1426 nonfuit
2615 1371 2689 1444 (ε)
2733 1384 3022 1445 antequam
3065 1377 3330 1445 nascitur,
3385 1392 3622 1436 naturam
3657 1384 3701 1438 ei
3737 1386 3865 1441 Subsi-

2339 1463 2531 1518 stentis
2551 1464 2772 1536 originis
2793 1465 3082 1537 denegaret
3108 1510 3124 1534 ,
3147 1478 3202 1523 ct
3223 1470 3475 1540 erupisset
3498 1488 3613 1530 esse
3631 1475 3692 1531 de
3716 1477 3863 1544 nihilo,

2338 1557 2424 1612 cui
2457 1566 2577 1613 ante
2616 1559 2948 1616 nativitatem
2980 1575 3129 1615 suam
3161 1563 3402 1621 existens
3429 1582 3532 1620 non
3561 1567 3755 1625 daretur
3777 1588 3866 1626 auc-

2339 1651 2564 1706 toritas:
2596 1659 2705 1706 tum
2751 1669 2912 1723 porro
2949 1655 2992 1710 si
3035 1655 3332 1727 irreligioso
3371 1659 3474 1715 hoc
3511 1661 3697 1719 dictum
3732 1667 3866 1721 existi-

2335 1752 2605 1808 maretur,
2639 1744 2852 1800 adesset
2874 1747 2922 1801 ei
2956 1759 3202 1818 prompta
3233 1749 3510 1822 defensio,
3537 1755 3600 1822 (Γ)
3630 1757 3735 1828 quia
3761 1760 3863 1814 nasci

626 1867 756 1910 vero
793 1851 861 1907 ad
890 1849 1218 1922 loquendum
1264 1849 1487 1905 edoctos
1526 1861 1624 1901 nos
1655 1861 1751 1917 per
1800 1845 1964 1902 Deum
2010 1841 2231 1898 docebi-
2262 1841 2311 1901 B
2339 1838 2428 1908 qui
2457 1847 2573 1892 erat
2605 1854 2707 1893 non
2738 1838 2938 1909 potuit;
2965 1857 3139 1912 neque
3168 1846 3257 1915 qui
3281 1855 3441 1900 antea
3471 1860 3643 1914 esset,
3673 1853 3863 1907 nascendi

627 1965 779 2017 mus,
805 1947 1055 2003 nativitas
1081 1946 1173 2000 Dei
1211 1942 1506 2000 secundum
1543 1941 1844 1997 doetrinam
1877 1939 1966 1994 Dei
1994 1949 2076 1993 est
2102 1951 2232 1993 con-

630 2043 852 2100 fitenda.
886 2042 1035 2096 lianc
1061 2041 1222 2111 igitttr
1257 2039 1309 2093 itt
1347 2037 1506 2093 Patre
1549 2045 1605 2092 et
1643 2034 1777 2090 Filio
1815 2042 2019 2088 naturae
2051 2031 2227 2087 unita-

631 2147 769 2202 tem,
803 2142 858 2191 et
894 2133 997 2190 hoc
1042 2132 1270 2188 viventis
1303 2129 1591 2186 nativitatis
1639 2126 2000 2183 inenarrabile
2048 2139 2231 2180 sacra-

624 2237 866 2284 mentum
891 2225 1180 2283 excludere
1205 2225 1487 2280 ltzereticus
1511 2221 1658 2277 furor
1686 2228 1899 2276 tentans
1922 2219 2030 2286 ait,
2061 2237 2079 2271 ι
2113 2215 2226 2272 Νοη

623 2339 780 2387 eum,
819 2323 910 2394 qui
948 2320 1045 2376 fuit
1095 2329 1256 2386 ante,
1290 2315 1633 2390 postmodum
1682 2323 1866 2371 natum
1909 2312 1992 2368 vel
2039 2327 2228 2382 super-

622 2426 863 2473 creatum
893 2415 945 2471 in
979 2414 1167 2469 lilium.
1200 2433 1219 2466 ι
1245 2412 1376 2481 Quis
1397 2411 1542 2467 enim
1577 2420 1685 2464 tam
1713 2423 1947 2464 vesanus
1985 2406 2126 2471 erit,
2170 2413 2227 2460 ut

623 2509 888 2566 defecisse
917 2523 947 2562 a
991 2523 1051 2564 se
1090 2507 1302 2562 Patrem
1345 2514 1526 2576 putet;
1569 2512 1627 2559 ut
1667 2502 1843 2568 idem,
1881 2501 1970 2572 qui
2010 2499 2220 2566 fuerat,

624 2614 810 2673 postea
878 2611 1190 2658 nasceretur
1216 2601 1298 2656 vel
1329 2608 1769 2670 supercrearetur
1815 2597 1866 2650 in
1923 2594 2126 2658 lilium;
2172 2601 2226 2648 et

621 2706 766 2752 esset
793 2695 1019 2751 abolitio
1041 2695 1165 2760 Dei,
1197 2703 1256 2749 ut
1284 2691 1596 2748 succederet
1616 2690 1685 2746 de
1710 2689 2002 2744 abolitione
2027 2686 2225 2742 nativi-

623 2795 742 2856 tas,
775 2802 896 2843 cum
928 2787 1179 2842 nativitas
1199 2793 1507 2842 manentem
1538 2792 1764 2839 testetur
1786 2780 2096 2836 auctorem?
2125 2779 2220 2835 Vel

623 2881 742 2952 quis
779 2891 886 2936 tam
913 2879 1138 2936 demens
1179 2888 1296 2946 est,
1343 2889 1399 2933 ut
1439 2876 1742 2934 substitisse
1786 2874 1951 2930 filium
2010 2873 2111 2929 nisi
2155 2888 2222 2928 ex

619 2974 898 3030 nativitate
929 2973 1197 3030 fateatur?
1227 2972 1360 3041 Quis
1389 2985 1555 3043 porro
1599 2981 1705 3024 tam
1735 2983 1923 3024 vecors
1944 3008 1958 3031 .
1991 2967 2081 3037 qui
2113 2980 2220 3021 non

619 3067 894 3124 exstitisse
941 3066 1109 3123 Deum
1149 3082 1216 3122 ex
1263 3079 1329 3120 eo
1368 3063 1510 3136 quod
1556 3063 1697 3118 Deus
1749 3062 1986 3117 nascitur
2027 3060 2222 3116 audeat

616 3160 950 3232 praedicare?
992 3158 1108 3215 Non
1153 3159 1298 3215 enim
1344 3159 1433 3229 qui
1483 3157 1737 3214 manebat
1783 3155 1959 3219 Deus,
2015 3153 2110 3210 sed
2151 3170 2215 3209 ex

2333 1947 2551 1988 causam
2581 1932 2659 2008 (g)
2693 1950 2967 2006 perquam
2996 1948 3138 1993 esset
3177 1938 3486 2006 habuisset;
3528 1959 3640 1999 eum
3677 1947 3864 2000 nativitas

2333 2025 2398 2079 ad
2424 2025 2473 2080 id
2501 2025 2739 2096 proficiat
2758 2070 2771 2093 ,
2810 2039 2864 2081 ut
2885 2029 3140 2084 subsistat
3162 2046 3282 2086 esse
3311 2034 3403 2102 qui
3432 2035 3678 2090 nascitur.
3698 2038 3864 2092 OStnlte

2332 2125 2496 2188 atque
2532 2119 2729 2188 impie,
2768 2122 2892 2190 quis
2932 2123 3262 2180 nativitatem
3295 2137 3573 2196 exSpectet
3604 2130 3651 2184 in
3687 2145 3769 2195 eo,
3804 2132 3861 2201 qui

2331 2213 2449 2268 sine
2473 2212 2750 2268 nativitate
2776 2214 3073 2270 subsistat?
3107 2219 3210 2272 Aut
3238 2221 3514 2290 quomodo
3539 2225 3625 2292 qui
3656 2233 3728 2278 est
3758 2227 3860 2278 nasci

2333 2305 2719 2361 existimandus
2745 2317 2859 2373 est,
2891 2325 3012 2363 cuin
3045 2312 3299 2367 nativitas
3326 2323 3518 2370 natura
3554 2317 3773 2372 nascendi
3793 2318 3863 2371 sit?

2329 2395 2433 2452 Sed
2456 2398 2684 2456 subdole
2719 2399 2783 2455 ad
2819 2403 3113 2473 uegandam
3143 2421 3208 2460 ex
3236 2406 3349 2463 Deo
3371 2417 3527 2477 patre
3553 2411 3774 2482 unigeniti
3799 2411 3860 2465 Dei

2329 2492 2661 2548 nativitatem
2707 2496 3079 2563 contendens,
3127 2514 3222 2569 per
3265 2499 3314 2554 id
3356 2502 3504 2572 quod
3547 2506 3749 2575 nonfuit
3780 2516 3860 2557 ante

2327 2600 2480 2655 quant
2512 2599 2804 2644 nasceretur
2836 2589 3066 2645 evadere
3095 2593 3338 2659 voluisti;
3365 2595 3453 2667 (li)
3485 2598 3621 2667 quod
3662 2598 3790 2664 Deus,
3817 2614 3858 2652 ex

2327 2696 2434 2749 quo
2459 2681 2548 2735 Dei
2574 2681 2713 2737 filius
2736 2692 2890 2738 natus
2912 2696 3171 2754 est,erat;
3189 2699 3542 2761 maneretque
3572 2691 3656 2746 Dei
3691 2703 3855 2755 natura,

2326 2789 2393 2829 ex
2433 2790 2535 2845 qua
2578 2774 2718 2829 filius
2760 2777 2900 2831 Deus
2937 2777 3213 2834 nativitate
3256 2783 3529 2838 subsistit.
3573 2783 3625 2840 Si
3662 2785 3790 2855 igitur
3812 2800 3852 2838 et

2328 2867 2437 2923 Deo
2468 2880 2623 2924 natus
2651 2880 2764 2936 est,
2797 2872 3066 2927 manentis
3093 2882 3304 2929 natura:
3347 2877 3650 2934 confitenda
3675 2879 3850 2934 nativitas

2324 2971 2442 3027 est;
2476 2977 2581 3017 non
2619 2972 2674 3016 tit
2713 2963 2851 3018 Deus
2879 2964 2968 3033 qui
3011 2974 3128 3019 erat
3157 2979 3503 3038 nasceretur,
3533 2973 3622 3026 sed
3645 2981 3694 3027 ut
3715 2988 3764 3026 ex
3784 2972 3854 3023 Deo

2323 3055 2389 3126 (i)
2412 3055 2501 3125 qui
2529 3066 2646 3109 erat
2680 3055 2772 3110 Dei
2811 3057 3060 3110 nativitas
3086 3058 3502 3131 intelligeretur.

2397 3148 2485 3202 15.
2520 3145 2745 3202 [heresis
2767 3147 2970 3214 audax,
2995 3150 3084 3204 sed
3111 3152 3434 3220 imprudens.
3461 3154 3528 3210 In
3555 3157 3718 3227 quibus
3733 3172 3852 3227 agre,

614 3266 868 3311 manente
898 3253 1011 3310 Deo
1044 3253 1185 3308 Deus
1223 3261 1382 3307 natus
1411 3260 1528 3317 est,
1563 3261 1754 3305 tenens
1781 3250 1834 3304 in
1879 3264 1936 3304 se
1963 3257 2209 3304 naturam
2239 3247 2284 3310 C
2315 3243 2562 3310 inquibus
2578 3243 2781 3313 [acilius
2799 3244 3220 3300 curetur.—Sed
3248 3247 3582 3320 irreligiosos
3609 3260 3749 3306 testas
3766 3262 3854 3304 suos

613 3344 879 3417 gignentia
913 3346 966 3402 in
1008 3346 1290 3401 nativitate
1325 3353 1550 3399 naturae.
1581 3342 1846 3397 Nativitas
1868 3352 2049 3398 autem
2083 3342 2210 3408 Dei,

612 3453 734 3509 qua;
753 3455 822 3494 ex
852 3439 961 3495 Deo
990 3439 1042 3493 in
1093 3438 1259 3493 Deum
1291 3437 1531 3502 exstitit,
1571 3450 1680 3490 non
1729 3451 1848 3504 qua:
1900 3450 2006 3488 non
2057 3432 2215 3506 142

615 3541 766 3586 erant
792 3539 968 3598 tenet,
992 3530 1086 3586 sed
1112 3529 1187 3601 (b)
1209 3546 1329 3600 qua:
1353 3528 1445 3583 Dei
1465 3527 1754 3582 manebant
1774 3534 1828 3581 et
1845 3533 2094 3588 manent,
2115 3525 2212 3580 ob-

613 3622 775 3678 tinuit
804 3623 1031 3678 veritate
1058 3621 1332 3678 nascendi.
1366 3621 1480 3676 Non
1510 3635 1638 3690 ergo
1668 3619 1758 3689 qui
1801 3617 1874 3691 (c)
1907 3625 2023 3674 erat
2057 3627 2214 3672 natus

612 3725 725 3784 est;
744 3717 838 3774 sed
857 3733 924 3774 ex
942 3718 1023 3774 his
1041 3726 1202 3788 atque
1220 3717 1271 3772 iu
1295 3715 1401 3783 his,
1424 3729 1544 3786 qum
1567 3713 1659 3768 Dei
1681 3721 1836 3767 erant
1851 3754 1866 3779 ,
1895 3712 2034 3768 Deus
2053 3720 2210 3767 natus

609 3811 835 3868 exstitit.
883 3809 1072 3866 Omnis
1118 3810 1280 3880 igitur
1325 3809 1412 3864 hic
1467 3807 1714 3879 superior
1759 3806 2024 3863 haereticze
2065 3807 2210 3862 frau-

607 3904 864 3961 dulentia:
892 3919 1073 3961 sermo
1103 3902 1241 3959 hanc
1269 3903 1411 3958 viam
1441 3901 1774 3972 impiissimae
1805 3899 2065 3956 doctrina:
2093 3891 2208 3954 suae

607 3997 960 4068 praeparavit:
987 4005 1045 4051 ut
1069 3995 1596 4066 UnigenitumDeum
1616 4001 1870 4066 negatura
1891 4035 1906 4060 ,
1933 4001 2204 4064 tamquam

605 4092 816 4148 ratione
840 4089 1078 4148 veritatis
1099 4099 1224 4147 ante
1247 4087 1524 4162 praemissa
1545 4129 1558 4154 ,
1582 4103 1650 4146 ex
1675 4087 1842 4143 nihilo
1863 4087 2200 4158 potiusquam

664 4237 747 4311 (ι)
786 4236 955 4294 Abest
978 4239 1168 4294 lumen.

677 4375 753 4460 (a)
792 4375 851 4432 In
890 4376 1146 4460 vulgatis,
1175 4392 1239 4432 ea:
1273 4377 1464 4460 lumine
1501 4375 1709 4460 luminis
1747 4385 1956 4460 natura.
1993 4373 2200 4459 Unitas.

598 4447 864 4505 Addimus
890 4449 1060 4504 lumen
1089 4465 1154 4506 ex
1188 4465 1288 4504 ms.
1320 4447 1474 4504 Colb.
1519 4449 1748 4520 aliisque
1790 4447 2004 4503 duobus
2025 4488 2042 4513 ,
2081 4450 2202 4518 qui-

602 4521 704 4578 bus
735 4522 824 4576 alii
855 4532 1049 4578 eaetera
1077 4522 1438 4578 consentiunt.

668 4593 747 4667 (b)
790 4593 863 4648 Ita
896 4609 1026 4649 mss.
1059 4593 1201 4649 Editi
1236 4609 1388 4667 vero,
1419 4607 1533 4660 qua:
1554 4591 1608 4667 in
1648 4588 1760 4645 Deo
1805 4591 2098 4667 manebant.
2125 4590 2199 4667 Ut

597 4660 799 4721 Hilario
841 4667 1104 4722 familiare
1146 4677 1226 4721 est
1273 4665 1495 4721 verbum
1544 4660 1684 4716 Deus
1737 4679 1832 4730 pro
1891 4664 2080 4729 Patre,
2122 4663 2194 4718 ita

595 4754 802 4794 manere
847 4753 946 4805 pro
975 4753 1098 4794 esse
1139 4738 1258 4792 sine
1303 4734 1597 4791 exsistendi
1637 4733 1810 4788 initio.
1849 4733 2004 4789 Unde
2052 4737 2194 4805 quod

593 4809 682 4866 hic
709 4826 826 4877 qua:
850 4805 949 4865 Dei
980 4810 1280 4877 manebant,
1313 4824 1437 4862 mox
1465 4805 1659 4861 dicitur
1687 4822 1799 4875 quia
1829 4807 1924 4860 Dei
1953 4817 2120 4861 erant.

665 4881 739 4953 (ο)
779 4882 835 4938 In
883 4897 986 4936 ms.
1028 4881 1249 4953 Carnut.
1299 4893 1328 4932 a
1374 4879 1610 4953 secunda
1647 4893 1820 4953 manu
1869 4877 1958 4933 hic
1998 4893 2192 4953 super-

591 4948 790 5024 scripta
821 4965 904 5008 est
937 4952 1217 5024 particula,
1246 4967 1380 5014 non,
1413 4965 1532 5024 qua:
1571 4948 1767 5003 deinde
1801 4951 1853 5004 in
1893 4949 2188 5024 unoColb.

593 5021 807 5080 necnon
830 5025 884 5078 in
912 5023 1020 5080 edit
1049 5024 1140 5078 Er.
1163 5064 1177 5090 ,
1205 5023 1350 5090 Lips.
1378 5030 1432 5075 et
1462 5021 1583 5074 l’ar.
1611 5035 1889 5088 perperam
1918 5023 2150 5077 obtinuit
2174 5041 2186 5076 :

589 5096 981 5153 reluctantibus
1013 5096 1133 5149 aliis
1180 5095 1350 5150 libris.
1393 5093 1652 5165 Dicebant
1691 5093 1911 5158 Ariani,
1959 5091 2072 5165 Nec
2104 5097 2192 5165 qui

587 5169 689 5240 fuit
724 5177 844 5240 ante
865 5207 881 5240 ,
910 5165 1234 5237 postmodum
1264 5178 1472 5230 natum,
1503 5163 1706 5219 directe
1743 5165 1956 5240 quidem
1991 5163 2187 5221 adver-

584 5237 678 5295 t'sus
726 5239 1057 5304 Sabellium,
1107 5247 1439 5292 asserentem
1485 5251 1642 5302 eum,
1690 5237 1780 5305 qni
1832 5237 1992 5291 Pater
2027 5246 2184 5303 erat,

582 5326 704 5366 cum
734 5309 1076 5381 postmodum
1107 5319 1265 5364 natus
1291 5315 1464 5381 esset,
1498 5307 1592 5362 lilii
1618 5308 2036 5381 appellationem
2065 5324 2186 5365 esse

582 5379 831 5438 sortitum
855 5398 870 5448 ;
899 5381 1117 5451 oblique
1143 5391 1320 5451 autem
1347 5379 1608 5434 adversus
1633 5381 1953 5434 catholicam
1983 5380 2142 5434 ﬁdem
2167 5425 2182 5447 ,

581 5452 777 5509 Filium
805 5453 870 5507 de
904 5469 1008 5506 non
1034 5450 1372 5508 exstantibus
1408 5451 1682 5505 insinuare
1711 5453 2015 5506 molientes.
2049 5451 2176 5520 Qui-

578 5527 682 5581 bus
711 5527 784 5580 ita
830 5524 1122 5591 respondet
1167 5522 1432 5586 Hilarius,
1467 5533 1526 5576 ut
1563 5532 1617 5576 et
1662 5524 1899 5590 ipsorum
1946 5524 2172 5592 repellat

577 5604 726 5651 artes
747 5637 762 5660 ,
793 5603 848 5650 et
869 5595 1150 5652 catholica
1175 5594 1296 5648 fidei
1327 5593 1461 5649 nihil
1483 5609 1603 5649 cum
1627 5593 1860 5649 Sabellio
1887 5610 2174 5652 commune

574 5681 698 5724 esse
745 5667 1099 5738 demonstret.
1149 5668 1410 5738 Superius
1456 5666 1602 5721 enim
1647 5677 1834 5720 contra
1882 5666 2171 5738 Sabellium

572 5738 885 5809 praemittit,
921 5736 1033 5792 Nec
1072 5736 1394 5793 idem'Deus
1419 5738 1506 5804 qui
1544 5747 1650 5791 erat
1695 5747 1846 5809 natus
1883 5747 1976 5792 est.
2015 5737 2170 5805 Quod

571 5808 660 5882 ubi
696 5809 1225 5882 probavit,idipsum
1253 5809 1616 5882 conclusionis
1641 5809 1691 5882 in
1724 5808 1940 5863 modum
1972 5813 2170 5882 repetit

570 5881 656 5943 his
694 5880 812 5940 aliis
840 5881 1018 5937 verbis
1040 5922 1056 5952 ,
1076 5880 1212 5938 'Non
1241 5899 1356 5955 ergo
1381 5881 1470 5952 qui
1495 5891 1604 5938 erat
1635 5881 1763 5954 (hoc
1789 5889 1904 5951 est,
1935 5897 2040 5940 non
2073 5881 2172 5940 Pa-

2319 3337 2466 3392 calor
2494 3336 2778 3392 lltltl'clicus
2804 3354 2910 3393 non
2936 3341 3205 3406 continet;
3229 3352 3282 3396 et
3311 3358 3408 3412 per
3427 3344 3477 3398 id
3509 3347 3642 3415 quod
3659 3347 3746 3410 ait,
3784 3360 3853 3396 non

2318 3441 2426 3485 erat
2454 3444 2722 3502 antequam
2751 3443 3063 3500 nasceretur,
3090 3433 3138 3488 id
3159 3435 3432 3504 laborans,
3465 3451 3521 3493 ut
3553 3438 3694 3512 143
3711 3439 3763 3493 tle
3782 3452 3854 3491 nun
3950 3421 3951 3447 ἦ

2318 3527 2652 3582 exstantibus
2692 3537 3024 3596 nasceretur,
3061 3529 3111 3582 id
3157 3541 3268 3594 eSt,
3299 3547 3405 3586 non
3455 3551 3485 3588 a
3536 3535 3642 3591 Deo
3674 3544 3792 3604 patre
3821 3533 3853 3585 in
3948 3585 3949 3595 .

2320 3617 2489 3672 Deum
2525 3620 2692 3674 lilium
2727 3636 2852 3676 vera
2881 3631 2934 3677 et
2962 3622 3196 3692 perfecta
3237 3626 3519 3684 nativitate
3556 3641 3696 3683 natus
3720 3638 3852 3689 esset,

2319 3712 2373 3767 itt
2398 3713 2509 3783 ipsa
2547 3717 2708 3771 totius
2742 3713 3096 3786 expositionis
3122 3719 3481 3777 eonelusinne
3501 3722 3565 3777 ad
3591 3723 3795 3776 ultimum
3819 3730 3854 3775 et
3946 3733 3947 3741 ‘

2318 3807 2754 3877 profanissimum
2794 3810 3080 3882 irreligiosi
3123 3811 3320 3870 furoris
3367 3818 3452 3870 sui
3499 3817 3723 3889 prorupit
3742 3813 3855 3869 ardo-

2318 3915 2470 3966 rem,
2512 3901 2737 3958 dicens:
2774 3921 2792 3954 ε
2829 3902 2884 3959 Si
2937 3905 3083 3959 enim
3127 3907 3269 3976 quod
3302 3925 3364 3962 ea:
3394 3909 3544 3977 ipso,
3581 3920 3633 3967 et
3669 3909 3787 3980 quod
3814 3921 3856 3958 α

2316 4005 2491 4063 utero,
2532 4006 2586 4052 ct
2622 3997 2764 4066 quod
2805 4013 2867 4052 ea:
2910 3996 3070 4054 Patre
3099 4001 3230 4054 exivi
3256 4010 3302 4055 et
3341 4004 3491 4070 veni,
3525 4003 3660 4058 velut
3703 4010 3854 4072 partem

2313 4085 2382 4162 (ί)
2421 4087 2538 4158 ejus
2572 4089 2729 4144 unius
2755 4088 3104 4160 substantiae,
3134 4101 3187 4146 et
3224 4096 3375 4163 quasi
3426 4096 3754 4165 prolationem
3786 4106 3854 4147 er-

2366 4232 2446 4307 (2)
2487 4234 2548 4291 Si
2575 4235 2706 4290 enim
2734 4251 2798 4291 ea:
2825 4244 3018 4292 nostra.

2308 4375 2413 4445 ter)
2446 4387 2596 4432 natus
2618 4386 2733 4433 est:
2760 4377 2849 4434 sed
2875 4395 2940 4434 ea:
2966 4378 3045 4435 Itis
3072 4393 3187 4448 qua:
3223 4375 3324 4434 Dei
3358 4390 3507 4436 erant
3534 4378 3668 4435 Deus
3691 4372 3853 4451 (Filius)

2305 4458 2456 4503 natus
2484 4451 2702 4504 exstitit.
3936 4465 3937 4475 ‘

2401 4521 2458 4594 ά)
2498 4521 2659 4594 Solus
2684 4521 2859 4578 codex
2897 4522 3016 4577 Vat.
3046 4523 3162 4578 bas.
3183 4565 3199 4591 ,
3229 4533 3477 4592 quantum
3513 4524 3688 4594 potuit.

2400 4591 2668 4667 e)_Editi,
2719 4605 2992 4663 antequam
3062 4591 3373 4650 nasceretur.
3441 4591 3715 4667 sequimur
3755 4604 3849 4646 mss.

2308 4664 2508 4739 Deinde
2547 4669 2826 4721 subsistens
2866 4668 3012 4738 origo
3055 4668 3186 4722 nihil
3229 4668 3375 4739 aliud
3423 4664 3708 4739 significat,
3735 4676 3850 4739 quant

2301 4737 2443 4806 quod
2475 4753 2620 4803 mox,
2641 4741 2885 4793 exsistens
2906 4733 3204 4792 auctoritas.
3234 4738 3336 4794 Pro
3366 4742 3449 4795 his
3474 4733 3707 4796 dicerent
3733 4733 3850 4789 lleU

2302 4807 2593 4874 'l'heoloxi,
2630 4811 2944 4879 principium
2974 4811 3240 4865 assistens.
3327 4873 3332 4876 ί

2369 4881 2451 4953 (Γ)
2497 4877 2780 4951 Exemplar
2805 4877 2969 4936 Carn.
3011 4882 3262 4937 secundis
3301 4883 3446 4937 curis
3485 4899 3604 4938 eum
3643 4877 3846 4936 ms.\’-1l-

2297 4951 2439 5024 ὕδει,
2459 4953 2582 5022 quia
2601 4955 2749 5024 nasci
2767 4969 2870 5006 non
2889 4953 3050 5023 potuit
3069 4955 3168 5007 nisi
3195 4955 3282 5024 qui
3299 4972 3400 5008 non
3427 4965 3568 5022 erat,
3596 4970 3755 5024 neque,
3773 4957 3848 5003 etc.

2370 5022 2446 5167 (ῃζ
2487 5025 2542 5079 In
2584 5041 2686 5079 ms.
2714 5023 2834 5079 Vat.
2869 5022 2984 5079 bas.
3006 5067 3020 5089 ,
3056 5022 3320 5096 postquam
3345 5037 3498 5082 esset.

2370 5099 2420 5165 (It
2492 5095 2607 5149 Vat.
2639 5097 2756 5153 bas.
2789 5112 2889 5151 ms.
2911 5138 2925 5159 ,
2970 5113 3031 5150 ne
3057 5099 3193 5167 quod
3219 5097 3382 5163 Deus,
3413 5108 3470 5154 et
3496 5118 3498 5150 1

2366 5095 2446 5167 (It)
2492 5095 2607 5149 Vat.
2639 5097 2756 5153 bas.
2789 5112 2889 5151 ms.
2911 5138 2925 5159 ,
2970 5113 3031 5150 ne
3057 5099 3193 5167 quod
3219 5097 3382 5163 Deus,
3413 5108 3470 5154 et
3496 5114 3642 5158 mox.
3674 5098 3849 5148 nimum

2293 5166 2497 5240 absque
2527 5171 2784 5236 particula
2807 5184 2903 5235 que
2925 5185 2943 5222 :
2974 5166 3143 5224 bic’ut
3172 5184 3332 5240 supra
3365 5180 3418 5226 et
3446 5185 3570 5226 mox
3600 5167 3849 5239 deprclietr

2293 5237 2437 5292 ditur
2464 5248 2778 5294 temeratus.

2369 5310 2436 5386 (ἑ)
2468 5310 2523 5364 1η
2572 5327 2674 5386 ms.
2715 5311 2838 5366 Vat.
2896 5310 3019 5386 bas.
3058 5311 3398 5369 desideratur
3443 5316 3531 5386 qui
3577 5301 3844 5386 erat._Qnod

2289 5385 2532 5456 proxime
2554 5382 2774 5456 dicitur,
2799 5385 3050 5456 manentis
3077 5399 3278 5440 natura:
3305 5382 3595 5456 conﬁtenda
3622 5383 3844 5437 nativum.

2290 5454 2360 5506 ita
2399 5464 2574 5521 potest
2615 5455 2871 5523 intelligi,
2901 5455 2984 5508 vel
3018 5467 3200 5511 natum
3245 5472 3369 5514 esse
3404 5454 3476 5514 ex
3520 5466 3751 5512 manente
3776 5461 3843 5500 seu

2281 5527 2580 5582 exsistente
2607 5536 2794 5580 natura
2816 5567 2830 5587 ,
2855 5527 2937 5582 vel
2965 5542 3144 5581 natum
3176 5528 3378 5585 habere
3405 5540 3698 5585 manentem
3728 5532 3843 5576 natu-

2278 5610 2420 5668 ram,
2450 5597 2534 5651 vel
2581 5601 2745 5653 etiam
2775 5611 3079 5668 utrumque.

2351 5666 2424 5743 (j)
2462 5669 2821 5744 lu_vulgatis,
2859 5666 3010 5744 unius
3045 5673 3156 5744 ejus
3190 5673 3492 5728 substantia
3517 5687 3536 5726 :
3563 5670 3719 5727 male,
3749 5674 3838 5742 etuti

2274 5734 2482 5813 eju's'ad
2531 5734 2779 5810 Patriam,
2812 5749 2868 5797 et
2910 5734 3160 5797 unius'ad
3215 5745 3537 5801 vocabulum
3588 5734 3841 5813 substantia?

2273 5806 2556 5869 referatur.
2592 5806 2795 5870 Deinde
2817 5814 2925 5883 jam
2953 5817 3379 5883 praemonuimus
3405 5817 3460 5871 in
3489 5806 3839 5884 exemplaribus

2269 5887 2463 5955 graecis
2491 5885 2624 5958 legi,
2658 5890 2743 5942 καὶ
2764 5888 2834 5948 ὡς
2854 5887 3082 5963 προϐολή
3113 5888 3217 5945 ὑπὸ
3246 5911 3414 5961 τινων,
3442 5902 3551 5945 non
3577 5895 3740 5943 autem
3768 5895 3835 5933 και
