4040 6328
222 320 329 377 169

224 531 430 594 sibilis,
456 542 512 588 et
544 538 953 605 convertibilis,
989 550 1044 597 et
1082 558 1281 615 corpus
1320 552 1614 610 secundum
1662 557 1816 625 illos,

226 633 301 688 et,
329 636 587 694 quantum
621 628 674 683 in
704 628 837 700 ipsis
867 640 974 699 est,
1005 642 1392 709 consequentia
1431 648 1673 715 corporis
1700 665 1819 705 sus-

225 717 401 773 tinens
421 719 539 775 sine
589 734 820 792 corpore
841 723 1003 781 Deus.
1036 746 1057 781 ι
1091 727 1286 788 Gravis
1315 743 1369 789 et
1391 736 1572 793 multa:
1592 739 1820 797 difficul-

219 808 346 865 tatis
371 810 523 868 labor
556 824 703 871 esset
731 817 1013 876 veritatem
1043 824 1317 896 religionis
1358 829 1643 888 adversum
1676 834 1820 892 falsi-

220 903 350 958 tatis
393 903 723 975 impietatem
760 913 928 977 tueri,
967 913 1012 969 si
1042 929 1301 985 quantum
1337 921 1504 978 audet
1538 924 1816 998 impietas,

219 996 273 1054 in
304 1008 510 1056 tantum
538 1004 848 1061 consuleret
871 1006 946 1081 (a)
978 1010 1289 1079 prudenter.
1317 1014 1422 1071 Sed
1469 1016 1608 1075 bene
1628 1062 1642 1087 ,
1674 996 1820 1094 quod

214 1092 635 1165 irreliglositatis
669 1099 919 1156 voluntas
947 1120 1013 1159 ex
1056 1106 1234 1176 inopia
1276 1109 1578 1179 prudentiae
1617 1092 1718 1173 est.
1752 1117 1815 1173 Et

216 1186 423 1244 idcirco
438 1205 560 1245 cum
582 1192 755 1248 facilis
774 1195 845 1249 sit
871 1196 1159 1254 adversum
1188 1202 1472 1260 stultitiam
1498 1210 1782 1279 responsio
1800 1254 1817 1280 ,

214 1282 525 1339 emendatio
561 1294 737 1340 tamen
765 1287 1001 1345 difﬁcilis
1037 1294 1321 1348 stultorum
1353 1308 1478 1353 est:
1525 1316 1619 1368 per
1658 1317 1817 1371 quam

211 1376 451 1447 primum
481 1385 538 1433 et
568 1379 706 1434 ratio
736 1381 1103 1452 intelligentia:
1131 1402 1237 1440 non
1264 1390 1553 1459 quaeritur,
1585 1402 1637 1447 et
1667 1394 1820 1449 dein-

211 1483 341 1540 ceps
362 1471 433 1527 ab
454 1471 788 1543 intelligente
815 1475 1057 1538 intintata
1084 1494 1190 1534 non
1214 1481 1444 1552 capitur.
1476 1483 1580 1539 Sed
1612 1485 1657 1540 si
1682 1502 1819 1556 quos

208 1562 379 1618 timor
414 1564 510 1620 Dei
549 1576 601 1622 et
646 1566 1015 1638 intelligentia:
1053 1571 1353 1643 ignoratio,
1383 1590 1489 1631 non
1528 1577 1820 1648 impietatis

209 1657 464 1713 voluntas
509 1674 606 1730 per
642 1662 884 1720 stultitia:
925 1679 1144 1721 sensum
1185 1667 1479 1728 detinuerit
1514 1673 1567 1728 in
1597 1689 1816 1743 errore,

210 1751 287 1826 (b)
307 1769 468 1822 Spero
490 1763 546 1811 ut
567 1755 632 1810 ad
659 1758 1091 1816 emendationem
1120 1764 1384 1831 proclives
1402 1766 1546 1833 sint;
1574 1784 1694 1824 cum
1713 1771 1818 1826 int-

207 1847 430 1918 pietatis
470 1848 754 1904 stultitiam
792 1850 1040 1910 absolute
1066 1856 1311 1914 veritatis
1334 1859 1408 1914 sit
1428 1860 1818 1919 demonstratio
1848 1874 1896 1934 Β

206 1939 511 2010 proditura.

287 2031 376 2088 16.
412 2030 576 2089 Filius
597 2043 649 2089 ut
667 2037 875 2109 exiipso
894 2036 1007 2094 Deo
1024 2056 1182 2111 neque
1210 2044 1319 2114 ipse
1335 2045 1423 2114 qui
1451 2044 1623 2113 Pater,
1656 2065 1816 2121 neque

211 2124 388 2193 aliud,
408 2142 562 2190 neque
579 2144 644 2183 ex
664 2129 923 2184 nihilo.—
939 2131 1181 2201 Dixistis,
1199 2151 1232 2191 ο
1258 2138 1428 2212 stulti,
1444 2140 1517 2211 (ο)
1539 2142 1625 2211 qui
1647 2151 1702 2197 et
1719 2142 1817 2199 ho-

214 2214 310 2272 die
339 2216 476 2273 idem
495 2219 665 2274 dicitis
684 2262 699 2287 ,
725 2224 1025 2281 nescientes
1052 2230 1103 2281 in
1128 2227 1295 2284 Deum
1327 2245 1517 2301 sapere
1537 2275 1552 2298 ,
1583 2238 1628 2290 si
1672 2238 1813 2292 enim

211 2309 360 2379 quod
388 2326 450 2365 ea:
477 2313 608 2382 ipso,
634 2324 687 2370 et
712 2316 853 2386 quod
884 2334 948 2374 ea:
971 2329 1136 2387 utero,
1167 2332 1222 2377 et
1250 2324 1392 2395 quod
1417 2342 1482 2380 ea:
1505 2324 1664 2385 Pater
1685 2331 1816 2386 exivi

208 2411 257 2457 et
285 2404 417 2458 veni.
454 2404 649 2473 Quaero
674 2424 702 2462 a
737 2418 820 2475 te,
845 2409 946 2467 hoc
972 2421 1142 2470 totum
1183 2416 1384 2474 dictum
1428 2434 1459 2475 a
1494 2419 1639 2490 Deo,
1675 2438 1816 2481 anne

204 2511 314 2551 non
351 2498 556 2554 dictum
595 2501 698 2556 sit?
725 2502 932 2560 Dictum
965 2506 1151 2578 utique
1196 2519 1316 2566 est:
1347 2520 1402 2566 et
1438 2528 1660 2570 necesse
1693 2524 1814 2585 est,

202 2604 326 2646 cum
352 2606 384 2644 a
414 2590 528 2648 Deo
557 2592 627 2649 de
647 2609 707 2649 se
733 2594 935 2651 dictum
963 2598 1062 2662 sit,
1098 2616 1206 2655 non
1235 2603 1814 2677 aliterintelligendum

199 2698 326 2741 esse
356 2700 521 2757 quam
556 2686 757 2743 dictum
798 2699 902 2745 est.
936 2691 1014 2747 De
1041 2691 1203 2749 dictis
1244 2710 1343 2751 suo
1377 2695 1532 2765 loco,
1561 2700 1816 2758 demons-

201 2776 358 2832 tratis
380 2779 716 2850 singulorum
734 2797 1074 2855 quorumque
1092 2786 1381 2845 virtutibus
1396 2832 1412 2855 ,
1440 2792 1812 2850 tractabimus.

198 2869 427 2926 Interim
453 2881 633 2928 tamen
664 2875 1085 2948 uniuscujusque
1122 2880 1531 2953 intelligentiam
1557 2888 1813 2958 consulo,

199 2963 328 3034 quid
353 2964 634 3020 existimet
660 2967 712 3023 in
740 2983 827 3036 eo,
856 2985 976 3025 cum
996 2970 1198 3028 dictum
1220 2974 1289 3029 sit
1314 2992 1377 3031 ea:
1398 2978 1547 3047 ipso:
1564 2988 1817 3039 utrumne

199 3071 266 3112 ex
292 3057 474 3113 altero
507 3058 920 3131 intelligendum
953 3064 1055 3131 sit,
1086 3080 1153 3120 an
1187 3083 1254 3123 ne
1277 3083 1342 3123 ex
1364 3069 1544 3141 nullo,
1582 3087 1648 3128 an
1686 3089 1816 3131 vero

198 3149 315 3219 ipse
334 3150 435 3207 ille
453 3151 753 3209 credendus
772 3155 971 3211 sitiEx
991 3157 1163 3215 altero
1187 3175 1293 3216 non
1317 3171 1401 3218 est
1424 3180 1438 3218 :
1471 3165 1594 3234 quia
1615 3182 1678 3221 ea:
1698 3167 1813 3237 ipso

1421 341 1516 398 DE
1554 343 1927 405 TRINITATE
1965 350 2171 411 LIBER
2212 356 2297 414 Vl.

227 438 451 495 tendens
478 440 829 513 intelligitur;
860 450 1196 519 compositus
1233 455 1337 511 erit
1378 456 1572 525 Pater,
1606 473 1662 520 et
1686 464 1823 520 divi—
1850 470 1895 526 Α
1928 470 2055 524 ralis

3420 388 3523 447 170

2097 475 2351 533 nativitas
2394 476 2704 540 doceretur.
2738 487 3018 549 Postremo
3051 496 3194 567 quod
3233 498 3406 558 dixit:
3440 505 3527 562 Ex

1925 559 2086 619 Patre
2106 568 2234 622 exivi
2254 609 2268 635 ,
2300 580 2347 624 et
2372 574 2483 626 veni
2517 573 2660 647 (Job.
2691 596 2807 645 xvr,
2840 582 2968 655 27),
2999 559 3177 647 utrum
3204 595 3525 668 ambiguita-

1923 662 2031 711 tem
2062 659 2370 736 reliquerit,
2404 667 2529 736 quin
2562 670 2954 743 intelligeretur
2981 696 3089 737 non
3112 685 3334 744 aliunde
3360 706 3520 761 quam

1922 763 1990 803 ex
2010 749 2170 809 Patre
2193 769 2315 811 esse
2343 760 2486 828 quod
2517 760 2658 818 Deus
2683 776 2760 820 est
2779 766 2805 819 ?
2832 769 2908 824 Ex
2938 762 3095 829 Patre
3121 778 3265 833 enim
3302 749 3522 852 exiens,

1925 855 2099 911 neque
2119 846 2281 902 aliam
2307 852 2602 910 nativitatis
2638 855 2825 914 habuit
2862 871 3107 921 naturam
3131 909 3146 935 ,
3180 886 3354 942 neque
3396 846 3522 931 nul;

1923 933 2065 991 lam:
2097 936 2191 993 sed
2220 954 2343 997 eum
2369 942 2469 999 sibi
2500 954 2728 1005 testatur
2751 964 3027 1013 auctorem
3046 1000 3060 1027 ,
3082 976 3148 1016 ex
3175 979 3283 1034 quo
3309 980 3370 1022 se
3400 984 3525 1039 pro-

1926 1024 2105 1083 ﬁtetur
2122 1033 2318 1090 exisse.
2352 1036 2430 1093 De
2456 1039 2539 1097 his
2566 1051 2745 1099 autem
2777 1024 3211 1113 demonstrandis
3246 1024 3414 1131 atque
3437 1063 3522 1119 in-

1923 1120 2229 1193 telligendis
2251 1132 2518 1206 posterior
2536 1136 2668 1191 mibi
2686 1154 2865 1197 sermo
2886 1154 2988 1199 est.
3171 1157 3174 1160 '

1996 1215 2083 1269 17.
2125 1216 2237 1274 Deo
2267 1221 2332 1276 de
2367 1240 2421 1279 se
2448 1242 2550 1282 non
2579 1231 2781 1287 credere
2810 1236 2975 1305 nefas.
2998 1268 3072 1280 --
3096 1241 3313 1300 Interim
3344 1256 3522 1307 tamen

1923 1306 2027 1364 hoc
2064 1311 2372 1385 videamus,
2414 1335 2518 1391 qua
2564 1323 2794 1383 hominis
2840 1329 3032 1389 ﬁducia
3078 1336 3423 1411 intelligenda
3457 1344 3525 1401 de

1924 1400 2035 1457 Deo
2057 1404 2400 1477 inhibentur,
2425 1428 2546 1484 quae
2576 1419 2716 1488 quod
2739 1436 2769 1474 a
2801 1421 2914 1480 Deo
2941 1425 3009 1480 de
3029 1441 3088 1484 se
3112 1429 3253 1487 dicta
3281 1434 3391 1488 sint
3418 1451 3524 1492 non

1923 1509 2204 1568 negantur.
2233 1500 2279 1558 Ο
2299 1506 2672 1575 gravissimum
2706 1513 2956 1573 humana:
2979 1520 3223 1578 stultitiae
3247 1534 3412 1598 atque
3444 1530 3527 1584 in-

1923 1591 2166 1649 solentim
2192 1596 2459 1667 dedecus,
2490 1604 2841 1673 professionis
2873 1627 2987 1666 sua:
3014 1613 3083 1669 de
3114 1631 3174 1671 se
3211 1617 3376 1675 Deum
3415 1636 3523 1678 non

1922 1686 2087 1742 modo
2114 1704 2340 1761 arguere
2380 1710 2489 1750 non
2530 1699 2836 1769 credendo,
2868 1706 2963 1760 sed
3007 1710 3347 1769 emendando
3373 1714 3527 1771 dam-

1924 1796 2087 1849 nare;
2120 1792 2176 1838 et
2202 1786 2333 1842 illud
2362 1789 2631 1849 ineﬂabile
2660 1795 2714 1850 in
2737 1812 2804 1852 eo
2829 1809 3035 1857 naturae
3062 1816 3174 1860 smn
3202 1806 3525 1880 virtutisque

1922 1884 2222 1943 secretum,
2256 1877 2506 1937 humanis
2545 1888 2915 1945 contaminare
2948 1903 2999 1948 et
3029 1893 3346 1969 impugnare
3386 1901 3521 1957 doc-

1918 1965 2109 2033 trinis,
2165 1977 2221 2023 et
2266 1969 2384 2027 haec
2427 1975 2628 2031 audere
2664 1978 2858 2050 loqui:
2890 1982 2980 2049 Si,
3024 1965 3233 2057 inquit,
3285 2005 3352 2047 ex
3409 1993 3521 2049 Deo

1917 2068 2000 2114 est
2039 2058 2240 2128 Filius,
2269 2062 2618 2125 demutabilis
2644 2080 2699 2126 et
2740 2087 3034 2145 corporeus
3076 2080 3217 2138 Deus
3265 2091 3385 2147 est,
3420 2085 3524 2155 qui

1915 2165 1985 2207 ex
2026 2168 2087 2208 se
2118 2158 2406 2224 protulerit
2433 2162 2521 2217 vel
2568 2166 2908 2235 extenderit,
2938 2174 3081 2241 quod
3128 2178 3231 2231 sibi
3274 2188 3422 2235 esset
3468 2182 3523 2236 in

1918 2242 2118 2300 ﬁlium!
2149 2248 2286 2315 Quid
2332 2252 2596 2309 sollicitus
2626 2271 2714 2324 es,
2750 2276 2817 2315 ne
2844 2260 3189 2321 demutabilis
3226 2269 3365 2326 Deus
3403 2272 3517 2327 sit?

1916 2333 2027 2392 Nos
2068 2341 2399 2399 nativitatem
2427 2348 2776 2419 confitemur,
2811 2368 2909 2409 nes
2940 2357 3270 2429 unigenitum
3319 2365 3516 2434 prmdi-

1916 2446 2104 2489 camus
2121 2451 2186 2490 ex
2208 2435 2318 2491 Deo
2338 2438 2516 2495 docti:
2538 2452 2624 2506 tu,
2653 2460 2720 2500 ne
2751 2448 3002 2505 nativitas
3030 2465 3272 2525 maneat,
3310 2473 3377 2513 ne
3400 2458 3521 2513 nni-

1916 2525 2131 2595 genitus
2162 2527 2301 2584 Deus
2336 2530 2388 2585 in
2425 2531 2681 2590 Ecclesia:
2714 2536 2818 2594 fide
2848 2539 2948 2605 sit,
2984 2551 3228 2601 naturam
3271 2548 3517 2606 indemn-

1920 2618 2100 2674 tabilis
2126 2619 2217 2676 Dei
2244 2638 2362 2692 quae
2384 2639 2485 2680 nec
2503 2629 2719 2683 extendi
2744 2646 2843 2686 nec
2864 2637 3114 2704 protendi
3139 2640 3307 2708 possit
3327 2640 3402 2715 (ε)
3424 2657 3524 2713 op-

1918 2713 2094 2782 ponis.
2128 2714 2394 2773 Afferrem
2441 2719 2571 2787 tibi,
2617 2720 2803 2781 infelix
2840 2742 3026 2797 error,
3060 2732 3222 2787 etiam
3258 2750 3323 2791 ex
3355 2736 3522 2795 rebus

1917 2806 2103 2861 mundi
2137 2810 2490 2878 quarumdam
2522 2824 2834 2872 naturarum
2863 2836 2985 2891 quae
3014 2823 3309 2894 gignuntur
3333 2844 3521 2885 exem—

1915 2896 2063 2969 plum
2086 2940 2101 2966 ,
2131 2915 2201 2957 ne
2232 2902 2568 2961 nativitatem
2604 2912 3011 2977 protensionem
3040 2918 3389 2980 existimares
3408 2966 3422 2992 ,
3461 2942 3531 2983 ne

1918 2995 2254 3050 nascentium
2280 3007 2502 3055 naturas
2521 3002 2843 3061 detrimenta
2874 3010 3130 3068 crederes
3156 3030 3279 3071 esse
3303 3019 3531 3089 gignen-

1919 3085 2049 3139 tium
2071 3126 2085 3151 ,
2116 3095 2173 3141 ut
2209 3089 2369 3145 etiam
2413 3093 2578 3147 multa
2619 3097 2739 3152 sine
2778 3103 3049 3170 corporali
3083 3106 3417 3167 admixtione
3454 3128 3521 3170 ex

1918 3176 2224 3234 viventibus
2248 3180 2302 3235 in
2329 3184 2575 3241 viventes
2596 3187 2804 3245 animas
2824 3192 3170 3264 gignerentur
3195 3217 3208 3254 :
3239 3202 3343 3257 nisi
3375 3205 3524 3262 nefas

194 3253 302 3307 est,
323 3243 379 3299 id
405 3255 489 3300 est
512 3244 607 3319 (ita
623 3255 683 3301 ut
701 3245 855 3320 non),
882 3264 950 3305 ne
969 3250 1206 3320 aliunde,
1230 3264 1425 3322 printer
1439 3271 1599 3327 quam
1621 3273 1687 3313 ex
1708 3258 1821 3316 Deo
1848 3263 1890 3324 C
1924 3279 2098 3336 esset,
2127 3271 2236 3327 Deo
2263 3272 2331 3329 de
2352 3288 2412 3330 se
2437 3275 2507 3349 (f)
2538 3295 2647 3334 non
2677 3243 3004 3354 credidisse;
3034 3300 3085 3344 et
3116 3291 3290 3348 ultimi
3324 3294 3520 3355 furoris

193 3336 344 3393 Deus
374 3340 469 3394 sit.
502 3340 578 3393 Ex
604 3339 772 3397 nihilo
793 3358 900 3396 non
921 3351 1005 3399 est
1028 3361 1041 3398 :
1065 3347 1187 3416 quia
1217 3362 1278 3401 ea:
1302 3348 1419 3417 ipso
1442 3361 1554 3418 est;
1588 3350 1815 3407 demon-

200 3439 420 3487 stratur
448 3433 591 3488 enim
620 3446 807 3490 natura
838 3437 982 3493 unde
1004 3440 1256 3495 nativitas
1281 3452 1383 3497 est.
1419 3443 1537 3514 ipse
1561 3460 1664 3500 non
1687 3455 1808 3503 est:

195 3524 324 3593 quia
358 3524 456 3580 ubi
486 3542 551 3579 ea:
575 3526 686 3597 ipso
712 3537 831 3594 est,
866 3531 1117 3586 nativitas
1148 3531 1243 3587 ﬁlii
1284 3533 1513 3593 refertur
1540 3553 1604 3593 ex
1635 3546 1808 3609 patre.

193 3615 411 3674 Deinde
442 3633 566 3695 cum
599 3621 932 3691 signiﬁcatur
961 3641 1024 3680 ea:
1057 3635 1232 3694 utero,
1261 3627 1536 3701 interrogo
1565 3646 1634 3685 an
1664 3633 1811 3689 credi

192 3713 375 3782 possit
401 3694 728 3772 essernatus
766 3732 831 3773 ex
874 3717 1078 3786 nihilo,
1108 3734 1229 3776 cum
1280 3724 1577 3781 nativitatis
1610 3727 1813 3783 veritas

190 3822 292 3880 per
311 3812 681 3883 corporalium
704 3813 1115 3872 efﬁcientiarum
1140 3818 1359 3874 nomina
1376 3822 1672 3877 reveletur?
1692 3821 1808 3877 Non

189 3905 342 3960 enim
394 3906 655 3962 membris
696 3909 1073 3977 corporalibus
1111 3913 1418 3968 consistens
1463 3912 1643 3979 Deus,
1686 3930 1809 3970 cum

186 3999 610 4070 generationem
647 4000 806 4075 144
830 4002 950 4058 Filii
980 4003 1059 4076 (ά)
1085 4015 1555 4074 commemoraret,
1588 4009 1701 4064 ait:
1727 4007 1814 4064 Ea:

187 4105 344 4149 utero
373 4104 500 4149 ante
540 4094 815 4166 luciferum
844 4082 998 4168 genui
1040 4110 1091 4155 te
1116 4099 1237 4170 (Ps.
1278 4116 1398 4166 (nx,
1425 4101 1523 4174 5);
1556 4103 1652 4158 sed
1698 4103 1814 4159 ine-

187 4188 535 4243 narrabilem
564 4188 710 4245 illam
744 4191 1005 4262 unigeniti
1031 4208 1098 4248 ex
1140 4209 1201 4249 se
1238 4193 1329 4249 filii
1372 4196 1702 4251 nativitatem
1739 4213 1805 4253 ex

192 4284 512 4340 divinitatis
551 4301 663 4342 sua:
689 4287 916 4345 veritate
951 4290 1311 4358 confirmans,
1341 4292 1408 4347 ad
1446 4292 1812 4364 intelligentiae

184 4375 359 4434 ﬁdem
388 4378 606 4435 locutus
630 4387 742 4447 est;
767 4390 824 4435 ut
843 4380 913 4437 de
936 4381 1133 4438 divinis
1157 4384 1271 4440 suis
1291 4384 1455 4443 rebus
1472 4427 1487 4453 ,
1514 4387 1809 4442 secundum

182 4472 496 4529 humanam
525 4482 803 4541 naturam,
834 4475 1083 4533 humanae
1107 4488 1311 4535 natura:
1340 4494 1559 4536 sensum
1587 4481 1652 4536 ad
1686 4480 1810 4537 ﬁdei

182 4566 487 4621 scientiam
519 4565 798 4623 erudiret:
830 4576 892 4624 ut
932 4584 1052 4626 cum
1084 4571 1160 4627 ait
1194 4589 1257 4627 ea:
1287 4581 1462 4640 utero,
1499 4589 1604 4629 non
1636 4589 1702 4630 ex
1732 4574 1814 4630 ni-

1915 3364 2128 3420 vesania
2148 3365 2513 3438 judicaretur,
2544 3372 2784 3432 adimere
2816 3382 3189 3440 auctoritatem
3218 3388 3285 3443 ad
3323 3389 3483 3447 fidem
3502 3435 3517 3461 ,

1914 3455 2002 3510 cui
2033 3460 2437 3517 venerationem
2478 3466 2785 3534 profitearis
2813 3471 2881 3526 ad
2911 3475 3098 3531 vitam.
3131 3478 3188 3534 Si
3228 3482 3371 3536 enim
3413 3500 3522 3541 non

1913 3549 2014 3604 nisi
2056 3565 2153 3621 per
2181 3567 2304 3608 eum
2336 3555 2441 3611 vita
2476 3565 2587 3626 est,
2620 3564 2894 3631 quomodo
2928 3583 3034 3623 non
3082 3584 3176 3638 per
3213 3586 3336 3629 eum
3378 3575 3517 3634 ﬁdes

1913 3642 2037 3697 vitae
2077 3645 2199 3699 est?
2228 3646 2386 3703 Fides
2412 3660 2591 3707 autem
2638 3655 2762 3709 vitae
2797 3660 3069 3728 quomodo
3106 3666 3157 3718 in
3185 3681 3251 3720 eo
3273 3677 3389 3737 est,
3429 3672 3522 3741 qui

1913 3733 2015 3789 sibi
2043 3736 2110 3791 de
2135 3752 2195 3793 se
2223 3740 2375 3795 testis
2398 3741 2629 3800 inﬁdelis
2655 3746 2954 3806 habeatur?

1990 3828 2145 3901 145
2174 3832 2258 3888 18.
2294 3832 2421 3889 Filii
2451 3841 2856 3909 nuncupationes
2884 3846 2972 3914 qui
2998 3849 3062 3902 ab
3087 3848 3344 3908 hwreticis
3373 3855 3528 3912 intel-

1913 3921 2425 3997 lectw.—Usurpas
2453 3929 2596 3984 enim
2616 3972 2629 3998 ,
2665 3933 2984 4003 impiissime
3015 3941 3299 4013 lia-retice,
3331 3948 3526 4003 nativi-

1915 4021 2078 4071 tatem
2110 4016 2233 4073 Filii
2260 4020 2327 4074 ad
2356 4024 2652 4080 creationis
2683 4027 3055 4099 voluntatem;
3089 4045 3148 4091 ut
3177 4053 3283 4093 non
3315 4055 3379 4095 ex
3413 4043 3523 4101 Deo

1913 4116 2075 4165 natus
2104 4111 2210 4178 sit,
2241 4113 2336 4169 sed
2365 4116 2585 4173 volente
2616 4135 2683 4175 eo
2721 4124 2812 4193 qui
2852 4127 3092 4197 creavit,
3139 4147 3207 4188 ex
3245 4139 3521 4196 creatione

1913 4204 2234 4261 substiterit.
2265 4206 2334 4262 Et
2360 4215 2536 4266 tecum
2566 4211 2770 4270 idcirco
2795 4232 2902 4273 non
2935 4220 3074 4277 Deus
3100 4234 3183 4280 est
3204 4266 3220 4292 ,
3253 4229 3377 4299 quia
3405 4248 3521 4287 ma-

1914 4307 2078 4352 nente
2106 4298 2218 4354 Deo
2240 4314 2367 4367 uno,
2392 4318 2499 4358 non
2524 4314 2702 4361 teneat
2723 4306 2895 4366 Filius
2915 4312 3139 4385 originis
3159 4298 3277 4373 sure
3297 4320 3350 4376 in
3375 4324 3517 4379 nati-

1911 4389 2076 4445 vitate
2097 4399 2382 4460 naturam;
2412 4395 2508 4451 sed
2540 4396 2594 4452 in
2622 4398 2981 4459 substantiam
3013 4407 3240 4465 alteram
3276 4412 3352 4488 (g)
3382 4431 3514 4472 con-

1915 4481 2070 4549 ditio,
2100 4485 2215 4555 ipse
2247 4495 2517 4558 tamquam
2546 4492 2855 4563 unigenitus
2879 4481 3373 4564 conditionibuswet
3407 4510 3521 4568 fac-

1914 4578 2050 4631 turis
2079 4578 2295 4635 caeteris
2321 4585 2669 4652 praestantior
2697 4588 2800 4643 sit:
2843 4591 3170 4653 substitutus
3211 4609 3389 4658 tamen
3410 4646 3426 4673 ,
3456 4614 3518 4662 ut

181 4659 303 4719 hilo
332 4660 547 4717 creatio
576 4661 910 4731 substitisse,
941 4664 1037 4721 sed
1067 4681 1132 4722 ex
1159 4681 1219 4723 se
1245 4666 1517 4739 Unigeniti
1545 4669 1627 4725 sui
1652 4679 1807 4726 natu—
1831 4658 1884 4719 D
1909 4675 2199 4733 creationis
2223 4677 2447 4735 indultae
2466 4679 2544 4753 (In)
2564 4682 2667 4739 sibi
2688 4682 2888 4743 habeat
2907 4689 3345 4753 substitutionem
3364 4740 3379 4766 ,
3407 4717 3516 4759 non

181 4808 258 4868 ὧς
307 4806 930 4887 προϐοξήνιάποτείνῳνι,
977 4810 1251 4880 quomodo
1297 4812 1560 4869 Hilarium
1612 4815 1812 4887 legisse

188 4877 375 4943 liquet
405 4893 476 4931 ex
503 4877 672 4946 ipsius
692 4877 1047 4946 exnositione.

262 4948 349 5043 92‘)
389 4946 581 5043 Editi.
615 4949 887 5043 prudentia
908 4954 1288 5043 :‘cast‘igantur
1316 4969 1381 5011 ex
1412 4958 1646 5043 scriptis.
1754 5030 1768 5043 .

259 5019 345 5095 (b)
388 5018 683 5100 Ms._(‘-arn.
712 5022 863 5100 credo
904 5033 979 5080 ut.
1013 5018 1148 5100 Alii,
1181 5043 1332 5100 spero
1375 5036 1450 5082 ut.
1478 5018 1545 5082 At
1586 5030 1805 5100 excusi,

178 5091 351 5158 spero
376 5091 540 5184 σλιοά.
576 5092 686 5148 Hoc
721 5095 774 5147 in
808 5095 927 5150 loco
963 5097 1142 5181 prodit
1185 5091 1448 5181 Hilarius,
1475 5117 1583 5184 quo
1609 5091 1808 5184 animo

178 5174 312 5220 erat
344 5162 574 5217 affectus
604 5179 886 5243 ergaeos,
919 5162 1008 5243 qui
1052 5170 1349 5243 ignorantia
1380 5162 1443 5225 et
1465 5162 1807 5243 simplicitate

179 5235 329 5291 Ario
352 5233 613 5288 favebant
634 5277 651 5315 ._
671 5233 758 5291 uti
780 5236 889 5315 jam
920 5233 1179 5315 adversus
1203 5242 1408 5315 Erasmi
1442 5233 1680 5315 argutias
1709 5246 1808 5301 ob-

178 5317 479 5362 servatum
515 5306 689 5378 estin
736 5309 942 5378 pra-fat.
967 5312 1057 5367 27.
1090 5313 1237 5368 Hand
1285 5314 1441 5369 aliter
1477 5306 1807 5373 Kthanasius

177 5378 284 5435 Or.
330 5393 381 5462 ιι⁹
412 5376 993 5472 contt.LA‘r.,‘;p.n5:?.i',
1033 5384 1304 5472 agens‘de
1351 5386 1542 5472 iisqni
1583 5388 1805 5472 sobolem

176 5449 475 5527 propriam
498 5448 793 5527 substantia:
816 5451 994 5527 Putris
1040 5448 1227 5527 iurgant
1248 5499 1262 5521 ,
1288 5459 1438 5523 quasi
1468 5448 1534 5513 ’ἑά
1575 5461 1689 5526 ﬁeri
1719 5478 1808 5516 ne-

176 5520 386 5590 queat,
418 5520 521 5602 nisi
566 5530 733 5589 partes
758 5520 1152 5602 intelligantur?
1176 5520 1263 5598 qui
1284 5520 1347 5583 de
1375 5520 1679 5602 incorporeo
1700 5550 1809 5587 cor-

178 5609 357 5663 parea
387 5591 653 5663 {agiturin
691 5603 739 5647 et
769 5594 831 5649 ob
872 5591 1265 5654 inibecillita'em
1310 5591 1648 5657 naturae'suae
1683 5604 1802 5659 adi-

178 5661 352 5718 inunt
380 5661 911 5739 Eiliopraprietatem
937 5680 1163 5739 paternae
1192 5671 1489 5728 substantia:
1507 5718 1521 5736 ,
1557 5680 1681 5729 dum
1713 5693 1798 5729 so-

179 5734 367 5791 bolem
392 5732 572 5818 Patris
598 5736 749 5818 stulti
780 5755 843 5793 ea:
862 5732 1210 5818 se_ntetiuntur
1235 5732 1554 5812 :Cazterunt,
1598 5746 1800 5818 inquit,

178 5806 329 5862 istos
358 5806 429 5860 ad
455 5807 837 5890 istunm.modum
858 5812 1103 5890 affectos,
1137 5831 1501 5890 persuasosque
1527 5806 1628 5890 non
1657 5806 1805 5890 posse

180 5895 305 5937 esse
330 5878 501 5949 ﬁlium
526 5875 656 5944 Dei,
680 5875 1109 5956 mquum'quideru
1125 5875 1199 5944 est
1218 5897 1276 5944 ut
1298 5875 1801 5964 misericordia'prm

657 5976 937 6041 ΡΑΤιιοι.
971 5979 1055 6043 Χ.

1914 4835 2191 4914 sequantur
2229 4836 2250 4876 :
2294 4833 2700 4914 consentaneunl
2736 4839 2937 4914 tanien,
2986 4847 3045 4914 ut
3084 4840 3428 4914 sciscitemur,
3470 4857 3520 4903 et

1913 4892 2195 4975 rationibus
2236 4896 2618 4975 convincamus.
2649 4899 2896 4958 Forsitan
2924 4892 3005 4962 vel
3032 4892 3099 4964 eoi
3117 4892 3269 4969 modo
3298 4918 3367 4970 ad
3403 4892 3519 4975 sen-

1912 4965 2276 5037 sumalt‘quen}
2307 4967 2521 5035 perduci
2550 4979 2807 5037 poterunt.

1987 5034 2059 5159 (ξ)
2105 5034 2222 5104 Er.,
2246 5034 2395 5107 Lips.
2419 5049 2474 5094 et
2498 5034 2649 5109 Par.,
2678 5047 2801 5114 quin
2830 5057 2877 5103 et
2908 5050 3060 5106 hodie
3087 5069 3107 5108 :
3140 5057 3292 5113 nullo
3321 5059 3518 5117 suifra-

1987 5122 2014 5159 n
2042 5122 2073 5159 e
2103 5122 2207 5159 ms.

1911 5121 2073 5177 gente
2103 5122 2207 5162 ms.

1984 5178 2067 5248 (ά)
2109 5177 2230 5234 Par.
2257 5172 2380 5236 cum
2414 5184 2717 5256 antiquiore
2739 5205 2841 5247 ms.
2866 5192 3020 5252 Colb.
3049 5205 3104 5252 et
3127 5196 3310 5256 Germ.
3336 5244 3351 5271 ,
3375 5219 3515 5259 com-

1908 5262 2256 5306 memorasset.

2004 5321 2059 5403 ei
2095 5321 2214 5403 Yat.
2238 5324 2356 5403 bas.
2384 5342 2488 5403 ms.
2506 5372 2521 5395 ,
2556 5335 2770 5403 exponis
2794 5351 2812 5389 :
2839 5337 3020 5393 minus
3046 5339 3203 5396 bene.

2007 5391 2078 5488 ί).
2109 5393 2270 5488 Lips...
2287 5396 2373 5488 hic
2401 5391 2600 5471 adjecit
2622 5391 2832 5464 testanti
2851 5424 2872 5465 .-
2898 5391 3240 5481 querulas;
3267 5431 3296 5470 a
3343 5417 3511 5488 Bad.,

1909 5463 2006 5539 Er.
2031 5463 2084 5539 et
2096 5465 2382 5539 plerisque
2411 5463 2543 5530 mss.

1984 5534 2060 5609 (g)
2095 5537 2233 5593 Editi
2252 5581 2267 5606 ,
2295 5534 2555 5620 'con_ditur:
2578 5550 2931 5610 renitentibus
2953 5557 3206 5613 omnibus
3230 5575 3359 5616 mss.
3382 5562 3517 5620 Sen-

1910 5623 2005 5703 sus
2035 5624 2195 5677 porro
2222 5624 2336 5703 est:
2366 5614 2586 5703 Tecum‘,
2619 5623 2825 5703 noceat
2847 5668 2860 5690 ,
2892 5629 2941 5703 in
2962 5637 3057 5703 tua
3085 5614 3386 5703 sententia,
3418 5635 3514 5693 Fi~

1915 5679 2014 5776 {ius
2042 5697 2145 5776 non
2170 5693 2246 5776 e‘st
2262 5683 2460 5776 Deus,
2472 5679 2819 5776 'sedconditio
2837 5679 2866 5776 ί·
2885 5679 3257 5776 ὡδί-
3285 5679 3517 5776 parili-cu-

1912 5751 2030 5840 larn'
2047 5769 2164 5840 sunt
2196 5755 2283 5810 hic
2313 5760 2521 5840 ut_:ilibi
2552 5777 2649 5840 pro
2676 5751 3173 5840 sectindun’taccini'.

1988 5822 2066 5906 (ἡ)
2086 5826 2269 5906 .Abest
2295 5829 2395 5883 sibi
2419 5848 2446 5883 a
2614 5835 2745 5906 ibas.
2779 5836 2898 5895 Vat.
3211 5849 3517 5906 substituere

1912 5896 2129 5954 Ariauis
2173 5898 2426 5958 usitatum
2445 5904 2751 5978 colligimus
2792 5926 2855 5969 ex
2903 5896 3184 5986 summa,
3211 5896 3517 5992 ὲῖιρῗὶῖῐὼῖ

2907 6008 2947 6071 6
