4040 6328
240 327 336 384 175

1445 315 1547 377 ΒΕ
1565 319 1952 379 ΤΒΙΝΙΤΑΤΕ
1990 321 2196 378 LIBER
2238 322 2324 378 Vl.

3443 332 3542 390 174

233 439 579 514 martyrium,
612 438 664 494 in
710 437 970 510 martyrio
1003 436 1258 510 perfectae
1313 432 1440 491 ﬁdei
1469 443 1837 492 consummata
1867 441 1919 500 Α
1943 450 2046 507 qua
2077 449 2225 492 nunc
2249 435 2444 505 agitur,
2477 435 2751 502 elaborat,
2787 451 2858 493 ne
2887 435 3142 496 Dominus
3171 448 3356 498 noster
3385 444 3545 519 148

235 535 420 590 libnlio
449 532 518 602 (ΙΙ
548 531 681 586 Tim.
713 547 786 598 Iv,
813 531 848 588 ϐ
876 540 923 586 et
952 531 1030 602 7).

299 627 392 680 21.
425 625 591 693 Quam
622 625 771 692 ﬁrma
805 625 946 678 illius
975 626 1037 678 de
1061 621 1190 678 Filii
1221 639 1337 678 cum
1368 623 1525 678 Patre
1553 623 1846 694 tequalitate

232 721 391 791 fides;
417 729 466 773 et
492 718 626 772 unde
645 718 819 790 ﬁrma.
846 747 916 759 —-—
945 717 1028 772 Ab
1057 717 1141 772 bis
1177 733 1280 787 ego
1317 733 1438 788 qua:
1477 727 1636 773 teneo
1683 715 1844 770 cdoc-

235 822 318 867 tus
340 827 483 877 sum,
501 811 584 865 his
605 809 1076 866 immedicabiliter
1092 809 1332 866 imbutus
1351 824 1494 864 sum.
1515 809 1579 862 Et
1603 808 1842 879 ignosce,

231 908 575 976 omnipotens
597 905 768 971 Deus,
798 905 922 974 quia
951 905 1002 958 itt
1036 903 1120 959 bis
1147 918 1248 959 nec
1273 903 1551 959 emendari
1580 917 1799 972 possunt
1821 942 1836 967 ,

231 1011 280 1054 et
320 999 586 1054 commori
626 1011 873 1068 possum.
922 996 1099 1052 Tarde
1140 994 1274 1053 mini
1313 997 1413 1051 hos
1453 994 1799 1066 impiissimos
1825 1033 1841 1061 ,

231 1101 488 1164 quantum
519 1105 622 1162 ego
651 1089 908 1155 arbitror,
940 1089 1192 1144 doctores
1219 1098 1354 1144 tetas
1377 1087 1540 1158 hujus
1573 1102 1715 1142 nunc
1744 1101 1846 1140 su:-

238 1185 346 1240 culi
389 1183 634 1254 protulit.
678 1182 819 1238 Sero
860 1180 960 1236 bos
995 1181 1183 1236 habuit
1219 1181 1353 1237 ﬁdes
1393 1194 1550 1246 mea,
1589 1194 1748 1251 quam
1789 1185 1845 1233 tu

229 1278 490 1346 erudisti,
521 1277 834 1346 magistros.
867 1275 1129 1332 lnauditis
1159 1291 1258 1346 ego
1286 1278 1368 1346 (α)
1411 1275 1492 1330 his
1536 1273 1845 1330 nominibus

231 1373 284 1427 in
335 1379 392 1427 te
420 1371 490 1425 ita
521 1369 764 1433 credidi,
796 1383 894 1438 per
923 1377 978 1423 te
1001 1369 1073 1422 ita
1103 1377 1321 1422 renatus
1361 1382 1517 1433 sum;
1558 1376 1613 1422 et
1651 1365 1846 1421 exinde

231 1473 354 1520 tuus
385 1464 454 1518 ita
486 1478 628 1518 sunt.
652 1461 1093 1530 Omnipotentetn
1133 1467 1184 1516 te
1211 1459 1360 1527 scio,
1388 1475 1488 1516 nec
1512 1459 1743 1514 conscia:
1769 1455 1844 1531 (ὁ)

231 1559 326 1614 tibi
355 1567 564 1616 tantum
593 1565 759 1626 atque
792 1556 890 1626 ipsi
923 1554 1216 1625 Unigenito
1259 1563 1352 1610 tuo
1393 1553 1688 1610 nativitatis
1726 1553 1846 1610 ine-

232 1650 518 1705 narranda:
549 1656 806 1718 exspecto
843 1647 1133 1710 rationem.
1177 1645 1520 1718 Impossiltile
1561 1649 1708 1702 enim
1747 1645 1845 1702 tibi

233 1745 364 1801 nihil
393 1752 514 1812 est,
549 1754 603 1802 et
631 1745 876 1816 genitum
917 1759 946 1796 a
993 1755 1044 1798 te
1083 1742 1251 1798 ﬁlium
1293 1741 1698 1814 omnipotentiae
1736 1750 1845 1796 ture

1944 527 2102 584 Jesus
2125 527 2369 584 Christus
2393 544 2518 585 vere
2543 529 2636 584 Dei
2657 529 2798 586 ﬁlius
2821 530 2962 587 Deus
2987 547 3148 590 verus
3174 534 3264 590 sit.
3289 534 3427 594 Vere
3448 539 3547 595 Dei

1945 619 2115 676 ﬁlium
2155 621 2490 692 unigenitum
2540 621 2706 677 Deum
2748 623 3030 680 Dominum
3076 635 3318 684 nostrum
3362 629 3548 688 .lesum

1945 713 2214 770 Christum
2247 729 2368 770 esse
2395 728 2458 770 ac
2487 713 2692 782 doceri,
2723 716 2908 773 multis
2939 719 3113 776 modis
3141 723 3414 793 Cognitum
3445 735 3544 792 est,

1945 804 2072 861 dum
2099 806 2169 862 de
2193 821 2260 862 eo
2285 814 2508 862 testator
2533 807 2713 877 Pater,
2755 808 2883 885 dum
2925 809 2993 866 de
3017 827 3075 866 se
3099 812 3216 883 ipse
3241 815 3547 886 proﬁtetur,

1944 899 2072 956 dum
2101 901 2333 972 apostoli
2361 901 2688 971 prmdiCant,
2719 902 2846 958 dum
2875 905 3110 976 religiosi
3137 909 3393 974 credunt,
3422 913 3552 968 dum

1945 995 2224 1051 daemones
2262 995 2610 1063 conﬁtentur,
2643 997 2774 1051 dum
2799 997 2970 1054 Judaei
3001 1010 3231 1072 negant,
3262 1003 3389 1059 dum
3421 1023 3550 1076 gen-

1946 1095 2028 1145 les
2053 1089 2106 1143 in
2141 1087 2393 1158 passione
2421 1099 2772 1159 cognoscunt.
2809 1089 3164 1162 Nequecnim
3196 1109 3259 1150 ex
3303 1111 3552 1154 Commu-

1947 1181 2109 1235 nione
2157 1180 2574 1250 nnncupationis
2626 1190 2740 1250 ὼι,
2769 1185 2914 1254 quod
2941 1184 3010 1242 de
3051 1188 3394 1258 proprietatis
3446 1193 3552 1248 ﬁde

1945 1271 2163 1328 dicitur.
2209 1273 2272 1328 Et
2310 1289 2431 1328 cum
2471 1274 2684 1342 omnia,
2715 1291 2836 1346 quae
2862 1277 3112 1334 Christus
3157 1280 3415 1339 Dominus
3459 1294 3554 1342 aut

1947 1363 2057 1434 egit
2081 1373 2174 1420 aut
2199 1364 2412 1432 docuit,
2443 1365 2582 1421 ultra
2611 1369 2786 1422 omnia
2817 1384 3006 1425 eorum
3034 1372 3143 1427 sint
3166 1374 3258 1444 qui
3289 1375 3387 1430 ﬁlii
3417 1394 3554 1434 nun-

1947 1465 2245 1526 cupantur;
2279 1467 2334 1512 et
2361 1457 2439 1531 (It)
2470 1458 2521 1512 in
2553 1459 2620 1514 iis
2639 1461 2923 1529 omnibus,
2967 1479 3086 1534 quae
3128 1469 3398 1538 praecipua
3443 1471 3554 1526 sint

1946 1547 2178 1615 Christi,
2209 1550 2314 1606 hoc
2341 1553 2420 1608 vel
2450 1554 2792 1624 potissimum
2819 1555 3080 1614 doceatur
3105 1576 3252 1629 esse,
3283 1563 3424 1634 quod
3460 1566 3553 1621 Ι)ρί

1950 1643 2092 1698 ﬁlius
2119 1654 2232 1702 eSt:
2263 1659 2370 1700 non
2398 1654 2484 1702 est
2515 1647 2566 1702 in
2597 1663 2663 1704 eo
2691 1647 2786 1704 ﬁlii
2818 1665 2886 1706 ex
2914 1655 3154 1724 generali
3185 1655 3554 1716 familiaritate

1947 1751 2272 1808 cognomen.
3333 1739 3338 1744 ’

236 1839 433 1894 virtute
461 1852 573 1892 non
613 1835 848 1906 ambigo.
891 1833 1186 1905 Ambigens
1221 1835 1405 1901 enim,
1439 1835 1551 1906 jam
1593 1835 1842 1905 omnipo-
1871 1837 1918 1898 Β
2014 1829 2106 1886 25.
2141 1829 2266 1885 Non
2292 1831 2610 1902 adoptivum,
2645 1836 2736 1890 sed
2763 1840 3034 1909 proprium
3073 1857 3185 1898 esse
3208 1842 3369 1901 Pater
3395 1856 3558 1904 testa-

233 1939 436 1987 tentem
468 1941 520 1986 tc
551 1929 776 2000 negabo.
811 1928 1020 1983 Bonum
1050 1939 1100 1982 te
1127 1931 1288 1984 etiam
1321 1945 1385 1984 ex
1417 1929 1695 1984 nativitatc
1723 1943 1844 1984 mea

237 2023 432 2082 didici:
461 2032 623 2094 atque
651 2023 721 2080 ob
751 2023 806 2078 id
837 2038 945 2077 non
977 2021 1218 2078 invidum
1251 2032 1302 2077 te
1334 2023 1599 2078 honorum
1631 2033 1842 2078 tuorum

241 2121 295 2175 in
327 2118 590 2189 linigeniti
624 2117 696 2172 ttti
729 2114 1008 2172 nativitate
1036 2132 1158 2172 esse
1186 2115 1421 2172 conﬁdo.
1455 2115 1634 2172 Credo
1663 2118 1840 2181 enim,

245 2212 384 2284 quod
415 2227 530 2282 qua:
559 2221 648 2266 tua
679 2223 805 2266 sunt
829 2252 844 2280 ,
872 2209 988 2278 ejus
1017 2212 1164 2279 sint;
1195 2219 1252 2266 et
1276 2228 1396 2284 qua:
1421 2212 1541 2280 ejus
1566 2221 1692 2268 sunt
1712 2255 1727 2278 ,
1757 2222 1843 2266 tua

239 2305 365 2360 sint.
389 2304 696 2376 Sapientem
727 2312 780 2360 te
807 2307 938 2362 mihi
962 2305 1124 2362 etiam
1153 2306 1266 2378 ipsa
1291 2303 1476 2361 mundi
1498 2306 1700 2361 creatio
1725 2319 1848 2376 pro-

235 2398 406 2455 didit:
437 2399 770 2468 Sapientiam
815 2409 868 2455 te
900 2397 974 2472 (c)
1006 2409 1152 2454 tuam
1173 2441 1187 2464 ,
1232 2415 1338 2454 non
1380 2398 1699 2455 dissimilem
1721 2440 1736 2466 ,
1779 2414 1847 2454 ex

235 2501 287 2548 te
315 2493 570 2562 genuisse
599 2493 729 2547 mihi
759 2492 1011 2549 conscius
1051 2509 1192 2549 sum.
1223 2495 1302 2566 (1)
1321 2491 1406 2566 (d)
1439 2493 1574 2550 Vere
1613 2503 1670 2550 et
1709 2508 1848 2548 unus

234 2584 366 2639 mihi
416 2586 556 2640 Deus
595 2598 700 2641 es:
743 2586 838 2641 sed
879 2600 987 2642 non
1027 2586 1171 2640 aliud
1211 2585 1266 2642 in
1306 2602 1410 2654 eo,
1439 2587 1532 2657 qui
1560 2602 1626 2642 ex
1657 2595 1708 2641 te
1738 2585 1847 2641 Deo

231 2687 312 2734 est
335 2720 354 2744 ,
386 2679 606 2735 credam
637 2679 856 2748 inesse,
885 2681 961 2751 (e)
991 2695 1148 2750 quam
1180 2687 1329 2735 tuom
1359 2687 1460 2734 est.
1491 2680 1558 2735 Et
1586 2680 1638 2734 itt
1669 2695 1736 2734 eo
1762 2693 1849 2735 me

226 2773 445 2846 judica,
476 2774 522 2829 si
555 2772 686 2828 mihi
713 2775 918 2830 crimen
957 2779 1076 2840 est,
1119 2775 1340 2828 nimium
1383 2791 1468 2828 tne
1513 2789 1608 2844 per
1651 2773 1845 2829 Filium

234 2877 386 2922 tuum
420 2878 474 2922 et
505 2866 643 2938 legi,
675 2877 730 2922 et
761 2867 1071 2938 prophetis.
1106 2878 1160 2922 et
1192 2867 1456 2938 apos:olis
1485 2867 1807 2924 credidisse.

297 2961 398 3016 22.
444 2959 680 3017 Christus
725 2961 769 3016 si
813 2977 960 3016 uerus
1001 2959 1100 3015 Dei
1149 2960 1324 3030 ﬁlius.
1371 2970 1444 3014 cst
1473 2977 1671 3030 quoque
1701 2977 1848 3016 verus

233 3053 404 3109 Deus.
459 3051 586 3108 Vere
627 3051 725 3108 Dei
769 3052 937 3122 ﬁlium
979 3070 1094 3107 cum
1132 3069 1244 3108 esse
1272 3053 1448 3106 multis
1473 3051 1643 3106 modis
1671 3062 1850 3106 notam

232 3156 322 3202 est.
343 3175 421 3188 —-
439 3144 547 3202 Sed
567 3155 747 3201 cesset
769 3159 948 3200 sermo
977 3145 1314 3218 totust-prius,
1341 3153 1392 3199 et
1418 3160 1481 3199 ex
1513 3143 1616 3208 his,
1647 3144 1699 3198 in
1729 3160 1849 3213 quae

1947 1931 2050 1977 tur.
2073 1953 2146 1964 ——
2165 1922 2281 1978 Non
2313 1927 2624 1983 contatnino
2647 1929 2898 2015 Xeritatis
2927 1931 3086 1989 ﬁdem
3106 1976 3118 1999 ,
3151 1945 3211 1991 ιιι
3239 1937 3342 1994 hoc
3371 1941 3554 1996 verbis

1946 2015 2085 2069 meis
2131 2016 2429 2073 adstruam.
2480 2018 2776 2089 Loquatur,
2819 2033 2878 2079 ut
2921 2039 3066 2097 saepe
3103 2029 3296 2086 solitus
3335 2043 3446 2098 est,
3485 2032 3554 2089 de

1947 2104 2240 2177 Unigenito
2269 2123 2370 2166 suo
2400 2109 2582 2176 Pater,
2617 2130 2683 2170 ne
2717 2115 2819 2171 sub
2859 2123 3270 2179 consutnmandi
3303 2125 3559 2196 baptiani

1946 2210 2292 2257 sacramento
2313 2202 2472 2259 Jesus
2497 2204 2744 2263 Christus
2777 2210 3086 2280 ignorabilis
3115 2218 3283 2284 possit
3313 2234 3434 2274 esse
3461 2235 3558 2288 per

1947 2307 2174 2364 corpus:
2207 2293 2314 2348 Ilic
2342 2306 2416 2350 est
2443 2296 2581 2365 ﬁlius
2621 2315 2762 2354 meus
2801 2301 3048 2370 dilectus,
3082 2306 3144 2377 (i)
3181 2309 3236 2362 in
3270 2327 3373 2381 quo
3411 2329 3556 2369 cont-

1951 2387 2123 2456 νίαεηὶ
2145 2386 2358 2461 (.llattlt.
2381 2404 2467 2456 nt,
2493 2390 2602 2462 l7).
2627 2391 2780 2464 Rogo
2808 2395 2860 2449 in
2887 2413 2996 2468 quo
3016 2399 3218 2456 veritas
3244 2402 3473 2473 deperit,
3503 2415 3559 2462 et;

1947 2477 2000 2534 in
2023 2494 2130 2550 quo
2151 2481 2360 2535 inlirma
2385 2481 2518 2538 ﬁdes
2546 2483 2896 2553 professionis
2921 2491 3041 2546 est?
3063 2491 3177 2547 Non
3205 2499 3556 2554 annuntiatus

1951 2587 2049 2642 per
2092 2573 2340 2643 angelum
2379 2573 2448 2629 de
2487 2584 2674 2631 sancto
2738 2575 2946 2646 Spiritu
2987 2590 3168 2652 partus
3208 2602 3274 2640 ex
3317 2590 3557 2660 virgine,

1950 2682 2058 2720 non
2089 2665 2251 2723 index
2278 2667 2444 2738 Magis
2470 2669 2658 2735 stella,
2702 2687 2802 2727 nec
2830 2673 3037 2731 adorati
3074 2677 3127 2732 in
3167 2681 3321 2737 cunis
3361 2681 3556 2752 honor,

1951 2775 2052 2816 nec
2215 2759 2522 2831 baptizandi
2565 2763 2668 2818 sub
2711 2763 2967 2836 Βθιιιίδιὶε
3012 2771 3348 2839 professione
3392 2776 3562 2833 vinus

1951 2857 2083 2911 satis
2111 2871 2232 2911 esse
2261 2856 2326 2912 ad
2359 2857 2876 2917 demonstrationem
2911 2864 3212 2935 majestatis
3241 2871 3561 2928 existiman-

1954 2961 2069 3004 tur:
2105 2950 2264 3006 Pater
2293 2951 2360 3008 de
2387 2951 2528 3009 cmlo
2569 2954 2826 3024 loquitur,
2863 2966 2915 3012 ct
2946 2959 3015 3012 ita
3050 2959 3281 3031 loquitur
3315 2983 3329 3018 :
3364 2965 3466 3020 llic
3484 2975 3561 3022 est

1951 3042 2094 3113 ﬁlius
2121 3059 2282 3097 meus.
2306 3045 2442 3110 Quid
2471 3045 2573 3100 sibi
2604 3047 2716 3101 vult
2744 3064 2848 3103 non
2875 3056 3252 3121 cognominant
3271 3097 3286 3120 ,
3309 3059 3404 3114 sed
3433 3075 3563 3130 pro-

1951 3134 2228 3190 nominum
2261 3135 2432 3189 ﬁdes?
2462 3136 2797 3208 Cognomina
2841 3140 2984 3196 enim
3013 3143 3324 3203 nominibus
3351 3150 3562 3206 addun-

235 3237 680 3294 demonstrandte
701 3236 946 3292 stultitiae
963 3237 1233 3292 haeretica:
1253 3234 1574 3292 necessitate
1597 3252 1846 3308 prorupe-

1961 3235 2067 3290 tttr,
2099 3228 2413 3297 pronomina
2446 3243 2576 3284 vero
2607 3229 2850 3286 obtinent
2880 3234 2930 3287 itt
2962 3249 3022 3290 se
3065 3239 3344 3295 nominum
3384 3242 3558 3300 virtu-

233 3343 351 3396 rat,
393 3334 449 3388 in
479 3331 770 3388 reddendae
803 3333 982 3401 potius
1025 3331 1250 3386 rationis
1290 3330 1646 3386 ministerium
1685 3330 1849 3388 decc-

231 3425 320 3480 dat
359 3441 378 3480 :
427 3434 484 3480 ut
511 3422 594 3499 (2)
623 3422 700 3498 (f)
733 3425 776 3480 si
805 3425 896 3494 qui
935 3422 1111 3479 adhuc
1150 3423 1285 3480 salvi
1315 3439 1436 3478 esse
1476 3424 1734 3494 posSunt,
1781 3423 1848 3478 ad

233 3521 400 3578 ﬁdem
431 3531 648 3577 teneant
676 3521 1006 3591 evangelicae
1034 3520 1296 3576 doctrina:
1335 3528 1498 3590 atque
1536 3519 1849 3591 apostolica:

233 3613 375 3679 iter,
410 3629 477 3670 ac
503 3628 690 3669 verum
725 3613 818 3668 Dei
848 3612 1013 3667 ﬁlium
1047 3628 1151 3668 non
1183 3629 1248 3668 ex
1278 3613 1602 3684 adoptione,
1647 3614 1742 3668 sed
1783 3627 1850 3666 ex

234 3719 431 3764 natura
476 3707 800 3778 intelligant.
847 3705 999 3761 llunc
1043 3707 1188 3762 enim
1235 3707 1606 3778 responsionis
1648 3717 1847 3760 uestrae

232 3820 355 3860 esse
382 3803 632 3858 ordinem
660 3802 941 3857 convenit:
965 3811 1023 3856 ut
1053 3799 1280 3871 primum
1312 3800 1403 3854 Dei
1435 3799 1603 3855 lilium
1629 3798 1707 3873 (g)
1728 3813 1852 3853 esse

232 3897 570 3956 doceamus:
608 3906 668 3951 ut
697 3905 890 3952 natura
921 3897 974 3949 in
1015 3910 1082 3950 eo
1121 3892 1452 3960 divinitatis,
1489 3909 1582 3961 per
1612 3891 1754 3962 quod
1786 3891 1850 3945 li-

232 3991 338 4048 lius
369 3999 495 4056 est,
527 3989 773 4045 absoluta
812 3989 900 4042 sit.
932 3975 990 4042 ω
1019 3987 1165 4042 enim
1208 3986 1442 4041 maxime
1481 3983 1740 4050 lueresis,
1783 3982 1851 4036 de

305 4109 392 4182 (l)
434 4108 674 4182 Vernae:
701 4124 866 4182 unus,
895 4123 1050 4182 m_o_x,
1078 4108 1164 4178 qui
1189 4124 1255 4182 ea;
1277 4118 1331 4182 te
1353 4106 1490 4182 Deus
1515 4114 1609 4161 est.

1951 3330 2079 3378 tem.
2108 3319 2462 3391 Pr0prietatis
2487 3331 2666 3378 autem
2695 3323 3016 3394 signiﬁcatio
3041 3338 3156 3396 est,
3185 3331 3272 3388 ubi
3299 3343 3354 3389 et
3377 3335 3463 3389 hic
3487 3346 3564 3392 est

1950 3416 2154 3474 dictum
2183 3433 2304 3474 esse
2331 3417 2569 3484 auditur,
2597 3426 2652 3475 et
2681 3436 2820 3474 meas
2847 3430 2940 3476 est.
2977 3423 3044 3478 Et
3073 3426 3310 3499 intellige
3339 3445 3460 3500 quae
3487 3433 3562 3486 sit

1953 3511 2153 3568 veritas
2195 3521 2251 3567 ct
2287 3513 2428 3568 ratio
2464 3513 2752 3568 dictorum.
2789 3514 3056 3586 Legeras:
3087 3518 3256 3575 Filios
3295 3525 3480 3592 genui,
3510 3533 3560 3580 et

1953 3606 2178 3662 exaltari
2210 3603 2391 3679 (Esai.
2424 3621 2471 3674 ι,
2505 3604 2608 3676 2);
2641 3606 2737 3660 sed
2769 3623 2874 3662 non
2914 3609 3154 3680 legeras,
3196 3613 3332 3670 ﬁlios
3372 3632 3554 3673 meos:

1953 3710 2216 3773 genuerat
2258 3701 2402 3755 enim
2442 3716 2536 3755 eos
2577 3700 2676 3755 sibi
2709 3717 2806 3770 per
2831 3702 3150 3761 divisionem
3189 3710 3463 3780 gentium,
3503 3722 3560 3769 et

1954 3795 2166 3865 plebem
2207 3793 2537 3848 luereditatis
2581 3791 2632 3846 in
2680 3793 2836 3848 ﬁlios.
2884 3795 2962 3852 Ne
2993 3797 3152 3868 igitur
3184 3816 3280 3870 per
3307 3818 3556 3858 commu-

1956 3890 2173 3944 nionem
2201 3887 2469 3958 adoptivze
2499 3885 2834 3941 htereditatis
2858 3903 3271 3960 cognomentum
3304 3895 3400 3950 ﬁlii
3432 3897 3556 3950 uni-

1953 3979 2138 4053 genito
2179 3981 2288 4035 Deo
2316 3977 2630 4044 adderetur,
2663 3985 2872 4034 natura:
2910 3981 3112 4037 veritas
3150 3999 3248 4055 per
3286 3987 3558 4058 signiﬁca-

305 4176 392 4256 (2)
427 4181 492 4238 Si
536 4177 625 4252 qui
667 4181 835 4236 adhuc
870 4179 1002 4236 salvi
1039 4176 1150 4236 esse
1187 4179 1255 4236 ad
1297 4178 1452 4250 ﬁdem
1489 4183 1732 4250 possunt,
1778 4178 2004 4234 teneant,
2046 4176 2151 4222 etc.

233 4295 612 4362 Commendat,
641 4291 784 4361 quod
812 4292 956 4347 illum
987 4293 1132 4348 Deus
1157 4290 1384 4364 paradisi
1411 4298 1694 4359 compotem
1723 4286 1837 4364 fecit

234 4380 354 4426 ante
380 4359 710 4440 martyrium.
740 4365 962 4440 Nonest
991 4359 1166 4440 tamen
1196 4364 1336 4420 mide
1364 4364 1722 4440 approbemus
1751 4359 1842 4440 lli-

233 4442 438 4497 larium
482 4429 604 4493 cum
648 4437 981 4493 Tertulliano
1023 4436 1074 4491 in
1117 4435 1219 4489 hoc
1266 4429 1613 4490 consentire:
1658 4429 1836 4501 quod,

233 4509 549 4583 praesertim
578 4509 671 4564 lib.
695 4509 763 4564 de
791 4509 980 4564 Anima
1010 4525 1064 4563 ιι.
1091 4507 1190 4575 55,
1219 4507 1520 4578 paradisum
1552 4504 1710 4560 nullis
1740 4502 1842 4556 nisi

237 4584 576 4656 martyribus
604 4591 786 4652 patere
814 4591 1136 4650 prOpugnat.

311 4700 397 4774 (α)
435 4697 599 4774 Editi,
631 4697 863 4750 omnibus
889 4693 991 4749 Itis.
1021 4693 1092 4749 At
1117 4707 1248 4749 mss.
1279 4692 1566 4774 nominibus
1591 4690 1690 4754 Itis,
1723 4697 1847 4774 puta

239 4763 516 4828 novorum
545 4769 859 4830 doctorum,
887 4781 1116 4836 quorum
1146 4780 1244 4820 nec
1269 4767 1544 4834 antiquum
1567 4805 1581 4828 ,
1613 4778 1712 4817 nec
1739 4763 1846 4836 ullo

236 4845 406 4900 titulo
425 4841 642 4898 celebre
668 4853 863 4895 nomen
881 4833 1042 4903 {cum
1070 4847 1258 4894 contra
1281 4833 1488 4908 Moysi,
1518 4833 1846 4898 Salomonis,

239 4917 450 4976 Esaiae,
477 4920 586 4968 etc.
613 4911 829 4966 nomina
860 4911 1106 4982 pluribus
1149 4909 1338 4980 elogiis
1381 4917 1436 4964 et
1485 4908 1698 4964 ementis
1743 4910 1853 4960 sitit

236 4983 647 5046 commendata.

319 5080 403 5152 (ι)
433 5075 898 5152 Perspicuior__est
933 5073 1262 5152 leet_io_m_ss.
1293 5071 1414 5152 vat.
1444 5073 1558 5152 bas.
1591 5079 1643 5126 et
1670 5069 1850 5152 alam,

241 5140 340 5209 nec
369 5140 592 5204 conscio}
618 5148 718 5201 nisi
744 5147 860 5208 tibi,
886 5157 992 5202 etc.
1023 5145 1131 5202 Sed
1157 5147 1274 5202 sine
1303 5144 1422 5211 nisi,
1454 5145 1680 5198 habetur
1707 5140 1850 5196 idem

239 5237 481 5282 sensus:
514 5218 622 5274 Nec
647 5220 944 5287 nativitatis,
972 5219 1058 5272 tibi
1086 5226 1447 5280 tantumataue
1469 5214 1739 5287 Unigrnito
1765 5222 1852 5267 tuo

241 5295 488 5356 conscita,
519 5302 623 5347 etc.
655 5292 766 5348 lloc
791 5285 977 5346 nititur
1001 5291 1180 5360 verbis
1201 5289 1544 5360 evangelicis,
1568 5285 1736 5360 Nemo
1761 5301 1824 5360 no
1843 5312 1855 5325 -

240 5371 314 5424 ait
347 5364 583 5430 Filium,
612 5363 709 5418 nisi
735 5361 912 5430 Pater,
939 5373 1044 5418 etc.
1077 5361 1147 5418 Ut
1171 5358 1374 5416 Hilario
1394 5400 1410 5424 ,
1438 5361 1511 5414 ita
1550 5358 1850 5430 Augustino

239 5438 523 5496 familiare
546 5429 662 5500 est,
693 5429 947 5490 mternain
982 5433 1098 5488 Filii
1126 5433 1528 5500 generationem
1569 5446 1633 5483 ex
1679 5429 1850 5482 Patris

241 5506 644 5577 Omnipotcntia
689 5506 1078 5577 demonstrare.
1123 5501 1416 5570 Creaturia,
1459 5502 1633 5571 inquit
1669 5501 1844 5555 Serm.

243 5575 452 5640 cxxxiii
475 5622 488 5642 ,
524 5595 577 5632 ιι.
609 5577 675 5644 4,
721 5577 826 5632 suis
852 5576 989 5631 dedit
1015 5575 1176 5642 Deus,
1205 5585 1256 5630 ut
1282 5577 1379 5629 hoc
1401 5577 1534 5645 quod
1557 5585 1670 5628 sunt
1695 5587 1848 5644 gene-

245 5664 403 5709 rent:
428 5661 476 5704 et
503 5661 651 5720 putas
675 5650 794 5720 quia
817 5650 911 5703 hoc
949 5648 1044 5702 sibi
1085 5665 1184 5702 non
1226 5649 1620 5720 potuitset‘oare
1653 5647 1737 5710 qui
1777 5651 1854 5698 est

247 5735 378 5781 ante
399 5717 628 5780 uacula?
653 5717 743 5776 Sic
769 5733 820 5776 et
849 5737 914 5775 ex
944 5721 1180 5774 bonitate
1209 5720 1378 5774 Patris
1406 5717 1603 5772 invidia
1636 5730 1854 5784 prorsus

248 5796 500 5868 expertis
527 5793 578 5850 id
617 5793 792 5868 ipsum
821 5793 1010 5868 probat
1041 5809 1094 5846 tt.
1131 5790 1194 5868 5;:
1229 5789 1429 5868 Gaudet
1462 5787 1854 5868 Patcrquando

252 5857 348 5924 illi
382 5882 526 5939 wquo
562 5857 772 5921 unicum
810 5857 1009 5935 lilium:
1032 5863 1248 5936 gaudet,
1271 5863 1391 5934 quia
1415 5877 1517 5917 non
1543 5861 1750 5916 invidet.
1788 5857 1855 5914 Et

1874 4609 1930 4672 D

1949 4277 2107 4343 Deus,
2137 4275 2259 4359 quia
2289 4275 2437 4329 unico
2469 4271 2611 4328 Filio
2639 4289 2742 4328 non
2774 4273 3120 4344 invidethltoc
3163 4284 3302 4354 quod
3340 4287 3449 4359 ipse
3477 4304 3552 4352 est

1985 4348 2228 4405 cneravit.

1985 4369 2228 4405 cneravu.

1947 4369 1979 4422 g
2025 4420 2098 4495 (ιζ)
2131 4417 2420 4495 Exemplar
2445 4417 2607 4474 Silvae
2641 4417 2894 4495 majoris,
2920 4421 2996 4475 tui
3025 4438 3125 4477 non
3153 4424 3476 4495 dissimilem.

2023 4490 2102 4562 (ιι)
2127 4493 2237 4568 _Sie_
2273 4494 2509 4562 potiores
2541 4505 2670 4568 mss.
2711 4490 3064 4568 C:tr_tt,,_tt'_es
3101 4496 3292 4568 (1011),,
3335 4490 3516 4564 Gem

1953 4554 2096 4641 uniti
2120 4554 2378 4641 Sorbet».
2405 4569 2508 4618 etc.
2533 4563 2636 4617 Atii
2666 4577 2797 4617 vero
2818 4554 2960 4632 libri,
2991 4564 3156 4622 Vm"
3179 4579 3229 4622 εί
3259 4554 3548 4641 ’ἶνηῖδῗίυίῖ

1952 4639 2039 4708 qui
2069 4653 2130 4690 ea:
2157 4644 2204 4690 te
2225 4635 2362 4688 Deus
2381 4644 2475 4689 est.

2029 4708 2097 4796 (fi),
2127 4708 2686 4796 Ε¹¹ίίίγῘ¹⁸1Ψ¹ν³λ¹²ἐη⁴ῗὲἱ
2715 4705 3190 4796 imitaremur
3223 4713 3340 4782 En,
3372 4721 3517 4796 Lips,

1953 4791 2008 4836 et
2035 4770 2159 4851 Par.
2191 4770 2353 4849 quam
2376 4777 2514 4847 quod
2543 4770 2688 4851 tuum
2717 4787 2824 4832 est:
2855 4770 3251 4851 refragantibus
3286 4770 3545 4848 nisi-rw,

2135 4847 2258 4906 Par.
2294 4865 2426 4944 'cgm
2474 4847 2768 4944 vetustiore
2954 4847 3136 4944 (ἔβητ’,
3181 4859 3227 4912 8,-
3266 4863 3354 4930 (μή
3393 4868 3550 4944 hujus

1955 4921 2315 4994 sal‘i’iesseiad
2331 4921 2488 4991 ﬁdem
2518 4929 2759 4994 possunt,
2789 4923 3119 4994 evangelicw,
3155 4938 3260 4984 etc.

2033 4995 2111 5069 (g)
2143 4993 2276 5047 Male
2301 4991 2513 5078 it't‘lmss.
2547 4991 2672 5078 Vat:
2714 4991 2929 5078 liil.S..ei
2965 4991 3256 5078 Illa-niultic
3295 5007 3550 5078 adjicitur

1963 5063 2310 5152 Diriit'tt:nettm
2332 5063 2606 5152 Christum
2632 5064 2948 5152 simpliciter
2975 5067 3066 5121 Dei
3095 5068 3262 5152 ﬁliuni
3289 5063 3390 5135 silit
3420 5063 3549 5152 'p'ia'.

1959 5147 2125 5212 ponat
2150 5135 2811 5213 Hilariusdemonstrare:
2841 5153 2948 5203 qno
2965 5141 3132 5195 semel
3151 5135 3521 5213 demonstrato

1957 5201 2133 5282 palatii
2153 5210 2259 5282 Vliet
2285 5206 2582 5282 divinitatis
2613 5207 2663 5260 itt
2694 5223 2761 5260 eo
2791 5201 2911 5282 esse
2941 5220 3203 5267 "Nam,"
3287 5201 3542 5225 "'"W-v,

2029 5280 2110 5354 (It)
2135 5279 2256 5357 ‘Hoc
2279 5287 2396 5357 est_,_
2433 5279 2564 5330 inter
2603 5295 2663 5357 ea
2702 5279 2872 5331 omnia
2915 5283 3140 5357 notitiam.
3183 5287 3306 5344 Mox
3344 5294 3398 5349 itt
3441 5315 3543 5357 ms.

1955 5350 2284 5430 Yai.'_bas.,
2344 5350 2569 5417 dicatur,
2638 5351 2757 5404 loco
2819 5352 2970 5408 verbi
3011 5355 3252 5414 doceatur
3282 5403 3296 5427 ,
3341 5350 3547 5430 οηιίέξά

1953 5423 2149 5481 deinde
2177 5439 2304 5478 esse.
3097 5455 3102 5462 .

2025 5498 2106 5582 (i)_
2131 5493 2393 5582 .Editi-l‘tic
2413 5501 2477 5582 et;
2503 5490 2641 5582 inira
2671 5508 2726 5546 ιι.
2757 5491 2848 5561 2i,
2881 5495 2931 5550 in
2963 5513 3059 5567 quo
3090 5499 3211 5557 bene
3237 5513 3526 5582 conlplacui

1955 5560 2254 5638 Uti'tibique
2279 5566 2431 5638 abest
2455 5567 2579 5618 bene
2602 5579 2788 5638 amss.
2856 5637 2861 5638 ί
2972 5560 2982 5567 ’
3303 5560 3308 5561 ⁷
3337 5560 3547 5582 "ww"

2024 5635 2400 5723 (j)‘l‘tls,,Vat.
2446 5635 2900 5723 bas.,'baptiaati:
2938 5655 3113 5723 neque
3130 5643 3226 5723 hic
3252 5665 3553 5723 agnoscen-

1957 5706 2087 5768 au‘g.‘
2114 5706 2340 5766 Notatur
2370 5709 2569 5780 quivre
2595 5707 2820 5792 δίῐθηπὲἓε
2871 5706 3205 5792 ’θνονξῐδὶίίῖν
3233 5706 3336 5792 Ψῖί
3361 5706 3548 5790 (ᾗῙῶ

1957 5795 2108 5866 tum,
2141 5797 2265 5839 ante
2293 5779 2604 5866 quamcum
2646 5779 2936 5850 baptizarct
2961 5827 2976 5854 ,
3017 5787 3122 5844 sibi
3161 5779 3552 5866 digititaieus'ﬁ.

1959 5859 2228 5930 perierem
2258 5859 2494 5924 agnovit.
