4040 6328
559 308 672 364 175

568 426 770 478 tionem
800 420 1145 493 proprietatis
1171 426 1387 474 ostensa
1422 424 1524 472 est.
1558 416 1877 488 Assignetur
1904 431 2036 471 sane
2067 415 2170 470 hoc

562 514 962 572 communionis
1001 516 1053 567 in
1095 511 1311 566 Christo
1351 523 1579 576 nomen,
1616 519 1675 563 ut
1706 508 1847 562 ﬁlius
1884 507 1981 571 sit,
2014 508 2058 560 si
2098 505 2167 561 de

562 623 835 680 qquuam
864 606 1065 661 dictum
1096 604 1428 676 reperietur:
1465 602 1567 656 Hic
1592 611 1666 658 est
1691 602 1833 671 ﬁlius
1864 618 2025 655 meus.
2071 600 2166 656 Sin

562 717 694 757 vero
719 699 996 771 proprium
1023 713 1086 753 ac
1108 696 1381 768 singulare
1405 699 1453 752 ei
1479 704 1594 752 est:
1620 694 1724 749 Hic
1745 705 1817 750 est
1841 696 1981 766 ﬁlius
2004 710 2168 760 meus;

564 794 693 865 quid
714 793 1040 848 calumniam
1066 788 1224 863 149
1245 791 1352 846 Deo
1373 790 1511 860 patri
1540 787 1795 859 professa:
1821 787 1887 842 de
1913 787 2020 841 ﬁlio
2046 801 2169 856 pro-

561 885 806 956 prietatis
830 882 1140 938 aﬁ'erimus?
1184 881 1341 936 Anne
1370 881 1464 935 libi
1493 882 1544 935 in
1571 895 1636 935 eo
1654 920 1669 943 ,
1697 878 1842 949 quod
1866 878 2062 933 dicitur
2087 876 2171 930 hic

562 988 658 1043 est,
689 990 794 1030 non
824 975 927 1031 hoc
952 972 1241 1045 signiﬁcari
1267 970 1480 1027 videtur
1506 987 1520 1024 :
1551 970 1702 1025 Alios
1725 968 1939 1041 quidem
1965 982 2166 1039 cogno-

562 1069 796 1125 minatos
816 1069 884 1123 ab
905 1081 971 1123 eo
997 1067 1050 1120 iu
1079 1065 1243 1132 ﬁlios,
1268 1062 1363 1119 sed
1392 1063 1481 1119 hic
1506 1063 1645 1118 lilius
1668 1077 1819 1117 meus
1839 1068 1950 1127 est;
1974 1059 2169 1115 donavi

563 1161 875 1233 adeptionis
906 1157 1155 1231 plurimis
1185 1173 1418 1221 nomen.
1452 1155 1549 1212 sed
1582 1156 1682 1212 iste
1711 1154 1841 1210 mihi
1875 1153 2015 1208 ﬁlius
2053 1163 2166 1208 est:

561 1271 632 1311 ne
652 1270 862 1326 qureras
890 1252 1055 1307 alium
1075 1291 1091 1315 ,
1123 1265 1190 1306 ne
1214 1266 1322 1304 non
1346 1249 1490 1304 hunc
1510 1262 1632 1303 esse
1653 1247 1871 1314 eredas;
1902 1245 2045 1300 hunc
2069 1258 2171 1314 ego

561 1359 837 1421 tamquam
875 1347 1046 1418 digito
1087 1346 1264 1401 indice
1302 1359 1366 1399 ac
1406 1342 1555 1399 verbi
1596 1340 1995 1413 significatione
2034 1352 2169 1394 con-

561 1443 744 1513 tingo,
773 1455 878 1512 qua
917 1440 1038 1494 dico
1068 1447 1123 1494 et
1158 1453 1301 1491 meus
1326 1444 1432 1502 est,
1460 1443 1517 1491 et
1547 1435 1630 1489 hic
1660 1442 1762 1498 est,
1796 1440 1853 1488 et
1890 1431 2030 1502 ﬁlius
2060 1429 2173 1485 est?

557 1532 699 1601 Quid
729 1542 848 1604 post
877 1534 993 1587 haec
1022 1528 1389 1601 intelligentia!
1421 1527 1617 1600 poterit
1639 1541 1785 1593 esse,
1818 1539 1883 1581 ne
1913 1540 2020 1579 non
2052 1538 2173 1579 esse

562 1626 854 1683 credatur?
883 1626 947 1682 Et
976 1625 1094 1680 haec
1124 1622 1342 1695 quidem
1384 1629 1622 1692 paternae
1662 1618 1811 1674 vocis
1850 1617 2173 1689 signiﬁcatio

560 1720 735 1795 ((1)01!
767 1719 892 1788 fuit,
928 1736 995 1774 ne
1035 1720 1124 1791 qui
1168 1717 1236 1774 ad
1279 1716 1606 1789 implendam
1650 1728 1865 1769 onmem
1901 1712 2169 1782 justitiam

559 1812 919 1884 baptizandus
946 1820 1123 1876 esset,
1151 1810 1280 1882 quid
1307 1818 1453 1865 esset
1478 1809 1847 1879 ignoraretur:
1876 1804 1969 1860 sed
1997 1813 2053 1858 ut
2074 1804 2169 1875 qui

556 1910 626 1963 ad
671 1917 1071 1963 sacramentum
1117 1905 1310 1961 salutis
1353 1912 1554 1993 nostra:
1596 1901 1760 1957 homo
1804 1900 2161 1965 cernebatur,

557 1999 654 2056 Dei
684 2014 818 2056 voce
853 1999 944 2055 Dei
978 1999 1123 2054 (ilius
1153 2008 1487 2053 nosceretur.

630 2101 721 2157 24.
758 2100 908 2155 Idem
943 2099 1110 2155 denuo
1152 2098 1397 2152 declarat.
1438 2094 1568 2150 Filii
1612 2094 1764 2149 dictis
1808 2093 2164 2147 auctoritatem

558 2204 790 2267 praestat.
819 2225 890 2236 —
920 2193 986 2249 Et
1031 2193 1155 2263 quia
1182 2191 1234 2247 in
1292 2191 1415 2247 ﬁdei
1458 2190 1619 2259 hujus
1659 2188 2000 2244 confessione
2044 2202 2164 2243 cre—

556 2287 804 2344 dentium
835 2287 940 2342 vita
986 2294 1133 2342 esset
1172 2284 1300 2357 (non
1341 2284 1483 2339 enim
1530 2282 1634 2337 alia
1684 2281 2003 2336 aeternitatis
2054 2280 2161 2334 vita

554 2391 640 2437 est
683 2380 758 2453 (b)
778 2422 794 2446 ,
827 2378 930 2434 nisi
970 2377 1152 2434 Jesum
1171 2376 1443 2432 Christum
1467 2374 1798 2445 unigenitum
1830 2374 1995 2427 Deum
2024 2372 2163 2427 scia-

555 2488 676 2528 mus
704 2486 826 2527 esse
865 2470 963 2526 Dei
1007 2468 1232 2540 ﬁlium);
1264 2483 1371 2523 vox
1417 2482 1449 2523 e
1475 2466 1629 2522 caelis
1664 2481 1877 2520 rursum
1916 2464 1984 2518 ab
2025 2465 2162 2532 Apo-

559 2565 713 2623 stolis
747 2566 953 2620 iteratio
984 2564 1143 2633 hujus
1174 2560 1583 2633 signiﬁcationis
1613 2560 1867 2624 auditur;
1899 2570 1953 2612 ut
1985 2557 2037 2613 id
2067 2556 2160 2612 ﬁr—

557 2660 700 2717 mius
725 2659 1042 2716 crederetur
1061 2656 1128 2712 ad
1148 2658 1310 2712 vitam
1334 2697 1348 2722 ,
1373 2655 1515 2727 quod
1558 2669 1664 2710 non
1688 2653 1983 2710 credidisse
2014 2667 2158 2707 mors

555 2762 721 2811 esset.
777 2752 1018 2823 Namque
1056 2766 1178 2806 cum
1237 2749 1495 2803 Dominus
1546 2748 1597 2802 in
1632 2757 1813 2803 monte
1861 2744 2156 2815 majeslalis

554 2862 668 2902 suae
699 2845 883 2900 habitu
911 2841 1275 2909 constitisset,
1305 2840 1489 2913 Moyse
1516 2850 1680 2912 atque
1707 2840 1821 2894 Elia
1855 2838 2154 2894 assistenti—

553 2941 678 3008 bus,
712 2950 769 2997 et
793 2940 861 2995 ad
889 2938 1111 2994 visionis
1136 2952 1199 2993 ac
1228 2938 1373 2991 vocis
1396 2935 1557 2991 ﬁdem
1587 2935 1758 2990 tribus
1784 2934 2049 2990 columnis
2067 2948 2158 2990 ec-

550 3035 841 3093 clesiarum
891 3032 1118 3089 testibus
1150 3030 1472 3100 assumptis,
1523 3031 1639 3084 hazc
1666 3045 1767 3084 vox
1824 3040 2042 3100 paterna
2087 3028 2155 3084 de

548 3130 690 3186 omlo
716 3138 799 3185 est
825 3146 839 3183 :
878 3126 978 3181 Hic
1004 3136 1079 3182 est
1108 3125 1249 3195 ﬁlius
1281 3140 1423 3179 meus
1452 3123 1688 3187 dilectus,
1713 3123 1767 3176 in
1796 3138 1895 3191 quo
1923 3120 2155 3195 compla-

546 3222 654 3287 cui,
688 3222 824 3274 hunc
874 3219 1049 3274 audite
1078 3217 1295 3291 (Matth.
1331 3232 1460 3282 xv",
1499 3217 1579 3284 5).
1611 3214 1726 3270 Non
1760 3215 1823 3269 ad
1861 3216 2154 3271 conﬁrma-

558 3313 757 3368 tionem
793 3311 1015 3367 honoris
1036 3310 1256 3365 claritas
1285 3317 1576 3377 conspecta
1614 3308 1746 3361 satis
1773 3309 1949 3362 fuerat
1977 3324 1993 3373 ;
2017 3324 2150 3365 voce

553 3405 869 3476 designatur
897 3420 909 3455 :
937 3400 1036 3455 Hic
1068 3402 1205 3471 ﬁlius
1238 3417 1376 3454 meus
1406 3408 1502 3454 est.
1534 3400 1777 3469 Apostoli
1807 3400 2035 3470 gloriam
2057 3400 2152 3457 Dei

553 3513 660 3555 non
695 3496 893 3561 ferunt,
928 3505 985 3550 et
1014 3494 1272 3549 mortales
1301 3492 1442 3547 oculi
1474 3491 1801 3547 hebetautur
1831 3494 1898 3547 ad
1929 3494 2101 3549 visum
2134 3536 2150 3563 ,

553 3599 611 3648 et
638 3596 984 3646 consternata
1009 3587 1077 3641 ad
1122 3594 1326 3641 metum
1367 3584 1509 3639 Petri
1538 3592 1593 3639 et
1638 3583 1827 3639 Jacobi
1857 3592 1913 3641 et
1936 3584 2157 3641 Joannis

1747 297 1993 358 SANCTI
2033 296 2290 354 IllLARll
2329 294 2637 354 EPISCOPI

3719 304 3800 363 176

2197 417 2244 476 Λ
2275 411 2411 468 ﬁdes
2437 412 2671 469 Concidit
2696 429 2709 465 :
2740 412 2892 469 adest
2922 422 3101 468 tamen
3131 412 3461 468 auctoritatis
3483 422 3692 484 pateram
3708 434 3801 487 pro-

2270 506 2457 573 fessio,
2488 516 2542 562 et
2567 506 2707 562 ﬁlius
2742 507 2826 562 hic
2864 522 2959 577 per
2991 509 3372 577 prOprietatem
3414 507 3480 580 (c)
3511 510 3802 580 signiﬁcantis

2269 597 2592 655 ostenditur.
2637 598 2822 671 Neque
2868 601 3043 656 solum
3076 600 3275 656 veritas
3321 599 3412 654 ﬁlii
3442 616 3530 671 per
3557 600 3666 671 hoc,
3691 608 3804 675 quod

2269 704 2325 746 et
2354 691 2438 745 hic
2466 703 2521 748 et
2543 709 2686 747 meus
2717 702 2813 759 est,
2844 693 3149 757 intimatur;
3179 693 3273 747 sed
3316 691 3553 757 additur,
3585 693 3716 750 Hunc
3732 713 3804 751 au-

2269 785 2393 839 dite.
2423 783 2816 841 Testimonium
2839 785 3054 857 quidem
3080 784 3255 841 Patris
3280 801 3310 841 e
3331 786 3467 841 ctelo
3484 797 3565 842 est
3586 804 3598 840 :
3627 794 3707 843 sed
3726 798 3807 845 tes-

2272 877 2551 933 timonium
2599 878 2757 950 150
2786 877 2903 932 Filii
2945 878 3295 933 continuatur
3333 877 3387 933 in
3416 884 3579 945 terra,
3610 894 3713 934 nam
3734 895 3806 935 au-

2268 970 2498 1027 diendus
2518 972 2913 1028 ostenditur.Et
2935 986 3256 1043 quamquam
3273 970 3585 1044 ambiguitas
3605 988 3691 1040 per
3715 988 3808 1042 pro-

2271 1056 2562 1122 feSsioncm
2596 1078 2872 1137 paternam
2906 1082 3011 1121 non
3055 1066 3425 1137 relinquatur,
3459 1076 3624 1121 tamen
3647 1074 3693 1120 et
3720 1065 3809 1122 Filii

2270 1159 2339 1215 de
2369 1174 2431 1215 se
2482 1159 2745 1231 professio
2793 1159 3065 1216 credenda
3121 1159 3473 1225 decernitur,
3525 1169 3656 1214 eteo
3681 1176 3810 1230 usque

2271 1254 2470 1310 veritas
2509 1254 2562 1309 in
2593 1270 2660 1309 eo
2692 1254 2787 1309 ﬁlii
2833 1253 3077 1318 docetur,
3110 1262 3168 1308 ut
3208 1262 3445 1324 paternae
3486 1252 3625 1307 vocis
3659 1253 3812 1308 conﬁr-

2271 1350 2437 1403 matio
2459 1346 2541 1421 (l)
2575 1346 2654 1421 (ά)
2683 1347 2935 1404 audiendi
2964 1363 2993 1402 a
3024 1347 3182 1403 nobis
3222 1348 3456 1419 posmlet
3492 1347 3804 1418 obsequelam.

2272 1439 2437 1512 Igitur
2464 1441 2587 1512 quia
2616 1450 2853 1511 paterna:
2883 1440 3176 1496 voluntatis
3203 1440 3321 1497 haec
3342 1454 3448 1495 vox
3466 1450 3566 1505 est,
3603 1450 3655 1494 ut
3676 1438 3710 1494 F
3715 1440 3806 1495 ilius

2272 1533 2552 1599 audiatur;
2585 1533 2869 1589 audiamus
2896 1532 3090 1589 Filium
3120 1531 3188 1589 de
3223 1548 3284 1589 se
3311 1531 3441 1605 quid
3469 1533 3539 1589 sit
3562 1533 3667 1605 ipse
3690 1532 3814 1603 proii-

2277 1638 2475 1685 tentem
2486 1668 2500 1683 .

2343 1722 2433 1778 25.
2469 1721 2704 1778 Christus
2730 1733 2779 1777 et
2807 1721 2977 1778 Deum
3002 1722 3099 1777 sibi
3121 1730 3318 1794 patrem
3343 1730 3392 1777 et
3433 1738 3486 1778 se
3511 1719 3558 1776 F
3560 1722 3690 1776 ilium
3728 1723 3813 1795 ejus

2198 1812 2246 1873 B
2273 1814 2455 1872 merito
2485 1823 2765 1887 nuncupat.
2787 1844 2860 1854 --
2887 1813 3167 1870 Neminem
3205 1823 3387 1870 autem
3437 1823 3543 1871 tam
3580 1814 3773 1868 alienum
3792 1829 3813 1868 a

2264 1910 2535 1988 communi
2564 1924 2725 1965 sensu
2764 1909 3015 1965 existimo
3042 1924 3164 1965 esse
3190 1949 3203 1976 ,
3258 1917 3316 1963 ut
3355 1924 3479 1964 cum
3524 1909 3575 1963 in
3603 1909 3805 1964 omnibus

2267 1999 2686 2072 Evangeliorum
2720 2000 2869 2059 libris
2891 2018 2958 2056 ex
2998 2001 3335 2071 professione
3380 2001 3503 2056 Filii
3531 2001 3812 2071 assumptio-

2267 2111 2387 2150 nem
2419 2110 2697 2165 corporeae
2746 2095 3056 2150 humilitatis
3107 2093 3408 2165 intelligat.
3468 2108 3584 2150 cum
3611 2090 3817 2148 ait:Pa-

2267 2197 2362 2255 ter,
2394 2188 2624 2257 clari/ica
2640 2204 2719 2241 me
2744 2186 2949 2258 (Joan.,
2973 2203 3103 2253 xvtt,
3129 2185 3185 2258 5)
3204 2205 3218 2250 ;
3237 2200 3290 2243 et
3317 2201 3529 2242 rursum
3553 2185 3815 2257 frequentis-

2268 2283 2405 2336 sime
2440 2298 2453 2334 :
2496 2279 2745 2335 Videbitis
2774 2278 2970 2334 Filium
3015 2281 3235 2335 hominis
3266 2280 3505 2350 (Matth.,
3535 2296 3675 2339 xxvi.
3716 2277 3814 2349 64);

2267 2385 2322 2431 et
2350 2375 2483 2430 illud
2515 2393 2527 2429 ε
2555 2373 2627 2447 (ε)
2663 2374 2821 2430 Pater
2843 2376 3010 2444 major
3038 2393 3118 2430 me
3141 2386 3215 2430 est
3243 2373 3447 2447 (Joan.,
3478 2391 3585 2443 xrv,
3613 2374 3693 2446 28)
3712 2391 3725 2438 ;
3746 2373 3813 2428 sed

2265 2475 2321 2524 ct
2345 2470 2447 2523 hoc
2473 2485 2486 2520 :
2523 2466 2680 2521 Nunc
2705 2468 2879 2521 anima
2901 2484 3013 2522 mea
3035 2466 3237 2523 turbata
3258 2481 3333 2523 est
3358 2468 3505 2522 valde
3529 2466 3713 2538 (leam,
3743 2481 3812 2533 xu,

2265 2560 2396 2635 27);
2431 2562 2515 2618 vel
2545 2562 2706 2617 etiam
2769 2561 2911 2617 hoc:
2959 2558 3126 2629 Deus,
3181 2560 3320 2616 Deus
3354 2578 3534 2627 meus,
3586 2575 3721 2633 quare
3757 2574 3815 2613 itte

2268 2658 2585 2729 dereliquisti
2627 2655 2868 2729 (Matt/2.,
2895 2671 3069 2722 xxvu,
3100 2654 3240 2727 46)?
3268 2666 3323 2712 et
3364 2656 3530 2712 multa
3571 2655 3665 2711 alia
3702 2653 3813 2709 istius

2267 2748 2434 2815 modi,
2467 2749 2534 2804 de
2589 2748 2783 2819 quibus
2812 2764 2912 2804 suo
2960 2748 3152 2803 ordine
3180 2748 3287 2804 erit
3336 2762 3521 2803 sermo
3549 2765 3561 2800 :
3594 2756 3742 2801 tamen
3774 2744 3810 2797 in

2264 2841 2364 2897 hac
2389 2852 2495 2896 tam
2528 2840 2744 2896 assidua
2775 2838 3096 2896 humilitatis
3140 2842 3539 2895 contestatione
3566 2837 3807 2894 insolentia

2258 2952 2382 2991 cum
2416 2946 2625 3008 arguat,
2662 2936 2803 3007 quod
2834 2936 2939 2992 sibi
2976 2947 3179 3006 patrem
3212 2936 3381 2992 Deum
3410 2936 3573 3000 dicat,
3601 2934 3806 2991 cumait:

2264 3030 2448 3085 Omnis
2472 3029 2746 3099 plantatio,
2785 3045 2939 3099 quam
2986 3047 3086 3084 non
3131 3029 3378 3098 plantavit
3410 3037 3555 3101 pater
3580 3044 3707 3082 meus
3722 3025 3805 3099 (f),

2260 3121 2604 3176 cradicabitnr
2641 3119 2884 3193 (Matth.,
2906 3136 2998 3187 xv,
3026 3117 3151 3192 l3);
3184 3121 3265 3176 vel
3306 3120 3440 3175 illud
3474 3138 3487 3174 :
3522 3119 3723 3174 Domum
3745 3133 3806 3189 pn-

2259 3217 2353 3270 tris
2380 3216 2477 3269 utei
2504 3216 2714 3269 domum
2767 3215 2957 3285 fecistis
2987 3214 3346 3286 negotiationis
3369 3213 3573 3288 (Joan.,
3616 3229 3671 3282 tt,
3711 3209 3811 3282 16):

2182 3275 2228 3339 Ο
2259 3308 2337 3380 (gl
2362 3320 2416 3364 ct
2445 3275 2776 3379 ubicumque
2797 3322 3013 3376 semper
3040 3275 3247 3378 patrem
3276 3275 3387 3362 sibi
3416 3275 3580 3362 Deum
3603 3275 3813 3368 admittit,

2263 3402 2569 3456 temeraria:
2600 3401 3037 3471 praesumptionis
3067 3401 3247 3470 potius
3273 3399 3364 3468 sit,
3394 3416 3556 3472 quam
3586 3396 3814 3455 conﬁden-

2265 3498 2334 3550 tis
2363 3506 2567 3551 natura:
2594 3535 2610 3561 ,
2652 3510 2773 3566 qua:
2817 3496 3033 3550 conscia
3076 3493 3371 3548 nativitatis
3412 3509 3525 3549 suze
3555 3491 3632 3563 (lt)
3676 3496 3816 3545 teneat

2267 3590 2517 3646 veritatis
2539 3605 2737 3644 nomen
2769 3589 2821 3643 in
2852 3598 3024 3661 patre.
3056 3587 3382 3643 llumilitatis
3417 3588 3576 3660 igitur
3602 3580 3817 3657 professio

546 3740 562 3821 "
624 3730 705 3801 (1)
732 3728 790 3785 In
820 3725 1006 3784 codice
1027 3724 1346 3791 Veronensi,
1391 3723 1637 3778 audiendi
1659 3742 1693 3779 a
1721 3722 1866 3779 nobis
1907 3726 2003 3796 ﬁlii
2028 3728 2268 3799 postulet,
2297 3718 2429 3798 eic.;
2454 3739 2509 3787 at
2536 3747 2639 3786 vox
2665 3731 2763 3802 ﬁlii
2791 3729 2972 3787 addita
3001 3738 3083 3786 est
3105 3727 3357 3788 secundis
3386 3730 3553 3787 curis.

624 3895 702 3970 (a)
731 3891 907 3970 Editi,
927 3908 984 3970 eo
1012 3890 1167 3970 fuit,“
1180 3885 1572 3970 refragantibus
1608 3886 1844 3970 scriptis.
1875 3885 1996 3970 M9}
2024 3887 2147 3944 Par.

554 3959 694 4026 cuin'
710 3981 841 4021 mss.
870 3959 1023 4021 Coll);
1049 3975 1098 4019 et
1128 3959 1338 4025 Germ.,
1366 3977 1465 4031 quo
1488 3969 1562 4024 ut,
1593 3974 1689 4028 pro
1716 3960 1804 4031 sed
1830 3969 1904 4014 ut.
1936 3959 2049 4015 Hoc
2065 3977 2151 4015 ar-

553 4050 864 4109 gumentum
898 4036 1127 4109 illustrat
1179 4048 1244 4109 ae
1270 4031 1437 4109 iusius
1466 4030 2027 4109 explicat_Fattstiiius
2083 4032 2148 4087 ad

562 4101 870 4167 Flaccillam
898 4108 988 4163 lib.
1013 4114 1202 4161 contra
1219 4102 1469 4163 Arianos.
1493 4117 1542 4157 c.
1569 4101 1627 4166 2,
1646 4102 1734 4156 ubi
1764 4118 1883 4158 cum
1913 4103 2099 4157 eadem
2121 4119 2152 4159 e

551 4181 868 4251 Scripturis,
890 4193 1011 4251 quae
1037 4178 1121 4232 hic
1142 4176 1379 4251 Hilarius
1399 4173 1578 4239 aﬁ‘i-rt,
1606 4173 1911 4251 testimonia
1933 4174 2151 4251 eodem-

549 4270 657 4326 que
679 4245 875 4326 ordine
900 4245 953 4305 et
980 4249 1032 4303 in
1057 4248 1305 4326 eumdem
1344 4261 1579 4326 scopum
1593 4245 1896 4326 describat,
1926 4245 2147 4326 conjec-

552 4315 669 4381 tare
697 4334 777 4379 est
824 4322 973 4376 illum
1019 4336 1085 4375 ex
1133 4318 1252 4388 ipso
1284 4317 1523 4372 nonnihil
1556 4315 1722 4388 fuisse
1753 4315 2151 4384 adjutum.‘Ait

553 4408 734 4451 autem
777 4392 849 4447 ibi
882 4408 895 4444 :
929 4386 1376 4457 Carnem'quidem
1404 4392 1536 4457 eius.
1566 4386 1648 4441 uel
1682 4389 1852 4457 potius
1890 4389 2149 4442 hominem

554 4468 746 4533 dicam,
773 4480 920 4518 nemo
953 4461 1259 4530 ambigebat,
1290 4461 1410 4528 quia
1457 4474 1546 4511 nec
1574 4458 1767 4529 ambigi
1785 4467 1987 4533 poterat
2012 4474 2031 4523 ;
2057 4462 2147 4533 sed

551 4540 706 4603 illud,
733 4530 876 4607 quod
906 4535 959 4587 in
981 4534 1185 4587 homine
1209 4541 1318 4585 erat
1347 4538 1395 4584 et
1422 4539 1602 4583 natum
1629 4545 1746 4583 cum
1774 4530 1998 4607 homine,
2028 4531 2149 4601 quia

557 4602 719 4665 videri
751 4602 841 4678 per
884 4617 1121 4678 naturam
1161 4619 1262 4678 non
1294 4611 1491 4678 poterat
1516 4616 1632 4678 .__ne
1674 4610 1804 4678 esset
1844 4602 2103 4678 incertam
2126 4643 2142 4666 ,

558 4697 679 4734 voce
715 4670 763 4734 et
789 4678 937 4746 quasi
970 4676 1133 4746 digito
1162 4672 1341 4728 Patris
1364 4671 1647 4746 ostenditur
1668 4670 2046 4746 dicenti_s,_Hic
2072 4682 2148 4728 est

562 4750 614 4805 F
617 4752 737 4804 ilius
753 4741 917 4816 meus,
947 4741 1051 4801 etc'.
1076 4745 1141 4800 Et
1170 4747 1329 4814 paulo
1355 4755 1478 4816 ante
1506 4762 1520 4798 :
1554 4742 1617 4796 Et
1637 4742 1751 4797 vide
1776 4744 1896 4816 quia
1916 4741 2012 4816 hoc
2030 4754 2152 4799 tunc

463 4856 471 4863 ~
559 4824 786 4894 primum
809 4813 951 4877 dicit.
971 4813 1180 4888 quando
1204 4816 1357 4894 {esus
1376 4825 1432 4894 ut
1457 4813 1611 4869 homo
1639 4815 1850 4869 accessit
1874 4816 1942 4894 ad
1962 4815 2154 4885 baptis-

562 4887 707 4946 inum
736 4908 752 4946 :
779 4902 825 4946 et
863 4887 1129 4962 putonon
1166 4888 1277 4962 alia
1322 4888 1522 4962 ratione
1546 4927 1560 4949 ,
1608 4887 1918 4962 quamquia
1957 4896 2153 4962 poterat

561 4965 705 5017 credi
730 4979 832 5016 non
850 4958 957 5015 esse
986 4960 1127 5031 ﬁlius
1155 4958 1275 5024 Dei,
1304 4959 1389 5028 qui
1411 4974 1685 5027 corporeus
1698 4959 1980 5021 uidebatur,
2000 4968 2048 5014 et
2074 4960 2153 5013 in—

565 5045 642 5090 ter
670 5043 876 5104 caeteros
902 5031 1131 5087 homines
1153 5033 1267 5104 ipse
1306 5046 1505 5100 quoque
1533 5039 1586 5082 ut
1617 5031 1767 5104 homo
1803 5039 2038 5104 peccator
2066 5047 2150 5084 ue-

563 5107 733 5161 niebat
762 5106 826 5159 ad
852 5101 1186 5174 baptismum,
1207 5119 1322 5174 cum
1342 5112 1546 5174 peccata
1571 5101 1787 5174 propria,
1802 5117 1903 5174 non
1919 5102 2149 5156 haberet.

638 5180 710 5249 (b)
745 5178 865 5249 Par.
890 5172 1012 5229 cum
1037 5173 1311 5249 mssaVat.
1335 5175 1473 5249 has.,
1493 5172 1646 5249 lliart.
1680 5179 1737 5226 et
1753 5173 1930 5235 Colb.,
1950 5175 2030 5249 uia
2053 5181 2148 5227 est.

564 5242 732 5318 Magis
758 5248 926 5314 placet
951 5261 1073 5299 cum
1103 5242 1413 5318 aliis__lihris
1433 5285 1445 5304 .
1476 5245 1577 5296 vita
1599 5252 1713 5318 est;
1742 5251 1800 5297 ut
1837 5244 2154 5312 respiciatur

564 5313 696 5376 illud
722 5319 881 5375 Joan.
926 5332 1032 5371 xvn
1055 5357 1069 5380 ,
1099 5318 1134 5370 5
1163 5334 1178 5368 :
1215 5313 1339 5368 "(ec
1358 5327 1433 5368 est
1462 5323 1631 5367 autem
1659 5315 1761 5368 vita
1804 5325 2016 5381 teterna,
2045 5326 2148 5370 etc.

565 5391 699 5446 Tum
731 5389 872 5458 apud
904 5389 1020 5454 Er.,
1045 5387 1216 5458 Lips.,
1247 5393 1303 5442 ct
1325 5385 1445 5439 Par.
1472 5425 1488 5449 ,
1522 5385 1621 5439 nisi
1648 5396 1705 5439 ut
1733 5384 1933 5440 Jesum.
1983 5388 2155 5442 Abest

564 5472 672 5517 uta
706 5463 834 5516 Ball.
862 5471 916 5517 et
947 5474 1075 5513 mss.

634 5532 703 5605 (c)
738 5534 883 5599 Lips.
907 5541 962 5587 et
986 5529 1109 5585 Par.
1138 5528 1527 5601 significationis
1556 5538 1806 5605 :Hptjaater
1834 5528 1993 5605 ﬁdem
2020 5530 2153 5586 alio-

560 5602 965 5659 rumlibrorum
991 5643 1007 5667 ,
1048 5612 1103 5658 et
1140 5611 1393 5671 corrupto
1435 5602 1673 5654 nonnihil
1704 5604 1937 5656 auctoris
1965 5616 2146 5656 sensu.

562 5675 867 5744 Pr0prictas
892 5675 1088 5746 quippe
1129 5675 1418 5746 apponitur
1462 5671 2150 5746 adaptioniirgrelert‘urque

563 5742 685 5803 tum
704 5748 770 5802 ad
792 5742 1002 5802 Patrem
1024 5742 1462 5814 'signiﬁcantem,
1492 5754 1603 5799 tum
1632 5742 1699 5799 ad
1726 5742 1917 5798 Filium
1938 5742 2147 5814 signiﬁ-

561 5830 762 5877 catum.
794 5817 885 5875 Sic
913 5832 1074 5890 porro
1101 5813 1241 5873 idem
1279 5825 1652 5889 argumentum
1696 5824 1893 5872 tractat
1933 5813 2145 5872 Fausti-

2256 3905 2358 3946 nus
2380 3891 2501 3947 loco
2532 3890 2747 3946 laudato
2781 3906 2795 3946 :
2824 3889 2957 3945 Cum
2992 3906 3051 3946 eo
3082 3900 3218 3946 certe
3246 3888 3480 3961 Moyses,
3507 3899 3554 3944 et
3585 3888 3814 3961 Eliaspa‘

2254 3964 2381 4017 riter
2419 3963 2725 4017 videbantur
2754 3964 3037 4029 loquentes,
3088 3979 3211 4032 quos
3261 3957 3442 4031 utibue
3477 3966 3542 4016 de
3583 3957 3817 4032 adoptione

2254 4034 2430 4106 factos
2450 4051 2557 4089 esse
2589 4034 2727 4104 ﬁlios
2757 4032 2851 4088 Dei
2902 4028 3109 4106 negare
3130 4051 3233 4106 non
3281 4028 3427 4102 potes
3452 4050 3493 4106 :77
3518 4028 3818 4106 quoniodo__de

2255 4097 2364 4160 solo
2396 4097 2603 4160 Christo
2635 4121 2731 4160 vos:
2751 4105 2924 4159 divina
2956 4097 3171 4160 (cuntur
3200 4097 3413 4160 dicens:
3448 4097 3549 4159 mi:
3573 4112 3642 4161 est
3679 4097 3816 4154 Filius

2254 4194 2417 4240 meus.
2448 4186 2552 4232 etc.
2588 4177 2649 4232 Si
2679 4178 2813 4231 enim
2844 4187 2889 4230 et
2917 4175 3154 4232 Christus
3178 4178 3241 4232 de
3266 4178 3550 4246 adoptione
3570 4176 3708 4246 ﬁlius
3723 4181 3813 4246 est,

2254 4265 2367 4319 cum
2395 4257 2552 4303 staret
2581 4249 2712 4303 inter
2736 4248 3179 4319 duosiadoptivos,
3212 4242 3427 4303 dixisset
3456 4242 3644 4319 utique,
3667 4243 3726 4299 Et
3754 4242 3817 4319 hic

2252 4317 2304 4372 F
2307 4320 2425 4374 ilius
2454 4337 2595 4375 meus
2622 4330 2718 4387 est,
2751 4337 2812 4374 ne
2851 4312 3086 4375 Christus
3123 4312 3234 4375 esse
3262 4319 3402 4374 solus
3450 4312 3815 4387 crederetur.At

2252 4406 2367 4445 cum
2395 4390 2518 4445 dicit
2536 4435 2551 4454 ,
2580 4390 2683 4445 llic
2704 4386 2777 4446 est
2797 4391 2936 4461 ﬁlius
2956 4407 3101 4445 meus
3125 4393 3363 4457 dilectus,
3388 4390 3681 4461 adoptionis
3708 4386 3816 4461 ﬁlios

2250 4463 2525 4534 separavit.
2558 4471 2613 4517 ut
2644 4455 2931 4534 proprietas
2966 4477 3098 4518 aera:
3121 4455 3402 4519 nativitatis
3434 4455 3813 4518 in'Christo'solo

2252 4533 2365 4603 ﬁlio
2390 4534 2699 4589 crederetur.

2325 4604 2403 4677 (ά)
2428 4605 2554 4661 Sola
2584 4605 2751 4662 editio
2773 4606 2897 4661 Par.
2927 4621 3050 4662 cum
3077 4620 3178 4660 ms.
3215 4605 3366 4660 Mart.
3410 4601 3680 4660 audienda.

2246 4669 2607 4748 'cum'aliquot
2646 4692 2780 4733 mss.
2809 4678 3058 4732 audiendi
3083 4678 3286 4733 anubis
3332 4678 3452 4747 ﬁlii.
3505 4677 3665 4733 Abest
3690 4669 3815 4745 [iliia

2255 4748 2574 4799 notioribus.

2255 4759 2574 4818 pouormus.

2326 4820 2396 4894 (c)
2422 4818 2555 4874 Nota
2581 4819 2852 4894 quomodo
2878 4820 3015 4888 lucc,
3049 4820 3209 4876 Pater
3235 4823 3405 4894 major
3420 4836 3503 4875 me
3528 4829 3619 4894 est,
3645 4818 3744 4894 jam
3759 4812 3815 4867 de

2254 4885 2468 4963 Christo
2495 4885 2789 4947 secundum
2820 4885 3243 4958 assumptionem
3271 4885 3548 4963 corporeae
3566 4885 3815 4963 humilita-

2257 4963 2323 5014 tis
2359 4962 2499 5016 dicta
2532 4964 2920 5033 intelligantur,
2939 4966 3182 5035 quamvis
3212 4965 3339 5019 alibi
3367 4958 3610 5035 etiamde
3634 4958 3816 5035 Christo

2256 5045 2411 5102 prout
2468 5035 2606 5088 Deus
2657 5030 2871 5105 genitus
2913 5030 2993 5091 est
3023 5045 3382 5105 exponuntur.
3416 5034 3598 5103 Neque
3651 5030 3815 5105 minori

2253 5094 2686 5177 consideratione
2710 5106 2952 5177 dignum,
2982 5094 3126 5176 quod
3154 5107 3349 5162 deinde
3374 5120 3480 5160 non
3512 5094 3664 5174 negat
3699 5094 3815 5154 hila-

2255 5176 2368 5230 rius
2389 5176 2621 5230 animam
2645 5176 2841 5232 Christi
2885 5194 3011 5235 vere
3041 5179 3331 5237 turbatam.
3365 5177 3460 5233 sed
3485 5187 3684 5232 tantum
3719 5183 3814 5226 mo—

2256 5256 2347 5301 net
2375 5247 2438 5300 ad
2482 5261 2787 5318 susceptum
2819 5248 3094 5305 hominem
3122 5250 3463 5306 referendum
3495 5263 3650 5315 esse,
3680 5239 3814 5316 quid-

2255 5318 2384 5386 quid
2418 5318 2503 5373 ltic
2529 5319 2679 5374 locus
2710 5319 3035 5374 inﬁrmitatis
3066 5332 3243 5376 sonat.
3454 5350 3457 5353 -

2330 5390 2397 5460 (Γ)
2435 5390 2491 5445 In
2538 5392 2767 5461 vulgatis
2797 5392 2882 5446 hic
2907 5392 3158 5460 adjicitur
3183 5393 3399 5448 celestis
3428 5410 3441 5444 :
3472 5391 3610 5459 quod
3632 5389 3807 5463 abe5ta_

2256 5476 2387 5536 mss;
2430 5470 2489 5516 ct
2523 5465 2666 5536 apud
2700 5463 3036 5530 Faustinum,
3073 5464 3256 5536 Hilarii
3289 5463 3584 5536 aequalem,
3638 5470 3719 5525 ct,
3746 5463 3808 5509 ult

2254 5532 2408 5586 nobis
2450 5532 2679 5601 videtur,
2731 5537 3075 5591 imitatorem.
3130 5535 3250 5591 Mox
3279 5532 3461 5592 illius.
3494 5536 3670 5601 Mart,
3694 5544 3805 5584 mer-

2253 5604 2488 5679 cationis,
2513 5604 2631 5660 loco
2660 5607 3037 5679 negotiationis.

2323 5675 2397 5749 (g)
2432 5676 2537 5749 Pro
2578 5687 2625 5731 et
2652 5675 2986 5734 commodius
3018 5681 3284 5749 legeretur
3312 5681 3479 5734 itaut.

2324 5742 2404 5818 (lt)
2436 5746 2669 5822 Hoc_est,
2698 5749 2754 5805 in
2790 5760 2943 5820 patre
2974 5742 3333 5822 nunfcupando
3378 5763 3572 5807 nomen
3595 5742 3716 5804 illud
3741 5751 3803 5797 tc-

2250 5828 2396 5885 neat,
2421 5819 2564 5890 quod
2595 5824 2707 5879 veri
2727 5819 2804 5880 ac
2817 5823 3078 5880 naturalis
3105 5819 3274 5895 patris
3302 5823 3392 5880 sit.

2178 4713 2228 4774 D

2190 4854 2203 4867 \
