4040 6328
217 368 324 425 177
1468 365 1559 423 DE
1595 364 1812 423 TRINI'I

1937 367 1970 423 E
2010 367 2214 427 LIBER
2253 372 2339 429 Vl.
3428 373 3532 431 178

213 480 471 551 frequens
521 496 628 536 non
661 480 823 537 habet
870 481 974 537 hoc
1016 481 1320 538 insolentiae
1365 481 1577 548 vitium,
1609 490 1669 537 ut
1711 480 1811 537 sibi
1841 484 1891 545 A
1919 493 2022 539 est.
2057 484 2189 541 Tam
2215 488 2527 556 ignorabilis
2557 498 2642 545 est
2672 489 2860 559 Filius,
2895 506 3054 560 quam
3085 499 3140 547 et
3168 491 3348 548 Pater.
3399 489 3530 547 Om-

213 574 394 628 alieua
419 572 500 647 (l)
534 573 778 630 vendicet
805 618 818 641 ,
850 584 907 630 et
935 592 1040 631 non
1068 590 1166 629 sua
1203 573 1496 644 defendat,
1523 582 1578 630 et
1605 574 1822 645 proprie
1927 578 2013 632 nia
2047 578 2097 634 ei
2132 580 2322 636 tradita
2367 592 2493 638 sunt
2526 602 2540 640 :
2569 593 2624 639 et
2665 585 2717 639 in
2748 585 3002 641 omnibus
3046 585 3177 641 nihil
3210 585 3530 657 intelligitur

215 669 329 724 Deo
357 669 685 739 coaequandi:
716 679 1025 740 praesumat.
1058 668 1171 725 Nec
1197 669 1311 740 pari
1348 669 1684 735 temeritate,
1716 683 1821 739 qua
1925 682 2235 741 exceptum.
2285 675 2342 733 Si
2391 684 2631 746 potestas
2678 688 2957 749 exaequata
3000 690 3106 746 est,
3163 679 3209 733 si
3253 688 3528 735 secretum

211 772 424 833 patrem
456 773 730 834 nuncupat
753 805 766 829 ,
802 781 861 821 se
905 781 1121 837 qnoqne
1167 765 1331 820 ﬁlium
1365 764 1683 836 proﬁteatur
1729 764 1819 821 di-
1923 767 2248 839 cognitionis
2278 768 2485 841 mquale
2511 779 2616 835 est,
2648 769 2910 827 si'natura
2954 771 3006 827 in
3053 770 3363 827 nominibus
3396 780 3482 827 est
3511 787 3527 826 :

208 870 344 911 cens
379 874 392 909 :
426 853 537 910 Nec
567 856 703 910 enim
730 857 866 912 misit
893 854 1034 912 Deus
1058 857 1224 928 ﬁlium
1250 874 1399 911 suum
1428 857 1483 910 in
1510 857 1646 910 hunc
1669 871 1822 910 mun-
1923 875 2112 930 quaero
2145 864 2419 931 quomodo
2466 862 2608 931 quod
2639 874 2904 918 vocantur
2936 879 3042 918 non
3091 874 3255 929 sunt,
3298 878 3527 933 quorum

208 952 360 1012 dum,
394 960 447 1004 ut
465 950 665 1021 judicet
694 951 963 1019 mundum,
991 953 1079 1005 sed
1101 961 1156 1006 ut
1176 951 1349 1005 salvus
1372 950 1466 1022 ﬁat
1485 949 1707 1004 mundus
1729 965 1820 1020 per
1923 958 1978 1006 et
2006 951 2087 1024 (4)
2121 952 2195 1025 (f)
2225 954 2307 1008 vis
2333 957 2388 1009 in
2413 965 2700 1024 potestate,
2728 967 2783 1012 et
2820 955 3110 1014 difﬁcultas
3138 956 3192 1012 in
3218 958 3528 1028 cognitione

208 1063 324 1101 eum
349 1043 557 1118 (Joan.,
608 1060 690 1111 tu,
740 1043 860 1118 l7);
889 1046 975 1100 vel
1003 1047 1195 1101 iterum
1228 1062 1239 1097 :
1274 1044 1351 1099 Tu
1371 1045 1536 1099 credis
1574 1045 1624 1098 in
1651 1043 1820 1115 ﬁlium
1924 1060 2030 1099 non
2062 1045 2265 1101 differt.
2296 1047 2413 1102 Non
2444 1049 2579 1104 fallit
2616 1051 2795 1120 itaque
2829 1051 2881 1104 in
2903 1050 3180 1106 vocalmlis
3213 1050 3355 1105 Deus
3381 1092 3396 1115 ,
3428 1065 3530 1107 nec

206 1136 308 1191 Dei
337 1136 546 1210 (Joan.,
577 1153 651 1203 Ix,
698 1136 831 1209 55)?
858 1137 995 1207 Quid
1026 1152 1166 1192 nunc
1193 1139 1424 1208 agimus,
1456 1137 1819 1193 concedentes
1923 1152 1983 1193 se
2011 1147 2102 1193 aut
2137 1140 2293 1195 Pater
2318 1144 2599 1207 mentitur,
2623 1152 2717 1197 aut
2737 1142 2908 1198 Filius
2941 1150 3032 1198 :et
3057 1142 3239 1213 accipe
3261 1141 3340 1216 (g)
3366 1158 3529 1214 quam

209 1235 421 1284 tantum
450 1226 528 1300 (a)
560 1227 689 1283 Jesu
718 1227 938 1284 Christo
969 1244 1164 1285 nomen
1194 1229 1534 1299 adeptinuis?
1555 1245 1650 1299 per
1674 1228 1817 1300 quod
1923 1227 1977 1283 in
2010 1230 2092 1284 his
2130 1231 2263 1286 ﬁdcs
2291 1230 2569 1288 nominum
2597 1236 2688 1289 sit.

204 1331 263 1377 et
300 1323 358 1376 in
392 1332 546 1391 patre
573 1322 674 1377 sibi
728 1322 880 1396 151
940 1323 1050 1377 Deo
1101 1323 1464 1390 nuncupaudo
1515 1322 1817 1379 temeraria}
2000 1321 2167 1395 152
2181 1322 2275 1377 27.
2312 1322 2487 1394 Opera
2512 1335 2767 1381 testantur
2796 1327 2963 1397 ﬁlium
2983 1342 3098 1381 eum
3120 1343 3245 1381 esse.
3272 1324 3369 1380 Nil
3383 1326 3530 1381 aliud

203 1429 334 1471 eum
369 1415 647 1485 arguituus
687 1414 1148 1484 praesumptionis.
1182 1415 1410 1470 Paterna
1441 1415 1508 1471 de
1538 1415 1678 1470 caelo
1713 1429 1817 1469 vox
1923 1417 2105 1467 asserit
2154 1413 2331 1469 Patris
2373 1417 2739 1472 testimonium.
2798 1416 3035 1474 Christus
3064 1435 3095 1472 a
3123 1419 3249 1490 ﬁliis
3276 1418 3532 1489 adoptivis

203 1518 325 1563 est:
349 1505 701 1567 Huncaudite
722 1505 962 1579 (Matth.,
987 1508 1211 1577 xvu,5).
1238 1507 1415 1562 Audio
1443 1526 1455 1561 :
1486 1506 1664 1569 Pater,
1693 1522 1818 1579 gra-
1921 1506 2226 1561 secernitur.
2269 1536 2340 1548 -—-
2369 1507 2460 1563 Ait
2503 1510 2648 1565 enim
2680 1530 2694 1563 :
2730 1508 2905 1581 Opera
2928 1511 3065 1565 enim
3093 1526 3209 1581 qua:
3235 1510 3373 1564 dedit
3404 1507 3533 1564 mihi

201 1603 306 1656 tias
353 1618 453 1671 ago
482 1601 573 1655 tibi
599 1599 782 1675 (Joan.
812 1617 874 1668 lt,
906 1600 1001 1673 41)
1046 1620 1058 1655 :
1088 1601 1271 1667 audio,
1308 1600 1495 1656 Dicitis
1524 1602 1646 1671 quia
1675 1601 1814 1655 blas-
1924 1597 2103 1661 Pater,
2135 1598 2215 1671 (It)
2238 1610 2294 1654 ut
2326 1601 2591 1671 perﬁciam
2618 1619 2699 1669 ea,
2731 1605 2847 1673 ipsa
2877 1620 3035 1673 Opera
3058 1619 3175 1673 qua:
3195 1603 3354 1671 facio,
3389 1603 3533 1657 testi-

202 1695 465 1767 phemavi,
496 1696 737 1765 quoniam
768 1696 898 1763 dixi,
925 1694 1096 1751 Filius
1111 1695 1210 1750 Dei
1235 1714 1348 1752 sum
1376 1695 1584 1768 (lnam,
1604 1713 1658 1759 χ,
1683 1695 1812 1769 36):
1921 1694 2153 1746 monium
2192 1692 2454 1762 perhibent
2497 1695 2561 1749 de
2588 1712 2685 1754 met
2716 1697 2961 1766 quoniam
2982 1695 3144 1750 Pater
3172 1697 3310 1750 misit
3335 1711 3456 1751 me:
3485 1703 3531 1750 et

200 1788 249 1843 si
306 1802 415 1842 non
461 1787 630 1842 credo
664 1788 995 1851 nominibus,
1043 1788 1090 1843 si
1134 1799 1389 1844 naturam
1417 1787 1492 1861 (b)
1537 1788 1813 1844 vocabulis
1917 1785 2004 1855 qui
2024 1786 2265 1840 misitme
2294 1785 2473 1854 Pater,
2495 1789 2607 1859 ipse
2635 1789 2936 1859 testiﬁcatus
2960 1799 3033 1844 est
3055 1787 3438 1861 deme(.loan.,
3467 1805 3526 1855 v,

202 1893 315 1934 non
347 1877 595 1949 intelligo
624 1920 637 1941 ,
690 1880 778 1948 qui
831 1878 1162 1934 credendum
1208 1889 1266 1935 et
1308 1879 1719 1950 intelligendum
1747 1881 1821 1937 sit
1848 1884 1897 1944 B
1925 1876 1995 1933 36
2019 1888 2073 1931 et
2100 1879 2214 1948 57).
2244 1878 2566 1951 Unigenitus
2601 1882 2741 1937 Deus
2789 1897 2895 1936 non
2925 1882 3160 1937 nominis
3189 1893 3393 1938 tantum
3420 1892 3532 1937 tes-

198 1989 413 2045 quaaro.
445 1972 565 2028 Non
604 1973 734 2028 mihi
766 1973 1087 2043 relinquitur
1124 1973 1227 2028 alia
1258 1973 1517 2043 suspicio.
1564 1976 1814 2031 Auctori-
1921 1968 2171 2035 limonio,
2197 1972 2293 2027 sed
2319 1972 2478 2027 etiam
2523 1975 2591 2045 (i)
2632 1974 2873 2039 virtutis,
2903 1975 3063 2030 docet
3081 1988 3143 2030 se
3166 1989 3288 2031 esse
3311 1973 3480 2029 ﬁlium
3506 1991 3523 2031 :

204 2078 293 2121 tas
322 2076 540 2136 paterna
568 2066 636 2121 tle
681 2067 821 2123 coelo
849 2074 935 2121 est
964 2085 976 2121 :
1008 2056 1108 2120 Hic
1134 2076 1209 2122 est
1231 2068 1373 2137 ﬁlius
1392 2084 1556 2123 meus.
1585 2067 1810 2123 Profes-
1917 2075 2081 2131 opera
2110 2065 2251 2117 enim
2271 2064 2411 2134 ejus,
2437 2081 2557 2136 qua:
2583 2065 2728 2133 facit,
2751 2076 3013 2122 testantur
3057 2082 3089 2123 a
3118 2066 3280 2123 Patre
3308 2083 3368 2123 se
3392 2066 3525 2123 mis-

208 2159 302 2214 sio
348 2158 441 2214 ﬁlii
470 2157 535 2215 de
579 2173 641 2214 sc
667 2158 746 2214 est
769 2158 848 2231 (Ξ)
876 2160 946 2231 (r)
980 2177 993 2214 :
1021 2156 1250 2215 Domum
1276 2161 1439 2231 patris
1464 2161 1587 2229 mei,
1616 2170 1671 2217 et
1700 2160 1813 2215 Pa.
1916 2170 2061 2214 sum.
2108 2157 2304 2224 Quaero
2329 2199 2343 2223 ,
2378 2174 2539 2229 quam
2581 2174 2697 2216 rem
2745 2175 2909 2230 opera
2961 2159 3268 2217 testentur?
3300 2159 3523 2216 Missum

210 2260 297 2304 ter
319 2267 480 2305 meus.
524 2251 793 2307 Professio
820 2251 1057 2307 nominis
1088 2252 1239 2308 salus
1285 2262 1389 2318 est,
1432 2268 1556 2308 cum
1582 2254 1813 2309 interro-
1918 2261 2150 2319 namque
2186 2264 2328 2305 esse.
2366 2249 2441 2323 (ἱ)
2464 2250 2647 2323 Itaque
2673 2263 2727 2307 et
2754 2250 2879 2307 Filii
2899 2252 3204 2308 obedientia
3226 2262 3282 2308 et
3302 2263 3525 2322 paterna

201 2345 353 2414 gatio
383 2344 545 2402 ﬁdem
586 2346 847 2415 postulat,
880 2346 1066 2402 dicens
1092 2362 1108 2401 :
1141 2345 1225 2401 Tu
1250 2347 1417 2401 credis
1442 2348 1497 2402 in
1516 2346 1684 2418 ﬁlium
1713 2345 1814 2403 Dei
1918 2344 2211 2399 auctoritas
2235 2345 2462 2401 docetur
2485 2346 2538 2400 in
2580 2347 2768 2412 misso,
2795 2345 2924 2401 dum
2953 2347 3179 2402 alterius
3198 2361 3366 2417 opera
3393 2360 3518 2402 esse

202 2435 420 2505 (leam,
449 2451 527 2504 ιι,
562 2435 655 2509 14)
686 2437 709 2491 ?
744 2438 825 2508 ('5)
852 2436 1198 2508 Proprietatis
1231 2438 1449 2494 nomina
1476 2449 1810 2521 sequuntur,
1919 2451 2026 2491 non
2056 2447 2283 2506 possunt
2316 2453 2439 2508 qua:
2466 2438 2633 2504 facit,
2674 2439 2778 2494 nisi
2806 2439 2927 2508 ejus
2957 2441 3050 2510 qui
3083 2439 3331 2495 missusa
3362 2438 3526 2495 Patre

202 2527 297 2584 ubi
323 2544 466 2585 meus
492 2537 597 2586 est.
638 2529 755 2587 Tibi
785 2544 993 2600 quaero,
1028 2529 1316 2597 hmretice,
1372 2530 1516 2587 unde
1545 2530 1650 2586 alia
1676 2546 1814 2602 prte-
1917 2531 2009 2587 sit.
2058 2530 2165 2587 Sed
2202 2545 2368 2601 Opera
2410 2547 2516 2586 non
2568 2531 2844 2587 sufﬁciunt
2883 2531 2968 2603 (5)
2993 2531 3069 2606 (lt)
3116 2531 3526 2589 incredibilibus

200 2624 446 2694 sumptio
478 2624 569 2680 sit.
603 2624 815 2680 Adimis
844 2624 987 2680 Patri
1020 2624 1204 2692 ﬁdem,
1232 2625 1344 2682 ﬁlio
1373 2625 1767 2696 professionem
1795 2668 1811 2693 ,
1917 2625 1984 2680 ad
2016 2624 2404 2693 testimonium,
2465 2624 2608 2695 quod
2657 2640 2718 2681 se
2768 2625 2928 2682 Pater
2971 2626 3203 2681 miserit.
3266 2625 3523 2696 Sequitur

202 2714 543 2771 nominibus.
569 2726 855 2771 naturam:
883 2715 993 2772 vim
1041 2717 1223 2774 verbis
1263 2717 1359 2773 Dei
1392 2716 1587 2786 affers,
1617 2733 1685 2773 ne
1705 2718 1816 2773 sint
1918 2733 2189 2787 namque:
2224 2715 2294 2772 Et
2318 2718 2405 2789 qui
2433 2718 2571 2772 misit
2613 2735 2693 2774 me
2726 2717 2903 2786 Pater,
2946 2720 3060 2790 ipse
3100 2719 3405 2789 testificatus
3446 2728 3524 2774 est

198 2805 346 2878 quod
369 2807 677 2863 enuntiant.
706 2807 1003 2875 lmpietatis
1046 2818 1150 2864 tua:
1179 2809 1291 2865 sola
1322 2808 1652 2880 impudentia
1680 2821 1763 2867 est
1794 2852 1810 2877 ,
1917 2810 1981 2865 de
2007 2827 2130 2877 me;
2172 2827 2333 2881 neque
2354 2827 2525 2867 vocem
2550 2812 2663 2883 ejus
2691 2812 2912 2866 audistis
2931 2853 2946 2879 ,
2981 2827 3142 2883 neque
3165 2811 3389 2883 figuram
3408 2814 3523 2885 ejus

199 2910 258 2955 ut
290 2902 582 2957 mentitum
614 2901 683 2957 de
711 2916 773 2958 se
802 2904 971 2959 Deum
1003 2918 1219 2976 arguas.
1915 2903 2114 2958 uidistis
2143 2901 2347 2976 (Joau.,
2379 2918 2434 2968 v,
2465 2903 2578 2975 37).
2612 2903 2810 2972 Quaero
2847 2903 2990 2974 quod
3023 2905 3391 2959 testimonium
3421 2902 3525 2957 Pa-

269 2994 367 3052 26.
407 2995 758 3068 Proprietates
785 2999 884 3065 filii
913 2999 980 3052 ad
1013 3015 1196 3054 nomen
1227 3001 1461 3074 adjecltc.
1499 2999 1671 3071 Opera
1713 3010 1815 3056 tes-
1918 2995 2015 3052 tris
2046 2997 2109 3067 (t)
2139 2995 2208 3051 de
2232 2995 2502 3051 coluerit.
2537 2995 2748 3051 Evolve
2779 2996 3092 3066 evangelica
3140 2995 3433 3060 volumina,
3466 3005 3523 3052 et

200 3096 388 3143 tantur
420 3087 588 3159 ﬁlium
609 3106 724 3143 eum
751 3106 880 3146 esse.
909 3121 978 3133 —-
999 3092 1335 3161 Quamquam
1371 3093 1531 3163 igitur
1549 3092 1662 3148 sola
1685 3094 1814 3148 sim-
1919 3096 2089 3143 totum
2128 3103 2314 3144 eorum
2337 3103 2474 3158 opus
2509 3103 2754 3144 recense.
2795 3089 2869 3143 Da
2901 3088 3269 3145 testimoniqu
3319 3088 3517 3157 Patris,

196 3182 326 3253 plcx
368 3181 648 3239 confessio
680 3193 888 3240 natura:
927 3186 1144 3240 nomina
1187 3186 1479 3251 ostendat,
1521 3197 1581 3242 ut
1607 3187 1676 3241 de
1705 3203 1813 3258 quo
1924 3191 2308 3253 praeterquam
2339 3181 2479 3252 quod
2520 3182 2761 3237 auditum
2791 3189 2915 3237 est:
2967 3180 3067 3237 Hic
3093 3194 3167 3238 est
3210 3183 3352 3253 ﬁlius
3379 3200 3521 3239 meus

193 3275 413 3332 dictum
436 3282 522 3331 est
549 3292 562 3329 :
600 3274 701 3332 Hic
741 3286 819 3332 est
846 3277 987 3347 ﬁlius
1026 3295 1186 3345 meus,
1219 3288 1274 3335 et
1311 3277 1378 3334 ad
1409 3295 1569 3350 quem
1600 3280 1804 3336 dictum
1837 3279 1882 3342 C
1913 3275 2151 3342 dilectus,
2179 3276 2235 3330 in
2259 3293 2359 3344 quo
2390 3277 2678 3347 complacui
2695 3274 2938 3344 (Matth.,
2966 3291 3047 3340 ut,
3089 3275 3205 3347 17),
3235 3286 3290 3332 ει
3318 3296 3331 3331 :
3363 3275 3442 3331 Tu
3468 3294 3521 3333 es

195 3376 319 3437 est,
356 3366 524 3422 Pater
548 3384 711 3436 meus,
741 3368 845 3426 hoc
874 3370 985 3425 sint
1011 3369 1156 3440 quod
1186 3382 1599 3440 nuncupantur:
1627 3380 1806 3427 tamen
1915 3370 2057 3442 ﬁlius
2081 3385 2226 3425 meus
2251 3369 2469 3442 (Mam,
2488 3386 2525 3437 ι,
2554 3371 2665 3440 11).
2690 3370 2804 3426 Hoc
2824 3369 3061 3426 Joannes
3093 3371 3216 3426 licet
3237 3384 3346 3425 non
3370 3371 3522 3441 igna-

195 3477 267 3518 ne
295 3470 395 3517 aut
422 3462 734 3533 adoptionis
764 3463 819 3519 in
845 3462 983 3519 Filio
1011 3478 1209 3520 nomen
1255 3464 1346 3531 sit,
1377 3473 1468 3521 aut
1500 3464 1722 3522 honoris
1754 3468 1808 3522 in
1917 3477 2013 3518 rus
2034 3461 2261 3528 audivit,
2313 3473 2490 3518 tamen
2522 3461 2591 3517 ad
2637 3463 2940 3518 doctrinam
2981 3470 3226 3517 nostram
3276 3474 3519 3534 paterna:

192 3556 401 3612 Patre:
436 3554 722 3612 videamus
750 3574 869 3628 qua:
897 3556 975 3630 (ά)
1009 3558 1365 3629 proprietates
1394 3575 1489 3630 per
1514 3559 1708 3615 Filium
1740 3560 1808 3615 ad
1915 3556 2067 3612 vocis
2098 3556 2466 3612 testimonium
2508 3556 2741 3611 mittitur
2773 3574 2787 3610 :
2820 3570 2919 3612 nec
2949 3557 3053 3612 hoc
3079 3554 3300 3611 sufﬁcit.
3357 3554 3522 3611 Joan-

195 3651 294 3707 lilii
315 3666 523 3708 nomen
548 3651 775 3722 adjectae
800 3652 928 3707 sint.
962 3652 1047 3707 Ait
1076 3669 1090 3707 :
1117 3652 1306 3707 Omnia
1331 3652 1458 3707 mihi
1481 3654 1673 3708 tradita
1692 3663 1811 3709 sunt
1918 3661 2015 3703 nes
2046 3647 2262 3713 quidem
2304 3647 2358 3704 in
2401 3646 2621 3703 deserto
2649 3646 2844 3718 dignus
2872 3647 2974 3702 hac
3020 3662 3154 3704 voce
3183 3656 3286 3714 est.
3329 3647 3426 3704 sed
3464 3655 3523 3704 et

192 3763 227 3800 a
263 3744 429 3800 Patre
469 3761 598 3810 meo,
630 3754 680 3800 et
710 3761 857 3800 nemo
900 3745 1035 3799 norit
1065 3743 1259 3799 Filium
1290 3745 1390 3798 nisi
1420 3743 1580 3801 Pater
1603 3788 1616 3810 ,
1651 3740 1813 3817 neqite
1916 3741 2148 3813 apostoli
2186 3741 2264 3813 (t5)
2304 3758 2411 3796 non
2443 3740 2661 3798 fuerunt
2688 3742 2848 3814 hujus
2870 3744 3164 3799 testimonii
3195 3744 3520 3800 auctoritate

192 3838 425 3895 Patrem
448 3841 561 3908 quis
588 3840 727 3894 novit
756 3840 856 3894 nisi
882 3837 930 3893 F
933 3840 1071 3903 ilius,
1096 3849 1144 3893 et
1170 3839 1252 3892 cui
1281 3839 1497 3894 voluerit
1531 3837 1578 3893 F
1579 3840 1698 3895 ilius
1724 3856 1807 3894 re-
1921 3833 2189 3903 privandi-
2223 3832 2424 3889 Eadem
2452 3833 2521 3889 de
2550 3834 2690 3890 C(Blo
2716 3834 2783 3890 ad
2806 3849 2902 3890 eos
2945 3851 3052 3890 vox
3073 3835 3227 3892 adest
3259 3852 3273 3887 :
3302 3836 3400 3891 sed
3425 3851 3522 3891 aco

190 3932 371 3985 uelare
405 3928 622 4001 (Matth.
656 3945 716 3996 ιι,
747 3929 864 4000 27).
899 3930 978 3984 Ad
1035 3929 1085 3984 id
1131 3930 1271 4000 quod
1300 3929 1503 3985 dictum
1545 3945 1626 3986 εει
1662 3949 1674 3984 :
1710 3930 1811 3985 Hic
1918 3928 2122 3998 cipiunt
2146 3927 2264 3997 plus
2287 3926 2516 3983 Joanne.
2543 3926 2782 3984 Joannes
2806 3929 2949 3984 enim
2971 3928 3081 3999 jam
3113 3929 3181 3984 ab
3214 3940 3371 3984 utero
3395 3943 3519 3998 pro-

189 4031 271 4077 est
314 4022 464 4092 ﬁlius
479 4038 643 4088 meus,
666 4030 718 4075 et
748 4020 908 4074 Pater
929 4037 1092 4087 mens,
1121 4029 1373 4075 utrumne
1394 4021 1494 4075 sibi
1518 4023 1806 4077 convenit:
1878 4048 1881 4051 -
1918 4019 2149 4091 phetans
2196 4037 2302 4077 non
2330 4022 2477 4092 eguit
2506 4021 2607 4077 hac
2654 4035 2784 4077 voce
2819 4040 2831 4075 :
2866 4021 3019 4077 Hunc
3045 4024 3242 4077 audite.
3288 4022 3519 4078 Audiam

192 4112 375 4169 Nemo
406 4113 546 4169 novit
571 4109 764 4167 Filium
796 4113 896 4167 nisi
919 4121 1082 4181 pater,
1118 4128 1276 4188 neque
1305 4109 1515 4165 Patrem
1536 4112 1651 4182 quis
1670 4113 1808 4166 nouit
1920 4114 2077 4184 plane
2112 4131 2125 4167 :
2178 4127 2279 4169 nec
2313 4128 2638 4184 quemquam
2683 4124 2878 4184 praeter
2922 4114 3067 4171 hunc
3113 4115 3368 4181 audiam,
3415 4114 3521 4171 nisi

189 4208 299 4261 nisi
331 4206 556 4261 Filius?
582 4204 700 4261 Non
748 4206 890 4260 enim
924 4206 1025 4259 nisi
1056 4219 1149 4276 per
1180 4214 1420 4260 mutuam
1452 4204 1521 4277 (e)
1558 4206 1810 4261 testiﬁca-
1918 4218 2041 4260 eum
2069 4203 2159 4273 qui
2203 4203 2439 4260 audierit.
2479 4214 2537 4258 ut
2565 4204 2809 4261 doceret.
2842 4205 2896 4262 Si
2940 4206 3145 4262 nullum
3175 4206 3319 4262 aliud
3344 4196 3520 4262 Patris

191 4300 411 4355 tionem
452 4300 708 4369 cognosci
738 4298 820 4353 vel
850 4313 944 4367 per
986 4297 1200 4352 Patrem
1235 4296 1402 4353 Filius
1425 4336 1441 4363 ,
1491 4297 1572 4353 vel
1602 4312 1696 4367 per
1716 4297 1808 4353 Fi-
1917 4299 1986 4355 de
2010 4297 2149 4353 Filio
2177 4299 2546 4355 testimonium
2574 4307 2751 4355 exstat
2775 4299 2828 4356 in
2858 4300 3032 4369 libris,
3069 4316 3229 4372 quam
3258 4300 3404 4372 quod
3433 4301 3523 4356 hic

189 4391 331 4447 lium
356 4390 524 4447 Pater
548 4390 743 4462 petuit.
768 4389 884 4445 Vox
911 4405 941 4445 e
962 4389 1115 4447 castis
1140 4399 1224 4445 est
1251 4408 1263 4444 :
1291 4404 1476 4445 sermo
1498 4389 1663 4447 etiam
1690 4388 1811 4446 Filii
1919 4391 2064 4448 ﬁlius
2092 4407 2222 4448 suus
2250 4391 2323 4448 sit
2349 4409 2363 4447 :
2392 4391 2687 4449 testimonii
2712 4392 2875 4465 hujus
2898 4395 3099 4451 veritas
3125 4403 3229 4460 est,
3254 4405 3314 4453 ut
3356 4409 3521 4466 opera

297 4550 357 4623 ι)
394 4548 657 4623 Vindicet.
720 4622 727 4623 ί
758 4620 768 4623 _
809 4621 833 4623 μ
1989 4548 2071 4623 (fi)
2103 4550 2203 4623 {us
2228 4551 2432 4611 diserte
2454 4552 2715 4623 scriptum
2740 4560 2828 4610 est
2854 4552 2907 4610 in
2936 4560 3126 4610 nostro
3149 4550 3360 4610 codice.

290 4621 358 4692 2)
390 4619 661 4694 Professio
694 4620 862 4692 ﬁdelis
882 4631 975 4677 est.
1832 4678 1883 4694 ἣ
1989 4619 2073 4694 (5)
2105 4620 2423 4679 Incredulis.

294 4678 356 4763 3)
385 4692 491 4747 Pro
496 4678 757 4765 prietates.
1832 4678 1887 4740 Ῑ)

1832 4678 1887 4740 D
1986 4678 2068 4769 (δά
2100 4694 2225 4749 Non
2253 4678 2478 4767 fama.

270 4829 355 4903 (η)
382 4829 511 4884 Par.
565 4846 687 4884 cum
730 4831 1116 4896 vetustioribus
1144 4845 1276 4889 mss.
1307 4830 1487 4899 Colb.,
1518 4829 1728 4902 Remig.
1761 4840 1817 4888 et
1996 4832 2080 4905 (h)
2111 4833 2396 4903 Exemplar
2423 4833 2541 4889 Vat.
2572 4832 2715 4900 has.,
2752 4844 2809 4889 ut
2834 4835 3022 4906 faciam
3042 4876 3060 4904 ,
3089 4835 3292 4892 omisso
3328 4834 3526 4893 deinde

193 4902 425 4962 ϐυτ-ιιι..
454 4899 632 4957 Iesum
662 4901 943 4958 Christum.
1924 4921 2041 4962 quae
2063 4906 2196 4962 facio
2224 4923 2236 4958 :
2272 4905 2414 4962 nuod
2448 4908 2501 4960 in
2540 4905 2693 4961 Mart.
2730 4907 2931 4962 pariter
2950 4908 3234 4962 omittitur.

245 4919 425 4965 t'fm.,
454 4918 632 4957 σιειιιηι
662 4918 943 4958 ωινιειιιπι.
1924 4921 2041 4965 quae
2061 4918 2196 4965 ιασιο
2224 4923 2236 4958 ζ
2272 4918 2414 4965 ιιυοα
2448 4921 2501 4960 ιη
2540 4918 2693 4961 M3”.
2730 4918 2931 4965 pariter
2950 4918 3234 4962 omittitur.

272 4919 425 4965 'rm.,
454 4908 632 4957 Jesum
662 4908 943 4958 Christum.
1924 4921 2041 4968 quae
2061 4908 2196 4975 facio
2224 4923 2236 4958 :
2272 4908 2414 4973 quod
2448 4908 2501 4960 in
2540 4908 2693 4961 Mart.
2730 4908 2931 4975 pariter
2950 4908 3234 4962 omittitur.

272 4972 360 5045 (ὁ)
390 4974 583 5029 Excusi
618 5014 635 5039 ,
669 4986 907 5035 naturam
929 4976 1180 5031 vocabuli.
1204 4975 1427 5031 Rectius
1447 4975 1817 5046 mss.uocabtt-
2000 4975 2064 5046 li)
2112 4975 2288 5045 Apud.
2332 4976 2461 5030 Bad.
2494 4986 2548 5032 et
2582 4976 2673 5031 Er.
2710 4987 2767 5031 ut
2788 4977 2844 5032 in
2881 4984 3184 5034 recentiore
3211 4994 3314 5034 ms.
3343 4978 3524 5045 Colb.,

189 5042 292 5122 iis,
323 5046 517 5122 suppli-
545 5045 850 5122 signiﬁcari.
882 5047 972 5103 Sic
997 5049 1088 5122 lib.
1120 5064 1159 5115 ι,
1192 5064 1341 5102 num.
1384 5047 1445 5102 Ἡ
1475 5066 1489 5101 :
1526 5042 1701 5118 Neque
1724 5062 1815 5101 vo-
1925 5042 2173 5122 veritatis:
2206 5046 2264 5102 lu
2294 5048 2579 5122 m_ss.j_Va_t.
2607 5047 2723 5122 bas.
2750 5059 2803 5122 et
2831 5049 3013 5117 Mart.,
3039 5051 3330 5105 uirtutibus.
3360 5042 3528 5122 Magis

189 5116 407 5191 stabulis
433 5116 820 5191 intelligentiam
844 5119 1182 5190 confundant.
1616 5116 1623 5118 ἡ
1774 5189 1781 5191 ξ
1925 5120 2244 5191 placetcum
2269 5119 2389 5191 aliis
2418 5118 2591 5184 libris,
2619 5119 2845 5185 virtutis,
2872 5122 3063 5190 supple
3092 5122 3398 5176 testimonio.

273 5186 356 5263 (ε)
385 5187 444 5240 In
495 5186 848 5263 niss’ZColhq
879 5186 1058 5263 Mart"
1091 5191 1253 5263 (ζει-Ι).
1287 5198 1344 5244 ει
1375 5188 1816 5263 aliis,professio

1931 5186 1944 5191 ’
2001 5190 2067 5261 (i)
2090 5188 2419 5263 Particulam
2438 5191 2910 5263 itaqueiperperam
2937 5186 3182 5263 a'Lipsio
3201 5202 3526 5263 expunctum

193 5258 383 5331 ﬁdelis
410 5258 593 5333 estalu
620 5258 778 5315 Corn.
805 5260 1056 5330 professio
1085 5258 1215 5333 ﬁdes
1245 5271 1338 5318 est.
1370 5261 1427 5316 In
1460 5260 1584 5317 aliis
1609 5258 1819 5327 tribus,
1924 5258 2261 5333 restituimus
2286 5276 2353 5317 ex
2383 5258 2554 5329 Bad.,
2600 5262 2688 5319 Er.
2713 5258 2765 5316 et
2794 5278 2928 5320 mss.

192 5332 467 5403 professio
497 5331 593 5401 ﬁtii
619 5340 714 5386 est.
1086 5331 1093 5333 ⁷
1999 5332 2073 5403 (k)
2107 5332 2253 5402 Lips.
2273 5348 2396 5388 cum
2419 5334 2626 5400 aliquot
2651 5350 2782 5391 mss.
2810 5333 3114 5389 incredulis.
3142 5333 3213 5389 At
3241 5334 3398 5403 Bad.,
3430 5335 3523 5392 Er.

278 5401 371 5470 (ά)
416 5401 532 5475 Vat.
585 5404 698 5456 has.
760 5416 862 5457 ms.
910 5405 1290 5475 professiones:
1320 5405 1408 5474 qui
1452 5403 1613 5460 etiam
1657 5403 1819 5474 paulo
1922 5413 1981 5461 et
2005 5401 2129 5460 Par.
2155 5401 2277 5461 cum
2309 5401 3391 5471 potioribus,incredibilibus:sincerius,
3419 5409 3525 5464 etsi

192 5485 339 5528 ante
366 5474 549 5547 habet,
574 5475 949 5543 professionum
976 5474 1188 5530 nomina
1222 5484 1526 5547 sequuntur,
1558 5489 1663 5529 non
1691 5491 1815 5546 pro-
1922 5492 2030 5533 n0n
2058 5478 2163 5530 alio
2187 5490 2371 5532 sensu.
2406 5479 2495 5532 Sic
2531 5478 2583 5532 in
2603 5478 2795 5534 Matth.
2820 5519 2835 5545 ,
2878 5493 2926 5534 c.
2952 5492 3082 5541 xvn,
3114 5493 3168 5532 ιι.
3198 5476 3253 5541 6,
3284 5478 3528 5547 Apostoli

193 5546 456 5621 priuatis
485 5547 692 5621 nomina
713 5557 1017 5621 sequuntur.
1152 5620 1195 5621 η
1292 5546 1295 5547 ⁷
1372 5618 1383 5621 _
1462 5618 1511 5621 Α
1607 5619 1618 5621 _
1920 5550 2187 5621 generatio
2235 5547 2648 5604 incredibilis.“
2697 5566 2935 5621 perversa
2992 5546 3381 5620 nuncupantur.
3428 5550 3538 5606 Ea-

279 5615 363 5688 (e)
387 5616 442 5693 l_n
470 5616 662 5693 eodem
688 5620 876 5674 codice
910 5633 1119 5675 necnon
1150 5620 1303 5675 Mart.
1336 5618 1813 5691 signiﬁcationem:
1920 5615 2051 5677 'dem
2083 5637 2185 5675 vox
2233 5622 2426 5677 eadem
2486 5615 2706 5677 ratione
2743 5620 2801 5677 in
2838 5622 3057 5693 Vulgata
3104 5615 3286 5693 nostra
3334 5622 3533 5679 usitata

196 5705 311 5763 vos
340 5689 531 5763 minus
558 5689 780 5763 diserta.
846 5756 849 5759 _
946 5762 949 5763 ν
1088 5762 1091 5763 ν
1386 5689 1398 5691 ί
1926 5702 2035 5760 est,
2083 5703 2141 5748 ut
2181 5693 2368 5748 videre
2408 5700 2491 5748 est
2538 5693 2704 5749 Eccli.
2739 5712 2779 5760 ι,
2827 5689 3034 5761 56,ἰι,
3071 5694 3172 5759 te;
3230 5692 3464 5749 Barucli.
3491 5712 3529 5763 ι,

277 5756 614 5840 (ninniss.
642 5758 766 5840 haec
811 5756 912 5816 vos
943 5762 1013 5821 ita
1045 5762 1323 5834 pingitur,
1376 5765 1544 5835 utjus
1575 5777 1731 5835 teque
1756 5777 1821 5819 ac
1931 5756 2158 5840 ‘19,:_etc_.
2353 5833 2401 5840 __
2548 5834 2598 5840 __
2765 5756 2775 5760 ⁷
2886 5756 2913 5840 ξ
3021 5756 3030 5761 ⁷
3158 5756 3167 5759 ν
3465 5833 3474 5840 .

195 5829 750 5910 ινὶδςςυρεξὶιιιιιᾶιῃὶιιί.ι
823 5905 866 5910 __
936 5890 1007 5910 ,ἡ
1045 5829 1063 5834 ”
1144 5829 1166 5834 ⁷
1200 5906 1202 5910 λ
1257 5905 1268 5910 _
1310 5829 1316 5831 V
1452 5829 1467 5835 ⁷
1642 5829 1691 5910 ⁷,
1758 5905 1770 5910 _
2011 5835 2076 5910 (Al)
2124 5834 2183 5892 ln
2217 5851 2320 5890 ms.
2353 5833 2508 5910 Mart.
2548 5834 2634 5889 hic
2666 5837 2924 5910 occurrit
2951 5878 2965 5903 ,
3010 5847 3198 5909 praeter
3218 5833 3537 5910 quamqu'o'd

282 5890 374 5973 (fin
406 5892 568 5969 Editi,
591 5890 708 5973 «iam
733 5890 785 5957 in
814 5905 892 5959 Itis
932 5890 1059 5973 ﬁdes
1085 5923 1099 5961 :
1138 5905 1467 5977 castigantur
1491 5919 1556 5960 ex
1584 5903 1822 5978 scriptis.
1936 5890 2181 5963 auditum
2203 5917 2301 5973 est,
2329 5906 2471 5975 quod
2499 5920 2565 5971 ex
2594 5890 3459 5977 sultjectis‘videtrurvesui-emunt.
