  <div class='ocr_page' id='page_1' title='image "/cluster/home/n/w/nwhite01/storage/ocr_20150623/10/hvd.32044015471279/096.png"; bbox 0 0 4040 6328; ppageno 0'>
   <div class='ocr_carea' id='block_1_1' title="bbox 232 325 330 386">
    <p class='ocr_par' dir='ltr' id='par_1_1' title="bbox 232 325 330 386">
     <span class='ocr_line' id='line_1_1' title="bbox 232 325 330 386; baseline -0.061 0"><span class='ocrx_word' id='word_1_1' title='bbox 232 325 330 386; x_wconf 70' lang='grc'><strong>181</strong></span> 
     </span>
    </p>
   </div>
   <div class='ocr_carea' id='block_1_2' title="bbox 1447 314 2318 381">
    <p class='ocr_par' dir='ltr' id='par_1_2' title="bbox 1447 314 2318 381">
     <span class='ocr_line' id='line_1_2' title="bbox 1447 314 2318 381; baseline 0.005 -7"><span class='ocrx_word' id='word_1_2' title='bbox 1447 315 1540 375; x_wconf 82' lang='lat' dir='ltr'><strong>DE</strong></span> <span class='ocrx_word' id='word_1_3' title='bbox 1569 314 1943 377; x_wconf 72' lang='lat' dir='ltr'><strong>TRINITA&#39;IE</strong></span> <span class='ocrx_word' id='word_1_4' title='bbox 1980 315 2189 380; x_wconf 76' lang='lat' dir='ltr'><strong>LIBER</strong></span> <span class='ocrx_word' id='word_1_5' title='bbox 2228 318 2318 381; x_wconf 83' lang='lat' dir='ltr'><strong>Vi.</strong></span> 
     </span>
    </p>
   </div>
   <div class='ocr_carea' id='block_1_3' title="bbox 3440 329 3548 388">
    <p class='ocr_par' dir='ltr' id='par_1_3' title="bbox 3440 329 3548 388">
     <span class='ocr_line' id='line_1_3' title="bbox 3440 329 3548 388; baseline -0.019 0"><span class='ocrx_word' id='word_1_6' title='bbox 3440 329 3548 388; x_wconf 71' lang='grc'><strong>182</strong></span> 
     </span>
    </p>
   </div>
   <div class='ocr_carea' id='block_1_4' title="bbox 232 434 3541 518">
    <p class='ocr_par' dir='ltr' id='par_1_4' title="bbox 232 434 3541 518">
     <span class='ocr_line' id='line_1_4' title="bbox 232 434 3541 518; baseline 0.001 -20"><span class='ocrx_word' id='word_1_7' title='bbox 232 439 381 515; x_wconf 75' lang='lat' dir='ltr'><strong>impii</strong></span> <span class='ocrx_word' id='word_1_8' title='bbox 406 448 464 499; x_wconf 89' lang='lat' dir='ltr'><strong>et</strong></span> <span class='ocrx_word' id='word_1_9' title='bbox 483 437 757 498; x_wconf 84' lang='lat' dir='ltr'><strong>Christum</strong></span> <span class='ocrx_word' id='word_1_10' title='bbox 783 435 1067 510; x_wconf 85' lang='lat' dir='ltr'><strong>nesciunt,</strong></span> <span class='ocrx_word' id='word_1_11' title='bbox 1118 446 1176 496; x_wconf 89' lang='lat' dir='ltr'><strong>et</strong></span> <span class='ocrx_word' id='word_1_12' title='bbox 1229 436 1374 495; x_wconf 88' lang='lat' dir='ltr'><strong>unde</strong></span> <span class='ocrx_word' id='word_1_13' title='bbox 1423 436 1498 495; x_wconf 89' lang='lat' dir='ltr'><strong>sit</strong></span> <span class='ocrx_word' id='word_1_14' title='bbox 1543 437 1832 497; x_wconf 72' lang='lat' dir='ltr'><strong>nesciunt?</strong></span> <span class='ocrx_word' id='word_1_15' title='bbox 1855 442 1912 505; x_wconf 69' lang='grc' dir='ltr'>Α</span> <span class='ocrx_word' id='word_1_16' title='bbox 1937 434 2049 496; x_wconf 80' lang='lat' dir='ltr'><strong>Deo</strong></span> <span class='ocrx_word' id='word_1_17' title='bbox 2085 438 2217 496; x_wconf 68' lang='lat' dir='ltr'><strong>arisi</strong></span> <span class='ocrx_word' id='word_1_18' title='bbox 2237 481 2253 510; x_wconf 93' lang='lat'><strong>,</strong></span> <span class='ocrx_word' id='word_1_19' title='bbox 2302 445 2360 499; x_wconf 89' lang='lat' dir='ltr'><strong>et</strong></span> <span class='ocrx_word' id='word_1_20' title='bbox 2382 437 2512 514; x_wconf 87' lang='lat' dir='ltr'><strong>quid</strong></span> <span class='ocrx_word' id='word_1_21' title='bbox 2536 447 2686 500; x_wconf 85' lang='lat' dir='ltr'><strong>esset</strong></span> <span class='ocrx_word' id='word_1_22' title='bbox 2710 448 2760 499; x_wconf 87' lang='lat' dir='ltr'><strong>et</strong></span> <span class='ocrx_word' id='word_1_23' title='bbox 2787 439 2906 501; x_wconf 79' lang='lat' dir='ltr'><strong>veni</strong></span> <span class='ocrx_word' id='word_1_24' title='bbox 2928 457 2950 504; x_wconf 88' lang='lat'><strong><em>:</em></strong></span> <span class='ocrx_word' id='word_1_25' title='bbox 2973 441 3235 502; x_wconf 78' lang='lat' dir='ltr'><strong>cuntinuo</strong></span> <span class='ocrx_word' id='word_1_26' title='bbox 3275 439 3541 518; x_wconf 75' lang='lat' dir='ltr'><strong>subjecit,</strong></span> 
     </span>
    </p>
   </div>
   <div class='ocr_carea' id='block_1_5' title="bbox 232 531 1837 608">
    <p class='ocr_par' dir='ltr' id='par_1_5' title="bbox 232 531 1837 608">
     <span class='ocr_line' id='line_1_5' title="bbox 232 531 1837 608; baseline -0.004 -12"><span class='ocrx_word' id='word_1_27' title='bbox 232 536 363 596; x_wconf 82' lang='lat' dir='ltr'><strong>Nam</strong></span> <span class='ocrx_word' id='word_1_28' title='bbox 387 532 586 608; x_wconf 87' lang='lat' dir='ltr'><strong>id,(a)</strong></span> <span class='ocrx_word' id='word_1_29' title='bbox 614 532 761 606; x_wconf 90' lang='lat' dir='ltr'><strong>quod</strong></span> <span class='ocrx_word' id='word_1_30' title='bbox 814 531 958 590; x_wconf 88' lang='lat' dir='ltr'><strong>unde</strong></span> <span class='ocrx_word' id='word_1_31' title='bbox 1000 531 1074 589; x_wconf 97' lang='lat' dir='ltr'><strong>sit</strong></span> <span class='ocrx_word' id='word_1_32' title='bbox 1126 531 1430 605; x_wconf 75' lang='lat' dir='ltr'><strong>ignoratur,</strong></span> <span class='ocrx_word' id='word_1_33' title='bbox 1472 541 1723 589; x_wconf 90' lang='lat' dir='ltr'><strong>naturam</strong></span> <span class='ocrx_word' id='word_1_34' title='bbox 1767 547 1837 590; x_wconf 86' lang='lat' dir='ltr'><strong>ex</strong></span> 
     </span>
    </p>
   </div>
   <div class='ocr_carea' id='block_1_6' title="bbox 234 626 1838 705">
    <p class='ocr_par' dir='ltr' id='par_1_6' title="bbox 234 626 1838 705">
     <span class='ocr_line' id='line_1_6' title="bbox 234 626 1838 705; baseline -0.002 -17"><span class='ocrx_word' id='word_1_35' title='bbox 234 647 336 705; x_wconf 87' lang='lat' dir='ltr'><strong>qua</strong></span> <span class='ocrx_word' id='word_1_36' title='bbox 364 640 471 697; x_wconf 86' lang='lat' dir='ltr'><strong>est,</strong></span> <span class='ocrx_word' id='word_1_37' title='bbox 499 629 629 685; x_wconf 86' lang='lat' dir='ltr'><strong>dum</strong></span> <span class='ocrx_word' id='word_1_38' title='bbox 657 628 800 685; x_wconf 86' lang='lat' dir='ltr'><strong>unde</strong></span> <span class='ocrx_word' id='word_1_39' title='bbox 846 626 921 684; x_wconf 89' lang='lat' dir='ltr'><strong>sit</strong></span> <span class='ocrx_word' id='word_1_40' title='bbox 971 626 1232 692; x_wconf 84' lang='lat' dir='ltr'><strong>nescitur,</strong></span> <span class='ocrx_word' id='word_1_41' title='bbox 1288 626 1545 685; x_wconf 86' lang='lat' dir='ltr'><strong>ostendit.</strong></span> <span class='ocrx_word' id='word_1_42' title='bbox 1595 626 1838 700; x_wconf 86' lang='lat' dir='ltr'><strong>ignorari</strong></span> 
     </span>
    </p>
   </div>
   <div class='ocr_carea' id='block_1_7' title="bbox 231 719 1834 794">
    <p class='ocr_par' dir='ltr' id='par_1_7' title="bbox 231 719 1834 794">
     <span class='ocr_line' id='line_1_7' title="bbox 231 719 1834 794; baseline -0.004 -9"><span class='ocrx_word' id='word_1_43' title='bbox 231 724 375 785; x_wconf 83' lang='lat' dir='ltr'><strong>enim</strong></span> <span class='ocrx_word' id='word_1_44' title='bbox 405 722 548 780; x_wconf 90' lang='lat' dir='ltr'><strong>unde</strong></span> <span class='ocrx_word' id='word_1_45' title='bbox 572 723 771 778; x_wconf 83' lang='lat' dir='ltr'><strong>sitnon</strong></span> <span class='ocrx_word' id='word_1_46' title='bbox 799 730 1012 794; x_wconf 85' lang='lat' dir='ltr'><strong>potest,</strong></span> <span class='ocrx_word' id='word_1_47' title='bbox 1037 719 1257 794; x_wconf 91' lang='lat' dir='ltr'><strong>quiquid</strong></span> <span class='ocrx_word' id='word_1_48' title='bbox 1279 720 1519 777; x_wconf 83' lang='lat' dir='ltr'><strong>substitit</strong></span> <span class='ocrx_word' id='word_1_49' title='bbox 1544 736 1611 778; x_wconf 86' lang='lat' dir='ltr'><strong>ex</strong></span> <span class='ocrx_word' id='word_1_50' title='bbox 1631 721 1834 778; x_wconf 89' lang='lat' dir='ltr'><strong>nihilo:</strong></span> 
     </span>
    </p>
   </div>
   <div class='ocr_carea' id='block_1_8' title="bbox 230 812 1833 892">
    <p class='ocr_par' dir='ltr' id='par_1_8' title="bbox 230 812 1833 892">
     <span class='ocr_line' id='line_1_8' title="bbox 230 812 1833 892; baseline -0.002 -19"><span class='ocrx_word' id='word_1_51' title='bbox 230 818 353 892; x_wconf 87' lang='lat' dir='ltr'><strong>quia</strong></span> <span class='ocrx_word' id='word_1_52' title='bbox 389 816 494 874; x_wconf 87' lang='lat' dir='ltr'><strong>hoc</strong></span> <span class='ocrx_word' id='word_1_53' title='bbox 557 815 770 886; x_wconf 87' lang='lat' dir='ltr'><strong>ipsum,</strong></span> <span class='ocrx_word' id='word_1_54' title='bbox 822 815 968 888; x_wconf 88' lang='lat' dir='ltr'><strong>quod</strong></span> <span class='ocrx_word' id='word_1_55' title='bbox 1017 830 1126 870; x_wconf 92' lang='lat' dir='ltr'><strong>non</strong></span> <span class='ocrx_word' id='word_1_56' title='bbox 1176 813 1458 886; x_wconf 83' lang='lat' dir='ltr'><strong>ignoratur</strong></span> <span class='ocrx_word' id='word_1_57' title='bbox 1504 828 1574 870; x_wconf 82' lang='lat' dir='ltr'><strong>ex</strong></span> <span class='ocrx_word' id='word_1_58' title='bbox 1622 812 1833 882; x_wconf 78' lang='lat' dir='ltr'><strong>nihilo,</strong></span> 
     </span>
    </p>
   </div>
   <div class='ocr_carea' id='block_1_9' title="bbox 229 906 1838 986">
    <p class='ocr_par' dir='ltr' id='par_1_9' title="bbox 229 906 1838 986">
     <span class='ocr_line' id='line_1_9' title="bbox 229 906 1838 986; baseline -0.004 -15"><span class='ocrx_word' id='word_1_59' title='bbox 229 912 620 986; x_wconf 84' lang='lat' dir='ltr'><strong>ignorationem</strong></span> <span class='ocrx_word' id='word_1_60' title='bbox 654 910 773 981; x_wconf 86' lang='lat' dir='ltr'><strong>ejus</strong></span> <span class='ocrx_word' id='word_1_61' title='bbox 798 908 945 966; x_wconf 89' lang='lat' dir='ltr'><strong>unde</strong></span> <span class='ocrx_word' id='word_1_62' title='bbox 989 906 1062 965; x_wconf 88' lang='lat' dir='ltr'><strong>sit</strong></span> <span class='ocrx_word' id='word_1_63' title='bbox 1090 924 1195 964; x_wconf 90' lang='lat' dir='ltr'><strong>non</strong></span> <span class='ocrx_word' id='word_1_64' title='bbox 1217 907 1404 965; x_wconf 82' lang='lat' dir='ltr'><strong>habet.</strong></span> <span class='ocrx_word' id='word_1_65' title='bbox 1425 906 1544 964; x_wconf 85' lang='lat' dir='ltr'><strong>Non</strong></span> <span class='ocrx_word' id='word_1_66' title='bbox 1572 922 1641 965; x_wconf 86' lang='lat' dir='ltr'><strong>ex</strong></span> <span class='ocrx_word' id='word_1_67' title='bbox 1662 922 1724 965; x_wconf 91' lang='lat' dir='ltr'><strong>se</strong></span> <span class='ocrx_word' id='word_1_68' title='bbox 1752 915 1838 965; x_wconf 88' lang='lat' dir='ltr'><strong>est</strong></span> 
     </span>
    </p>
   </div>
   <div class='ocr_carea' id='block_1_10' title="bbox 233 1001 1833 1075">
    <p class='ocr_par' dir='ltr' id='par_1_10' title="bbox 233 1001 1833 1075">
     <span class='ocr_line' id='line_1_10' title="bbox 233 1001 1833 1075; baseline -0.003 -11"><span class='ocrx_word' id='word_1_69' title='bbox 233 1016 411 1064; x_wconf 81' lang='lat' dir='ltr'><strong>autem</strong></span> <span class='ocrx_word' id='word_1_70' title='bbox 434 1006 524 1062; x_wconf 91' lang='lat' dir='ltr'><strong>ille</strong></span> <span class='ocrx_word' id='word_1_71' title='bbox 550 1004 643 1075; x_wconf 92' lang='lat' dir='ltr'><strong>qui</strong></span> <span class='ocrx_word' id='word_1_72' title='bbox 666 1003 847 1071; x_wconf 81' lang='lat' dir='ltr'><strong>venit;</strong></span> <span class='ocrx_word' id='word_1_73' title='bbox 904 1002 1001 1059; x_wconf 90' lang='lat' dir='ltr'><strong>sed</strong></span> <span class='ocrx_word' id='word_1_74' title='bbox 1044 1001 1139 1073; x_wconf 90' lang='lat' dir='ltr'><strong>qui</strong></span> <span class='ocrx_word' id='word_1_75' title='bbox 1191 1003 1340 1058; x_wconf 89' lang='lat' dir='ltr'><strong>misit</strong></span> <span class='ocrx_word' id='word_1_76' title='bbox 1366 1016 1490 1058; x_wconf 88' lang='lat' dir='ltr'><strong>eum</strong></span> <span class='ocrx_word' id='word_1_77' title='bbox 1517 1016 1680 1058; x_wconf 87' lang='lat' dir='ltr'><strong>verax</strong></span> <span class='ocrx_word' id='word_1_78' title='bbox 1707 1012 1833 1074; x_wconf 89' lang='lat' dir='ltr'><strong>est,</strong></span> 
     </span>
    </p>
   </div>
   <div class='ocr_carea' id='block_1_11' title="bbox 231 1099 1836 1176">
    <p class='ocr_par' dir='ltr' id='par_1_11' title="bbox 231 1099 1836 1176">
     <span class='ocr_line' id='line_1_11' title="bbox 231 1099 1836 1176; baseline -0.001 -17"><span class='ocrx_word' id='word_1_79' title='bbox 231 1118 388 1176; x_wconf 84' lang='lat' dir='ltr'><strong>quem</strong></span> <span class='ocrx_word' id='word_1_80' title='bbox 417 1101 573 1173; x_wconf 85' lang='lat' dir='ltr'><strong>impii</strong></span> <span class='ocrx_word' id='word_1_81' title='bbox 603 1100 875 1159; x_wconf 89' lang='lat' dir='ltr'><strong>nesciunt.</strong></span> <span class='ocrx_word' id='word_1_82' title='bbox 906 1099 1027 1157; x_wconf 83' lang='lat' dir='ltr'><strong>Jam</strong></span> <span class='ocrx_word' id='word_1_83' title='bbox 1055 1114 1189 1172; x_wconf 88' lang='lat' dir='ltr'><strong>ergo</strong></span> <span class='ocrx_word' id='word_1_84' title='bbox 1214 1099 1306 1156; x_wconf 89' lang='lat' dir='ltr'><strong>ille</strong></span> <span class='ocrx_word' id='word_1_85' title='bbox 1351 1100 1445 1171; x_wconf 88' lang='lat' dir='ltr'><strong>qui</strong></span> <span class='ocrx_word' id='word_1_86' title='bbox 1502 1099 1687 1169; x_wconf 86' lang='lat' dir='ltr'><strong>misit,</strong></span> <span class='ocrx_word' id='word_1_87' title='bbox 1718 1100 1836 1171; x_wconf 88' lang='lat' dir='ltr'><strong>ipse</strong></span> 
     </span>
    </p>
   </div>
   <div class='ocr_carea' id='block_1_12' title="bbox 228 1194 1837 1268">
    <p class='ocr_par' dir='ltr' id='par_1_12' title="bbox 228 1194 1837 1268">
     <span class='ocr_line' id='line_1_12' title="bbox 228 1194 1837 1268; baseline -0.002 -14"><span class='ocrx_word' id='word_1_88' title='bbox 228 1209 308 1255; x_wconf 90' lang='lat' dir='ltr'><strong>est</strong></span> <span class='ocrx_word' id='word_1_89' title='bbox 329 1198 420 1268; x_wconf 88' lang='lat' dir='ltr'><strong>qui</strong></span> <span class='ocrx_word' id='word_1_90' title='bbox 448 1196 664 1253; x_wconf 78' lang='lat' dir='ltr'><strong>misisse</strong></span> <span class='ocrx_word' id='word_1_91' title='bbox 688 1196 1003 1267; x_wconf 81' lang='lat' dir='ltr'><strong>ignoratur.</strong></span> <span class='ocrx_word' id='word_1_92' title='bbox 1032 1195 1115 1252; x_wconf 81' lang='lat' dir='ltr'><strong>Ab</strong></span> <span class='ocrx_word' id='word_1_93' title='bbox 1136 1210 1203 1252; x_wconf 93' lang='lat' dir='ltr'><strong>eo</strong></span> <span class='ocrx_word' id='word_1_94' title='bbox 1227 1210 1395 1267; x_wconf 89' lang='lat' dir='ltr'><strong>ergo,</strong></span> <span class='ocrx_word' id='word_1_95' title='bbox 1426 1196 1518 1267; x_wconf 89' lang='lat' dir='ltr'><strong>qui</strong></span> <span class='ocrx_word' id='word_1_96' title='bbox 1542 1194 1723 1264; x_wconf 89' lang='lat' dir='ltr'><strong>misit,</strong></span> <span class='ocrx_word' id='word_1_97' title='bbox 1751 1204 1837 1253; x_wconf 88' lang='lat' dir='ltr'><strong>est</strong></span> 
     </span>
    </p>
   </div>
   <div class='ocr_carea' id='block_1_13' title="bbox 229 1287 1832 1363">
    <p class='ocr_par' dir='ltr' id='par_1_13' title="bbox 229 1287 1832 1363">
     <span class='ocr_line' id='line_1_13' title="bbox 229 1287 1832 1363; baseline -0.002 -14"><span class='ocrx_word' id='word_1_98' title='bbox 229 1292 322 1349; x_wconf 88' lang='lat' dir='ltr'><strong>ille</strong></span> <span class='ocrx_word' id='word_1_99' title='bbox 340 1293 432 1363; x_wconf 88' lang='lat' dir='ltr'><strong>qui</strong></span> <span class='ocrx_word' id='word_1_100' title='bbox 455 1290 653 1346; x_wconf 88' lang='lat' dir='ltr'><strong>missus</strong></span> <span class='ocrx_word' id='word_1_101' title='bbox 682 1298 767 1346; x_wconf 89' lang='lat' dir='ltr'><strong>est</strong></span> <span class='ocrx_word' id='word_1_102' title='bbox 793 1305 807 1344; x_wconf 88' lang='lat'><strong>:</strong></span> <span class='ocrx_word' id='word_1_103' title='bbox 831 1297 887 1344; x_wconf 90' lang='lat' dir='ltr'><strong>et</strong></span> <span class='ocrx_word' id='word_1_104' title='bbox 908 1288 977 1344; x_wconf 91' lang='lat' dir='ltr'><strong>ab</strong></span> <span class='ocrx_word' id='word_1_105' title='bbox 1000 1302 1070 1344; x_wconf 92' lang='lat' dir='ltr'><strong>eo</strong></span> <span class='ocrx_word' id='word_1_106' title='bbox 1098 1297 1184 1345; x_wconf 90' lang='lat' dir='ltr'><strong>est</strong></span> <span class='ocrx_word' id='word_1_107' title='bbox 1210 1288 1358 1345; x_wconf 91' lang='lat' dir='ltr'><strong>unde</strong></span> <span class='ocrx_word' id='word_1_108' title='bbox 1403 1303 1528 1345; x_wconf 91' lang='lat' dir='ltr'><strong>esse</strong></span> <span class='ocrx_word' id='word_1_109' title='bbox 1554 1287 1832 1358; x_wconf 88' lang='lat' dir='ltr'><strong>nescitur;</strong></span> 
     </span>
    </p>
   </div>
   <div class='ocr_carea' id='block_1_14' title="bbox 230 1380 1836 1456">
    <p class='ocr_par' dir='ltr' id='par_1_14' title="bbox 230 1380 1836 1456">
     <span class='ocr_line' id='line_1_14' title="bbox 230 1380 1836 1456; baseline -0.003 -14"><span class='ocrx_word' id='word_1_110' title='bbox 230 1393 281 1443; x_wconf 90' lang='lat' dir='ltr'><strong>et</strong></span> <span class='ocrx_word' id='word_1_111' title='bbox 300 1383 374 1440; x_wconf 90' lang='lat' dir='ltr'><strong>ob</strong></span> <span class='ocrx_word' id='word_1_112' title='bbox 393 1385 495 1439; x_wconf 83' lang='lat' dir='ltr'><strong>hoc</strong></span> <span class='ocrx_word' id='word_1_113' title='bbox 512 1384 607 1456; x_wconf 83' lang='lat' dir='ltr'><strong>qui</strong></span> <span class='ocrx_word' id='word_1_114' title='bbox 633 1383 704 1438; x_wconf 89' lang='lat' dir='ltr'><strong>sit</strong></span> <span class='ocrx_word' id='word_1_115' title='bbox 722 1381 842 1453; x_wconf 90' lang='lat' dir='ltr'><strong>ipse</strong></span> <span class='ocrx_word' id='word_1_116' title='bbox 870 1382 1132 1448; x_wconf 85' lang='lat' dir='ltr'><strong>nescitur,</strong></span> <span class='ocrx_word' id='word_1_117' title='bbox 1156 1380 1285 1436; x_wconf 85' lang='lat' dir='ltr'><strong>dum</strong></span> <span class='ocrx_word' id='word_1_118' title='bbox 1317 1381 1595 1452; x_wconf 76' lang='lat' dir='ltr'><strong>ignoratur</strong></span> <span class='ocrx_word' id='word_1_119' title='bbox 1645 1396 1677 1437; x_wconf 88' lang='lat' dir='ltr'><strong>a</strong></span> <span class='ocrx_word' id='word_1_120' title='bbox 1727 1396 1836 1453; x_wconf 92' lang='lat' dir='ltr'><strong>quo</strong></span> 
     </span>
    </p>
   </div>
   <div class='ocr_carea' id='block_1_15' title="bbox 231 1475 1833 1548">
    <p class='ocr_par' dir='ltr' id='par_1_15' title="bbox 231 1475 1833 1548">
     <span class='ocr_line' id='line_1_15' title="bbox 231 1475 1833 1548; baseline -0.005 -7"><span class='ocrx_word' id='word_1_121' title='bbox 231 1480 318 1541; x_wconf 78' lang='lat' dir='ltr'><strong>sit.</strong></span> <span class='ocrx_word' id='word_1_122' title='bbox 341 1480 459 1536; x_wconf 83' lang='lat' dir='ltr'><strong>Non</strong></span> <span class='ocrx_word' id='word_1_123' title='bbox 485 1478 640 1535; x_wconf 88' lang='lat' dir='ltr'><strong>novit</strong></span> <span class='ocrx_word' id='word_1_124' title='bbox 667 1476 945 1534; x_wconf 90' lang='lat' dir='ltr'><strong>Christum</strong></span> <span class='ocrx_word' id='word_1_125' title='bbox 968 1514 986 1546; x_wconf 95' lang='lat'><strong>,</strong></span> <span class='ocrx_word' id='word_1_126' title='bbox 1038 1477 1132 1548; x_wconf 90' lang='lat' dir='ltr'><strong>qui</strong></span> <span class='ocrx_word' id='word_1_127' title='bbox 1163 1476 1306 1533; x_wconf 90' lang='lat' dir='ltr'><strong>unde</strong></span> <span class='ocrx_word' id='word_1_128' title='bbox 1328 1475 1577 1533; x_wconf 85' lang='lat' dir='ltr'><strong>Christus</strong></span> <span class='ocrx_word' id='word_1_129' title='bbox 1615 1476 1688 1533; x_wconf 89' lang='lat' dir='ltr'><strong>sit</strong></span> <span class='ocrx_word' id='word_1_130' title='bbox 1707 1491 1833 1534; x_wconf 82' lang='lat' dir='ltr'><strong>nes-</strong></span> 
     </span>
    </p>
   </div>
   <div class='ocr_carea' id='block_1_16' title="bbox 231 1571 1830 1644">
    <p class='ocr_par' dir='ltr' id='par_1_16' title="bbox 231 1571 1830 1644">
     <span class='ocr_line' id='line_1_16' title="bbox 231 1571 1830 1644; baseline -0.005 -10"><span class='ocrx_word' id='word_1_131' title='bbox 231 1576 333 1644; x_wconf 85' lang='lat' dir='ltr'><strong>cit;</strong></span> <span class='ocrx_word' id='word_1_132' title='bbox 356 1588 460 1631; x_wconf 88' lang='lat' dir='ltr'><strong>nec</strong></span> <span class='ocrx_word' id='word_1_133' title='bbox 489 1573 658 1630; x_wconf 88' lang='lat' dir='ltr'><strong>ﬁlium</strong></span> <span class='ocrx_word' id='word_1_134' title='bbox 681 1572 993 1640; x_wconf 85' lang='lat' dir='ltr'><strong>conﬁtetur,</strong></span> <span class='ocrx_word' id='word_1_135' title='bbox 1021 1571 1115 1643; x_wconf 91' lang='lat' dir='ltr'><strong>qui</strong></span> <span class='ocrx_word' id='word_1_136' title='bbox 1138 1579 1300 1643; x_wconf 85' lang='lat' dir='ltr'><strong>negat</strong></span> <span class='ocrx_word' id='word_1_137' title='bbox 1320 1577 1541 1638; x_wconf 88' lang='lat' dir='ltr'><strong>natum;</strong></span> <span class='ocrx_word' id='word_1_138' title='bbox 1573 1585 1676 1626; x_wconf 87' lang='lat' dir='ltr'><strong>nec</strong></span> <span class='ocrx_word' id='word_1_139' title='bbox 1729 1585 1830 1627; x_wconf 88' lang='lat' dir='ltr'><strong>na-</strong></span> 
     </span>
    </p>
   </div>
   <div class='ocr_carea' id='block_1_17' title="bbox 234 1663 1838 1740">
    <p class='ocr_par' dir='ltr' id='par_1_17' title="bbox 234 1663 1838 1740">
     <span class='ocr_line' id='line_1_17' title="bbox 234 1663 1838 1740; baseline -0.005 -12"><span class='ocrx_word' id='word_1_140' title='bbox 234 1679 343 1728; x_wconf 89' lang='lat' dir='ltr'><strong>tum</strong></span> <span class='ocrx_word' id='word_1_141' title='bbox 374 1668 652 1740; x_wconf 76' lang='lat' dir='ltr'><strong>intelligit,</strong></span> <span class='ocrx_word' id='word_1_142' title='bbox 683 1666 774 1739; x_wconf 89' lang='lat' dir='ltr'><strong>qui</strong></span> <span class='ocrx_word' id='word_1_143' title='bbox 802 1665 1011 1738; x_wconf 81' lang='lat' dir='ltr'><strong>putavit</strong></span> <span class='ocrx_word' id='word_1_144' title='bbox 1035 1680 1104 1721; x_wconf 84' lang='lat' dir='ltr'><strong>ex</strong></span> <span class='ocrx_word' id='word_1_145' title='bbox 1131 1663 1328 1722; x_wconf 85' lang='lat' dir='ltr'><strong>nihilo.</strong></span> <span class='ocrx_word' id='word_1_146' title='bbox 1398 1665 1478 1721; x_wconf 84' lang='lat' dir='ltr'><strong>Ex</strong></span> <span class='ocrx_word' id='word_1_147' title='bbox 1526 1665 1697 1721; x_wconf 91' lang='lat' dir='ltr'><strong>nihilo</strong></span> <span class='ocrx_word' id='word_1_148' title='bbox 1740 1679 1838 1721; x_wconf 88' lang='lat' dir='ltr'><strong>au-</strong></span> 
     </span>
    </p>
   </div>
   <div class='ocr_carea' id='block_1_18' title="bbox 234 1757 1830 1834">
    <p class='ocr_par' dir='ltr' id='par_1_18' title="bbox 234 1757 1830 1834">
     <span class='ocr_line' id='line_1_18' title="bbox 234 1757 1830 1834; baseline -0.004 -13"><span class='ocrx_word' id='word_1_149' title='bbox 234 1772 339 1822; x_wconf 88' lang='lat' dir='ltr'><strong>tem</strong></span> <span class='ocrx_word' id='word_1_150' title='bbox 389 1775 561 1834; x_wconf 89' lang='lat' dir='ltr'><strong>usque</strong></span> <span class='ocrx_word' id='word_1_151' title='bbox 588 1760 728 1817; x_wconf 88' lang='lat' dir='ltr'><strong>adeo</strong></span> <span class='ocrx_word' id='word_1_152' title='bbox 751 1775 861 1816; x_wconf 92' lang='lat' dir='ltr'><strong>non</strong></span> <span class='ocrx_word' id='word_1_153' title='bbox 891 1766 1006 1829; x_wconf 87' lang='lat' dir='ltr'><strong>est,</strong></span> <span class='ocrx_word' id='word_1_154' title='bbox 1030 1765 1092 1815; x_wconf 89' lang='lat' dir='ltr'><strong>ut</strong></span> <span class='ocrx_word' id='word_1_155' title='bbox 1118 1758 1266 1830; x_wconf 89' lang='lat' dir='ltr'><strong>impii</strong></span> <span class='ocrx_word' id='word_1_156' title='bbox 1299 1757 1443 1815; x_wconf 91' lang='lat' dir='ltr'><strong>unde</strong></span> <span class='ocrx_word' id='word_1_157' title='bbox 1466 1757 1540 1814; x_wconf 87' lang='lat' dir='ltr'><strong>sit</strong></span> <span class='ocrx_word' id='word_1_158' title='bbox 1566 1758 1830 1815; x_wconf 90' lang='lat' dir='ltr'><strong>nesciant.</strong></span> 
     </span>
    </p>
   </div>
   <div class='ocr_carea' id='block_1_19' title="bbox 1940 531 3543 611">
    <p class='ocr_par' dir='ltr' id='par_1_19' title="bbox 1940 531 3543 611">
     <span class='ocr_line' id='line_1_19' title="bbox 1940 531 3543 611; baseline 0.004 -22"><span class='ocrx_word' id='word_1_159' title='bbox 1940 531 2055 589; x_wconf 80' lang='lat' dir='ltr'><strong>Nec</strong></span> <span class='ocrx_word' id='word_1_160' title='bbox 2078 534 2214 590; x_wconf 81' lang='lat' dir='ltr'><strong>enim</strong></span> <span class='ocrx_word' id='word_1_161' title='bbox 2240 551 2273 589; x_wconf 92' lang='lat' dir='ltr'><strong>a</strong></span> <span class='ocrx_word' id='word_1_162' title='bbox 2297 550 2380 591; x_wconf 86' lang='lat' dir='ltr'><strong>me</strong></span> <span class='ocrx_word' id='word_1_163' title='bbox 2406 534 2522 591; x_wconf 81' lang='lat' dir='ltr'><strong>veni</strong></span> <span class='ocrx_word' id='word_1_164' title='bbox 2537 576 2553 603; x_wconf 96' lang='lat'><strong>,</strong></span> <span class='ocrx_word' id='word_1_165' title='bbox 2582 537 2674 593; x_wconf 87' lang='lat' dir='ltr'><strong>sed</strong></span> <span class='ocrx_word' id='word_1_166' title='bbox 2702 536 2794 593; x_wconf 89' lang='lat' dir='ltr'><strong>ille</strong></span> <span class='ocrx_word' id='word_1_167' title='bbox 2819 553 2901 595; x_wconf 89' lang='lat' dir='ltr'><strong>me</strong></span> <span class='ocrx_word' id='word_1_168' title='bbox 2920 535 3080 594; x_wconf 85' lang='lat' dir='ltr'><strong>misit.</strong></span> <span class='ocrx_word' id='word_1_169' title='bbox 3112 535 3183 611; x_wconf 77' lang='grc' dir='ltr'><strong>(ο</strong></span> <span class='ocrx_word' id='word_1_170' title='bbox 3202 535 3320 594; x_wconf 83' lang='grc' dir='ltr'><strong>Νοιι</strong></span> <span class='ocrx_word' id='word_1_171' title='bbox 3344 550 3405 594; x_wconf 91' lang='lat' dir='ltr'><strong>se</strong></span> <span class='ocrx_word' id='word_1_172' title='bbox 3437 538 3543 595; x_wconf 91' lang='lat' dir='ltr'><strong>sibi</strong></span> 
     </span>
    </p>
   </div>
   <div class='ocr_carea' id='block_1_20' title="bbox 1937 625 3539 701">
    <p class='ocr_par' dir='ltr' id='par_1_20' title="bbox 1937 625 3539 701">
     <span class='ocr_line' id='line_1_20' title="bbox 1937 625 3539 701; baseline 0.003 -19"><span class='ocrx_word' id='word_1_173' title='bbox 1937 640 2061 683; x_wconf 91' lang='lat' dir='ltr'><strong>esse</strong></span> <span class='ocrx_word' id='word_1_174' title='bbox 2085 625 2349 699; x_wconf 80' lang='lat' dir='ltr'><strong>originem</strong></span> <span class='ocrx_word' id='word_1_175' title='bbox 2368 627 2591 697; x_wconf 89' lang='lat' dir='ltr'><strong>docuit,</strong></span> <span class='ocrx_word' id='word_1_176' title='bbox 2614 644 2739 687; x_wconf 90' lang='lat' dir='ltr'><strong>cum</strong></span> <span class='ocrx_word' id='word_1_177' title='bbox 2764 631 2840 688; x_wconf 88' lang='lat' dir='ltr'><strong>ait</strong></span> <span class='ocrx_word' id='word_1_178' title='bbox 2868 649 2883 689; x_wconf 89' lang='lat'><strong>:</strong></span> <span class='ocrx_word' id='word_1_179' title='bbox 2919 630 3034 687; x_wconf 85' lang='lat' dir='ltr'><strong>Nec</strong></span> <span class='ocrx_word' id='word_1_180' title='bbox 3063 633 3195 688; x_wconf 83' lang='lat' dir='ltr'><strong>enim</strong></span> <span class='ocrx_word' id='word_1_181' title='bbox 3210 648 3243 688; x_wconf 92' lang='lat' dir='ltr'><strong>a</strong></span> <span class='ocrx_word' id='word_1_182' title='bbox 3265 640 3348 688; x_wconf 77' lang='lat' dir='ltr'><strong>me</strong></span> <span class='ocrx_word' id='word_1_183' title='bbox 3386 633 3503 689; x_wconf 76' lang='lat' dir='ltr'><strong>vehi</strong></span> <span class='ocrx_word' id='word_1_184' title='bbox 3524 675 3539 701; x_wconf 92' lang='lat'><strong>,</strong></span> 
     </span>
    </p>
   </div>
   <div class='ocr_carea' id='block_1_21' title="bbox 1939 718 3546 795">
    <p class='ocr_par' dir='ltr' id='par_1_21' title="bbox 1939 718 3546 795">
     <span class='ocr_line' id='line_1_21' title="bbox 1939 718 3546 795; baseline 0.001 -16"><span class='ocrx_word' id='word_1_185' title='bbox 1939 729 1997 779; x_wconf 88' lang='lat' dir='ltr'><strong>et</strong></span> <span class='ocrx_word' id='word_1_186' title='bbox 2017 718 2260 795; x_wconf 79' lang='lat' dir='ltr'><strong>(supple,</strong></span> <span class='ocrx_word' id='word_1_187' title='bbox 2290 721 2439 794; x_wconf 85' lang='lat' dir='ltr'><strong>cum)</strong></span> <span class='ocrx_word' id='word_1_188' title='bbox 2470 737 2689 779; x_wconf 89' lang='lat' dir='ltr'><strong>rursum</strong></span> <span class='ocrx_word' id='word_1_189' title='bbox 2712 737 2779 781; x_wconf 85' lang='lat' dir='ltr'><strong>ex</strong></span> <span class='ocrx_word' id='word_1_190' title='bbox 2814 723 2925 781; x_wconf 86' lang='lat' dir='ltr'><strong>Deo</strong></span> <span class='ocrx_word' id='word_1_191' title='bbox 2950 736 3012 783; x_wconf 86' lang='lat' dir='ltr'><strong>se</strong></span> <span class='ocrx_word' id='word_1_192' title='bbox 3036 720 3247 795; x_wconf 78' lang='lat' dir='ltr'><strong>exisse,</strong></span> <span class='ocrx_word' id='word_1_193' title='bbox 3278 732 3334 782; x_wconf 91' lang='lat' dir='ltr'><strong>et</strong></span> <span class='ocrx_word' id='word_1_194' title='bbox 3359 723 3430 782; x_wconf 87' lang='lat' dir='ltr'><strong>&#39;ab</strong></span> <span class='ocrx_word' id='word_1_195' title='bbox 3476 737 3546 781; x_wconf 83' lang='lat' dir='ltr'><strong>co</strong></span> 
     </span>
    </p>
   </div>
   <div class='ocr_carea' id='block_1_22' title="bbox 1936 813 3541 893">
    <p class='ocr_par' dir='ltr' id='par_1_22' title="bbox 1936 813 3541 893">
     <span class='ocr_line' id='line_1_22' title="bbox 1936 813 3541 893; baseline 0.004 -23"><span class='ocrx_word' id='word_1_196' title='bbox 1936 813 2163 871; x_wconf 86' lang='lat' dir='ltr'><strong>missurn</strong></span> <span class='ocrx_word' id='word_1_197' title='bbox 2186 828 2310 873; x_wconf 87' lang='lat' dir='ltr'><strong>esse</strong></span> <span class='ocrx_word' id='word_1_198' title='bbox 2334 824 2583 874; x_wconf 78' lang='lat' dir='ltr'><strong>testatur.</strong></span> <span class='ocrx_word' id='word_1_199' title='bbox 2614 818 2722 876; x_wconf 92' lang='lat' dir='ltr'><strong>Sed</strong></span> <span class='ocrx_word' id='word_1_200' title='bbox 2753 834 2874 876; x_wconf 89' lang='lat' dir='ltr'><strong>cum</strong></span> <span class='ocrx_word' id='word_1_201' title='bbox 2902 819 3096 891; x_wconf 88' lang='lat' dir='ltr'><strong>abiis,</strong></span> <span class='ocrx_word' id='word_1_202' title='bbox 3128 821 3219 893; x_wconf 91' lang='lat' dir='ltr'><strong>qui</strong></span> <span class='ocrx_word' id='word_1_203' title='bbox 3245 819 3348 878; x_wconf 87' lang='lat' dir='ltr'><strong>sibi</strong></span> <span class='ocrx_word' id='word_1_204' title='bbox 3372 821 3541 879; x_wconf 87' lang='lat' dir='ltr'><strong>Deum</strong></span> 
     </span>
    </p>
   </div>
   <div class='ocr_carea' id='block_1_23' title="bbox 1936 909 3543 989">
    <p class='ocr_par' dir='ltr' id='par_1_23' title="bbox 1936 909 3543 989">
     <span class='ocr_line' id='line_1_23' title="bbox 1936 909 3543 989; baseline 0.006 -25"><span class='ocrx_word' id='word_1_205' title='bbox 1936 918 2148 981; x_wconf 87' lang='lat' dir='ltr'><strong>patrem</strong></span> <span class='ocrx_word' id='word_1_206' title='bbox 2176 909 2421 968; x_wconf 84' lang='lat' dir='ltr'><strong>dicerent</strong></span> <span class='ocrx_word' id='word_1_207' title='bbox 2440 953 2457 980; x_wconf 96' lang='lat'><strong>,</strong></span> <span class='ocrx_word' id='word_1_208' title='bbox 2488 912 2692 969; x_wconf 89' lang='lat' dir='ltr'><strong>idcirco</strong></span> <span class='ocrx_word' id='word_1_209' title='bbox 2718 927 2779 972; x_wconf 88' lang='lat' dir='ltr'><strong>se</strong></span> <span class='ocrx_word' id='word_1_210' title='bbox 2799 913 3133 988; x_wconf 87' lang='lat' dir='ltr'><strong>diligendum</strong></span> <span class='ocrx_word' id='word_1_211' title='bbox 3166 914 3271 984; x_wconf 86' lang='lat' dir='ltr'><strong>ait,</strong></span> <span class='ocrx_word' id='word_1_212' title='bbox 3295 912 3423 989; x_wconf 78' lang='lat' dir='ltr'><strong>quia</strong></span> <span class='ocrx_word' id='word_1_213' title='bbox 3470 926 3543 974; x_wconf 78' lang='lat' dir='ltr'><strong>ex</strong></span> 
     </span>
    </p>
   </div>
   <div class='ocr_carea' id='block_1_24' title="bbox 1939 1001 3542 1072">
    <p class='ocr_par' dir='ltr' id='par_1_24' title="bbox 1939 1001 3542 1072">
     <span class='ocr_line' id='line_1_24' title="bbox 1939 1001 3542 1072; baseline 0.006 -14"><span class='ocrx_word' id='word_1_214' title='bbox 1939 1001 2053 1059; x_wconf 89' lang='lat' dir='ltr'><strong>Deo</strong></span> <span class='ocrx_word' id='word_1_215' title='bbox 2081 1001 2321 1072; x_wconf 78' lang='lat' dir='ltr'><strong>exisset;</strong></span> <span class='ocrx_word' id='word_1_216' title='bbox 2349 1018 2569 1063; x_wconf 85' lang='lat' dir='ltr'><strong>causam</strong></span> <span class='ocrx_word' id='word_1_217' title='bbox 2592 1006 2900 1065; x_wconf 81' lang='lat' dir='ltr'><strong>dilectionis</strong></span> <span class='ocrx_word' id='word_1_218' title='bbox 2925 1022 2995 1066; x_wconf 83' lang='lat' dir='ltr'><strong>ex</strong></span> <span class='ocrx_word' id='word_1_219' title='bbox 3016 1020 3179 1067; x_wconf 87' lang='lat' dir='ltr'><strong>causa</strong></span> <span class='ocrx_word' id='word_1_220' title='bbox 3218 1009 3400 1066; x_wconf 65' lang='lat' dir='ltr'><strong>docuit</strong></span> <span class='ocrx_word' id='word_1_221' title='bbox 3419 1024 3542 1067; x_wconf 87' lang='lat' dir='ltr'><strong>esse</strong></span> 
     </span>
    </p>
   </div>
   <div class='ocr_carea' id='block_1_25' title="bbox 1937 1095 3542 1171">
    <p class='ocr_par' dir='ltr' id='par_1_25' title="bbox 1937 1095 3542 1171">
     <span class='ocr_line' id='line_1_25' title="bbox 1937 1095 3542 1171; baseline 0.004 -20"><span class='ocrx_word' id='word_1_222' title='bbox 1937 1095 2219 1153; x_wconf 83' lang='lat' dir='ltr'><strong>nascendi.</strong></span> <span class='ocrx_word' id='word_1_223' title='bbox 2250 1096 2441 1155; x_wconf 84' lang='lat' dir='ltr'><strong>Exisse</strong></span> <span class='ocrx_word' id='word_1_224' title='bbox 2467 1098 2614 1156; x_wconf 91' lang='lat' dir='ltr'><strong>enim</strong></span> <span class='ocrx_word' id='word_1_225' title='bbox 2640 1098 2710 1157; x_wconf 92' lang='lat' dir='ltr'><strong>ad</strong></span> <span class='ocrx_word' id='word_1_226' title='bbox 2735 1099 3100 1171; x_wconf 86' lang='lat' dir='ltr'><strong>incorporalis</strong></span> <span class='ocrx_word' id='word_1_227' title='bbox 3128 1099 3425 1160; x_wconf 86' lang='lat' dir='ltr'><strong>nativitatis</strong></span> <span class='ocrx_word' id='word_1_228' title='bbox 3453 1118 3542 1158; x_wconf 88' lang='lat' dir='ltr'><strong>rc-</strong></span> 
     </span>
    </p>
   </div>
   <div class='ocr_carea' id='block_1_26' title="bbox 1934 1189 3545 1268">
    <p class='ocr_par' dir='ltr' id='par_1_26' title="bbox 1934 1189 3545 1268">
     <span class='ocr_line' id='line_1_26' title="bbox 1934 1189 3545 1268; baseline 0.003 -21"><span class='ocrx_word' id='word_1_229' title='bbox 1934 1189 2060 1247; x_wconf 87' lang='lat' dir='ltr'><strong>tulit</strong></span> <span class='ocrx_word' id='word_1_230' title='bbox 2104 1206 2300 1249; x_wconf 87' lang='lat' dir='ltr'><strong>nomen</strong></span> <span class='ocrx_word' id='word_1_231' title='bbox 2345 1210 2360 1248; x_wconf 92' lang='lat'><strong>:</strong></span> <span class='ocrx_word' id='word_1_232' title='bbox 2410 1193 2535 1265; x_wconf 86' lang='lat' dir='ltr'><strong>quia</strong></span> <span class='ocrx_word' id='word_1_233' title='bbox 2592 1193 2784 1266; x_wconf 77' lang='lat' dir='ltr'><strong>religio</strong></span> <span class='ocrx_word' id='word_1_234' title='bbox 2832 1192 3119 1266; x_wconf 84' lang='lat' dir='ltr'><strong>proﬁtendi</strong></span> <span class='ocrx_word' id='word_1_235' title='bbox 3181 1194 3285 1252; x_wconf 87' lang='lat' dir='ltr'><strong>sibi</strong></span> <span class='ocrx_word' id='word_1_236' title='bbox 3337 1206 3545 1268; x_wconf 86' lang='lat' dir='ltr'><strong>patrem</strong></span> 
     </span>
    </p>
   </div>
   <div class='ocr_carea' id='block_1_27' title="bbox 1936 1285 3547 1364">
    <p class='ocr_par' dir='ltr' id='par_1_27' title="bbox 1936 1285 3547 1364">
     <span class='ocr_line' id='line_1_27' title="bbox 1936 1285 3547 1364; baseline 0.005 -23"><span class='ocrx_word' id='word_1_237' title='bbox 1936 1285 2108 1342; x_wconf 91' lang='lat' dir='ltr'><strong>Deum</strong></span> <span class='ocrx_word' id='word_1_238' title='bbox 2129 1327 2144 1353; x_wconf 91' lang='lat'><strong>,</strong></span> <span class='ocrx_word' id='word_1_239' title='bbox 2166 1302 2234 1343; x_wconf 86' lang='lat' dir='ltr'><strong>ex</strong></span> <span class='ocrx_word' id='word_1_240' title='bbox 2253 1285 2545 1345; x_wconf 88' lang='lat' dir='ltr'><strong>dilectione</strong></span> <span class='ocrx_word' id='word_1_241' title='bbox 2568 1287 2770 1346; x_wconf 77' lang='lat' dir='ltr'><strong>Christi</strong></span> <span class='ocrx_word' id='word_1_242' title='bbox 2798 1290 2890 1362; x_wconf 87' lang='lat' dir='ltr'><strong>qui</strong></span> <span class='ocrx_word' id='word_1_243' title='bbox 2916 1306 2982 1347; x_wconf 83' lang='lat' dir='ltr'><strong>ex</strong></span> <span class='ocrx_word' id='word_1_244' title='bbox 3008 1306 3075 1348; x_wconf 91' lang='lat' dir='ltr'><strong>eo</strong></span> <span class='ocrx_word' id='word_1_245' title='bbox 3101 1290 3317 1364; x_wconf 87' lang='lat' dir='ltr'><strong>genitus</strong></span> <span class='ocrx_word' id='word_1_246' title='bbox 3362 1296 3447 1349; x_wconf 83' lang='lat' dir='ltr'><strong>&#39;est</strong></span> <span class='ocrx_word' id='word_1_247' title='bbox 3470 1291 3547 1350; x_wconf 88' lang='lat' dir='ltr'><strong>sit</strong></span> 
     </span>
    </p>
   </div>
   <div class='ocr_carea' id='block_1_28' title="bbox 1937 1379 3548 1458">
    <p class='ocr_par' dir='ltr' id='par_1_28' title="bbox 1937 1379 3548 1458">
     <span class='ocr_line' id='line_1_28' title="bbox 1937 1379 3548 1458; baseline 0.006 -23"><span class='ocrx_word' id='word_1_248' title='bbox 1937 1379 2216 1436; x_wconf 85' lang='lat' dir='ltr'><strong>merenda.</strong></span> <span class='ocrx_word' id='word_1_249' title='bbox 2245 1379 2379 1436; x_wconf 84' lang='lat' dir='ltr'><strong>Nam</strong></span> <span class='ocrx_word' id='word_1_250' title='bbox 2401 1397 2523 1439; x_wconf 91' lang='lat' dir='ltr'><strong>cum</strong></span> <span class='ocrx_word' id='word_1_251' title='bbox 2544 1383 2654 1438; x_wconf 86' lang='lat' dir='ltr'><strong>ait:</strong></span> <span class='ocrx_word' id='word_1_252' title='bbox 2681 1383 2786 1452; x_wconf 82' lang='lat' dir='ltr'><strong>Qui</strong></span> <span class='ocrx_word' id='word_1_253' title='bbox 2814 1400 2895 1441; x_wconf 88' lang='lat' dir='ltr'><strong>me</strong></span> <span class='ocrx_word' id='word_1_254' title='bbox 2922 1386 3062 1456; x_wconf 83' lang='lat' dir='ltr'><strong>odit,</strong></span> <span class='ocrx_word' id='word_1_255' title='bbox 3080 1396 3126 1441; x_wconf 88' lang='lat' dir='ltr'><strong>et</strong></span> <span class='ocrx_word' id='word_1_256' title='bbox 3151 1396 3353 1458; x_wconf 83' lang='lat' dir='ltr'><strong>patrem</strong></span> <span class='ocrx_word' id='word_1_257' title='bbox 3379 1404 3548 1445; x_wconf 87' lang='lat' dir='ltr'><strong>meum</strong></span> 
     </span>
    </p>
   </div>
   <div class='ocr_carea' id='block_1_29' title="bbox 1938 1473 3547 1548">
    <p class='ocr_par' dir='ltr' id='par_1_29' title="bbox 1938 1473 3547 1548">
     <span class='ocr_line' id='line_1_29' title="bbox 1938 1473 3547 1548; baseline 0.005 -18"><span class='ocrx_word' id='word_1_258' title='bbox 1938 1473 2047 1530; x_wconf 88' lang='lat' dir='ltr'><strong>odit</strong></span> <span class='ocrx_word' id='word_1_259' title='bbox 2077 1474 2259 1545; x_wconf 78' lang='lat' dir='ltr'><strong>(loan.</strong></span> <span class='ocrx_word' id='word_1_260' title='bbox 2285 1491 2373 1545; x_wconf 89' lang='lat' dir='ltr'><strong>xv,</strong></span> <span class='ocrx_word' id='word_1_261' title='bbox 2406 1475 2501 1548; x_wconf 73' lang='lat'><strong>23)</strong></span> <span class='ocrx_word' id='word_1_262' title='bbox 2523 1490 2544 1533; x_wconf 92' lang='lat'><strong><em>:</em></strong></span> <span class='ocrx_word' id='word_1_263' title='bbox 2573 1494 2745 1533; x_wconf 88' lang='lat' dir='ltr'><strong>meum</strong></span> <span class='ocrx_word' id='word_1_264' title='bbox 2774 1492 2900 1535; x_wconf 87' lang='lat' dir='ltr'><strong>cum</strong></span> <span class='ocrx_word' id='word_1_265' title='bbox 2951 1478 3056 1547; x_wconf 88' lang='lat' dir='ltr'><strong>ait,</strong></span> <span class='ocrx_word' id='word_1_266' title='bbox 3108 1482 3547 1538; x_wconf 88' lang='lat' dir='ltr'><strong>communionem</strong></span> 
     </span>
    </p>
   </div>
   <div class='ocr_carea' id='block_1_30' title="bbox 1938 1567 3538 1647">
    <p class='ocr_par' dir='ltr' id='par_1_30' title="bbox 1938 1567 3538 1647">
     <span class='ocr_line' id='line_1_30' title="bbox 1938 1567 3538 1647; baseline 0.004 -22"><span class='ocrx_word' id='word_1_267' title='bbox 1938 1567 2177 1625; x_wconf 89' lang='lat' dir='ltr'><strong>nominis</strong></span> <span class='ocrx_word' id='word_1_268' title='bbox 2202 1568 2413 1641; x_wconf 79' lang='lat' dir='ltr'><strong>(supple</strong></span> <span class='ocrx_word' id='word_1_269' title='bbox 2431 1610 2447 1637; x_wconf 94' lang='lat'><strong>,</strong></span> <span class='ocrx_word' id='word_1_270' title='bbox 2481 1584 2603 1627; x_wconf 89' lang='lat' dir='ltr'><strong>cum</strong></span> <span class='ocrx_word' id='word_1_271' title='bbox 2632 1570 2781 1643; x_wconf 84' lang='lat' dir='ltr'><strong>aliis)</strong></span> <span class='ocrx_word' id='word_1_272' title='bbox 2808 1586 2905 1644; x_wconf 90' lang='lat' dir='ltr'><strong>per</strong></span> <span class='ocrx_word' id='word_1_273' title='bbox 2933 1570 3382 1644; x_wconf 82' lang='lat' dir='ltr'><strong>signiﬁcationem</strong></span> <span class='ocrx_word' id='word_1_274' title='bbox 3411 1589 3538 1647; x_wconf 88' lang='lat' dir='ltr'><strong>pro-</strong></span> 
     </span>
    </p>
   </div>
   <div class='ocr_carea' id='block_1_31' title="bbox 1934 1661 3543 1737">
    <p class='ocr_par' dir='ltr' id='par_1_31' title="bbox 1934 1661 3543 1737">
     <span class='ocr_line' id='line_1_31' title="bbox 1934 1661 3543 1737; baseline 0.004 -21"><span class='ocrx_word' id='word_1_275' title='bbox 1934 1661 2183 1734; x_wconf 86' lang='lat' dir='ltr'><strong>prietatis</strong></span> <span class='ocrx_word' id='word_1_276' title='bbox 2208 1662 2465 1719; x_wconf 87' lang='lat' dir='ltr'><strong>exclusit.</strong></span> <span class='ocrx_word' id='word_1_277' title='bbox 2489 1662 2761 1721; x_wconf 66' lang='lat' dir='ltr'><strong>Cmterum</strong></span> <span class='ocrx_word' id='word_1_278' title='bbox 2795 1665 3144 1737; x_wconf 84' lang='lat' dir='ltr'><strong>proﬁtentem</strong></span> <span class='ocrx_word' id='word_1_279' title='bbox 3197 1664 3301 1723; x_wconf 86' lang='lat' dir='ltr'><strong>sibi</strong></span> <span class='ocrx_word' id='word_1_280' title='bbox 3335 1677 3543 1737; x_wconf 85' lang='lat' dir='ltr'><strong>patrem</strong></span> 
     </span>
    </p>
   </div>
   <div class='ocr_carea' id='block_1_32' title="bbox 1940 1752 3647 1830">
    <p class='ocr_par' dir='ltr' id='par_1_32' title="bbox 1940 1752 3647 1830">
     <span class='ocr_line' id='line_1_32' title="bbox 1940 1752 3647 1830; baseline 0.004 -20"><span class='ocrx_word' id='word_1_281' title='bbox 1940 1753 2143 1820; x_wconf 91' lang='lat' dir='ltr'><strong>Deum,</strong></span> <span class='ocrx_word' id='word_1_282' title='bbox 2196 1761 2254 1812; x_wconf 91' lang='lat' dir='ltr'><strong>et</strong></span> <span class='ocrx_word' id='word_1_283' title='bbox 2294 1766 2484 1812; x_wconf 90' lang='lat' dir='ltr'><strong>senon</strong></span> <span class='ocrx_word' id='word_1_284' title='bbox 2533 1754 2880 1829; x_wconf 81' lang='lat' dir='ltr'><strong>diligentem,</strong></span> <span class='ocrx_word' id='word_1_285' title='bbox 2935 1755 2992 1815; x_wconf 88' lang='lat' dir='ltr'><strong>in</strong></span> <span class='ocrx_word' id='word_1_286' title='bbox 3046 1752 3258 1830; x_wconf 84' lang='lat' dir='ltr'><strong>paterni</strong></span> <span class='ocrx_word' id='word_1_287' title='bbox 3307 1757 3542 1817; x_wconf 80' lang='lat' dir='ltr'><strong>nominis</strong></span> <span class='ocrx_word' id='word_1_288' title='bbox 3639 1777 3647 1785; x_wconf 87' lang='grc'>·</span> 
     </span>
    </p>
   </div>
   <div class='ocr_carea' id='block_1_33' title="bbox 300 1848 3544 1928">
    <p class='ocr_par' dir='ltr' id='par_1_33' title="bbox 300 1848 3544 1928">
     <span class='ocr_line' id='line_1_33' title="bbox 300 1848 3544 1928; baseline -0.002 -11"><span class='ocrx_word' id='word_1_289' title='bbox 300 1857 393 1917; x_wconf 73' lang='lat'><strong>30.</strong></span> <span class='ocrx_word' id='word_1_290' title='bbox 422 1856 567 1912; x_wconf 86' lang='lat' dir='ltr'><strong>Deus</strong></span> <span class='ocrx_word' id='word_1_291' title='bbox 590 1856 655 1912; x_wconf 81' lang='lat' dir='ltr'><strong>iis</strong></span> <span class='ocrx_word' id='word_1_292' title='bbox 679 1856 804 1913; x_wconf 82' lang='lat' dir='ltr'><strong>solis</strong></span> <span class='ocrx_word' id='word_1_293' title='bbox 831 1866 904 1911; x_wconf 83' lang='lat' dir='ltr'><strong>est</strong></span> <span class='ocrx_word' id='word_1_294' title='bbox 925 1864 1072 1928; x_wconf 84' lang='lat' dir='ltr'><strong>pater</strong></span> <span class='ocrx_word' id='word_1_295' title='bbox 1095 1854 1183 1925; x_wconf 88' lang='lat' dir='ltr'><strong>qui</strong></span> <span class='ocrx_word' id='word_1_296' title='bbox 1208 1853 1373 1926; x_wconf 80' lang='lat' dir='ltr'><strong>ﬁlium</strong></span> <span class='ocrx_word' id='word_1_297' title='bbox 1404 1854 1580 1909; x_wconf 85' lang='lat' dir='ltr'><strong>colunt</strong></span> <span class='ocrx_word' id='word_1_298' title='bbox 1606 1895 1621 1921; x_wconf 94' lang='lat'><strong>,</strong></span> <span class='ocrx_word' id='word_1_299' title='bbox 1653 1869 1755 1908; x_wconf 85' lang='lat' dir='ltr'><strong>non</strong></span> <span class='ocrx_word' id='word_1_300' title='bbox 1779 1858 1838 1909; x_wconf 88' lang='lat' dir='ltr'><strong>ut</strong></span> <span class='ocrx_word' id='word_1_301' title='bbox 1865 1852 1914 1917; x_wconf 84' lang='grc' dir='ltr'><strong>Β</strong></span> <span class='ocrx_word' id='word_1_302' title='bbox 1942 1848 2292 1920; x_wconf 88' lang='lat' dir='ltr'><strong>usurpatione</strong></span> <span class='ocrx_word' id='word_1_303' title='bbox 2313 1848 2641 1907; x_wconf 86' lang='lat' dir='ltr'><strong>condemnat</strong></span> <span class='ocrx_word' id='word_1_304' title='bbox 2672 1867 2687 1905; x_wconf 89' lang='lat'><strong>:</strong></span> <span class='ocrx_word' id='word_1_305' title='bbox 2725 1850 2886 1925; x_wconf 75' lang='lat'><strong>156</strong></span> <span class='ocrx_word' id='word_1_306' title='bbox 2926 1848 3008 1924; x_wconf 87' lang='lat' dir='ltr'><strong>(g)</strong></span> <span class='ocrx_word' id='word_1_307' title='bbox 3060 1851 3188 1924; x_wconf 88' lang='lat' dir='ltr'><strong>quia</strong></span> <span class='ocrx_word' id='word_1_308' title='bbox 3205 1852 3377 1925; x_wconf 87' lang='lat' dir='ltr'><strong>quise</strong></span> <span class='ocrx_word' id='word_1_309' title='bbox 3400 1852 3544 1923; x_wconf 87' lang='lat' dir='ltr'><strong>odit,</strong></span> 
     </span>
    </p>
   </div>
   <div class='ocr_carea' id='block_1_34' title="bbox 233 1944 1844 2023">
    <p class='ocr_par' dir='ltr' id='par_1_34' title="bbox 233 1944 1844 2023">
     <span class='ocr_line' id='line_1_34' title="bbox 233 1944 1844 2023; baseline -0.003 -14"><span class='ocrx_word' id='word_1_310' title='bbox 233 1951 546 2023; x_wconf 78' lang='lat' dir='ltr'><strong>adoptivum.</strong></span> <span class='ocrx_word' id='word_1_311' title='bbox 573 1948 735 2006; x_wconf 79' lang='lat' dir='ltr'><strong>Exire</strong></span> <span class='ocrx_word' id='word_1_312' title='bbox 760 1965 825 2006; x_wconf 75' lang='lat' dir='ltr'><strong>ea:</strong></span> <span class='ocrx_word' id='word_1_313' title='bbox 850 1946 961 2004; x_wconf 85' lang='lat' dir='ltr'><strong>Deo</strong></span> <span class='ocrx_word' id='word_1_314' title='bbox 984 1946 1110 2019; x_wconf 83' lang='lat' dir='ltr'><strong>quid</strong></span> <span class='ocrx_word' id='word_1_315' title='bbox 1130 1948 1218 2003; x_wconf 88' lang='lat' dir='ltr'><strong>sit.</strong></span> <span class='ocrx_word' id='word_1_316' title='bbox 1236 1944 1364 2003; x_wconf 83' lang='lat' dir='ltr'><strong>Filii</strong></span> <span class='ocrx_word' id='word_1_317' title='bbox 1387 1946 1639 2021; x_wconf 83' lang='lat' dir='ltr'><strong>diligendi</strong></span> <span class='ocrx_word' id='word_1_318' title='bbox 1658 1963 1844 2018; x_wconf 75' lang='lat' dir='ltr'><strong>causa,</strong></span> 
     </span>
    </p>
   </div>
   <div class='ocr_carea' id='block_1_35' title="bbox 235 2039 1838 2113">
    <p class='ocr_par' dir='ltr' id='par_1_35' title="bbox 235 2039 1838 2113">
     <span class='ocr_line' id='line_1_35' title="bbox 235 2039 1838 2113; baseline -0.005 -12"><span class='ocrx_word' id='word_1_319' title='bbox 235 2047 365 2101; x_wconf 83' lang='lat' dir='ltr'><strong>ratio</strong></span> <span class='ocrx_word' id='word_1_320' title='bbox 383 2042 644 2101; x_wconf 84' lang='lat' dir='ltr'><strong>nascendi.</strong></span> <span class='ocrx_word' id='word_1_321' title='bbox 675 2073 749 2085; x_wconf 91' lang='lat'><strong>-—</strong></span> <span class='ocrx_word' id='word_1_322' title='bbox 770 2039 1033 2098; x_wconf 83' lang='lat' dir='ltr'><strong>Nesciunt</strong></span> <span class='ocrx_word' id='word_1_323' title='bbox 1059 2041 1243 2113; x_wconf 87' lang='lat' dir='ltr'><strong>plane,</strong></span> <span class='ocrx_word' id='word_1_324' title='bbox 1270 2040 1516 2097; x_wconf 89' lang='lat' dir='ltr'><strong>nesciunt</strong></span> <span class='ocrx_word' id='word_1_325' title='bbox 1536 2081 1553 2110; x_wconf 92' lang='lat'><strong>,</strong></span> <span class='ocrx_word' id='word_1_326' title='bbox 1599 2040 1689 2112; x_wconf 94' lang='lat' dir='ltr'><strong>qui</strong></span> <span class='ocrx_word' id='word_1_327' title='bbox 1741 2054 1838 2095; x_wconf 87' lang='lat' dir='ltr'><strong>na-</strong></span> 
     </span>
    </p>
   </div>
   <div class='ocr_carea' id='block_1_36' title="bbox 240 2130 1835 2209">
    <p class='ocr_par' dir='ltr' id='par_1_36' title="bbox 240 2130 1835 2209">
     <span class='ocr_line' id='line_1_36' title="bbox 240 2130 1835 2209; baseline -0.004 -15"><span class='ocrx_word' id='word_1_328' title='bbox 240 2144 414 2194; x_wconf 87' lang='lat' dir='ltr'><strong>turam</strong></span> <span class='ocrx_word' id='word_1_329' title='bbox 436 2135 637 2193; x_wconf 89' lang='lat' dir='ltr'><strong>nomini</strong></span> <span class='ocrx_word' id='word_1_330' title='bbox 664 2133 907 2192; x_wconf 90' lang='lat' dir='ltr'><strong>adimunt</strong></span> <span class='ocrx_word' id='word_1_331' title='bbox 927 2175 944 2202; x_wconf 89' lang='lat'><strong>,</strong></span> <span class='ocrx_word' id='word_1_332' title='bbox 971 2130 1047 2209; x_wconf 84' lang='lat' dir='ltr'><strong>tb)</strong></span> <span class='ocrx_word' id='word_1_333' title='bbox 1069 2131 1163 2204; x_wconf 93' lang='lat' dir='ltr'><strong>qui</strong></span> <span class='ocrx_word' id='word_1_334' title='bbox 1190 2133 1499 2190; x_wconf 90' lang='lat' dir='ltr'><strong>nescientes</strong></span> <span class='ocrx_word' id='word_1_335' title='bbox 1520 2147 1626 2189; x_wconf 91' lang='lat' dir='ltr'><strong>non</strong></span> <span class='ocrx_word' id='word_1_336' title='bbox 1678 2131 1835 2207; x_wconf 77' lang='lat'><strong>155</strong></span> 
     </span>
    </p>
   </div>
   <div class='ocr_carea' id='block_1_37' title="bbox 242 2224 1836 2300">
    <p class='ocr_par' dir='ltr' id='par_1_37' title="bbox 242 2224 1836 2300">
     <span class='ocr_line' id='line_1_37' title="bbox 242 2224 1836 2300; baseline -0.004 -13"><span class='ocrx_word' id='word_1_337' title='bbox 242 2229 594 2287; x_wconf 84' lang='lat' dir='ltr'><strong>amantscire.</strong></span> <span class='ocrx_word' id='word_1_338' title='bbox 618 2228 688 2285; x_wconf 86' lang='lat' dir='ltr'><strong>Et</strong></span> <span class='ocrx_word' id='word_1_339' title='bbox 709 2227 933 2283; x_wconf 88' lang='lat' dir='ltr'><strong>audiant</strong></span> <span class='ocrx_word' id='word_1_340' title='bbox 960 2225 1157 2284; x_wconf 87' lang='lat' dir='ltr'><strong>Filium</strong></span> <span class='ocrx_word' id='word_1_341' title='bbox 1187 2226 1434 2284; x_wconf 69' lang='lat' dir='ltr'><strong>scientia:</strong></span> <span class='ocrx_word' id='word_1_342' title='bbox 1480 2224 1640 2300; x_wconf 86' lang='lat' dir='ltr'><strong>hujus</strong></span> <span class='ocrx_word' id='word_1_343' title='bbox 1683 2227 1836 2298; x_wconf 88' lang='lat' dir='ltr'><strong>igno-</strong></span> 
     </span>
    </p>
   </div>
   <div class='ocr_carea' id='block_1_38' title="bbox 235 2319 1835 2394">
    <p class='ocr_par' dir='ltr' id='par_1_38' title="bbox 235 2319 1835 2394">
     <span class='ocr_line' id='line_1_38' title="bbox 235 2319 1835 2394; baseline -0.002 -13"><span class='ocrx_word' id='word_1_344' title='bbox 235 2323 495 2381; x_wconf 85' lang='lat' dir='ltr'><strong>rationem</strong></span> <span class='ocrx_word' id='word_1_345' title='bbox 526 2320 708 2394; x_wconf 88' lang='lat' dir='ltr'><strong>impiis</strong></span> <span class='ocrx_word' id='word_1_346' title='bbox 725 2336 794 2378; x_wconf 82' lang='lat' dir='ltr'><strong>ex</strong></span> <span class='ocrx_word' id='word_1_347' title='bbox 804 2320 1151 2393; x_wconf 88' lang='lat' dir='ltr'><strong>probrantem</strong></span> <span class='ocrx_word' id='word_1_348' title='bbox 1167 2362 1182 2387; x_wconf 90' lang='lat'><strong>,</strong></span> <span class='ocrx_word' id='word_1_349' title='bbox 1210 2329 1324 2376; x_wconf 93' lang='lat' dir='ltr'><strong>tum</strong></span> <span class='ocrx_word' id='word_1_350' title='bbox 1353 2334 1478 2377; x_wconf 87' lang='lat' dir='ltr'><strong>cum</strong></span> <span class='ocrx_word' id='word_1_351' title='bbox 1500 2319 1606 2377; x_wconf 89' lang='lat' dir='ltr'><strong>sibi</strong></span> <span class='ocrx_word' id='word_1_352' title='bbox 1628 2330 1835 2392; x_wconf 87' lang='lat' dir='ltr'><strong>patrem</strong></span> 
     </span>
    </p>
   </div>
   <div class='ocr_carea' id='block_1_39' title="bbox 235 2411 1836 2487">
    <p class='ocr_par' dir='ltr' id='par_1_39' title="bbox 235 2411 1836 2487">
     <span class='ocr_line' id='line_1_39' title="bbox 235 2411 1836 2487; baseline -0.002 -14"><span class='ocrx_word' id='word_1_353' title='bbox 235 2417 402 2474; x_wconf 91' lang='lat' dir='ltr'><strong>Deum</strong></span> <span class='ocrx_word' id='word_1_354' title='bbox 422 2414 595 2472; x_wconf 80' lang='lat' dir='ltr'><strong>Judaei</strong></span> <span class='ocrx_word' id='word_1_355' title='bbox 625 2413 906 2482; x_wconf 89' lang='lat' dir='ltr'><strong>dicerent;</strong></span> <span class='ocrx_word' id='word_1_356' title='bbox 936 2413 1013 2473; x_wconf 84' lang='lat' dir='ltr'><strong>ait</strong></span> <span class='ocrx_word' id='word_1_357' title='bbox 1039 2412 1186 2471; x_wconf 89' lang='lat' dir='ltr'><strong>enim</strong></span> <span class='ocrx_word' id='word_1_358' title='bbox 1218 2428 1233 2468; x_wconf 89' lang='lat'><strong>:</strong></span> <span class='ocrx_word' id='word_1_359' title='bbox 1264 2411 1326 2469; x_wconf 87' lang='lat' dir='ltr'><strong>Si</strong></span> <span class='ocrx_word' id='word_1_360' title='bbox 1353 2411 1497 2469; x_wconf 87' lang='lat' dir='ltr'><strong>Deus</strong></span> <span class='ocrx_word' id='word_1_361' title='bbox 1534 2422 1684 2487; x_wconf 86' lang='lat' dir='ltr'><strong>pater</strong></span> <span class='ocrx_word' id='word_1_362' title='bbox 1724 2414 1836 2470; x_wconf 77' lang='lat' dir='ltr'><strong>ues—</strong></span> 
     </span>
    </p>
   </div>
   <div class='ocr_carea' id='block_1_40' title="bbox 227 2503 1833 2582">
    <p class='ocr_par' dir='ltr' id='par_1_40' title="bbox 227 2503 1833 2582">
     <span class='ocr_line' id='line_1_40' title="bbox 227 2503 1833 2582; baseline -0.004 -15"><span class='ocrx_word' id='word_1_363' title='bbox 227 2518 306 2567; x_wconf 84' lang='lat' dir='ltr'><strong>ter</strong></span> <span class='ocrx_word' id='word_1_364' title='bbox 323 2519 488 2577; x_wconf 88' lang='lat' dir='ltr'><strong>esset,</strong></span> <span class='ocrx_word' id='word_1_365' title='bbox 511 2507 794 2582; x_wconf 72' lang='lat' dir='ltr'><strong>diligentis</strong></span> <span class='ocrx_word' id='word_1_366' title='bbox 813 2507 992 2578; x_wconf 83' lang='lat' dir='ltr'><strong>utique</strong></span> <span class='ocrx_word' id='word_1_367' title='bbox 1010 2520 1129 2573; x_wconf 87' lang='lat' dir='ltr'><strong>me;</strong></span> <span class='ocrx_word' id='word_1_368' title='bbox 1150 2520 1244 2579; x_wconf 87' lang='lat' dir='ltr'><strong>ego</strong></span> <span class='ocrx_word' id='word_1_369' title='bbox 1262 2506 1398 2562; x_wconf 87' lang='lat' dir='ltr'><strong>enim</strong></span> <span class='ocrx_word' id='word_1_370' title='bbox 1442 2520 1475 2561; x_wconf 87' lang='lat' dir='ltr'><strong>a</strong></span> <span class='ocrx_word' id='word_1_371' title='bbox 1516 2503 1628 2562; x_wconf 87' lang='lat' dir='ltr'><strong>Deo</strong></span> <span class='ocrx_word' id='word_1_372' title='bbox 1663 2504 1833 2574; x_wconf 76' lang='lat' dir='ltr'><strong>exivi,</strong></span> 
     </span>
    </p>
   </div>
   <div class='ocr_carea' id='block_1_41' title="bbox 228 2597 1833 2671">
    <p class='ocr_par' dir='ltr' id='par_1_41' title="bbox 228 2597 1833 2671">
     <span class='ocr_line' id='line_1_41' title="bbox 228 2597 1833 2671; baseline -0.004 -10"><span class='ocrx_word' id='word_1_373' title='bbox 228 2614 277 2661; x_wconf 89' lang='lat' dir='ltr'><strong>et</strong></span> <span class='ocrx_word' id='word_1_374' title='bbox 302 2605 421 2660; x_wconf 77' lang='lat' dir='ltr'><strong>verti</strong></span> <span class='ocrx_word' id='word_1_375' title='bbox 438 2619 460 2659; x_wconf 90' lang='lat'><strong><em>:</em></strong></span> <span class='ocrx_word' id='word_1_376' title='bbox 479 2619 572 2659; x_wconf 81' lang='lat' dir='ltr'><strong>nec</strong></span> <span class='ocrx_word' id='word_1_377' title='bbox 597 2618 630 2657; x_wconf 89' lang='lat' dir='ltr'><strong>a</strong></span> <span class='ocrx_word' id='word_1_378' title='bbox 650 2617 731 2657; x_wconf 87' lang='lat' dir='ltr'><strong>me</strong></span> <span class='ocrx_word' id='word_1_379' title='bbox 753 2601 868 2657; x_wconf 75' lang='lat' dir='ltr'><strong>ueni</strong></span> <span class='ocrx_word' id='word_1_380' title='bbox 886 2641 901 2667; x_wconf 92' lang='lat'><strong>,</strong></span> <span class='ocrx_word' id='word_1_381' title='bbox 930 2598 1020 2657; x_wconf 84' lang='lat' dir='ltr'><strong>sed</strong></span> <span class='ocrx_word' id='word_1_382' title='bbox 1045 2600 1134 2656; x_wconf 86' lang='lat' dir='ltr'><strong>ille</strong></span> <span class='ocrx_word' id='word_1_383' title='bbox 1174 2615 1255 2655; x_wconf 90' lang='lat' dir='ltr'><strong>me</strong></span> <span class='ocrx_word' id='word_1_384' title='bbox 1281 2599 1421 2654; x_wconf 85' lang='lat' dir='ltr'><strong>misit</strong></span> <span class='ocrx_word' id='word_1_385' title='bbox 1463 2597 1649 2671; x_wconf 81' lang='lat' dir='ltr'><strong>(Joan.</strong></span> <span class='ocrx_word' id='word_1_386' title='bbox 1699 2612 1795 2655; x_wconf 85' lang='lat' dir='ltr'><strong>vnt</strong></span> <span class='ocrx_word' id='word_1_387' title='bbox 1814 2637 1833 2669; x_wconf 86' lang='lat'><strong>,</strong></span> 
     </span>
    </p>
   </div>
   <div class='ocr_carea' id='block_1_42' title="bbox 226 2690 1836 2771">
    <p class='ocr_par' dir='ltr' id='par_1_42' title="bbox 226 2690 1836 2771">
     <span class='ocr_line' id='line_1_42' title="bbox 226 2690 1836 2771; baseline -0.002 -16"><span class='ocrx_word' id='word_1_388' title='bbox 226 2696 345 2771; x_wconf 63' lang='lat'><strong>42).</strong></span> <span class='ocrx_word' id='word_1_389' title='bbox 373 2696 640 2769; x_wconf 77' lang='lat' dir='ltr'><strong>Religiosi</strong></span> <span class='ocrx_word' id='word_1_390' title='bbox 667 2694 901 2752; x_wconf 89' lang='lat' dir='ltr'><strong>nominis</strong></span> <span class='ocrx_word' id='word_1_391' title='bbox 926 2693 1349 2765; x_wconf 86' lang='lat' dir='ltr'><strong>assumptionem</strong></span> <span class='ocrx_word' id='word_1_392' title='bbox 1378 2692 1472 2749; x_wconf 87' lang='lat' dir='ltr'><strong>Dei</strong></span> <span class='ocrx_word' id='word_1_393' title='bbox 1500 2692 1645 2750; x_wconf 87' lang='lat' dir='ltr'><strong>ﬁlius</strong></span> <span class='ocrx_word' id='word_1_394' title='bbox 1670 2693 1723 2749; x_wconf 89' lang='lat' dir='ltr'><strong>in</strong></span> <span class='ocrx_word' id='word_1_395' title='bbox 1750 2690 1836 2751; x_wconf 89' lang='lat' dir='ltr'><strong>his</strong></span> 
     </span>
    </p>
   </div>
   <div class='ocr_carea' id='block_1_43' title="bbox 227 2784 1832 2867">
    <p class='ocr_par' dir='ltr' id='par_1_43' title="bbox 227 2784 1832 2867">
     <span class='ocr_line' id='line_1_43' title="bbox 227 2784 1832 2867; baseline -0.005 -17"><span class='ocrx_word' id='word_1_396' title='bbox 227 2792 408 2867; x_wconf 86' lang='lat' dir='ltr'><strong>quise</strong></span> <span class='ocrx_word' id='word_1_397' title='bbox 431 2791 523 2847; x_wconf 89' lang='lat' dir='ltr'><strong>Dei</strong></span> <span class='ocrx_word' id='word_1_398' title='bbox 550 2789 622 2865; x_wconf 78' lang='grc' dir='ltr'><strong>(ε)</strong></span> <span class='ocrx_word' id='word_1_399' title='bbox 655 2790 825 2846; x_wconf 88' lang='lat' dir='ltr'><strong>ﬁlium</strong></span> <span class='ocrx_word' id='word_1_400' title='bbox 874 2788 1197 2845; x_wconf 85' lang='lat' dir='ltr'><strong>conﬁtentes</strong></span> <span class='ocrx_word' id='word_1_401' title='bbox 1262 2794 1473 2859; x_wconf 87' lang='lat' dir='ltr'><strong>patrem</strong></span> <span class='ocrx_word' id='word_1_402' title='bbox 1517 2787 1620 2843; x_wconf 88' lang='lat' dir='ltr'><strong>sibi</strong></span> <span class='ocrx_word' id='word_1_403' title='bbox 1665 2784 1832 2843; x_wconf 90' lang='lat' dir='ltr'><strong>Deum</strong></span> 
     </span>
    </p>
   </div>
   <div class='ocr_carea' id='block_1_44' title="bbox 226 2879 1832 2956">
    <p class='ocr_par' dir='ltr' id='par_1_44' title="bbox 226 2879 1832 2956">
     <span class='ocr_line' id='line_1_44' title="bbox 226 2879 1832 2956; baseline -0.004 -12"><span class='ocrx_word' id='word_1_404' title='bbox 226 2885 497 2951; x_wconf 87' lang='lat' dir='ltr'><strong>dicerent,</strong></span> <span class='ocrx_word' id='word_1_405' title='bbox 523 2902 628 2942; x_wconf 92' lang='lat' dir='ltr'><strong>non</strong></span> <span class='ocrx_word' id='word_1_406' title='bbox 651 2883 1015 2956; x_wconf 87' lang='lat' dir='ltr'><strong>improbavit;</strong></span> <span class='ocrx_word' id='word_1_407' title='bbox 1041 2881 1137 2939; x_wconf 90' lang='lat' dir='ltr'><strong>sed</strong></span> <span class='ocrx_word' id='word_1_408' title='bbox 1160 2881 1500 2938; x_wconf 83' lang='lat' dir='ltr'><strong>temerariam</strong></span> <span class='ocrx_word' id='word_1_409' title='bbox 1521 2879 1832 2939; x_wconf 64' lang='lat' dir='ltr'><strong>Judarorum</strong></span> 
     </span>
    </p>
   </div>
   <div class='ocr_carea' id='block_1_45' title="bbox 228 2974 1831 3051">
    <p class='ocr_par' dir='ltr' id='par_1_45' title="bbox 228 2974 1831 3051">
     <span class='ocr_line' id='line_1_45' title="bbox 228 2974 1831 3051; baseline -0.004 -15"><span class='ocrx_word' id='word_1_410' title='bbox 228 2978 676 3051; x_wconf 76' lang='lat' dir='ltr'><strong>usurpationem,</strong></span> <span class='ocrx_word' id='word_1_411' title='bbox 708 2987 916 3050; x_wconf 88' lang='lat' dir='ltr'><strong>patrem</strong></span> <span class='ocrx_word' id='word_1_412' title='bbox 963 2974 1071 3033; x_wconf 89' lang='lat' dir='ltr'><strong>sibi</strong></span> <span class='ocrx_word' id='word_1_413' title='bbox 1123 2975 1297 3032; x_wconf 89' lang='lat' dir='ltr'><strong>Deum</strong></span> <span class='ocrx_word' id='word_1_414' title='bbox 1345 2975 1831 3047; x_wconf 65' lang='lat' dir='ltr'><strong>praesumentium,</strong></span> 
     </span>
    </p>
   </div>
   <div class='ocr_carea' id='block_1_46' title="bbox 227 3068 1837 3147">
    <p class='ocr_par' dir='ltr' id='par_1_46' title="bbox 227 3068 1837 3147">
     <span class='ocr_line' id='line_1_46' title="bbox 227 3068 1837 3147; baseline -0.004 -16"><span class='ocrx_word' id='word_1_415' title='bbox 227 3088 321 3147; x_wconf 89' lang='lat' dir='ltr'><strong>per</strong></span> <span class='ocrx_word' id='word_1_416' title='bbox 351 3073 408 3130; x_wconf 92' lang='lat' dir='ltr'><strong>id</strong></span> <span class='ocrx_word' id='word_1_417' title='bbox 432 3074 573 3146; x_wconf 88' lang='lat' dir='ltr'><strong>quod</strong></span> <span class='ocrx_word' id='word_1_418' title='bbox 596 3088 656 3130; x_wconf 89' lang='lat' dir='ltr'><strong>se</strong></span> <span class='ocrx_word' id='word_1_419' title='bbox 682 3088 791 3129; x_wconf 91' lang='lat' dir='ltr'><strong>non</strong></span> <span class='ocrx_word' id='word_1_420' title='bbox 813 3070 1131 3143; x_wconf 86' lang='lat' dir='ltr'><strong>diligerent,</strong></span> <span class='ocrx_word' id='word_1_421' title='bbox 1157 3070 1406 3143; x_wconf 89' lang='lat' dir='ltr'><strong>objurgat</strong></span> <span class='ocrx_word' id='word_1_422' title='bbox 1438 3087 1453 3127; x_wconf 91' lang='lat'><strong>:</strong></span> <span class='ocrx_word' id='word_1_423' title='bbox 1483 3068 1548 3128; x_wconf 87' lang='lat' dir='ltr'><strong>Si</strong></span> <span class='ocrx_word' id='word_1_424' title='bbox 1576 3068 1721 3126; x_wconf 85' lang='lat' dir='ltr'><strong>Deus</strong></span> <span class='ocrx_word' id='word_1_425' title='bbox 1743 3088 1837 3142; x_wconf 84' lang='lat' dir='ltr'><strong>pa-</strong></span> 
     </span>
    </p>
   </div>
   <div class='ocr_carea' id='block_1_47' title="bbox 226 3161 1834 3239">
    <p class='ocr_par' dir='ltr' id='par_1_47' title="bbox 226 3161 1834 3239">
     <span class='ocr_line' id='line_1_47' title="bbox 226 3161 1834 3239; baseline -0.002 -14"><span class='ocrx_word' id='word_1_426' title='bbox 226 3176 302 3226; x_wconf 88' lang='lat' dir='ltr'><strong>ter</strong></span> <span class='ocrx_word' id='word_1_427' title='bbox 327 3177 498 3224; x_wconf 81' lang='lat' dir='ltr'><strong>vester</strong></span> <span class='ocrx_word' id='word_1_428' title='bbox 522 3175 689 3234; x_wconf 81' lang='lat' dir='ltr'><strong>esset,</strong></span> <span class='ocrx_word' id='word_1_429' title='bbox 719 3165 1003 3239; x_wconf 72' lang='lat' dir='ltr'><strong>diligentis</strong></span> <span class='ocrx_word' id='word_1_430' title='bbox 1046 3164 1224 3237; x_wconf 83' lang='lat' dir='ltr'><strong>utique</strong></span> <span class='ocrx_word' id='word_1_431' title='bbox 1248 3180 1360 3232; x_wconf 83' lang='lat' dir='ltr'><strong>me;</strong></span> <span class='ocrx_word' id='word_1_432' title='bbox 1389 3180 1481 3237; x_wconf 85' lang='lat' dir='ltr'><strong>ego</strong></span> <span class='ocrx_word' id='word_1_433' title='bbox 1503 3164 1639 3220; x_wconf 87' lang='lat' dir='ltr'><strong>enim</strong></span> <span class='ocrx_word' id='word_1_434' title='bbox 1667 3182 1699 3220; x_wconf 92' lang='lat' dir='ltr'><strong>a</strong></span> <span class='ocrx_word' id='word_1_435' title='bbox 1721 3161 1834 3221; x_wconf 88' lang='lat' dir='ltr'><strong>Deo</strong></span> 
     </span>
    </p>
   </div>
   <div class='ocr_carea' id='block_1_48' title="bbox 1940 1940 3543 2019">
    <p class='ocr_par' dir='ltr' id='par_1_48' title="bbox 1940 1940 3543 2019">
     <span class='ocr_line' id='line_1_48' title="bbox 1940 1940 3543 2019; baseline 0.003 -21"><span class='ocrx_word' id='word_1_436' title='bbox 1940 1940 2119 1999; x_wconf 90' lang='lat' dir='ltr'><strong>oderit</strong></span> <span class='ocrx_word' id='word_1_437' title='bbox 2152 1952 2209 1999; x_wconf 92' lang='lat' dir='ltr'><strong>et</strong></span> <span class='ocrx_word' id='word_1_438' title='bbox 2229 1941 2476 2011; x_wconf 88' lang='lat' dir='ltr'><strong>Patrem;</strong></span> <span class='ocrx_word' id='word_1_439' title='bbox 2506 1958 2607 1999; x_wconf 90' lang='lat' dir='ltr'><strong>nec</strong></span> <span class='ocrx_word' id='word_1_440' title='bbox 2626 1946 2680 2000; x_wconf 91' lang='lat' dir='ltr'><strong>in</strong></span> <span class='ocrx_word' id='word_1_441' title='bbox 2720 1944 2888 2000; x_wconf 89' lang='lat' dir='ltr'><strong>Deum</strong></span> <span class='ocrx_word' id='word_1_442' title='bbox 2940 1952 3148 2016; x_wconf 90' lang='lat' dir='ltr'><strong>patrem</strong></span> <span class='ocrx_word' id='word_1_443' title='bbox 3204 1940 3278 2004; x_wconf 81' lang='lat' dir='ltr'><strong>sit</strong></span> <span class='ocrx_word' id='word_1_444' title='bbox 3319 1945 3543 2019; x_wconf 83' lang='lat' dir='ltr'><strong>religio-</strong></span> 
     </span>
    </p>
   </div>
   <div class='ocr_carea' id='block_1_49' title="bbox 1939 2033 3538 2111">
    <p class='ocr_par' dir='ltr' id='par_1_49' title="bbox 1939 2033 3538 2111">
     <span class='ocr_line' id='line_1_49' title="bbox 1939 2033 3538 2111; baseline 0.004 -21"><span class='ocrx_word' id='word_1_445' title='bbox 1939 2048 2054 2101; x_wconf 85' lang='lat' dir='ltr'><strong>sus,</strong></span> <span class='ocrx_word' id='word_1_446' title='bbox 2073 2033 2166 2107; x_wconf 91' lang='lat' dir='ltr'><strong>qui</strong></span> <span class='ocrx_word' id='word_1_447' title='bbox 2186 2050 2293 2092; x_wconf 87' lang='lat' dir='ltr'><strong>non</strong></span> <span class='ocrx_word' id='word_1_448' title='bbox 2316 2035 2507 2109; x_wconf 85' lang='lat' dir='ltr'><strong>diligat</strong></span> <span class='ocrx_word' id='word_1_449' title='bbox 2535 2034 2768 2106; x_wconf 87' lang='lat' dir='ltr'><strong>Filium;</strong></span> <span class='ocrx_word' id='word_1_450' title='bbox 2798 2054 2923 2094; x_wconf 90' lang='lat' dir='ltr'><strong>cum</strong></span> <span class='ocrx_word' id='word_1_451' title='bbox 2948 2037 3206 2111; x_wconf 80' lang='lat' dir='ltr'><strong>diligendi</strong></span> <span class='ocrx_word' id='word_1_452' title='bbox 3258 2037 3383 2096; x_wconf 87' lang='lat' dir='ltr'><strong>Filii</strong></span> <span class='ocrx_word' id='word_1_453' title='bbox 3430 2056 3538 2096; x_wconf 69' lang='lat' dir='ltr'><strong>nan</strong></span> 
     </span>
    </p>
   </div>
   <div class='ocr_carea' id='block_1_50' title="bbox 1938 2127 3544 2204">
    <p class='ocr_par' dir='ltr' id='par_1_50' title="bbox 1938 2127 3544 2204">
     <span class='ocr_line' id='line_1_50' title="bbox 1938 2127 3544 2204; baseline 0.005 -21"><span class='ocrx_word' id='word_1_454' title='bbox 1938 2127 2045 2184; x_wconf 89' lang='lat' dir='ltr'><strong>alia</strong></span> <span class='ocrx_word' id='word_1_455' title='bbox 2073 2142 2235 2185; x_wconf 88' lang='lat' dir='ltr'><strong>causa</strong></span> <span class='ocrx_word' id='word_1_456' title='bbox 2265 2128 2356 2196; x_wconf 90' lang='lat' dir='ltr'><strong>sit,</strong></span> <span class='ocrx_word' id='word_1_457' title='bbox 2386 2144 2545 2202; x_wconf 88' lang='lat' dir='ltr'><strong>quam</strong></span> <span class='ocrx_word' id='word_1_458' title='bbox 2572 2129 2718 2202; x_wconf 90' lang='lat' dir='ltr'><strong>quod</strong></span> <span class='ocrx_word' id='word_1_459' title='bbox 2740 2144 2805 2186; x_wconf 89' lang='lat' dir='ltr'><strong>ex</strong></span> <span class='ocrx_word' id='word_1_460' title='bbox 2839 2131 2949 2186; x_wconf 84' lang='lat' dir='ltr'><strong>Deo</strong></span> <span class='ocrx_word' id='word_1_461' title='bbox 2970 2132 3061 2187; x_wconf 89' lang='lat' dir='ltr'><strong>sit.</strong></span> <span class='ocrx_word' id='word_1_462' title='bbox 3096 2130 3176 2188; x_wconf 84' lang='lat' dir='ltr'><strong>Ex</strong></span> <span class='ocrx_word' id='word_1_463' title='bbox 3220 2128 3334 2188; x_wconf 91' lang='lat' dir='ltr'><strong>Deo</strong></span> <span class='ocrx_word' id='word_1_464' title='bbox 3379 2129 3544 2204; x_wconf 83' lang='lat' dir='ltr'><strong>igitur</strong></span> 
     </span>
    </p>
   </div>
   <div class='ocr_carea' id='block_1_51' title="bbox 1938 2220 3545 2299">
    <p class='ocr_par' dir='ltr' id='par_1_51' title="bbox 1938 2220 3545 2299">
     <span class='ocr_line' id='line_1_51' title="bbox 1938 2220 3545 2299; baseline 0.001 -20"><span class='ocrx_word' id='word_1_465' title='bbox 1938 2220 2110 2279; x_wconf 81' lang='lat' dir='ltr'><strong>Filius</strong></span> <span class='ocrx_word' id='word_1_466' title='bbox 2134 2228 2249 2289; x_wconf 90' lang='lat' dir='ltr'><strong>est,</strong></span> <span class='ocrx_word' id='word_1_467' title='bbox 2280 2234 2391 2278; x_wconf 89' lang='lat' dir='ltr'><strong>non</strong></span> <span class='ocrx_word' id='word_1_468' title='bbox 2427 2222 2696 2292; x_wconf 88' lang='lat' dir='ltr'><strong>adventu,</strong></span> <span class='ocrx_word' id='word_1_469' title='bbox 2726 2224 2822 2281; x_wconf 86' lang='lat' dir='ltr'><strong>sed</strong></span> <span class='ocrx_word' id='word_1_470' title='bbox 2849 2223 3129 2281; x_wconf 87' lang='lat' dir='ltr'><strong>nativitate</strong></span> <span class='ocrx_word' id='word_1_471' title='bbox 3173 2241 3191 2279; x_wconf 88' lang='lat'><strong>:</strong></span> <span class='ocrx_word' id='word_1_472' title='bbox 3241 2232 3296 2280; x_wconf 91' lang='lat' dir='ltr'><strong>et</strong></span> <span class='ocrx_word' id='word_1_473' title='bbox 3334 2221 3416 2299; x_wconf 75' lang='grc' dir='ltr'><strong>(ὅ)</strong></span> <span class='ocrx_word' id='word_1_474' title='bbox 3461 2223 3545 2280; x_wconf 80' lang='lat' dir='ltr'><strong>di-</strong></span> 
     </span>
    </p>
   </div>
   <div class='ocr_carea' id='block_1_52' title="bbox 1937 2314 3546 2392">
    <p class='ocr_par' dir='ltr' id='par_1_52' title="bbox 1937 2314 3546 2392">
     <span class='ocr_line' id='line_1_52' title="bbox 1937 2314 3546 2392; baseline 0.002 -19"><span class='ocrx_word' id='word_1_475' title='bbox 1937 2316 2100 2374; x_wconf 90' lang='lat' dir='ltr'><strong>lectio</strong></span> <span class='ocrx_word' id='word_1_476' title='bbox 2124 2316 2178 2372; x_wconf 92' lang='lat' dir='ltr'><strong>in</strong></span> <span class='ocrx_word' id='word_1_477' title='bbox 2207 2314 2425 2374; x_wconf 88' lang='lat' dir='ltr'><strong>Patrem</strong></span> <span class='ocrx_word' id='word_1_478' title='bbox 2455 2315 2539 2392; x_wconf 78' lang='lat' dir='ltr'><strong>(It)</strong></span> <span class='ocrx_word' id='word_1_479' title='bbox 2561 2314 2651 2376; x_wconf 88' lang='lat' dir='ltr'><strong>hic</strong></span> <span class='ocrx_word' id='word_1_480' title='bbox 2674 2319 2782 2376; x_wconf 86' lang='lat' dir='ltr'><strong>erit</strong></span> <span class='ocrx_word' id='word_1_481' title='bbox 2804 2317 3008 2390; x_wconf 89' lang='lat' dir='ltr'><strong>omnis,</strong></span> <span class='ocrx_word' id='word_1_482' title='bbox 3062 2316 3111 2376; x_wconf 90' lang='lat' dir='ltr'><strong>si</strong></span> <span class='ocrx_word' id='word_1_483' title='bbox 3145 2316 3318 2376; x_wconf 82' lang='lat' dir='ltr'><strong>Filius</strong></span> <span class='ocrx_word' id='word_1_484' title='bbox 3366 2332 3435 2377; x_wconf 84' lang='lat' dir='ltr'><strong>ex</strong></span> <span class='ocrx_word' id='word_1_485' title='bbox 3477 2333 3546 2377; x_wconf 89' lang='lat' dir='ltr'><strong>eo</strong></span> 
     </span>
    </p>
   </div>
   <div class='ocr_carea' id='block_1_53' title="bbox 1935 2411 2360 2470">
    <p class='ocr_par' dir='ltr' id='par_1_53' title="bbox 1935 2411 2360 2470">
     <span class='ocr_line' id='line_1_53' title="bbox 1935 2411 2360 2470; baseline -0.002 0"><span class='ocrx_word' id='word_1_486' title='bbox 1935 2424 2060 2470; x_wconf 88' lang='lat' dir='ltr'><strong>esse</strong></span> <span class='ocrx_word' id='word_1_487' title='bbox 2087 2411 2360 2469; x_wconf 76' lang='lat' dir='ltr'><strong>credatur.</strong></span> 
     </span>
    </p>
   </div>
   <div class='ocr_carea' id='block_1_54' title="bbox 2006 2502 3544 2583">
    <p class='ocr_par' dir='ltr' id='par_1_54' title="bbox 2006 2502 3544 2583">
     <span class='ocr_line' id='line_1_54' title="bbox 2006 2502 3544 2583; baseline 0.001 -17"><span class='ocrx_word' id='word_1_488' title='bbox 2006 2508 2098 2566; x_wconf 78' lang='lat' dir='ltr'><strong>3i.</strong></span> <span class='ocrx_word' id='word_1_489' title='bbox 2124 2506 2380 2583; x_wconf 65' lang='lat' dir='ltr'><strong>Perfecta:</strong></span> <span class='ocrx_word' id='word_1_490' title='bbox 2402 2510 2466 2566; x_wconf 83' lang='lat' dir='ltr'><strong>de</strong></span> <span class='ocrx_word' id='word_1_491' title='bbox 2494 2504 2636 2567; x_wconf 86' lang='lat' dir='ltr'><strong>Filio</strong></span> <span class='ocrx_word' id='word_1_492' title='bbox 2658 2508 2784 2582; x_wconf 71' lang='lat' dir='ltr'><strong>ﬁdei</strong></span> <span class='ocrx_word' id='word_1_493' title='bbox 2803 2510 3062 2567; x_wconf 87' lang='lat' dir='ltr'><strong>meritum.</strong></span> <span class='ocrx_word' id='word_1_494' title='bbox 3094 2502 3198 2578; x_wconf 83' lang='lat' dir='ltr'><strong>Qui</strong></span> <span class='ocrx_word' id='word_1_495' title='bbox 3221 2517 3272 2568; x_wconf 91' lang='lat' dir='ltr'><strong>et</strong></span> <span class='ocrx_word' id='word_1_496' title='bbox 3298 2508 3544 2569; x_wconf 73' lang='lat' dir='ltr'><strong>nativita-</strong></span> 
     </span>
    </p>
   </div>
   <div class='ocr_carea' id='block_1_55' title="bbox 1937 2598 3550 2678">
    <p class='ocr_par' dir='ltr' id='par_1_55' title="bbox 1937 2598 3550 2678">
     <span class='ocr_line' id='line_1_55' title="bbox 1937 2598 3550 2678; baseline 0.002 -18"><span class='ocrx_word' id='word_1_497' title='bbox 1937 2606 2037 2660; x_wconf 80' lang='lat' dir='ltr'><strong>lem</strong></span> <span class='ocrx_word' id='word_1_498' title='bbox 2062 2617 2126 2659; x_wconf 79' lang='lat' dir='ltr'><strong>ea:</strong></span> <span class='ocrx_word' id='word_1_499' title='bbox 2147 2600 2306 2658; x_wconf 85' lang='lat' dir='ltr'><strong>Patre</strong></span> <span class='ocrx_word' id='word_1_500' title='bbox 2325 2611 2374 2659; x_wconf 88' lang='lat' dir='ltr'><strong>et</strong></span> <span class='ocrx_word' id='word_1_501' title='bbox 2401 2604 2677 2660; x_wconf 80' lang='lat' dir='ltr'><strong>adventum</strong></span> <span class='ocrx_word' id='word_1_502' title='bbox 2700 2603 2771 2660; x_wconf 89' lang='lat' dir='ltr'><strong>ad</strong></span> <span class='ocrx_word' id='word_1_503' title='bbox 2796 2620 2889 2661; x_wconf 88' lang='lat' dir='ltr'><strong>nos</strong></span> <span class='ocrx_word' id='word_1_504' title='bbox 2929 2602 3233 2678; x_wconf 83' lang='lat' dir='ltr'><strong>distinguat.</strong></span> <span class='ocrx_word' id='word_1_505' title='bbox 3260 2636 3333 2647; x_wconf 97' lang='lat'><strong>—</strong></span> <span class='ocrx_word' id='word_1_506' title='bbox 3351 2598 3550 2663; x_wconf 67' lang='lat' dir='ltr'><strong>Teslac</strong></span> 
     </span>
    </p>
   </div>
   <div class='ocr_carea' id='block_1_56' title="bbox 1935 2694 3548 2773">
    <p class='ocr_par' dir='ltr' id='par_1_56' title="bbox 1935 2694 3548 2773">
     <span class='ocr_line' id='line_1_56' title="bbox 1935 2694 3548 2773; baseline 0.002 -20"><span class='ocrx_word' id='word_1_507' title='bbox 1935 2704 2025 2753; x_wconf 89' lang='lat' dir='ltr'><strong>tur</strong></span> <span class='ocrx_word' id='word_1_508' title='bbox 2048 2695 2154 2752; x_wconf 92' lang='lat' dir='ltr'><strong>hoc</strong></span> <span class='ocrx_word' id='word_1_509' title='bbox 2181 2696 2436 2752; x_wconf 90' lang='lat' dir='ltr'><strong>Dominus</strong></span> <span class='ocrx_word' id='word_1_510' title='bbox 2457 2694 2647 2754; x_wconf 87' lang='lat' dir='ltr'><strong>dicens</strong></span> <span class='ocrx_word' id='word_1_511' title='bbox 2680 2716 2695 2755; x_wconf 89' lang='lat'><strong>:</strong></span> <span class='ocrx_word' id='word_1_512' title='bbox 2730 2696 2856 2754; x_wconf 84' lang='lat' dir='ltr'><strong>Non</strong></span> <span class='ocrx_word' id='word_1_513' title='bbox 2886 2699 3053 2754; x_wconf 83' lang='lat' dir='ltr'><strong>dicant</strong></span> <span class='ocrx_word' id='word_1_514' title='bbox 3100 2700 3271 2770; x_wconf 87' lang='lat' dir='ltr'><strong>vobis,</strong></span> <span class='ocrx_word' id='word_1_515' title='bbox 3303 2700 3548 2773; x_wconf 86' lang='lat' dir='ltr'><strong>quoniam</strong></span> 
     </span>
    </p>
   </div>
   <div class='ocr_carea' id='block_1_57' title="bbox 1937 2789 3553 2865">
    <p class='ocr_par' dir='ltr' id='par_1_57' title="bbox 1937 2789 3553 2865">
     <span class='ocr_line' id='line_1_57' title="bbox 1937 2789 3553 2865; baseline 0.003 -18"><span class='ocrx_word' id='word_1_516' title='bbox 1937 2806 2028 2863; x_wconf 87' lang='lat' dir='ltr'><strong>ego</strong></span> <span class='ocrx_word' id='word_1_517' title='bbox 2053 2789 2245 2863; x_wconf 85' lang='lat' dir='ltr'><strong>rogabo</strong></span> <span class='ocrx_word' id='word_1_518' title='bbox 2272 2790 2483 2847; x_wconf 84' lang='lat' dir='ltr'><strong>Patrem</strong></span> <span class='ocrx_word' id='word_1_519' title='bbox 2509 2808 2604 2864; x_wconf 85' lang='lat' dir='ltr'><strong>pro</strong></span> <span class='ocrx_word' id='word_1_520' title='bbox 2630 2792 2771 2849; x_wconf 81' lang='lat' dir='ltr'><strong>vobis</strong></span> <span class='ocrx_word' id='word_1_521' title='bbox 2826 2808 2840 2849; x_wconf 83' lang='lat'><strong>:</strong></span> <span class='ocrx_word' id='word_1_522' title='bbox 2892 2794 3006 2865; x_wconf 82' lang='lat' dir='ltr'><strong>ipse</strong></span> <span class='ocrx_word' id='word_1_523' title='bbox 3051 2794 3193 2851; x_wconf 85' lang='lat' dir='ltr'><strong>enim</strong></span> <span class='ocrx_word' id='word_1_524' title='bbox 3221 2790 3384 2851; x_wconf 77' lang='lat' dir='ltr'><strong>Pater</strong></span> <span class='ocrx_word' id='word_1_525' title='bbox 3408 2798 3553 2852; x_wconf 86' lang='lat' dir='ltr'><strong>a&#39;mut</strong></span> 
     </span>
    </p>
   </div>
   <div class='ocr_carea' id='block_1_58' title="bbox 1934 2880 3551 2962">
    <p class='ocr_par' dir='ltr' id='par_1_58' title="bbox 1934 2880 3551 2962">
     <span class='ocr_line' id='line_1_58' title="bbox 1934 2880 3551 2962; baseline 0.006 -24"><span class='ocrx_word' id='word_1_526' title='bbox 1934 2897 2023 2939; x_wconf 81' lang='lat' dir='ltr'><strong>vos</strong></span> <span class='ocrx_word' id='word_1_527' title='bbox 2041 2925 2056 2951; x_wconf 92' lang='lat'><strong>,</strong></span> <span class='ocrx_word' id='word_1_528' title='bbox 2080 2883 2323 2955; x_wconf 85' lang='lat' dir='ltr'><strong>quoniam</strong></span> <span class='ocrx_word' id='word_1_529' title='bbox 2350 2901 2437 2941; x_wconf 83' lang='lat' dir='ltr'><strong>vos</strong></span> <span class='ocrx_word' id='word_1_530' title='bbox 2459 2901 2539 2940; x_wconf 88' lang='lat' dir='ltr'><strong>me</strong></span> <span class='ocrx_word' id='word_1_531' title='bbox 2563 2880 2769 2954; x_wconf 79' lang='lat' dir='ltr'><strong>amatis,</strong></span> <span class='ocrx_word' id='word_1_532' title='bbox 2805 2894 2852 2942; x_wconf 89' lang='lat' dir='ltr'><strong>et</strong></span> <span class='ocrx_word' id='word_1_533' title='bbox 2878 2886 3088 2942; x_wconf 80' lang='lat' dir='ltr'><strong>creditis</strong></span> <span class='ocrx_word' id='word_1_534' title='bbox 3116 2886 3361 2958; x_wconf 75' lang='lat' dir='ltr'><strong>quoniam</strong></span> <span class='ocrx_word' id='word_1_535' title='bbox 3383 2884 3476 2962; x_wconf 79' lang='lat' dir='ltr'><strong>ego</strong></span> <span class='ocrx_word' id='word_1_536' title='bbox 3515 2905 3551 2947; x_wconf 78' lang='grc' dir='ltr'><em>α</em></span> 
     </span>
    </p>
   </div>
   <div class='ocr_carea' id='block_1_59' title="bbox 1935 2974 3542 3053">
    <p class='ocr_par' dir='ltr' id='par_1_59' title="bbox 1935 2974 3542 3053">
     <span class='ocr_line' id='line_1_59' title="bbox 1935 2974 3542 3053; baseline 0.006 -23"><span class='ocrx_word' id='word_1_537' title='bbox 1935 2974 2046 3032; x_wconf 85' lang='lat' dir='ltr'><strong>Deo</strong></span> <span class='ocrx_word' id='word_1_538' title='bbox 2075 2977 2229 3044; x_wconf 76' lang='lat' dir='ltr'><strong>exivi,</strong></span> <span class='ocrx_word' id='word_1_539' title='bbox 2254 2986 2349 3032; x_wconf 76' lang='grc' dir='ltr'><strong>ειη</strong></span> <span class='ocrx_word' id='word_1_540' title='bbox 2376 2977 2534 3034; x_wconf 85' lang='lat' dir='ltr'><strong>Patre</strong></span> <span class='ocrx_word' id='word_1_541' title='bbox 2556 2980 2669 3035; x_wconf 82' lang='lat' dir='ltr'><strong>veni</strong></span> <span class='ocrx_word' id='word_1_542' title='bbox 2689 2979 2744 3034; x_wconf 87' lang='lat' dir='ltr'><strong>in</strong></span> <span class='ocrx_word' id='word_1_543' title='bbox 2772 2978 2909 3035; x_wconf 84' lang='lat' dir='ltr'><strong>ltum:</strong></span> <span class='ocrx_word' id='word_1_544' title='bbox 2934 2982 3186 3037; x_wconf 83' lang='lat' dir='ltr'><strong>mundum</strong></span> <span class='ocrx_word' id='word_1_545' title='bbox 3217 2980 3395 3053; x_wconf 81' lang='lat' dir='ltr'><strong>(Joan.</strong></span> <span class='ocrx_word' id='word_1_546' title='bbox 3428 2978 3542 3052; x_wconf 61' lang='lat' dir='ltr'><strong>5m,</strong></span> 
     </span>
    </p>
   </div>
   <div class='ocr_carea' id='block_1_60' title="bbox 1932 3069 3545 3144">
    <p class='ocr_par' dir='ltr' id='par_1_60' title="bbox 1932 3069 3545 3144">
     <span class='ocr_line' id='line_1_60' title="bbox 1932 3069 3545 3144; baseline 0.006 -18"><span class='ocrx_word' id='word_1_547' title='bbox 1932 3070 2003 3126; x_wconf 78' lang='lat'><strong>27</strong></span> <span class='ocrx_word' id='word_1_548' title='bbox 2024 3081 2071 3128; x_wconf 92' lang='lat' dir='ltr'><strong>et</strong></span> <span class='ocrx_word' id='word_1_549' title='bbox 2097 3070 2214 3143; x_wconf 77' lang='lat'><strong>28).</strong></span> <span class='ocrx_word' id='word_1_550' title='bbox 2229 3069 2388 3129; x_wconf 88' lang='lat' dir='ltr'><strong>Caret</strong></span> <span class='ocrx_word' id='word_1_551' title='bbox 2404 3073 2543 3144; x_wconf 83' lang='lat' dir='ltr'><strong>apud</strong></span> <span class='ocrx_word' id='word_1_552' title='bbox 2558 3072 2771 3131; x_wconf 89' lang='lat' dir='ltr'><strong>Patrem</strong></span> <span class='ocrx_word' id='word_1_553' title='bbox 2801 3075 3203 3133; x_wconf 87' lang='lat' dir='ltr'><strong>intercessionis</strong></span> <span class='ocrx_word' id='word_1_554' title='bbox 3221 3070 3545 3136; x_wconf 76' lang='lat' dir='ltr'><strong>necessitate</strong></span> 
     </span>
    </p>
   </div>
   <div class='ocr_carea' id='block_1_61' title="bbox 1934 3163 3537 3240">
    <p class='ocr_par' dir='ltr' id='par_1_61' title="bbox 1934 3163 3537 3240">
     <span class='ocr_line' id='line_1_61' title="bbox 1934 3163 3537 3240; baseline 0.006 -20"><span class='ocrx_word' id='word_1_555' title='bbox 1934 3163 2174 3236; x_wconf 80' lang='lat' dir='ltr'><strong>perlecta</strong></span> <span class='ocrx_word' id='word_1_556' title='bbox 2202 3163 2270 3221; x_wconf 87' lang='lat' dir='ltr'><strong>de</strong></span> <span class='ocrx_word' id='word_1_557' title='bbox 2298 3163 2439 3222; x_wconf 89' lang='lat' dir='ltr'><strong>Filio</strong></span> <span class='ocrx_word' id='word_1_558' title='bbox 2462 3165 2597 3223; x_wconf 87' lang='lat' dir='ltr'><strong>lides</strong></span> <span class='ocrx_word' id='word_1_559' title='bbox 2615 3208 2631 3235; x_wconf 92' lang='lat'><strong>,</strong></span> <span class='ocrx_word' id='word_1_560' title='bbox 2664 3182 2784 3240; x_wconf 69' lang='lat' dir='ltr'><strong>qua:</strong></span> <span class='ocrx_word' id='word_1_561' title='bbox 2806 3168 2949 3240; x_wconf 87' lang='lat' dir='ltr'><strong>quod</strong></span> <span class='ocrx_word' id='word_1_562' title='bbox 2979 3186 3009 3223; x_wconf 91' lang='lat' dir='ltr'><strong>a</strong></span> <span class='ocrx_word' id='word_1_563' title='bbox 3037 3169 3150 3225; x_wconf 90' lang='lat' dir='ltr'><strong>Deo</strong></span> <span class='ocrx_word' id='word_1_564' title='bbox 3176 3168 3371 3229; x_wconf 82' lang='lat' dir='ltr'><strong>exierit</strong></span> <span class='ocrx_word' id='word_1_565' title='bbox 3412 3166 3537 3229; x_wconf 81' lang='lat' dir='ltr'><strong>cre-</strong></span> 
     </span>
    </p>
   </div>
   <div class='ocr_carea' id='block_1_62' title="bbox 225 3255 3550 3332">
    <p class='ocr_par' dir='ltr' id='par_1_62' title="bbox 225 3255 3550 3332">
     <span class='ocr_line' id='line_1_62' title="bbox 225 3255 3550 3332; baseline 0.001 -12"><span class='ocrx_word' id='word_1_566' title='bbox 412 3260 712 3329; x_wconf 85' lang='lat' dir='ltr'><strong>Omnibus,</strong></span> <span class='ocrx_word' id='word_1_567' title='bbox 749 3258 946 3332; x_wconf 87' lang='lat' dir='ltr'><strong>quibus</strong></span> <span class='ocrx_word' id='word_1_568' title='bbox 986 3274 1083 3331; x_wconf 88' lang='lat' dir='ltr'><strong>per</strong></span> <span class='ocrx_word' id='word_1_569' title='bbox 1125 3257 1287 3314; x_wconf 89' lang='lat' dir='ltr'><strong>ﬁdem</strong></span> <span class='ocrx_word' id='word_1_570' title='bbox 1328 3256 1473 3314; x_wconf 86' lang='lat' dir='ltr'><strong>Deus</strong></span> <span class='ocrx_word' id='word_1_571' title='bbox 1516 3268 1667 3329; x_wconf 89' lang='lat' dir='ltr'><strong>pater</strong></span> <span class='ocrx_word' id='word_1_572' title='bbox 1714 3267 1834 3325; x_wconf 85' lang='lat' dir='ltr'><strong>est,</strong></span> <span class='ocrx_word' id='word_1_573' title='bbox 1862 3255 1908 3319; x_wconf 88' lang='lat' dir='ltr'><strong>C</strong></span> <span class='ocrx_word' id='word_1_574' title='bbox 1941 3256 2036 3312; x_wconf 90' lang='lat' dir='ltr'><strong>dat</strong></span> <span class='ocrx_word' id='word_1_575' title='bbox 2062 3265 2227 3328; x_wconf 78' lang='lat' dir='ltr'><strong>atque</strong></span> <span class='ocrx_word' id='word_1_576' title='bbox 2247 3266 2394 3314; x_wconf 91' lang='lat' dir='ltr'><strong>amet</strong></span> <span class='ocrx_word' id='word_1_577' title='bbox 2418 3276 2432 3313; x_wconf 88' lang='lat'><strong>:</strong></span> <span class='ocrx_word' id='word_1_578' title='bbox 2458 3268 2513 3315; x_wconf 91' lang='lat' dir='ltr'><strong>et</strong></span> <span class='ocrx_word' id='word_1_579' title='bbox 2544 3274 2641 3330; x_wconf 89' lang='lat' dir='ltr'><strong>per</strong></span> <span class='ocrx_word' id='word_1_580' title='bbox 2666 3275 2725 3315; x_wconf 81' lang='lat' dir='ltr'><strong>se</strong></span> <span class='ocrx_word' id='word_1_581' title='bbox 2748 3260 2861 3332; x_wconf 90' lang='lat' dir='ltr'><strong>ipsa</strong></span> <span class='ocrx_word' id='word_1_582' title='bbox 2881 3262 2993 3332; x_wconf 89' lang='lat' dir='ltr'><strong>jam</strong></span> <span class='ocrx_word' id='word_1_583' title='bbox 3015 3269 3071 3319; x_wconf 90' lang='lat' dir='ltr'><strong>et</strong></span> <span class='ocrx_word' id='word_1_584' title='bbox 3100 3260 3277 3319; x_wconf 78' lang='lat' dir='ltr'><strong>audiri</strong></span> <span class='ocrx_word' id='word_1_585' title='bbox 3305 3260 3550 3323; x_wconf 80' lang='lat' dir='ltr'><strong>meretur</strong></span> 
     </span>
    </p>
   </div>
   <div class='ocr_carea' id='block_1_63' title="bbox 227 3349 1838 3431">
    <p class='ocr_par' dir='ltr' id='par_1_63' title="bbox 227 3349 1838 3431">
     <span class='ocr_line' id='line_1_63' title="bbox 227 3349 1838 3431; baseline -0.004 -18"><span class='ocrx_word' id='word_1_586' title='bbox 227 3372 320 3431; x_wconf 85' lang='lat' dir='ltr'><strong>per</strong></span> <span class='ocrx_word' id='word_1_587' title='bbox 347 3370 474 3413; x_wconf 84' lang='lat' dir='ltr'><strong>eam</strong></span> <span class='ocrx_word' id='word_1_588' title='bbox 500 3354 659 3411; x_wconf 86' lang='lat' dir='ltr'><strong>ﬁdem</strong></span> <span class='ocrx_word' id='word_1_589' title='bbox 689 3362 843 3427; x_wconf 89' lang='lat' dir='ltr'><strong>pater</strong></span> <span class='ocrx_word' id='word_1_590' title='bbox 871 3361 987 3421; x_wconf 84' lang='lat' dir='ltr'><strong>est,</strong></span> <span class='ocrx_word' id='word_1_591' title='bbox 1016 3366 1122 3425; x_wconf 89' lang='lat' dir='ltr'><strong>qua</strong></span> <span class='ocrx_word' id='word_1_592' title='bbox 1142 3351 1327 3410; x_wconf 85' lang='lat' dir='ltr'><strong>Jesum</strong></span> <span class='ocrx_word' id='word_1_593' title='bbox 1350 3350 1623 3407; x_wconf 84' lang='lat' dir='ltr'><strong>Christum</strong></span> <span class='ocrx_word' id='word_1_594' title='bbox 1656 3350 1748 3408; x_wconf 92' lang='lat' dir='ltr'><strong>Dei</strong></span> <span class='ocrx_word' id='word_1_595' title='bbox 1776 3349 1838 3406; x_wconf 86' lang='lat' dir='ltr'><strong>ﬁ-</strong></span> 
     </span>
    </p>
   </div>
   <div class='ocr_carea' id='block_1_64' title="bbox 227 3445 1835 3508">
    <p class='ocr_par' dir='ltr' id='par_1_64' title="bbox 227 3445 1835 3508">
     <span class='ocr_line' id='line_1_64' title="bbox 227 3445 1835 3508; baseline -0.003 0"><span class='ocrx_word' id='word_1_596' title='bbox 227 3450 360 3508; x_wconf 89' lang='lat' dir='ltr'><strong>lium</strong></span> <span class='ocrx_word' id='word_1_597' title='bbox 386 3448 730 3507; x_wconf 90' lang='lat' dir='ltr'><strong>conﬁtemnr.</strong></span> <span class='ocrx_word' id='word_1_598' title='bbox 783 3446 1042 3504; x_wconf 88' lang='lat' dir='ltr'><strong>Conﬁteri</strong></span> <span class='ocrx_word' id='word_1_599' title='bbox 1095 3456 1275 3504; x_wconf 89' lang='lat' dir='ltr'><strong>autem</strong></span> <span class='ocrx_word' id='word_1_600' title='bbox 1328 3445 1498 3502; x_wconf 85' lang='lat' dir='ltr'><strong>ﬁlium</strong></span> <span class='ocrx_word' id='word_1_601' title='bbox 1539 3445 1835 3503; x_wconf 88' lang='lat' dir='ltr'><strong>secundum</strong></span> 
     </span>
    </p>
   </div>
   <div class='ocr_carea' id='block_1_65' title="bbox 224 3536 1840 3618">
    <p class='ocr_par' dir='ltr' id='par_1_65' title="bbox 224 3536 1840 3618">
     <span class='ocr_line' id='line_1_65' title="bbox 224 3536 1840 3618; baseline -0.003 -17"><span class='ocrx_word' id='word_1_602' title='bbox 224 3544 487 3618; x_wconf 86' lang='lat' dir='ltr'><strong>generale</strong></span> <span class='ocrx_word' id='word_1_603' title='bbox 508 3552 820 3600; x_wconf 88' lang='lat' dir='ltr'><strong>sanctorum</strong></span> <span class='ocrx_word' id='word_1_604' title='bbox 846 3557 1063 3605; x_wconf 88' lang='lat' dir='ltr'><strong>nomen,</strong></span> <span class='ocrx_word' id='word_1_605' title='bbox 1086 3540 1214 3616; x_wconf 88' lang='lat' dir='ltr'><strong>quid</strong></span> <span class='ocrx_word' id='word_1_606' title='bbox 1237 3540 1401 3597; x_wconf 88' lang='lat' dir='ltr'><strong>habet</strong></span> <span class='ocrx_word' id='word_1_607' title='bbox 1430 3536 1575 3609; x_wconf 87' lang='lat' dir='ltr'><strong>ﬁdei,</strong></span> <span class='ocrx_word' id='word_1_608' title='bbox 1606 3549 1663 3596; x_wconf 92' lang='lat' dir='ltr'><strong>ut</strong></span> <span class='ocrx_word' id='word_1_609' title='bbox 1690 3540 1840 3596; x_wconf 88' lang='lat' dir='ltr'><strong>dica-</strong></span> 
     </span>
    </p>
   </div>
   <div class='ocr_carea' id='block_1_66' title="bbox 226 3632 1838 3707">
    <p class='ocr_par' dir='ltr' id='par_1_66' title="bbox 226 3632 1838 3707">
     <span class='ocr_line' id='line_1_66' title="bbox 226 3632 1838 3707; baseline 0 -14"><span class='ocrx_word' id='word_1_610' title='bbox 226 3650 388 3705; x_wconf 83' lang='lat' dir='ltr'><strong>mus,</strong></span> <span class='ocrx_word' id='word_1_611' title='bbox 416 3633 573 3693; x_wconf 87' lang='lat' dir='ltr'><strong>Unus</strong></span> <span class='ocrx_word' id='word_1_612' title='bbox 620 3650 687 3693; x_wconf 87' lang='lat' dir='ltr'><strong>ex</strong></span> <span class='ocrx_word' id='word_1_613' title='bbox 717 3632 839 3691; x_wconf 88' lang='lat' dir='ltr'><strong>ﬁliis</strong></span> <span class='ocrx_word' id='word_1_614' title='bbox 866 3635 985 3692; x_wconf 87' lang='lat' dir='ltr'><strong>est?</strong></span> <span class='ocrx_word' id='word_1_615' title='bbox 1005 3634 1112 3693; x_wconf 89' lang='lat' dir='ltr'><strong>Sed</strong></span> <span class='ocrx_word' id='word_1_616' title='bbox 1155 3634 1416 3707; x_wconf 86' lang='lat' dir='ltr'><strong>numquid</strong></span> <span class='ocrx_word' id='word_1_617' title='bbox 1470 3644 1525 3692; x_wconf 92' lang='lat' dir='ltr'><strong>et</strong></span> <span class='ocrx_word' id='word_1_618' title='bbox 1567 3637 1751 3693; x_wconf 68' lang='lat' dir='ltr'><strong>caeteri</strong></span> <span class='ocrx_word' id='word_1_619' title='bbox 1780 3635 1838 3693; x_wconf 89' lang='lat' dir='ltr'><strong>in</strong></span> 
     </span>
    </p>
   </div>
   <div class='ocr_carea' id='block_1_67' title="bbox 225 3725 1835 3801">
    <p class='ocr_par' dir='ltr' id='par_1_67' title="bbox 225 3725 1835 3801">
     <span class='ocr_line' id='line_1_67' title="bbox 225 3725 1835 3801; baseline -0.001 -14"><span class='ocrx_word' id='word_1_620' title='bbox 225 3728 327 3787; x_wconf 87' lang='lat' dir='ltr'><strong>hac</strong></span> <span class='ocrx_word' id='word_1_621' title='bbox 348 3741 619 3787; x_wconf 65' lang='lat' dir='ltr'><strong>creaturae</strong></span> <span class='ocrx_word' id='word_1_622' title='bbox 643 3741 756 3785; x_wconf 69' lang='lat' dir='ltr'><strong>suae</strong></span> <span class='ocrx_word' id='word_1_623' title='bbox 782 3727 1093 3785; x_wconf 88' lang='lat' dir='ltr'><strong>inﬁrmitate</strong></span> <span class='ocrx_word' id='word_1_624' title='bbox 1119 3740 1227 3784; x_wconf 91' lang='lat' dir='ltr'><strong>non</strong></span> <span class='ocrx_word' id='word_1_625' title='bbox 1274 3725 1372 3785; x_wconf 88' lang='lat' dir='ltr'><strong>ﬁlii</strong></span> <span class='ocrx_word' id='word_1_626' title='bbox 1398 3734 1522 3785; x_wconf 88' lang='lat' dir='ltr'><strong>sunt</strong></span> <span class='ocrx_word' id='word_1_627' title='bbox 1546 3728 1572 3782; x_wconf 77' lang='lat' dir='ltr'><em>‘I</em></span> <span class='ocrx_word' id='word_1_628' title='bbox 1613 3726 1675 3784; x_wconf 89' lang='lat' dir='ltr'><strong>ln</strong></span> <span class='ocrx_word' id='word_1_629' title='bbox 1727 3744 1835 3801; x_wconf 89' lang='lat' dir='ltr'><strong>quo</strong></span> 
     </span>
    </p>
   </div>
   <div class='ocr_carea' id='block_1_68' title="bbox 225 3819 1839 3896">
    <p class='ocr_par' dir='ltr' id='par_1_68' title="bbox 225 3819 1839 3896">
     <span class='ocr_line' id='line_1_68' title="bbox 225 3819 1839 3896; baseline -0.001 -16"><span class='ocrx_word' id='word_1_630' title='bbox 225 3836 357 3896; x_wconf 86' lang='lat' dir='ltr'><strong>ergo</strong></span> <span class='ocrx_word' id='word_1_631' title='bbox 383 3822 560 3879; x_wconf 86' lang='lat' dir='ltr'><strong>ﬁlium</strong></span> <span class='ocrx_word' id='word_1_632' title='bbox 587 3821 686 3879; x_wconf 87' lang='lat' dir='ltr'><strong>Dei</strong></span> <span class='ocrx_word' id='word_1_633' title='bbox 702 3821 891 3879; x_wconf 82' lang='lat' dir='ltr'><strong>Jesum</strong></span> <span class='ocrx_word' id='word_1_634' title='bbox 918 3821 1191 3879; x_wconf 86' lang='lat' dir='ltr'><strong>Christum</strong></span> <span class='ocrx_word' id='word_1_635' title='bbox 1249 3820 1385 3877; x_wconf 89' lang='lat' dir='ltr'><strong>ﬁdes</strong></span> <span class='ocrx_word' id='word_1_636' title='bbox 1423 3819 1671 3879; x_wconf 82' lang='lat' dir='ltr'><strong>confessa</strong></span> <span class='ocrx_word' id='word_1_637' title='bbox 1698 3837 1839 3894; x_wconf 77' lang='lat' dir='ltr'><strong>prte-</strong></span> 
     </span>
    </p>
   </div>
   <div class='ocr_carea' id='block_1_69' title="bbox 222 3914 1834 3988">
    <p class='ocr_par' dir='ltr' id='par_1_69' title="bbox 222 3914 1834 3988">
     <span class='ocr_line' id='line_1_69' title="bbox 222 3914 1834 3988; baseline -0.002 -12"><span class='ocrx_word' id='word_1_638' title='bbox 222 3917 412 3987; x_wconf 85' lang='lat' dir='ltr'><strong>cellit,</strong></span> <span class='ocrx_word' id='word_1_639' title='bbox 434 3930 556 3973; x_wconf 86' lang='lat' dir='ltr'><strong>eum</strong></span> <span class='ocrx_word' id='word_1_640' title='bbox 586 3916 734 3988; x_wconf 75' lang='lat' dir='ltr'><strong>eild)</strong></span> <span class='ocrx_word' id='word_1_641' title='bbox 761 3916 1058 3973; x_wconf 86' lang='lat' dir='ltr'><strong>secundum</strong></span> <span class='ocrx_word' id='word_1_642' title='bbox 1086 3916 1257 3985; x_wconf 86' lang='lat' dir='ltr'><strong>ﬁlios,</strong></span> <span class='ocrx_word' id='word_1_643' title='bbox 1288 3914 1389 3973; x_wconf 87' lang='lat' dir='ltr'><strong>ﬁlii</strong></span> <span class='ocrx_word' id='word_1_644' title='bbox 1436 3931 1546 3973; x_wconf 91' lang='lat' dir='ltr'><strong>non</strong></span> <span class='ocrx_word' id='word_1_645' title='bbox 1602 3927 1794 3973; x_wconf 92' lang='lat' dir='ltr'><strong>natura</strong></span> <span class='ocrx_word' id='word_1_646' title='bbox 1816 3958 1834 3988; x_wconf 93' lang='lat'><strong>,</strong></span> 
     </span>
    </p>
   </div>
   <div class='ocr_carea' id='block_1_70' title="bbox 224 3998 1837 4086">
    <p class='ocr_par' dir='ltr' id='par_1_70' title="bbox 224 3998 1837 4086">
     <span class='ocr_line' id='line_1_70' title="bbox 224 3998 1837 4086; baseline -0.002 -15"><span class='ocrx_word' id='word_1_647' title='bbox 224 3998 322 4071; x_wconf 83' lang='lat' dir='ltr'><strong>sed</strong></span> <span class='ocrx_word' id='word_1_648' title='bbox 354 4026 558 4070; x_wconf 86' lang='lat' dir='ltr'><strong>nomen</strong></span> <span class='ocrx_word' id='word_1_649' title='bbox 580 4012 686 4069; x_wconf 75' lang='lat' dir='ltr'><strong>sit?</strong></span> <span class='ocrx_word' id='word_1_650' title='bbox 711 4010 983 4069; x_wconf 89' lang='lat' dir='ltr'><strong>Christum</strong></span> <span class='ocrx_word' id='word_1_651' title='bbox 1015 4010 1236 4084; x_wconf 86' lang='lat' dir='ltr'><strong>perﬁdia</strong></span> <span class='ocrx_word' id='word_1_652' title='bbox 1250 4010 1352 4068; x_wconf 89' lang='lat' dir='ltr'><strong>ista</strong></span> <span class='ocrx_word' id='word_1_653' title='bbox 1380 4026 1487 4068; x_wconf 93' lang='lat' dir='ltr'><strong>non</strong></span> <span class='ocrx_word' id='word_1_654' title='bbox 1509 4008 1713 4084; x_wconf 87' lang='lat' dir='ltr'><strong>diligit,</strong></span> <span class='ocrx_word' id='word_1_655' title='bbox 1753 4008 1837 4086; x_wconf 85' lang='lat' dir='ltr'><strong>(l)</strong></span> 
     </span>
    </p>
   </div>
   <div class='ocr_carea' id='block_1_71' title="bbox 227 4100 1838 4176">
    <p class='ocr_par' dir='ltr' id='par_1_71' title="bbox 227 4100 1838 4176">
     <span class='ocr_line' id='line_1_71' title="bbox 227 4100 1838 4176; baseline -0.002 -13"><span class='ocrx_word' id='word_1_656' title='bbox 227 4120 331 4163; x_wconf 87' lang='lat' dir='ltr'><strong>nec</strong></span> <span class='ocrx_word' id='word_1_657' title='bbox 362 4104 483 4162; x_wconf 70' lang='lat' dir='ltr'><strong>haec</strong></span> <span class='ocrx_word' id='word_1_658' title='bbox 521 4102 687 4176; x_wconf 87' lang='lat' dir='ltr'><strong>impia</strong></span> <span class='ocrx_word' id='word_1_659' title='bbox 713 4103 979 4176; x_wconf 78' lang='lat' dir='ltr'><strong>professio</strong></span> <span class='ocrx_word' id='word_1_660' title='bbox 1010 4105 1097 4176; x_wconf 90' lang='lat' dir='ltr'><strong>pie</strong></span> <span class='ocrx_word' id='word_1_661' title='bbox 1122 4101 1229 4160; x_wconf 87' lang='lat' dir='ltr'><strong>sibi</strong></span> <span class='ocrx_word' id='word_1_662' title='bbox 1280 4100 1512 4161; x_wconf 84' lang='lat' dir='ltr'><strong>assumit</strong></span> <span class='ocrx_word' id='word_1_663' title='bbox 1549 4104 1717 4161; x_wconf 89' lang='lat' dir='ltr'><strong>Deum</strong></span> <span class='ocrx_word' id='word_1_664' title='bbox 1742 4118 1838 4176; x_wconf 87' lang='lat' dir='ltr'><strong>pa-</strong></span> 
     </span>
    </p>
   </div>
   <div class='ocr_carea' id='block_1_72' title="bbox 228 4196 1837 4271">
    <p class='ocr_par' dir='ltr' id='par_1_72' title="bbox 228 4196 1837 4271">
     <span class='ocr_line' id='line_1_72' title="bbox 228 4196 1837 4271; baseline -0.001 -15"><span class='ocrx_word' id='word_1_665' title='bbox 228 4208 392 4256; x_wconf 87' lang='lat' dir='ltr'><strong>trem:</strong></span> <span class='ocrx_word' id='word_1_666' title='bbox 407 4198 534 4271; x_wconf 92' lang='lat' dir='ltr'><strong>quia</strong></span> <span class='ocrx_word' id='word_1_667' title='bbox 546 4197 594 4254; x_wconf 89' lang='lat' dir='ltr'><strong>si</strong></span> <span class='ocrx_word' id='word_1_668' title='bbox 604 4197 707 4254; x_wconf 83' lang='lat' dir='ltr'><strong>sibi</strong></span> <span class='ocrx_word' id='word_1_669' title='bbox 721 4207 872 4268; x_wconf 87' lang='lat' dir='ltr'><strong>pater</strong></span> <span class='ocrx_word' id='word_1_670' title='bbox 887 4198 1025 4254; x_wconf 89' lang='lat' dir='ltr'><strong>Deus</strong></span> <span class='ocrx_word' id='word_1_671' title='bbox 1041 4196 1485 4265; x_wconf 89' lang='lat' dir='ltr'><strong>csset,Christum</strong></span> <span class='ocrx_word' id='word_1_672' title='bbox 1499 4198 1571 4254; x_wconf 92' lang='lat' dir='ltr'><strong>ob</strong></span> <span class='ocrx_word' id='word_1_673' title='bbox 1581 4197 1636 4254; x_wconf 90' lang='lat' dir='ltr'><strong>id</strong></span> <span class='ocrx_word' id='word_1_674' title='bbox 1650 4198 1837 4269; x_wconf 86' lang='lat' dir='ltr'><strong>dilige-</strong></span> 
     </span>
    </p>
   </div>
   <div class='ocr_carea' id='block_1_73' title="bbox 226 4289 1842 4362">
    <p class='ocr_par' dir='ltr' id='par_1_73' title="bbox 226 4289 1842 4362">
     <span class='ocr_line' id='line_1_73' title="bbox 226 4289 1842 4362; baseline 0 -16"><span class='ocrx_word' id='word_1_675' title='bbox 226 4299 374 4358; x_wconf 90' lang='lat' dir='ltr'><strong>rent,</strong></span> <span class='ocrx_word' id='word_1_676' title='bbox 393 4291 520 4361; x_wconf 88' lang='lat' dir='ltr'><strong>quia</strong></span> <span class='ocrx_word' id='word_1_677' title='bbox 532 4289 730 4347; x_wconf 83' lang='lat' dir='ltr'><strong>exisset</strong></span> <span class='ocrx_word' id='word_1_678' title='bbox 744 4307 808 4346; x_wconf 80' lang='lat' dir='ltr'><strong>ex</strong></span> <span class='ocrx_word' id='word_1_679' title='bbox 826 4290 1153 4347; x_wconf 85' lang='lat' dir='ltr'><strong>Deo.Exisse</strong></span> <span class='ocrx_word' id='word_1_680' title='bbox 1172 4305 1239 4347; x_wconf 84' lang='lat' dir='ltr'><strong>ex</strong></span> <span class='ocrx_word' id='word_1_681' title='bbox 1256 4291 1365 4346; x_wconf 89' lang='lat' dir='ltr'><strong>Deo</strong></span> <span class='ocrx_word' id='word_1_682' title='bbox 1378 4290 1503 4362; x_wconf 87' lang='lat' dir='ltr'><strong>quid</strong></span> <span class='ocrx_word' id='word_1_683' title='bbox 1523 4290 1842 4361; x_wconf 89' lang='lat' dir='ltr'><strong>sitrcquiro.</strong></span> 
     </span>
    </p>
   </div>
   <div class='ocr_carea' id='block_1_74' title="bbox 1940 3351 3534 3428">
    <p class='ocr_par' dir='ltr' id='par_1_74' title="bbox 1940 3351 3534 3428">
     <span class='ocr_line' id='line_1_74' title="bbox 1940 3351 3534 3428; baseline 0.005 -21"><span class='ocrx_word' id='word_1_684' title='bbox 1940 3358 1995 3407; x_wconf 92' lang='lat' dir='ltr'><strong>et</strong></span> <span class='ocrx_word' id='word_1_685' title='bbox 2020 3351 2214 3422; x_wconf 89' lang='lat' dir='ltr'><strong>amari,</strong></span> <span class='ocrx_word' id='word_1_686' title='bbox 2242 3364 2426 3408; x_wconf 85' lang='lat' dir='ltr'><strong>natum</strong></span> <span class='ocrx_word' id='word_1_687' title='bbox 2443 3366 2509 3409; x_wconf 84' lang='lat' dir='ltr'><strong>ex</strong></span> <span class='ocrx_word' id='word_1_688' title='bbox 2541 3351 2655 3409; x_wconf 88' lang='lat' dir='ltr'><strong>Deo</strong></span> <span class='ocrx_word' id='word_1_689' title='bbox 2685 3352 2879 3410; x_wconf 82' lang='lat' dir='ltr'><strong>Filium</strong></span> <span class='ocrx_word' id='word_1_690' title='bbox 2907 3356 3237 3428; x_wconf 82' lang='lat' dir='ltr'><strong>missumque</strong></span> <span class='ocrx_word' id='word_1_691' title='bbox 3261 3354 3534 3422; x_wconf 77' lang='lat' dir='ltr'><strong>confessa.</strong></span> 
     </span>
    </p>
   </div>
   <div class='ocr_carea' id='block_1_75' title="bbox 1939 3441 3550 3517">
    <p class='ocr_par' dir='ltr' id='par_1_75' title="bbox 1939 3441 3550 3517">
     <span class='ocr_line' id='line_1_75' title="bbox 1939 3441 3550 3517; baseline 0.004 -15"><span class='ocrx_word' id='word_1_692' title='bbox 1939 3441 2206 3502; x_wconf 87' lang='lat' dir='ltr'><strong>Nativitas</strong></span> <span class='ocrx_word' id='word_1_693' title='bbox 2260 3444 2443 3517; x_wconf 88' lang='lat' dir='ltr'><strong>itaque</strong></span> <span class='ocrx_word' id='word_1_694' title='bbox 2504 3445 2624 3517; x_wconf 90' lang='lat' dir='ltr'><strong>ejus</strong></span> <span class='ocrx_word' id='word_1_695' title='bbox 2671 3455 2727 3502; x_wconf 86' lang='lat' dir='ltr'><strong>ct</strong></span> <span class='ocrx_word' id='word_1_696' title='bbox 2769 3446 3037 3505; x_wconf 83' lang='lat' dir='ltr'><strong>adventus</strong></span> <span class='ocrx_word' id='word_1_697' title='bbox 3078 3444 3385 3506; x_wconf 80' lang='lat' dir='ltr'><strong>ostenditur</strong></span> <span class='ocrx_word' id='word_1_698' title='bbox 3423 3446 3550 3510; x_wconf 81' lang='lat' dir='ltr'><strong>cum</strong></span> 
     </span>
    </p>
   </div>
   <div class='ocr_carea' id='block_1_76' title="bbox 1940 3537 3550 3613">
    <p class='ocr_par' dir='ltr' id='par_1_76' title="bbox 1940 3537 3550 3613">
     <span class='ocr_line' id='line_1_76' title="bbox 1940 3537 3550 3613; baseline 0.004 -20"><span class='ocrx_word' id='word_1_699' title='bbox 1940 3537 2341 3595; x_wconf 87' lang='lat' dir='ltr'><strong>absolutissima</strong></span> <span class='ocrx_word' id='word_1_700' title='bbox 2396 3538 2765 3611; x_wconf 64' lang='lat' dir='ltr'><strong>signiﬁcanda:</strong></span> <span class='ocrx_word' id='word_1_701' title='bbox 2810 3538 3160 3613; x_wconf 81' lang='lat' dir='ltr'><strong>prOprietatis</strong></span> <span class='ocrx_word' id='word_1_702' title='bbox 3200 3544 3451 3600; x_wconf 80' lang='lat' dir='ltr'><strong>veritate.</strong></span> <span class='ocrx_word' id='word_1_703' title='bbox 3502 3545 3550 3600; x_wconf 83' lang='grc' dir='ltr'><em>Α</em></span> 
     </span>
    </p>
   </div>
   <div class='ocr_carea' id='block_1_77' title="bbox 1943 3634 3549 3708">
    <p class='ocr_par' dir='ltr' id='par_1_77' title="bbox 1943 3634 3549 3708">
     <span class='ocr_line' id='line_1_77' title="bbox 1943 3634 3549 3708; baseline 0.002 -16"><span class='ocrx_word' id='word_1_704' title='bbox 1943 3635 2088 3705; x_wconf 89' lang='lat' dir='ltr'><strong>Deo,</strong></span> <span class='ocrx_word' id='word_1_705' title='bbox 2120 3636 2223 3704; x_wconf 92' lang='lat' dir='ltr'><strong>ait,</strong></span> <span class='ocrx_word' id='word_1_706' title='bbox 2257 3636 2421 3704; x_wconf 74' lang='lat' dir='ltr'><strong>exivi;</strong></span> <span class='ocrx_word' id='word_1_707' title='bbox 2447 3651 2517 3693; x_wconf 90' lang='lat' dir='ltr'><strong>ne</strong></span> <span class='ocrx_word' id='word_1_708' title='bbox 2548 3636 2600 3692; x_wconf 92' lang='lat' dir='ltr'><strong>in</strong></span> <span class='ocrx_word' id='word_1_709' title='bbox 2627 3648 2695 3692; x_wconf 89' lang='lat' dir='ltr'><strong>eo</strong></span> <span class='ocrx_word' id='word_1_710' title='bbox 2722 3634 2827 3691; x_wconf 89' lang='lat' dir='ltr'><strong>alia</strong></span> <span class='ocrx_word' id='word_1_711' title='bbox 2846 3652 3007 3708; x_wconf 89' lang='lat' dir='ltr'><strong>quam</strong></span> <span class='ocrx_word' id='word_1_712' title='bbox 3034 3636 3335 3695; x_wconf 86' lang='lat' dir='ltr'><strong>nativitatis</strong></span> <span class='ocrx_word' id='word_1_713' title='bbox 3356 3647 3549 3695; x_wconf 90' lang='lat' dir='ltr'><strong>natura</strong></span> 
     </span>
    </p>
   </div>
   <div class='ocr_carea' id='block_1_78' title="bbox 1941 3726 3546 3801">
    <p class='ocr_par' dir='ltr' id='par_1_78' title="bbox 1941 3726 3546 3801">
     <span class='ocr_line' id='line_1_78' title="bbox 1941 3726 3546 3801; baseline 0 -11"><span class='ocrx_word' id='word_1_714' title='bbox 1941 3747 2065 3791; x_wconf 88' lang='lat' dir='ltr'><strong>esse</strong></span> <span class='ocrx_word' id='word_1_715' title='bbox 2085 3731 2527 3797; x_wconf 82' lang='lat' dir='ltr'><strong>existimaretur;</strong></span> <span class='ocrx_word' id='word_1_716' title='bbox 2562 3746 2685 3787; x_wconf 90' lang='lat' dir='ltr'><strong>cum</strong></span> <span class='ocrx_word' id='word_1_717' title='bbox 2717 3731 2867 3789; x_wconf 84' lang='lat' dir='ltr'><strong>exire</strong></span> <span class='ocrx_word' id='word_1_718' title='bbox 2889 3749 2921 3787; x_wconf 89' lang='lat' dir='ltr'><strong>a</strong></span> <span class='ocrx_word' id='word_1_719' title='bbox 2946 3732 3089 3799; x_wconf 88' lang='lat' dir='ltr'><strong>Deo,</strong></span> <span class='ocrx_word' id='word_1_720' title='bbox 3121 3732 3172 3789; x_wconf 89' lang='lat' dir='ltr'><strong>id</strong></span> <span class='ocrx_word' id='word_1_721' title='bbox 3196 3740 3317 3801; x_wconf 89' lang='lat' dir='ltr'><strong>cst,</strong></span> <span class='ocrx_word' id='word_1_722' title='bbox 3348 3732 3413 3790; x_wconf 83' lang='lat' dir='ltr'><strong>ex</strong></span> <span class='ocrx_word' id='word_1_723' title='bbox 3448 3726 3546 3790; x_wconf 79' lang='lat' dir='ltr'><strong>na~</strong></span> 
     </span>
    </p>
   </div>
   <div class='ocr_carea' id='block_1_79' title="bbox 1940 3823 3549 3899">
    <p class='ocr_par' dir='ltr' id='par_1_79' title="bbox 1940 3823 3549 3899">
     <span class='ocr_line' id='line_1_79' title="bbox 1940 3823 3549 3899; baseline 0 -16"><span class='ocrx_word' id='word_1_724' title='bbox 1940 3826 2151 3883; x_wconf 81' lang='lat' dir='ltr'><strong>tivitatc</strong></span> <span class='ocrx_word' id='word_1_725' title='bbox 2184 3827 2516 3895; x_wconf 84' lang='lat' dir='ltr'><strong>subsistere,</strong></span> <span class='ocrx_word' id='word_1_726' title='bbox 2548 3825 2678 3897; x_wconf 91' lang='lat' dir='ltr'><strong>quid</strong></span> <span class='ocrx_word' id='word_1_727' title='bbox 2704 3823 2851 3881; x_wconf 88' lang='lat' dir='ltr'><strong>aliud</strong></span> <span class='ocrx_word' id='word_1_728' title='bbox 2880 3841 3039 3897; x_wconf 84' lang='lat' dir='ltr'><strong>quant</strong></span> <span class='ocrx_word' id='word_1_729' title='bbox 3066 3823 3212 3883; x_wconf 88' lang='lat' dir='ltr'><strong>Deus</strong></span> <span class='ocrx_word' id='word_1_730' title='bbox 3248 3825 3313 3899; x_wconf 75' lang='grc' dir='ltr'><strong>(ἱ)</strong></span> <span class='ocrx_word' id='word_1_731' title='bbox 3333 3827 3549 3898; x_wconf 79' lang='lat' dir='ltr'><strong>posset?</strong></span> 
     </span>
    </p>
   </div>
   <div class='ocr_carea' id='block_1_80' title="bbox 1942 3908 3545 3991">
    <p class='ocr_par' dir='ltr' id='par_1_80' title="bbox 1942 3908 3545 3991">
     <span class='ocr_line' id='line_1_80' title="bbox 1942 3908 3545 3991; baseline 0.001 -17"><span class='ocrx_word' id='word_1_732' title='bbox 1942 3917 2060 3975; x_wconf 86' lang='lat' dir='ltr'><strong>Eta</strong></span> <span class='ocrx_word' id='word_1_733' title='bbox 2081 3916 2258 3985; x_wconf 87' lang='lat' dir='ltr'><strong>Patre,</strong></span> <span class='ocrx_word' id='word_1_734' title='bbox 2282 3916 2475 3991; x_wconf 89' lang='lat' dir='ltr'><strong>inquit,</strong></span> <span class='ocrx_word' id='word_1_735' title='bbox 2494 3919 2608 3973; x_wconf 83' lang='lat' dir='ltr'><strong>veni</strong></span> <span class='ocrx_word' id='word_1_736' title='bbox 2627 3917 2682 3972; x_wconf 87' lang='lat' dir='ltr'><strong>in</strong></span> <span class='ocrx_word' id='word_1_737' title='bbox 2711 3918 2846 3973; x_wconf 83' lang='lat' dir='ltr'><strong>ltum:</strong></span> <span class='ocrx_word' id='word_1_738' title='bbox 2874 3917 3145 3976; x_wconf 83' lang='lat' dir='ltr'><strong>mundum.</strong></span> <span class='ocrx_word' id='word_1_739' title='bbox 3168 3908 3239 3976; x_wconf 69' lang='lat' dir='ltr'><strong>Ui</strong></span> <span class='ocrx_word' id='word_1_740' title='bbox 3266 3919 3432 3976; x_wconf 84' lang='lat' dir='ltr'><strong>exitio</strong></span> <span class='ocrx_word' id='word_1_741' title='bbox 3452 3910 3545 3975; x_wconf 84' lang='lat' dir='ltr'><strong>illa</strong></span> 
     </span>
    </p>
   </div>
   <div class='ocr_carea' id='block_1_81' title="bbox 1939 4004 3545 4085">
    <p class='ocr_par' dir='ltr' id='par_1_81' title="bbox 1939 4004 3545 4085">
     <span class='ocr_line' id='line_1_81' title="bbox 1939 4004 3545 4085; baseline 0.001 -15"><span class='ocrx_word' id='word_1_742' title='bbox 1939 4028 1971 4069; x_wconf 93' lang='lat' dir='ltr'><strong>a</strong></span> <span class='ocrx_word' id='word_1_743' title='bbox 1993 4013 2105 4070; x_wconf 88' lang='lat' dir='ltr'><strong>Deo</strong></span> <span class='ocrx_word' id='word_1_744' title='bbox 2118 4014 2369 4069; x_wconf 87' lang='lat' dir='ltr'><strong>nativitas</strong></span> <span class='ocrx_word' id='word_1_745' title='bbox 2389 4012 2684 4085; x_wconf 83' lang='lat' dir='ltr'><strong>signiﬁcata</strong></span> <span class='ocrx_word' id='word_1_746' title='bbox 2707 4027 2827 4069; x_wconf 89' lang='lat' dir='ltr'><strong>esse</strong></span> <span class='ocrx_word' id='word_1_747' title='bbox 2845 4008 3236 4085; x_wconf 87' lang='lat' dir='ltr'><strong>intelligeretur</strong></span> <span class='ocrx_word' id='word_1_748' title='bbox 3263 4028 3330 4071; x_wconf 87' lang='lat' dir='ltr'><strong>ex</strong></span> <span class='ocrx_word' id='word_1_749' title='bbox 3356 4004 3545 4083; x_wconf 76' lang='lat' dir='ltr'><strong>Patre,</strong></span> 
     </span>
    </p>
   </div>
   <div class='ocr_carea' id='block_1_82' title="bbox 1942 4098 3543 4175">
    <p class='ocr_par' dir='ltr' id='par_1_82' title="bbox 1942 4098 3543 4175">
     <span class='ocr_line' id='line_1_82' title="bbox 1942 4098 3543 4175; baseline 0.002 -13"><span class='ocrx_word' id='word_1_750' title='bbox 1942 4119 1973 4162; x_wconf 89' lang='lat' dir='ltr'><strong>a</strong></span> <span class='ocrx_word' id='word_1_751' title='bbox 2025 4105 2185 4162; x_wconf 79' lang='lat' dir='ltr'><strong>Patre</strong></span> <span class='ocrx_word' id='word_1_752' title='bbox 2233 4119 2293 4163; x_wconf 85' lang='lat' dir='ltr'><strong>se</strong></span> <span class='ocrx_word' id='word_1_753' title='bbox 2323 4106 2378 4162; x_wconf 92' lang='lat' dir='ltr'><strong>in</strong></span> <span class='ocrx_word' id='word_1_754' title='bbox 2405 4105 2548 4161; x_wconf 91' lang='lat' dir='ltr'><strong>hunc</strong></span> <span class='ocrx_word' id='word_1_755' title='bbox 2570 4102 2829 4160; x_wconf 88' lang='lat' dir='ltr'><strong>mundum</strong></span> <span class='ocrx_word' id='word_1_756' title='bbox 2852 4103 3131 4175; x_wconf 76' lang='lat' dir='ltr'><strong>professus</strong></span> <span class='ocrx_word' id='word_1_757' title='bbox 3169 4100 3254 4163; x_wconf 86' lang='lat' dir='ltr'><strong>est</strong></span> <span class='ocrx_word' id='word_1_758' title='bbox 3305 4098 3543 4165; x_wconf 84' lang='lat' dir='ltr'><strong>venisse.</strong></span> 
     </span>
    </p>
   </div>
   <div class='ocr_carea' id='block_1_83' title="bbox 1941 4196 3551 4270">
    <p class='ocr_par' dir='ltr' id='par_1_83' title="bbox 1941 4196 3551 4270">
     <span class='ocr_line' id='line_1_83' title="bbox 1941 4196 3551 4270; baseline 0.001 -16"><span class='ocrx_word' id='word_1_759' title='bbox 1941 4196 2191 4255; x_wconf 88' lang='lat' dir='ltr'><strong>Alterum</strong></span> <span class='ocrx_word' id='word_1_760' title='bbox 2219 4197 2399 4270; x_wconf 88' lang='lat' dir='ltr'><strong>itaque</strong></span> <span class='ocrx_word' id='word_1_761' title='bbox 2428 4199 2483 4255; x_wconf 94' lang='lat' dir='ltr'><strong>in</strong></span> <span class='ocrx_word' id='word_1_762' title='bbox 2499 4196 3205 4269; x_wconf 86' lang='lat' dir='ltr'><strong>dispensatione,alterum</strong></span> <span class='ocrx_word' id='word_1_763' title='bbox 3251 4196 3311 4255; x_wconf 88' lang='lat' dir='ltr'><strong>iu</strong></span> <span class='ocrx_word' id='word_1_764' title='bbox 3356 4207 3551 4256; x_wconf 83' lang='lat' dir='ltr'><strong>natura</strong></span> 
     </span>
    </p>
   </div>
   <div class='ocr_carea' id='block_1_84' title="bbox 1945 4288 3547 4363">
    <p class='ocr_par' dir='ltr' id='par_1_84' title="bbox 1945 4288 3547 4363">
     <span class='ocr_line' id='line_1_84' title="bbox 1945 4288 3547 4363; baseline 0.001 -14"><span class='ocrx_word' id='word_1_765' title='bbox 1945 4300 2050 4349; x_wconf 89' lang='lat' dir='ltr'><strong>est.</strong></span> <span class='ocrx_word' id='word_1_766' title='bbox 2079 4291 2190 4348; x_wconf 87' lang='lat' dir='ltr'><strong>Nec</strong></span> <span class='ocrx_word' id='word_1_767' title='bbox 2215 4293 2415 4363; x_wconf 89' lang='lat' dir='ltr'><strong>patitur</strong></span> <span class='ocrx_word' id='word_1_768' title='bbox 2434 4292 2728 4348; x_wconf 87' lang='lat' dir='ltr'><strong>exitionem</strong></span> <span class='ocrx_word' id='word_1_769' title='bbox 2752 4290 3045 4347; x_wconf 84' lang='lat' dir='ltr'><strong>adventum</strong></span> <span class='ocrx_word' id='word_1_770' title='bbox 3073 4288 3398 4360; x_wconf 80' lang='lat' dir='ltr'><strong>existimari,-</strong></span> <span class='ocrx_word' id='word_1_771' title='bbox 3422 4305 3547 4351; x_wconf 88' lang='lat' dir='ltr'><strong>cum</strong></span> 
     </span>
    </p>
   </div>
   <div class='ocr_carea' id='block_1_85' title="bbox 225 4382 3550 4473">
    <p class='ocr_par' dir='ltr' id='par_1_85' title="bbox 225 4382 3550 4473">
     <span class='ocr_line' id='line_1_85' title="bbox 225 4382 3550 4473; baseline 0.001 -33"><span class='ocrx_word' id='word_1_772' title='bbox 225 4382 348 4440; x_wconf 83' lang='lat' dir='ltr'><strong>Non</strong></span> <span class='ocrx_word' id='word_1_773' title='bbox 404 4383 589 4455; x_wconf 90' lang='lat' dir='ltr'><strong>utique</strong></span> <span class='ocrx_word' id='word_1_774' title='bbox 639 4382 746 4440; x_wconf 90' lang='lat' dir='ltr'><strong>dici</strong></span> <span class='ocrx_word' id='word_1_775' title='bbox 792 4392 987 4455; x_wconf 90' lang='lat' dir='ltr'><strong>potest,</strong></span> <span class='ocrx_word' id='word_1_776' title='bbox 1023 4383 1078 4441; x_wconf 90' lang='lat' dir='ltr'><strong>id</strong></span> <span class='ocrx_word' id='word_1_777' title='bbox 1109 4384 1284 4456; x_wconf 69' lang='lat' dir='ltr'><strong>ipsum</strong></span> <span class='ocrx_word' id='word_1_778' title='bbox 1327 4399 1446 4440; x_wconf 85' lang='lat' dir='ltr'><strong>esse</strong></span> <span class='ocrx_word' id='word_1_779' title='bbox 1485 4398 1515 4440; x_wconf 93' lang='lat' dir='ltr'><strong>a</strong></span> <span class='ocrx_word' id='word_1_780' title='bbox 1541 4384 1653 4441; x_wconf 89' lang='lat' dir='ltr'><strong>Deo</strong></span> <span class='ocrx_word' id='word_1_781' title='bbox 1668 4383 1847 4441; x_wconf 81' lang='lat' dir='ltr'><strong>exisse</strong></span> <span class='ocrx_word' id='word_1_782' title='bbox 1950 4393 2074 4458; x_wconf 91' lang='lat' dir='ltr'><strong>post</strong></span> <span class='ocrx_word' id='word_1_783' title='bbox 2098 4384 2393 4445; x_wconf 85' lang='lat' dir='ltr'><strong>exitionetn</strong></span> <span class='ocrx_word' id='word_1_784' title='bbox 2414 4401 2443 4443; x_wconf 82' lang='lat' dir='ltr'><strong>tt</strong></span> <span class='ocrx_word' id='word_1_785' title='bbox 2464 4385 2573 4445; x_wconf 87' lang='lat' dir='ltr'><strong>Deo</strong></span> <span class='ocrx_word' id='word_1_786' title='bbox 2593 4426 2611 4456; x_wconf 89' lang='lat'><strong>,</strong></span> <span class='ocrx_word' id='word_1_787' title='bbox 2639 4384 2932 4442; x_wconf 89' lang='lat' dir='ltr'><strong>adventum</strong></span> <span class='ocrx_word' id='word_1_788' title='bbox 2960 4396 3354 4473; x_wconf 76' lang='lat' dir='ltr'><strong>commemoret</strong></span> <span class='ocrx_word' id='word_1_789' title='bbox 3383 4400 3413 4442; x_wconf 90' lang='lat' dir='ltr'><strong>a</strong></span> <span class='ocrx_word' id='word_1_790' title='bbox 3441 4385 3550 4442; x_wconf 74' lang='lat' dir='ltr'><strong>Pa~</strong></span> 
     </span>
    </p>
   </div>
   <div class='ocr_carea' id='block_1_86' title="bbox 228 4474 3553 4550">
    <p class='ocr_par' dir='ltr' id='par_1_86' title="bbox 228 4474 3553 4550">
     <span class='ocr_line' id='line_1_86' title="bbox 228 4474 3553 4550; baseline 0.003 -19"><span class='ocrx_word' id='word_1_791' title='bbox 228 4474 310 4549; x_wconf 75' lang='grc'><strong>(2)</strong></span> <span class='ocrx_word' id='word_1_792' title='bbox 336 4475 441 4550; x_wconf 89' lang='lat' dir='ltr'><strong>(e),</strong></span> <span class='ocrx_word' id='word_1_793' title='bbox 460 4476 605 4549; x_wconf 92' lang='lat' dir='ltr'><strong>quod</strong></span> <span class='ocrx_word' id='word_1_794' title='bbox 621 4484 679 4536; x_wconf 89' lang='lat' dir='ltr'><strong>et</strong></span> <span class='ocrx_word' id='word_1_795' title='bbox 698 4476 929 4545; x_wconf 89' lang='lat' dir='ltr'><strong>venisse;</strong></span> <span class='ocrx_word' id='word_1_796' title='bbox 948 4494 1072 4534; x_wconf 89' lang='lat' dir='ltr'><strong>nam</strong></span> <span class='ocrx_word' id='word_1_797' title='bbox 1094 4489 1383 4550; x_wconf 84' lang='lat' dir='ltr'><strong>utrumque</strong></span> <span class='ocrx_word' id='word_1_798' title='bbox 1403 4478 1693 4549; x_wconf 84' lang='lat' dir='ltr'><strong>signiﬁcat:</strong></span> <span class='ocrx_word' id='word_1_799' title='bbox 1711 4478 1852 4547; x_wconf 84' lang='lat' dir='ltr'><strong>Quo-</strong></span> <span class='ocrx_word' id='word_1_800' title='bbox 1954 4489 2056 4537; x_wconf 89' lang='lat' dir='ltr'><strong>tre.</strong></span> <span class='ocrx_word' id='word_1_801' title='bbox 2080 4474 2125 4537; x_wconf 79' lang='grc' dir='ltr'>Α</span> <span class='ocrx_word' id='word_1_802' title='bbox 2151 4480 2313 4538; x_wconf 86' lang='lat' dir='ltr'><strong>Patre</strong></span> <span class='ocrx_word' id='word_1_803' title='bbox 2331 4481 2478 4539; x_wconf 86' lang='lat' dir='ltr'><strong>enim</strong></span> <span class='ocrx_word' id='word_1_804' title='bbox 2507 4481 2724 4537; x_wconf 88' lang='lat' dir='ltr'><strong>venisse</strong></span> <span class='ocrx_word' id='word_1_805' title='bbox 2739 4520 2756 4549; x_wconf 92' lang='lat'><strong>,</strong></span> <span class='ocrx_word' id='word_1_806' title='bbox 2786 4491 2842 4537; x_wconf 90' lang='lat' dir='ltr'><strong>ct</strong></span> <span class='ocrx_word' id='word_1_807' title='bbox 2866 4495 2938 4538; x_wconf 88' lang='lat' dir='ltr'><strong>ex</strong></span> <span class='ocrx_word' id='word_1_808' title='bbox 2962 4480 3073 4538; x_wconf 92' lang='lat' dir='ltr'><strong>Deo</strong></span> <span class='ocrx_word' id='word_1_809' title='bbox 3092 4480 3273 4538; x_wconf 85' lang='lat' dir='ltr'><strong>exisse</strong></span> <span class='ocrx_word' id='word_1_810' title='bbox 3290 4498 3448 4550; x_wconf 90' lang='lat' dir='ltr'><strong>,.non</strong></span> <span class='ocrx_word' id='word_1_811' title='bbox 3465 4492 3553 4540; x_wconf 86' lang='lat' dir='ltr'><strong>&#39;est</strong></span> 
     </span>
    </p>
   </div>
   <div class='ocr_carea' id='block_1_87' title="bbox 227 4559 3553 4650">
    <p class='ocr_par' dir='ltr' id='par_1_87' title="bbox 227 4559 3553 4650">
     <span class='ocr_line' id='line_1_87' title="bbox 227 4559 3553 4650; baseline 0.003 -26"><span class='ocrx_word' id='word_1_812' title='bbox 227 4571 378 4625; x_wconf 76' lang='lat' dir='ltr'><strong>niam</strong></span> <span class='ocrx_word' id='word_1_813' title='bbox 403 4586 438 4624; x_wconf 89' lang='lat' dir='ltr'><strong>a</strong></span> <span class='ocrx_word' id='word_1_814' title='bbox 457 4567 570 4626; x_wconf 85' lang='lat' dir='ltr'><strong>Deo</strong></span> <span class='ocrx_word' id='word_1_815' title='bbox 619 4569 774 4639; x_wconf 69' lang='lat' dir='ltr'><strong>exivi,</strong></span> <span class='ocrx_word' id='word_1_816' title='bbox 800 4579 849 4626; x_wconf 88' lang='lat' dir='ltr'><strong>et</strong></span> <span class='ocrx_word' id='word_1_817' title='bbox 890 4573 1029 4628; x_wconf 80' lang='lat' dir='ltr'><strong>ueni.</strong></span> <span class='ocrx_word' id='word_1_818' title='bbox 1057 4571 1124 4627; x_wconf 87' lang='lat' dir='ltr'><strong>Et</strong></span> <span class='ocrx_word' id='word_1_819' title='bbox 1148 4572 1444 4629; x_wconf 88' lang='lat' dir='ltr'><strong>ostendens</strong></span> <span class='ocrx_word' id='word_1_820' title='bbox 1463 4569 1590 4643; x_wconf 89' lang='lat' dir='ltr'><strong>quid</strong></span> <span class='ocrx_word' id='word_1_821' title='bbox 1617 4581 1764 4629; x_wconf 90' lang='lat' dir='ltr'><strong>esset</strong></span> <span class='ocrx_word' id='word_1_822' title='bbox 1812 4590 1847 4629; x_wconf 94' lang='lat' dir='ltr'><strong>a</strong></span> <span class='ocrx_word' id='word_1_823' title='bbox 1870 4559 1927 4623; x_wconf 89' lang='lat' dir='ltr'><strong>D</strong></span> <span class='ocrx_word' id='word_1_824' title='bbox 1949 4573 2363 4648; x_wconf 88' lang='lat' dir='ltr'><strong>signiﬁcationis</strong></span> <span class='ocrx_word' id='word_1_825' title='bbox 2388 4574 2632 4647; x_wconf 87' lang='lat' dir='ltr'><strong>ejusdem</strong></span> <span class='ocrx_word' id='word_1_826' title='bbox 2663 4581 2756 4632; x_wconf 89' lang='lat' dir='ltr'><strong>:ct</strong></span> <span class='ocrx_word' id='word_1_827' title='bbox 2779 4583 3043 4647; x_wconf 88' lang='lat' dir='ltr'><strong>quantum</strong></span> <span class='ocrx_word' id='word_1_828' title='bbox 3060 4574 3288 4633; x_wconf 70' lang='lat' dir='ltr'><strong>interest</strong></span> <span class='ocrx_word' id='word_1_829' title='bbox 3309 4572 3391 4650; x_wconf 88' lang='lat' dir='ltr'><strong>(j)</strong></span> <span class='ocrx_word' id='word_1_830' title='bbox 3419 4580 3553 4633; x_wconf 80' lang='lat' dir='ltr'><strong>nas-</strong></span> 
     </span>
    </p>
   </div>
   <div class='ocr_carea' id='block_1_88' title="bbox 312 4728 2906 4876">
    <p class='ocr_par' dir='ltr' id='par_1_88' title="bbox 312 4728 2906 4876">
     <span class='ocr_line' id='line_1_88' title="bbox 312 4728 2906 4876; baseline -0.003 -84"><span class='ocrx_word' id='word_1_831' title='bbox 312 4733 398 4809; x_wconf 80' lang='lat' dir='ltr'><strong>(l)</strong></span> <span class='ocrx_word' id='word_1_832' title='bbox 430 4731 544 4790; x_wconf 81' lang='lat' dir='ltr'><strong>Nec</strong></span> <span class='ocrx_word' id='word_1_833' title='bbox 570 4732 734 4807; x_wconf 82' lang='lat' dir='ltr'><strong>impia</strong></span> <span class='ocrx_word' id='word_1_834' title='bbox 755 4730 1008 4806; x_wconf 73' lang='lat' dir='ltr'><strong>professio</strong></span> <span class='ocrx_word' id='word_1_835' title='bbox 1036 4730 1119 4805; x_wconf 82' lang='lat' dir='ltr'><strong>pie</strong></span> <span class='ocrx_word' id='word_1_836' title='bbox 1147 4730 1246 4788; x_wconf 85' lang='lat' dir='ltr'><strong>sibi</strong></span> <span class='ocrx_word' id='word_1_837' title='bbox 1272 4730 1506 4788; x_wconf 83' lang='lat' dir='ltr'><strong>adsumet</strong></span> <span class='ocrx_word' id='word_1_838' title='bbox 1533 4729 1708 4789; x_wconf 86' lang='lat' dir='ltr'><strong>Deum</strong></span> <span class='ocrx_word' id='word_1_839' title='bbox 1728 4729 1836 4787; x_wconf 84' lang='lat' dir='ltr'><strong>Pa-</strong></span> <span class='ocrx_word' id='word_1_840' title='bbox 2006 4728 2091 4876; x_wconf 49' lang='grc' dir='ltr'><strong>ξε)</strong></span> <span class='ocrx_word' id='word_1_841' title='bbox 2122 4730 2301 4788; x_wconf 72' lang='lat' dir='ltr'><strong>Exire.</strong></span> <span class='ocrx_word' id='word_1_842' title='bbox 2892 4802 2906 4815; x_wconf 36' lang='grc' dir='ltr'><strong>θ</strong></span> 
     </span>
     <span class='ocr_line' id='line_1_89' title="bbox 312 4799 2904 4876; baseline 0 -17"><span class='ocrx_word' id='word_1_843' title='bbox 312 4822 388 4868; x_wconf 75' lang='grc' dir='ltr'><strong>ιη.</strong></span> <span class='ocrx_word' id='word_1_844' title='bbox 2030 4804 2086 4876; x_wconf 82' lang='grc'>5)</span> <span class='ocrx_word' id='word_1_845' title='bbox 2108 4801 2330 4860; x_wconf 85' lang='lat' dir='ltr'><strong>Dilectio</strong></span> <span class='ocrx_word' id='word_1_846' title='bbox 2355 4803 2411 4860; x_wconf 84' lang='lat' dir='ltr'><strong>in</strong></span> <span class='ocrx_word' id='word_1_847' title='bbox 2430 4800 2643 4862; x_wconf 86' lang='lat' dir='ltr'><strong>Patrem</strong></span> <span class='ocrx_word' id='word_1_848' title='bbox 2665 4801 2829 4859; x_wconf 82' lang='lat' dir='ltr'><strong>omnis</strong></span> <span class='ocrx_word' id='word_1_849' title='bbox 2848 4799 2904 4859; x_wconf 79' lang='lat' dir='ltr'><strong>In</strong></span> 
     </span>
    </p>
   </div>
   <div class='ocr_carea' id='block_1_89' title="bbox 230 4799 3111 4877">
    <p class='ocr_par' dir='ltr' id='par_1_89' title="bbox 230 4799 3111 4877">
     <span class='ocr_line' id='line_1_90' title="bbox 230 4799 3111 4877; baseline -0.003 -9"><span class='ocrx_word' id='word_1_850' title='bbox 230 4799 389 4870; x_wconf 73' lang='grc' dir='ltr'><em>ιτιὶηξ</em></span> <span class='ocrx_word' id='word_1_851' title='bbox 644 4799 657 4807; x_wconf 78' lang='grc'><em>’</em></span> <span class='ocrx_word' id='word_1_852' title='bbox 755 4799 766 4805; x_wconf 75' lang='grc'><em>’</em></span> <span class='ocrx_word' id='word_1_853' title='bbox 853 4799 865 4806; x_wconf 77' lang='grc'><em>’</em></span> <span class='ocrx_word' id='word_1_854' title='bbox 1038 4799 1047 4805; x_wconf 78' lang='grc'><em>’</em></span> <span class='ocrx_word' id='word_1_855' title='bbox 2006 4799 2086 4877; x_wconf 82' lang='grc'>(5)</span> <span class='ocrx_word' id='word_1_856' title='bbox 2108 4801 2330 4860; x_wconf 86' lang='lat' dir='ltr'><strong>Dilectio</strong></span> <span class='ocrx_word' id='word_1_857' title='bbox 2355 4803 2411 4860; x_wconf 84' lang='lat' dir='ltr'><strong>in</strong></span> <span class='ocrx_word' id='word_1_858' title='bbox 2430 4800 2643 4862; x_wconf 85' lang='lat' dir='ltr'><strong>Patrem</strong></span> <span class='ocrx_word' id='word_1_859' title='bbox 2665 4801 2829 4859; x_wconf 82' lang='lat' dir='ltr'><strong>omnis</strong></span> <span class='ocrx_word' id='word_1_860' title='bbox 2848 4799 2970 4859; x_wconf 79' lang='lat' dir='ltr'><strong>hinc</strong></span> <span class='ocrx_word' id='word_1_861' title='bbox 2993 4803 3111 4860; x_wconf 87' lang='lat' dir='ltr'><strong>erit.</strong></span> 
     </span>
    </p>
   </div>
   <div class='ocr_carea' id='block_1_90' title="bbox 2019 4939 3553 5018">
    <p class='ocr_par' dir='ltr' id='par_1_90' title="bbox 2019 4939 3553 5018">
     <span class='ocr_line' id='line_1_91' title="bbox 2019 4939 3553 5018; baseline -0.002 -20"><span class='ocrx_word' id='word_1_862' title='bbox 2019 4943 2107 5018; x_wconf 88' lang='lat' dir='ltr'><strong>(d)_</strong></span> <span class='ocrx_word' id='word_1_863' title='bbox 2134 4945 2285 5018; x_wconf 73' lang='lat' dir='ltr'><strong>Apud</strong></span> <span class='ocrx_word' id='word_1_864' title='bbox 2311 4944 2405 5018; x_wconf 80' lang='lat' dir='ltr'><strong>Er.</strong></span> <span class='ocrx_word' id='word_1_865' title='bbox 2437 4943 2489 5000; x_wconf 90' lang='lat' dir='ltr'><strong>in</strong></span> <span class='ocrx_word' id='word_1_866' title='bbox 2521 4946 2797 5016; x_wconf 87' lang='lat' dir='ltr'><strong>margine,</strong></span> <span class='ocrx_word' id='word_1_867' title='bbox 2822 4946 3128 5018; x_wconf 49' lang='lat' dir='ltr'><strong>granarium</strong></span> <span class='ocrx_word' id='word_1_868' title='bbox 3172 4943 3358 5018; x_wconf 76' lang='lat' dir='ltr'><strong>illos_:</strong></span> <span class='ocrx_word' id='word_1_869' title='bbox 3402 4939 3553 5018; x_wconf 75' lang='lat' dir='ltr'><strong>quod</strong></span> 
     </span>
    </p>
   </div>
   <div class='ocr_carea' id='block_1_91' title="bbox 305 4948 3555 5108">
    <p class='ocr_par' dir='ltr' id='par_1_91' title="bbox 305 4948 3555 5108">
     <span class='ocr_line' id='line_1_92' title="bbox 336 4948 3553 5031; baseline -0.003 -25"><span class='ocrx_word' id='word_1_870' title='bbox 336 4970 369 5005; x_wconf 89' lang='lat' dir='ltr'><strong>a</strong></span> <span class='ocrx_word' id='word_1_871' title='bbox 416 4949 473 5006; x_wconf 84' lang='lat' dir='ltr'><strong>id</strong></span> <span class='ocrx_word' id='word_1_872' title='bbox 502 4952 586 5005; x_wconf 88' lang='lat' dir='ltr'><strong>est</strong></span> <span class='ocrx_word' id='word_1_873' title='bbox 596 4954 623 5027; x_wconf 73' lang='lat'><strong>,‘</strong></span> <span class='ocrx_word' id='word_1_874' title='bbox 647 4948 791 5031; x_wconf 80' lang='lat' dir='ltr'><strong>quod</strong></span> <span class='ocrx_word' id='word_1_875' title='bbox 822 4948 897 5021; x_wconf 86' lang='lat' dir='ltr'><strong>ait</strong></span> <span class='ocrx_word' id='word_1_876' title='bbox 924 4948 1162 5018; x_wconf 87' lang='lat' dir='ltr'><strong>ignorari</strong></span> <span class='ocrx_word' id='word_1_877' title='bbox 1193 4948 1337 5004; x_wconf 90' lang='lat' dir='ltr'><strong>unde</strong></span> <span class='ocrx_word' id='word_1_878' title='bbox 1361 4948 1478 5018; x_wconf 86' lang='lat' dir='ltr'><strong>ipse</strong></span> <span class='ocrx_word' id='word_1_879' title='bbox 1499 4948 1589 5030; x_wconf 78' lang='lat' dir='ltr'><strong>sit.</strong></span> <span class='ocrx_word' id='word_1_880' title='bbox 1656 5018 1670 5031; x_wconf 42' lang='lat'><em>.</em></span> <span class='ocrx_word' id='word_1_881' title='bbox 2019 4948 2103 5029; x_wconf 79' lang='lat' dir='ltr'><strong>_(d)</strong></span> <span class='ocrx_word' id='word_1_882' title='bbox 2134 4948 2287 5028; x_wconf 72' lang='lat' dir='ltr'><strong>Apud</strong></span> <span class='ocrx_word' id='word_1_883' title='bbox 2311 4948 2405 5030; x_wconf 68' lang='lat' dir='ltr'><strong>Er.</strong></span> <span class='ocrx_word' id='word_1_884' title='bbox 2437 4948 2489 5000; x_wconf 90' lang='lat' dir='ltr'><strong>in</strong></span> <span class='ocrx_word' id='word_1_885' title='bbox 2521 4948 2797 5016; x_wconf 87' lang='lat' dir='ltr'><strong>margine,</strong></span> <span class='ocrx_word' id='word_1_886' title='bbox 2834 4948 3128 5031; x_wconf 72' lang='lat' dir='ltr'><strong>secundum</strong></span> <span class='ocrx_word' id='word_1_887' title='bbox 3172 4948 3294 5029; x_wconf 69' lang='lat' dir='ltr'><strong>illos</strong></span> <span class='ocrx_word' id='word_1_888' title='bbox 3340 4958 3358 4999; x_wconf 93' lang='lat'><strong><em>:</em></strong></span> <span class='ocrx_word' id='word_1_889' title='bbox 3402 4948 3553 5026; x_wconf 67' lang='lat' dir='ltr'><strong>quod</strong></span> 
     </span>
     <span class='ocr_line' id='line_1_93' title="bbox 305 4948 3555 5108; baseline 0 0"><span class='ocrx_word' id='word_1_890' title='bbox 305 4948 1405 5108; x_wconf 48' lang='lat' dir='ltr'><strong>ibitis“.antecessurus:tenemis-</strong></span> <span class='ocrx_word' id='word_1_891' title='bbox 1428 5027 1842 5108; x_wconf 54' lang='lat' dir='ltr'><strong>’1??&#39;&quot;Ef€f€&#39;f’€f=</strong></span> <span class='ocrx_word' id='word_1_892' title='bbox 1947 5015 2156 5108; x_wconf 55' lang='lat' dir='ltr'><strong>iter”:</strong></span> <span class='ocrx_word' id='word_1_893' title='bbox 2172 5014 2414 5108; x_wconf 45' lang='lat' dir='ltr'><strong>“ira?</strong></span> <span class='ocrx_word' id='word_1_894' title='bbox 2439 5014 2972 5108; x_wconf 22' lang='lat' dir='ltr'><strong>jrrt‘u&#39;2r,v_.4_13s2-.,</strong></span> <span class='ocrx_word' id='word_1_895' title='bbox 2987 5027 3273 5108; x_wconf 61' lang='grc' dir='ltr'><strong>Ιοιῑπξψεε.</strong></span> <span class='ocrx_word' id='word_1_896' title='bbox 3292 5014 3555 5108; x_wconf 54' lang='lat' dir='ltr'><strong>“953‘s!!-</strong></span> 
     </span>
    </p>
   </div>
   <div class='ocr_carea' id='block_1_92' title="bbox 234 5086 3557 5166">
    <p class='ocr_par' dir='ltr' id='par_1_92' title="bbox 234 5086 3557 5166">
     <span class='ocr_line' id='line_1_94' title="bbox 234 5086 3557 5166; baseline -0.002 -16"><span class='ocrx_word' id='word_1_897' title='bbox 234 5086 330 5166; x_wconf 85' lang='lat' dir='ltr'><strong>qni</strong></span> <span class='ocrx_word' id='word_1_898' title='bbox 355 5086 615 5166; x_wconf 76' lang='lat' dir='ltr'><strong>nimirum</strong></span> <span class='ocrx_word' id='word_1_899' title='bbox 645 5102 764 5166; x_wconf 72' lang='lat' dir='ltr'><strong>nec</strong></span> <span class='ocrx_word' id='word_1_900' title='bbox 813 5089 1187 5166; x_wconf 77' lang='lat' dir='ltr'><strong>intelligentia:</strong></span> <span class='ocrx_word' id='word_1_901' title='bbox 1232 5086 1498 5166; x_wconf 68' lang='lat' dir='ltr'><strong>rationem</strong></span> <span class='ocrx_word' id='word_1_902' title='bbox 1558 5098 1844 5160; x_wconf 81' lang='lat' dir='ltr'><strong>quaerunt,</strong></span> <span class='ocrx_word' id='word_1_903' title='bbox 1948 5100 2070 5166; x_wconf 79' lang='lat' dir='ltr'><strong>tuus</strong></span> <span class='ocrx_word' id='word_1_904' title='bbox 2095 5103 2158 5143; x_wconf 86' lang='lat' dir='ltr'><strong>ex</strong></span> <span class='ocrx_word' id='word_1_905' title='bbox 2194 5086 2323 5144; x_wconf 84' lang='lat' dir='ltr'><strong>Bad.</strong></span> <span class='ocrx_word' id='word_1_906' title='bbox 2356 5098 2411 5144; x_wconf 89' lang='lat' dir='ltr'><strong>et</strong></span> <span class='ocrx_word' id='word_1_907' title='bbox 2438 5103 2569 5166; x_wconf 77' lang='lat' dir='ltr'><strong>mss.</strong></span> <span class='ocrx_word' id='word_1_908' title='bbox 2594 5086 2875 5143; x_wconf 72' lang='lat' dir='ltr'><strong>secundum</strong></span> <span class='ocrx_word' id='word_1_909' title='bbox 2895 5089 3052 5160; x_wconf 82' lang='lat' dir='ltr'><strong>ﬁlios,</strong></span> <span class='ocrx_word' id='word_1_910' title='bbox 3067 5086 3172 5146; x_wconf 83' lang='lat' dir='ltr'><strong>hoc</strong></span> <span class='ocrx_word' id='word_1_911' title='bbox 3192 5094 3311 5158; x_wconf 84' lang='lat' dir='ltr'><strong>est,</strong></span> <span class='ocrx_word' id='word_1_912' title='bbox 3344 5086 3411 5143; x_wconf 90' lang='lat' dir='ltr'><strong>ad</strong></span> <span class='ocrx_word' id='word_1_913' title='bbox 3436 5101 3557 5143; x_wconf 80' lang='lat' dir='ltr'><strong>mo-</strong></span> 
     </span>
    </p>
   </div>
   <div class='ocr_carea' id='block_1_93' title="bbox 236 5160 3393 5237">
    <p class='ocr_par' dir='ltr' id='par_1_93' title="bbox 236 5160 3393 5237">
     <span class='ocr_line' id='line_1_95' title="bbox 236 5160 3393 5237; baseline -0.001 -14"><span class='ocrx_word' id='word_1_914' title='bbox 236 5160 347 5225; x_wconf 80' lang='lat' dir='ltr'><strong>nec</strong></span> <span class='ocrx_word' id='word_1_915' title='bbox 376 5166 447 5222; x_wconf 87' lang='lat' dir='ltr'><strong>ab</strong></span> <span class='ocrx_word' id='word_1_916' title='bbox 493 5164 615 5221; x_wconf 87' lang='lat' dir='ltr'><strong>aliis</strong></span> <span class='ocrx_word' id='word_1_917' title='bbox 641 5163 944 5223; x_wconf 88' lang='lat' dir='ltr'><strong>intimatam</strong></span> <span class='ocrx_word' id='word_1_918' title='bbox 989 5160 1244 5236; x_wconf 74' lang='lat' dir='ltr'><strong>capiunt,</strong></span> <span class='ocrx_word' id='word_1_919' title='bbox 1301 5171 1360 5219; x_wconf 93' lang='lat' dir='ltr'><strong>ut</strong></span> <span class='ocrx_word' id='word_1_920' title='bbox 1403 5162 1636 5219; x_wconf 86' lang='lat' dir='ltr'><strong>habetur</strong></span> <span class='ocrx_word' id='word_1_921' title='bbox 1682 5174 1846 5233; x_wconf 83' lang='lat' dir='ltr'><strong>supra</strong></span> <span class='ocrx_word' id='word_1_922' title='bbox 1950 5161 2423 5237; x_wconf 53' lang='lat' dir='ltr'><strong>duntcmterorum</strong></span> <span class='ocrx_word' id='word_1_923' title='bbox 2454 5160 2713 5237; x_wconf 72' lang='lat' dir='ltr'><strong>ﬁliorum.</strong></span> <span class='ocrx_word' id='word_1_924' title='bbox 2787 5230 2819 5237; x_wconf 89' lang='lat'>_</span> <span class='ocrx_word' id='word_1_925' title='bbox 2984 5234 2989 5237; x_wconf 88' lang='lat'><em>_</em></span> <span class='ocrx_word' id='word_1_926' title='bbox 3064 5230 3095 5237; x_wconf 91' lang='lat'>_</span> <span class='ocrx_word' id='word_1_927' title='bbox 3140 5224 3145 5233; x_wconf 47' lang='grc'><em>,</em></span> <span class='ocrx_word' id='word_1_928' title='bbox 3362 5226 3393 5237; x_wconf 46' lang='grc' dir='ltr'>μ</span> 
     </span>
    </p>
   </div>
   <div class='ocr_carea' id='block_1_94' title="bbox 2048 5226 3457 5302">
    <p class='ocr_par' dir='ltr' id='par_1_94' title="bbox 2048 5226 3457 5302">
     <span class='ocr_line' id='line_1_96' title="bbox 2048 5226 3457 5302; baseline 0 -16"><span class='ocrx_word' id='word_1_929' title='bbox 2048 5231 2097 5300; x_wconf 91' lang='lat' dir='ltr'><strong>e)</strong></span> <span class='ocrx_word' id='word_1_930' title='bbox 2131 5232 2262 5287; x_wconf 83' lang='lat' dir='ltr'><strong>Tres</strong></span> <span class='ocrx_word' id='word_1_931' title='bbox 2294 5246 2425 5287; x_wconf 89' lang='lat' dir='ltr'><strong>mss.</strong></span> <span class='ocrx_word' id='word_1_932' title='bbox 2448 5230 2602 5287; x_wconf 89' lang='lat' dir='ltr'><strong>Colb.</strong></span> <span class='ocrx_word' id='word_1_933' title='bbox 2633 5246 2757 5288; x_wconf 88' lang='lat' dir='ltr'><strong>cum</strong></span> <span class='ocrx_word' id='word_1_934' title='bbox 2779 5230 2939 5288; x_wconf 87' lang='lat' dir='ltr'><strong>Carn.</strong></span> <span class='ocrx_word' id='word_1_935' title='bbox 2974 5226 3264 5302; x_wconf 73' lang='lat' dir='ltr'><strong>ct,Gcrm.,</strong></span> <span class='ocrx_word' id='word_1_936' title='bbox 3293 5226 3457 5302; x_wconf 58' lang='lat' dir='ltr'><strong>exire.</strong></span> 
     </span>
    </p>
   </div>
   <div class='ocr_carea' id='block_1_95' title="bbox 2049 5296 3559 5385">
    <p class='ocr_par' dir='ltr' id='par_1_95' title="bbox 2049 5296 3559 5385">
     <span class='ocr_line' id='line_1_97' title="bbox 2049 5296 3559 5385; baseline 0.002 -28"><span class='ocrx_word' id='word_1_937' title='bbox 2049 5296 2093 5377; x_wconf 67' lang='grc' dir='ltr'>ί)</span> <span class='ocrx_word' id='word_1_938' title='bbox 2118 5303 2280 5385; x_wconf 52' lang='grc' dir='ltr'><strong>μιν.</strong></span> <span class='ocrx_word' id='word_1_939' title='bbox 2311 5303 2544 5385; x_wconf 73' lang='lat' dir='ltr'><strong>et__l’ar.,</strong></span> <span class='ocrx_word' id='word_1_940' title='bbox 2577 5320 2732 5385; x_wconf 71' lang='lat' dir='ltr'><strong>nona</strong></span> <span class='ocrx_word' id='word_1_941' title='bbox 2760 5320 2813 5385; x_wconf 75' lang='lat' dir='ltr'><strong>se</strong></span> <span class='ocrx_word' id='word_1_942' title='bbox 2840 5321 2855 5358; x_wconf 89' lang='lat'><strong>:</strong></span> <span class='ocrx_word' id='word_1_943' title='bbox 2886 5296 3451 5385; x_wconf 41' lang='lat' dir='ltr'><strong>reluctantibus‘alii‘s</strong></span> <span class='ocrx_word' id='word_1_944' title='bbox 3480 5296 3559 5360; x_wconf 75' lang='lat' dir='ltr'><strong>ii-</strong></span> 
     </span>
    </p>
   </div>
   <div class='ocr_carea' id='block_1_96' title="bbox 1954 5372 3554 5449">
    <p class='ocr_par' dir='ltr' id='par_1_96' title="bbox 1954 5372 3554 5449">
     <span class='ocr_line' id='line_1_98' title="bbox 1954 5372 3554 5449; baseline 0.001 -19"><span class='ocrx_word' id='word_1_945' title='bbox 1954 5372 2095 5449; x_wconf 69' lang='grc' dir='ltr'><strong>ιη’ῖὲζΔ</strong></span> <span class='ocrx_word' id='word_1_946' title='bbox 2118 5372 2290 5449; x_wconf 68' lang='lat' dir='ltr'><strong>Porro</strong></span> <span class='ocrx_word' id='word_1_947' title='bbox 2323 5372 2527 5431; x_wconf 76' lang='lat' dir='ltr'><strong>liilario</strong></span> <span class='ocrx_word' id='word_1_948' title='bbox 2556 5375 2875 5431; x_wconf 87' lang='lat' dir='ltr'><strong>vocabulum</strong></span> <span class='ocrx_word' id='word_1_949' title='bbox 2909 5377 3054 5449; x_wconf 83' lang='lat' dir='ltr'><strong>arigo&#39;</strong></span> <span class='ocrx_word' id='word_1_950' title='bbox 3083 5386 3230 5449; x_wconf 76' lang='lat' dir='ltr'><strong>Saepe</strong></span> <span class='ocrx_word' id='word_1_951' title='bbox 3256 5372 3401 5433; x_wconf 68' lang='grc' dir='ltr'><strong>ἰδεηό</strong></span> <span class='ocrx_word' id='word_1_952' title='bbox 3424 5372 3554 5448; x_wconf 87' lang='lat' dir='ltr'><strong>&#39;est,</strong></span> 
     </span>
    </p>
   </div>
   <div class='ocr_carea' id='block_1_97' title="bbox 336 4944 1589 5093">
    <p class='ocr_par' dir='ltr' id='par_1_97' title="bbox 336 4944 1589 5093">
     <span class='ocr_line' id='line_1_99' title="bbox 336 4944 1589 5093; baseline -0.004 -87"><span class='ocrx_word' id='word_1_953' title='bbox 336 4951 395 5093; x_wconf 52' lang='grc' dir='ltr'><strong>αξ</strong></span> <span class='ocrx_word' id='word_1_954' title='bbox 416 4949 473 5006; x_wconf 84' lang='lat' dir='ltr'><strong>id</strong></span> <span class='ocrx_word' id='word_1_955' title='bbox 502 4952 586 5005; x_wconf 88' lang='lat' dir='ltr'><strong>est</strong></span> <span class='ocrx_word' id='word_1_956' title='bbox 596 4954 623 5027; x_wconf 73' lang='lat'><strong>,‘</strong></span> <span class='ocrx_word' id='word_1_957' title='bbox 647 4946 791 5031; x_wconf 80' lang='lat' dir='ltr'><strong>quod</strong></span> <span class='ocrx_word' id='word_1_958' title='bbox 822 4946 897 5021; x_wconf 88' lang='lat' dir='ltr'><strong>ait</strong></span> <span class='ocrx_word' id='word_1_959' title='bbox 924 4944 1162 5018; x_wconf 87' lang='lat' dir='ltr'><strong>ignorari</strong></span> <span class='ocrx_word' id='word_1_960' title='bbox 1193 4947 1337 5004; x_wconf 90' lang='lat' dir='ltr'><strong>unde</strong></span> <span class='ocrx_word' id='word_1_961' title='bbox 1361 4944 1478 5018; x_wconf 85' lang='lat' dir='ltr'><strong>ip&#39;se</strong></span> <span class='ocrx_word' id='word_1_962' title='bbox 1499 4945 1589 5030; x_wconf 78' lang='lat' dir='ltr'><strong>sit.</strong></span> 
     </span>
     <span class='ocr_line' id='line_1_100' title="bbox 336 5016 1589 5093; baseline -0.005 -15"><span class='ocrx_word' id='word_1_963' title='bbox 336 5022 363 5078; x_wconf 91' lang='lat' dir='ltr'><strong>b</strong></span> <span class='ocrx_word' id='word_1_964' title='bbox 410 5019 573 5088; x_wconf 78' lang='lat' dir='ltr'><strong>Editi,</strong></span> <span class='ocrx_word' id='word_1_965' title='bbox 591 5036 712 5093; x_wconf 88' lang='lat' dir='ltr'><strong>qma</strong></span> <span class='ocrx_word' id='word_1_966' title='bbox 733 5021 1028 5093; x_wconf 72' lang='lat' dir='ltr'><strong>nescientes.</strong></span> <span class='ocrx_word' id='word_1_967' title='bbox 1061 5016 1256 5075; x_wconf 82' lang='lat' dir='ltr'><strong>Verius</strong></span> <span class='ocrx_word' id='word_1_968' title='bbox 1274 5033 1405 5093; x_wconf 74' lang='lat' dir='ltr'><strong>mss.</strong></span> <span class='ocrx_word' id='word_1_969' title='bbox 1428 5036 1513 5090; x_wconf 75' lang='lat' dir='ltr'><strong>qui</strong></span> <span class='ocrx_word' id='word_1_970' title='bbox 1532 5034 1589 5073; x_wconf 82' lang='lat' dir='ltr'><strong>ne</strong></span> 
     </span>
    </p>
   </div>
   <div class='ocr_carea' id='block_1_98' title="bbox 235 5254 1850 5436">
    <p class='ocr_par' dir='ltr' id='par_1_98' title="bbox 235 5254 1850 5436">
     <span class='ocr_line' id='line_1_101' title="bbox 235 5254 1850 5436; baseline -0.002 -71"><span class='ocrx_word' id='word_1_971' title='bbox 235 5254 396 5436; x_wconf 49' lang='lat' dir='ltr'><strong>MF).</strong></span> <span class='ocrx_word' id='word_1_972' title='bbox 420 5254 793 5379; x_wconf 44' lang='lat' dir='ltr'><strong>ignaui</strong></span> <span class='ocrx_word' id='word_1_973' title='bbox 813 5306 935 5363; x_wconf 86' lang='lat' dir='ltr'><strong>Par.</strong></span> <span class='ocrx_word' id='word_1_974' title='bbox 963 5306 1053 5381; x_wconf 86' lang='lat' dir='ltr'><strong>qui</strong></span> <span class='ocrx_word' id='word_1_975' title='bbox 1083 5312 1139 5361; x_wconf 83' lang='lat' dir='ltr'><strong>se</strong></span> <span class='ocrx_word' id='word_1_976' title='bbox 1166 5304 1264 5364; x_wconf 84' lang='lat' dir='ltr'><strong>Dei</strong></span> <span class='ocrx_word' id='word_1_977' title='bbox 1292 5305 1430 5390; x_wconf 71' lang='lat' dir='ltr'><strong>[ilics</strong></span> <span class='ocrx_word' id='word_1_978' title='bbox 1462 5320 1485 5362; x_wconf 68' lang='grc' dir='ltr'><em>τ</em></span> <span class='ocrx_word' id='word_1_979' title='bbox 1503 5314 1757 5373; x_wconf 81' lang='lat' dir='ltr'><strong>corrupte</strong></span> <span class='ocrx_word' id='word_1_980' title='bbox 1785 5320 1850 5363; x_wconf 88' lang='lat' dir='ltr'><strong>ac</strong></span> 
     </span>
     <span class='ocr_line' id='line_1_102' title="bbox 238 5376 1844 5436; baseline -0.002 -1"><span class='ocrx_word' id='word_1_981' title='bbox 238 5397 307 5436; x_wconf 81' lang='lat' dir='ltr'><strong>sn</strong></span> <span class='ocrx_word' id='word_1_982' title='bbox 334 5382 463 5436; x_wconf 74' lang='lat' dir='ltr'><strong>data</strong></span> <span class='ocrx_word' id='word_1_983' title='bbox 486 5381 537 5435; x_wconf 89' lang='lat' dir='ltr'><strong>vi</strong></span> <span class='ocrx_word' id='word_1_984' title='bbox 567 5381 734 5434; x_wconf 86' lang='lat' dir='ltr'><strong>totius</strong></span> <span class='ocrx_word' id='word_1_985' title='bbox 755 5380 1076 5436; x_wconf 65' lang='lat' dir='ltr'><strong>argumenti.</strong></span> <span class='ocrx_word' id='word_1_986' title='bbox 1109 5376 1188 5433; x_wconf 87' lang='lat' dir='ltr'><strong>lbi</strong></span> <span class='ocrx_word' id='word_1_987' title='bbox 1223 5382 1458 5436; x_wconf 75' lang='lat' dir='ltr'><strong>numne.</strong></span> <span class='ocrx_word' id='word_1_988' title='bbox 1518 5387 1572 5433; x_wconf 90' lang='lat' dir='ltr'><strong>et</strong></span> <span class='ocrx_word' id='word_1_989' title='bbox 1617 5393 1742 5435; x_wconf 84' lang='lat' dir='ltr'><strong>mox</strong></span> <span class='ocrx_word' id='word_1_990' title='bbox 1792 5376 1844 5432; x_wconf 91' lang='lat' dir='ltr'><strong>in</strong></span> 
     </span>
    </p>
   </div>
   <div class='ocr_carea' id='block_1_99' title="bbox 238 5376 1844 5450">
    <p class='ocr_par' dir='ltr' id='par_1_99' title="bbox 238 5376 1844 5450">
     <span class='ocr_line' id='line_1_103' title="bbox 238 5376 1844 5450; baseline -0.003 -14"><span class='ocrx_word' id='word_1_991' title='bbox 238 5376 463 5437; x_wconf 80' lang='lat' dir='ltr'><strong>sublata</strong></span> <span class='ocrx_word' id='word_1_992' title='bbox 486 5381 537 5435; x_wconf 89' lang='lat' dir='ltr'><strong>vi</strong></span> <span class='ocrx_word' id='word_1_993' title='bbox 567 5376 734 5434; x_wconf 82' lang='lat' dir='ltr'><strong>totius</strong></span> <span class='ocrx_word' id='word_1_994' title='bbox 755 5376 1076 5450; x_wconf 77' lang='lat' dir='ltr'><strong>argumenti.</strong></span> <span class='ocrx_word' id='word_1_995' title='bbox 1109 5376 1188 5433; x_wconf 87' lang='lat' dir='ltr'><strong>lbi</strong></span> <span class='ocrx_word' id='word_1_996' title='bbox 1223 5376 1458 5450; x_wconf 73' lang='lat' dir='ltr'><strong>quippe,</strong></span> <span class='ocrx_word' id='word_1_997' title='bbox 1517 5387 1742 5450; x_wconf 21' lang='lat' dir='ltr'><strong>Btitnox</strong></span> <span class='ocrx_word' id='word_1_998' title='bbox 1792 5376 1844 5432; x_wconf 91' lang='lat' dir='ltr'><strong>in</strong></span> 
     </span>
    </p>
   </div>
   <div class='ocr_carea' id='block_1_100' title="bbox 235 5445 2739 5526">
    <p class='ocr_par' dir='ltr' id='par_1_100' title="bbox 235 5445 2739 5526">
     <span class='ocr_line' id='line_1_104' title="bbox 235 5445 2739 5526; baseline -0.004 -17"><span class='ocrx_word' id='word_1_999' title='bbox 235 5450 364 5526; x_wconf 74' lang='lat' dir='ltr'><strong>Itis,</strong></span> <span class='ocrx_word' id='word_1_1000' title='bbox 392 5450 531 5526; x_wconf 83' lang='lat' dir='ltr'><strong>quod</strong></span> <span class='ocrx_word' id='word_1_1001' title='bbox 567 5468 621 5526; x_wconf 77' lang='lat' dir='ltr'><strong>se</strong></span> <span class='ocrx_word' id='word_1_1002' title='bbox 668 5453 770 5507; x_wconf 80' lang='lat' dir='ltr'><strong>nan</strong></span> <span class='ocrx_word' id='word_1_1003' title='bbox 800 5445 1097 5526; x_wconf 71' lang='lat' dir='ltr'><strong>diligerent,</strong></span> <span class='ocrx_word' id='word_1_1004' title='bbox 1120 5445 1331 5526; x_wconf 48' lang='lat' dir='ltr'><strong>vocula&quot;</strong></span> <span class='ocrx_word' id='word_1_1005' title='bbox 1357 5445 1528 5526; x_wconf 41' lang='grc' dir='ltr'><strong>ξιξ-ἐιιὶ</strong></span> <span class='ocrx_word' id='word_1_1006' title='bbox 1570 5448 1844 5526; x_wconf 68' lang='lat' dir='ltr'><strong>Christum</strong></span> <span class='ocrx_word' id='word_1_1007' title='bbox 1955 5447 2100 5526; x_wconf 77' lang='lat' dir='ltr'><strong>quod</strong></span> <span class='ocrx_word' id='word_1_1008' title='bbox 2123 5445 2278 5526; x_wconf 72' lang='lat' dir='ltr'><strong>nobis</strong></span> <span class='ocrx_word' id='word_1_1009' title='bbox 2300 5448 2670 5526; x_wconf 40' lang='lat' dir='ltr'><strong>prittipittittL</strong></span> <span class='ocrx_word' id='word_1_1010' title='bbox 2724 5474 2739 5479; x_wconf 60' lang='grc' dir='ltr'>ι</span> 
     </span>
    </p>
   </div>
   <div class='ocr_carea' id='block_1_101' title="bbox 235 5512 3561 5609">
    <p class='ocr_par' dir='ltr' id='par_1_101' title="bbox 235 5512 3561 5609">
     <span class='ocr_line' id='line_1_105' title="bbox 235 5512 3561 5609; baseline -0.001 -27"><span class='ocrx_word' id='word_1_1011' title='bbox 235 5512 515 5608; x_wconf 66' lang='lat' dir='ltr'><strong>refer-fur;</strong></span> <span class='ocrx_word' id='word_1_1012' title='bbox 542 5518 830 5609; x_wconf 67' lang='lat' dir='ltr'><strong>nionetqnc</strong></span> <span class='ocrx_word' id='word_1_1013' title='bbox 855 5512 1216 5609; x_wconf 42' lang='lat' dir='ltr'><strong>ll&#39;iha‘riui‘non</strong></span> <span class='ocrx_word' id='word_1_1014' title='bbox 1240 5520 1573 5609; x_wconf 51' lang='lat' dir='ltr'><strong>improbatus</strong></span> <span class='ocrx_word' id='word_1_1015' title='bbox 1598 5518 1849 5609; x_wconf 34' lang='lat' dir='ltr'><strong>eos‘fuis:</strong></span> <span class='ocrx_word' id='word_1_1016' title='bbox 1964 5512 2108 5609; x_wconf 22' lang='lat'><strong>4(9)</strong></span> <span class='ocrx_word' id='word_1_1017' title='bbox 2141 5512 2311 5609; x_wconf 71' lang='lat' dir='ltr'><strong>Vetus&#39;</strong></span> <span class='ocrx_word' id='word_1_1018' title='bbox 2334 5512 2589 5609; x_wconf 53' lang='lat' dir='ltr'><strong>cpde&#39;xns.</strong></span> <span class='ocrx_word' id='word_1_1019' title='bbox 2621 5517 2832 5574; x_wconf 85' lang='lat' dir='ltr'><strong>Martini</strong></span> <span class='ocrx_word' id='word_1_1020' title='bbox 2862 5517 3091 5587; x_wconf 76' lang='lat' dir='ltr'><strong>Turon.,&#39;</strong></span> <span class='ocrx_word' id='word_1_1021' title='bbox 3141 5517 3261 5591; x_wconf 85' lang='lat' dir='ltr'><strong>quia</strong></span> <span class='ocrx_word' id='word_1_1022' title='bbox 3302 5518 3351 5583; x_wconf 81' lang='lat' dir='ltr'><strong>si</strong></span> <span class='ocrx_word' id='word_1_1023' title='bbox 3392 5512 3561 5578; x_wconf 65' lang='lat' dir='ltr'><strong>odelit</strong></span> 
     </span>
    </p>
   </div>
   <div class='ocr_carea' id='block_1_102' title="bbox 240 5587 2719 5671">
    <p class='ocr_par' dir='ltr' id='par_1_102' title="bbox 240 5587 2719 5671">
     <span class='ocr_line' id='line_1_106' title="bbox 240 5587 2719 5671; baseline -0.005 -16"><span class='ocrx_word' id='word_1_1024' title='bbox 240 5611 304 5671; x_wconf 72' lang='lat' dir='ltr'><strong>se</strong></span> <span class='ocrx_word' id='word_1_1025' title='bbox 327 5640 344 5667; x_wconf 90' lang='lat'><strong>,</strong></span> <span class='ocrx_word' id='word_1_1026' title='bbox 370 5592 461 5671; x_wconf 72' lang='lat' dir='ltr'><strong>qui</strong></span> <span class='ocrx_word' id='word_1_1027' title='bbox 491 5587 614 5671; x_wconf 76' lang='lat' dir='ltr'><strong>cum</strong></span> <span class='ocrx_word' id='word_1_1028' title='bbox 635 5587 906 5671; x_wconf 69' lang='lat' dir='ltr'><strong>Christum</strong></span> <span class='ocrx_word' id='word_1_1029' title='bbox 934 5590 1028 5649; x_wconf 89' lang='lat' dir='ltr'><strong>Dei</strong></span> <span class='ocrx_word' id='word_1_1030' title='bbox 1061 5594 1224 5671; x_wconf 74' lang='lat' dir='ltr'><strong>ﬁlium</strong></span> <span class='ocrx_word' id='word_1_1031' title='bbox 1274 5587 1334 5650; x_wconf 73' lang='lat' dir='ltr'><strong>et</strong></span> <span class='ocrx_word' id='word_1_1032' title='bbox 1385 5596 1777 5671; x_wconf 56' lang='lat' dir='ltr'><strong>conﬁterentur</strong></span> <span class='ocrx_word' id='word_1_1033' title='bbox 1797 5599 1854 5649; x_wconf 88' lang='lat' dir='ltr'><strong>et</strong></span> <span class='ocrx_word' id='word_1_1034' title='bbox 1957 5587 2196 5671; x_wconf 84' lang='lat' dir='ltr'><strong>F_,</strong></span> <span class='ocrx_word' id='word_1_1035' title='bbox 2232 5591 2393 5671; x_wconf 66' lang='lat' dir='ltr'><strong>oderit</strong></span> <span class='ocrx_word' id='word_1_1036' title='bbox 2417 5602 2461 5646; x_wconf 89' lang='lat' dir='ltr'><strong>et</strong></span> <span class='ocrx_word' id='word_1_1037' title='bbox 2490 5588 2719 5671; x_wconf 43' lang='lat' dir='ltr'><strong>guinem.</strong></span> 
     </span>
    </p>
   </div>
   <div class='ocr_carea' id='block_1_103' title="bbox 241 5654 3269 5736">
    <p class='ocr_par' dir='ltr' id='par_1_103' title="bbox 241 5654 3269 5736">
     <span class='ocr_line' id='line_1_107' title="bbox 241 5654 3269 5736; baseline -0.001 -11"><span class='ocrx_word' id='word_1_1038' title='bbox 241 5654 502 5725; x_wconf 55' lang='lat' dir='ltr'><strong>ataui-but</strong></span> <span class='ocrx_word' id='word_1_1039' title='bbox 525 5710 539 5735; x_wconf 89' lang='lat'><strong>,</strong></span> <span class='ocrx_word' id='word_1_1040' title='bbox 573 5666 741 5722; x_wconf 85' lang='lat' dir='ltr'><strong>Deum</strong></span> <span class='ocrx_word' id='word_1_1041' title='bbox 770 5664 873 5721; x_wconf 74' lang='lat' dir='ltr'><strong>sibi</strong></span> <span class='ocrx_word' id='word_1_1042' title='bbox 898 5673 1102 5735; x_wconf 79' lang='lat' dir='ltr'><strong>patrem</strong></span> <span class='ocrx_word' id='word_1_1043' title='bbox 1160 5665 1424 5722; x_wconf 87' lang='lat' dir='ltr'><strong>dicerent.</strong></span> <span class='ocrx_word' id='word_1_1044' title='bbox 1477 5666 1717 5722; x_wconf 83' lang='lat' dir='ltr'><strong>Pessime</strong></span> <span class='ocrx_word' id='word_1_1045' title='bbox 1762 5678 1858 5720; x_wconf 85' lang='lat' dir='ltr'><strong>au-</strong></span> <span class='ocrx_word' id='word_1_1046' title='bbox 2031 5660 2109 5736; x_wconf 81' lang='grc' dir='ltr'><strong>(Ῑι)</strong></span> <span class='ocrx_word' id='word_1_1047' title='bbox 2133 5654 2221 5721; x_wconf 81' lang='lat' dir='ltr'><strong>Sic</strong></span> <span class='ocrx_word' id='word_1_1048' title='bbox 2247 5662 2485 5735; x_wconf 81' lang='lat' dir='ltr'><strong>potiores</strong></span> <span class='ocrx_word' id='word_1_1049' title='bbox 2507 5662 2647 5719; x_wconf 86' lang='lat' dir='ltr'><strong>libri.</strong></span> <span class='ocrx_word' id='word_1_1050' title='bbox 2679 5661 2780 5736; x_wconf 68' lang='lat' dir='ltr'><strong>Alii</strong></span> <span class='ocrx_word' id='word_1_1051' title='bbox 2810 5676 2941 5718; x_wconf 85' lang='lat' dir='ltr'><strong>vero</strong></span> <span class='ocrx_word' id='word_1_1052' title='bbox 2962 5704 2977 5729; x_wconf 86' lang='lat'><strong>,</strong></span> <span class='ocrx_word' id='word_1_1053' title='bbox 3007 5654 3125 5736; x_wconf 70' lang='lat' dir='ltr'><strong>hinc</strong></span> <span class='ocrx_word' id='word_1_1054' title='bbox 3153 5665 3269 5724; x_wconf 82' lang='lat' dir='ltr'><strong>erit.</strong></span> 
     </span>
    </p>
   </div>
   <div class='ocr_carea' id='block_1_104' title="bbox 244 5724 3053 5811">
    <p class='ocr_par' dir='ltr' id='par_1_104' title="bbox 244 5724 3053 5811">
     <span class='ocr_line' id='line_1_108' title="bbox 244 5724 3053 5811; baseline -0.002 -15"><span class='ocrx_word' id='word_1_1055' title='bbox 244 5724 375 5811; x_wconf 80' lang='lat' dir='ltr'><strong>tetu</strong></span> <span class='ocrx_word' id='word_1_1056' title='bbox 400 5724 539 5811; x_wconf 41' lang='lat' dir='ltr'><strong>Vat:</strong></span> <span class='ocrx_word' id='word_1_1057' title='bbox 562 5738 691 5811; x_wconf 77' lang='lat' dir='ltr'><strong>bas.</strong></span> <span class='ocrx_word' id='word_1_1058' title='bbox 731 5754 834 5811; x_wconf 82' lang='lat' dir='ltr'><strong>ms.</strong></span> <span class='ocrx_word' id='word_1_1059' title='bbox 868 5724 959 5811; x_wconf 61' lang='lat' dir='ltr'><strong>it&#39;ic</strong></span> <span class='ocrx_word' id='word_1_1060' title='bbox 1004 5740 1163 5811; x_wconf 73' lang='lat' dir='ltr'><strong>etiam</strong></span> <span class='ocrx_word' id='word_1_1061' title='bbox 1213 5738 1419 5794; x_wconf 83' lang='lat' dir='ltr'><strong>habens</strong></span> <span class='ocrx_word' id='word_1_1062' title='bbox 1460 5739 1600 5811; x_wconf 80' lang='lat' dir='ltr'><strong>ﬁlios</strong></span> <span class='ocrx_word' id='word_1_1063' title='bbox 1626 5780 1640 5803; x_wconf 96' lang='lat'><strong>,</strong></span> <span class='ocrx_word' id='word_1_1064' title='bbox 1673 5747 1858 5811; x_wconf 80' lang='lat' dir='ltr'><strong>postea</strong></span> <span class='ocrx_word' id='word_1_1065' title='bbox 2036 5724 2194 5811; x_wconf 68' lang='lat' dir='ltr'><strong>in</strong></span> <span class='ocrx_word' id='word_1_1066' title='bbox 2216 5724 2318 5791; x_wconf 63' lang='lat' dir='ltr'><strong>nis.</strong></span> <span class='ocrx_word' id='word_1_1067' title='bbox 2340 5736 2526 5811; x_wconf 73' lang='lat' dir='ltr'><strong>illart.,</strong></span> <span class='ocrx_word' id='word_1_1068' title='bbox 2556 5724 2877 5811; x_wconf 34' lang='lat' dir='ltr'><strong>quattt‘Deus</strong></span> <span class='ocrx_word' id='word_1_1069' title='bbox 2904 5724 3053 5790; x_wconf 80' lang='lat' dir='ltr'><strong>esset.</strong></span> 
     </span>
    </p>
   </div>
   <div class='ocr_carea' id='block_1_105' title="bbox 244 5735 3565 5890">
    <p class='ocr_par' dir='ltr' id='par_1_105' title="bbox 244 5735 3565 5890">
     <span class='ocr_line' id='line_1_109' title="bbox 244 5735 3053 5811; baseline -0.003 -14"><span class='ocrx_word' id='word_1_1070' title='bbox 244 5750 363 5797; x_wconf 90' lang='lat' dir='ltr'><strong>tem</strong></span> <span class='ocrx_word' id='word_1_1071' title='bbox 400 5738 522 5811; x_wconf 70' lang='lat' dir='ltr'><strong>Vat.</strong></span> <span class='ocrx_word' id='word_1_1072' title='bbox 562 5738 678 5794; x_wconf 85' lang='lat' dir='ltr'><strong>bas.</strong></span> <span class='ocrx_word' id='word_1_1073' title='bbox 731 5754 834 5793; x_wconf 88' lang='lat' dir='ltr'><strong>ms.</strong></span> <span class='ocrx_word' id='word_1_1074' title='bbox 873 5738 959 5793; x_wconf 86' lang='lat' dir='ltr'><strong>hic</strong></span> <span class='ocrx_word' id='word_1_1075' title='bbox 1004 5740 1163 5794; x_wconf 87' lang='lat' dir='ltr'><strong>etiam</strong></span> <span class='ocrx_word' id='word_1_1076' title='bbox 1213 5738 1419 5794; x_wconf 83' lang='lat' dir='ltr'><strong>habens</strong></span> <span class='ocrx_word' id='word_1_1077' title='bbox 1460 5739 1600 5811; x_wconf 80' lang='lat' dir='ltr'><strong>ﬁlios</strong></span> <span class='ocrx_word' id='word_1_1078' title='bbox 1626 5780 1640 5803; x_wconf 96' lang='lat'><strong>,</strong></span> <span class='ocrx_word' id='word_1_1079' title='bbox 1708 5747 1858 5793; x_wconf 84' lang='lat' dir='ltr'><strong>ostea</strong></span> <span class='ocrx_word' id='word_1_1080' title='bbox 2060 5736 2103 5806; x_wconf 84' lang='lat' dir='ltr'><strong>i)</strong></span> <span class='ocrx_word' id='word_1_1081' title='bbox 2130 5737 2188 5792; x_wconf 88' lang='lat' dir='ltr'><strong>in</strong></span> <span class='ocrx_word' id='word_1_1082' title='bbox 2216 5752 2318 5791; x_wconf 91' lang='lat' dir='ltr'><strong>ms.</strong></span> <span class='ocrx_word' id='word_1_1083' title='bbox 2345 5736 2526 5801; x_wconf 86' lang='lat' dir='ltr'><strong>Mart.,</strong></span> <span class='ocrx_word' id='word_1_1084' title='bbox 2556 5751 2708 5804; x_wconf 85' lang='lat' dir='ltr'><strong>quam</strong></span> <span class='ocrx_word' id='word_1_1085' title='bbox 2734 5735 2877 5789; x_wconf 77' lang='lat' dir='ltr'><strong>Deus</strong></span> <span class='ocrx_word' id='word_1_1086' title='bbox 2904 5735 3053 5790; x_wconf 81' lang='lat' dir='ltr'><strong>esset.</strong></span> 
     </span>
     <span class='ocr_line' id='line_1_110' title="bbox 244 5735 3565 5890; baseline -0.001 -24"><span class='ocrx_word' id='word_1_1087' title='bbox 244 5808 515 5882; x_wconf 60' lang='lat' dir='ltr'><strong>suumn,</strong></span> <span class='ocrx_word' id='word_1_1088' title='bbox 554 5808 841 5866; x_wconf 71' lang='lat' dir='ltr'><strong>nutricium</strong></span> <span class='ocrx_word' id='word_1_1089' title='bbox 862 5806 1207 5883; x_wconf 77' lang='lat' dir='ltr'><strong>improbavit,</strong></span> <span class='ocrx_word' id='word_1_1090' title='bbox 1238 5825 1339 5888; x_wconf 83' lang='lat' dir='ltr'><strong>pro</strong></span> <span class='ocrx_word' id='word_1_1091' title='bbox 1367 5827 1471 5869; x_wconf 85' lang='lat' dir='ltr'><strong>non</strong></span> <span class='ocrx_word' id='word_1_1092' title='bbox 1495 5753 1801 5885; x_wconf 54' lang='lat' dir='ltr'><strong>iutprogavit</strong></span> <span class='ocrx_word' id='word_1_1093' title='bbox 1840 5821 1861 5866; x_wconf 70' lang='grc' dir='ltr'><strong>ε</strong></span> <span class='ocrx_word' id='word_1_1094' title='bbox 2034 5735 2358 5890; x_wconf 40' lang='grc' dir='ltr'><strong>ξῇιΕπρςιδί</strong></span> <span class='ocrx_word' id='word_1_1095' title='bbox 2382 5851 2396 5877; x_wconf 90' lang='grc'><em>,</em></span> <span class='ocrx_word' id='word_1_1096' title='bbox 2428 5806 2561 5890; x_wconf 49' lang='lat' dir='ltr'><strong>iuret:</strong></span> <span class='ocrx_word' id='word_1_1097' title='bbox 2583 5806 2758 5890; x_wconf 54' lang='lat' dir='ltr'><strong>uesci;</strong></span> <span class='ocrx_word' id='word_1_1098' title='bbox 2788 5816 2859 5890; x_wconf 43' lang='lat' dir='ltr'><strong>ei</strong></span> <span class='ocrx_word' id='word_1_1099' title='bbox 2868 5822 2992 5890; x_wconf 67' lang='grc' dir='ltr'><strong>ιιιοὲ</strong></span> <span class='ocrx_word' id='word_1_1100' title='bbox 3010 5849 3037 5883; x_wconf 42' lang='grc' dir='ltr'><strong>,ι</strong></span> <span class='ocrx_word' id='word_1_1101' title='bbox 3058 5810 3112 5890; x_wconf 75' lang='lat' dir='ltr'><strong>in</strong></span> <span class='ocrx_word' id='word_1_1102' title='bbox 3133 5802 3420 5890; x_wconf 68' lang='lat' dir='ltr'><strong>substantia</strong></span> <span class='ocrx_word' id='word_1_1103' title='bbox 3469 5824 3565 5867; x_wconf 77' lang='lat' dir='ltr'><strong>tta-</strong></span> 
     </span>
    </p>
   </div>
   <div class='ocr_carea' id='block_1_106' title="bbox 249 5864 3264 5953">
    <p class='ocr_par' dir='ltr' id='par_1_106' title="bbox 249 5864 3264 5953">
     <span class='ocr_line' id='line_1_111' title="bbox 249 5864 3264 5953; baseline -0 -14"><span class='ocrx_word' id='word_1_1104' title='bbox 249 5864 833 5952; x_wconf 42' lang='lat' dir='ltr'><strong>agamnam.</strong></span> <span class='ocrx_word' id='word_1_1105' title='bbox 868 5864 892 5866; x_wconf 49' lang='grc'><strong>⁷⁷</strong></span> <span class='ocrx_word' id='word_1_1106' title='bbox 938 5864 981 5883; x_wconf 52' lang='grc'><strong><em>’⁷</em></strong></span> <span class='ocrx_word' id='word_1_1107' title='bbox 1191 5864 1207 5880; x_wconf 81' lang='grc'><strong>⁷</strong></span> <span class='ocrx_word' id='word_1_1108' title='bbox 1238 5864 1332 5888; x_wconf 65' lang='grc'><strong>’⁷⁷</strong></span> <span class='ocrx_word' id='word_1_1109' title='bbox 1786 5864 1793 5865; x_wconf 30' lang='grc' dir='ltr'>ί</span> <span class='ocrx_word' id='word_1_1110' title='bbox 1842 5864 1851 5866; x_wconf 11' lang='grc' dir='ltr'>ἡ</span> <span class='ocrx_word' id='word_1_1111' title='bbox 1960 5864 2174 5939; x_wconf 64' lang='lat' dir='ltr'><strong>diuitiis</strong></span> <span class='ocrx_word' id='word_1_1112' title='bbox 2202 5864 2396 5950; x_wconf 61' lang='lat' dir='ltr'><strong>exisse;</strong></span> <span class='ocrx_word' id='word_1_1113' title='bbox 2414 5872 2559 5938; x_wconf 82' lang='lat' dir='ltr'><strong>aliud</strong></span> <span class='ocrx_word' id='word_1_1114' title='bbox 2581 5877 2669 5947; x_wconf 75' lang='lat' dir='ltr'><strong>sit,</strong></span> <span class='ocrx_word' id='word_1_1115' title='bbox 2688 5864 2796 5941; x_wconf 67' lang='grc' dir='ltr'><strong>εἰς.</strong></span> <span class='ocrx_word' id='word_1_1116' title='bbox 2816 5864 3109 5953; x_wconf 49' lang='lat' dir='ltr'><strong>sequius</strong></span> <span class='ocrx_word' id='word_1_1117' title='bbox 3132 5864 3264 5946; x_wconf 55' lang='lat' dir='ltr'><strong>insi.</strong></span> 
     </span>
    </p>
   </div>
  </div>
