4040 6328
521 241 628 300 185

1742 244 1986 303 SANCTI
2027 245 2279 306 HlLARll
2318 248 2628 308 EPISCOPI

3697 265 3782 323 184

515 362 567 417 ci
591 404 607 430 ,
634 370 689 419 et
710 359 940 429 adesse,
974 367 1179 419 tantum
1210 374 1241 416 a
1270 374 1329 416 se
1357 368 1585 432 uterque
1632 376 1816 417 sermo
1851 361 2117 419 discerni-
2144 371 2195 427 Α
2221 365 2317 420 hoc
2338 367 2590 422 credimus
2614 369 2738 437 quia
2757 387 2790 423 a
2820 368 2928 426 Deo
2967 371 3119 425 existi
3166 370 3345 443 (Joan.
3378 389 3492 442 xvi,
3518 373 3626 448 29).
3653 375 3776 447 Qua,

519 467 629 512 tur.
658 454 792 512 Cum
818 455 963 511 aliud
1005 456 1076 511 sit
1119 471 1153 511 a
1185 455 1380 527 Deoin
1410 455 1768 513 substantiam
1826 457 2123 514 nativitatis

519 552 730 617 exisse,
760 550 903 625 aliud
935 561 1069 606 eSta
1099 549 1263 625 Patre
1296 550 1346 606 in
1376 550 1523 625 hunc
1562 553 1821 609 mundum
1877 553 1943 610 ad
1988 569 2124 609 con-

519 643 841 699 summanda
866 642 1056 717 Salutis
1085 654 1286 716 nostra:
1315 658 1656 701 sacramenta
1678 648 1916 723 venisse.

596 738 685 796 32.
713 736 948 794 Christus
975 738 1039 793 ab
1061 738 1313 810 apostolis
1355 742 1497 809 ﬁlius
1550 758 1613 796 ea:
1669 753 1861 797 natura
1913 759 2015 798 non
2064 760 2127 800 ea:

520 834 802 903 adoptione
829 826 1076 890 creditus.
1101 862 1174 874 —
1196 833 1267 888 Et
1293 835 1511 904 quidem
1542 836 1840 893 secundum
1872 839 2125 909 proposi-

526 937 647 982 taaa
693 926 851 983 nobis
908 927 1287 1001 reSponsionis
1333 928 1578 984 ordinem
1631 930 2129 999 opportunissimus

527 1021 614 1075 hic
645 1020 805 1076 nobis
834 1020 1136 1097 locusest,
1169 1030 1227 1075 ut
1257 1022 1419 1077 tertio
1451 1037 1593 1077 nunc
1618 1020 1912 1080 doceamus
1958 1021 2127 1078 ﬁlium

527 1114 621 1169 Dei
674 1113 962 1192 Dominum
991 1121 1236 1187 nostrum
1257 1113 1444 1185 .lesum
1477 1114 1751 1170 Christum
1776 1116 1845 1171 ab
1871 1096 2132 1186 apostolis

526 1209 793 1265 creditum
828 1206 904 1283 (a)
933 1223 1040 1264 non
1072 1225 1139 1266 ex
1162 1210 1598 1284 nuncupatione,
1633 1209 1755 1273 sed
1782 1225 1848 1265 ex
1900 1219 2128 1276 natura;

532 1319 708 1374 neque
730 1319 799 1358 ex
820 1304 1157 1379 adoptione,
1192 1303 1386 1373 sede:
1430 1303 1732 1371 nativitate.
1793 1303 2132 1372 Quamquam

534 1397 679 1452 enim
707 1397 886 1466 plures
913 1406 967 1452 et
993 1386 1068 1471 (b)
1096 1398 1343 1453 maximae
1371 1395 1551 1469 adhuc
1574 1395 1839 1468 unigeniti
1864 1395 1933 1450 de
1956 1410 2017 1451 se
2038 1394 2134 1449 Dei

529 1498 746 1545 exstent
779 1489 1146 1567 professiones
1166 1533 1186 1565 ,
1214 1490 1408 1563 quibus
1434 1489 1801 1559 generationis
1828 1503 1941 1543 sum
1999 1488 2137 1543 veri-

530 1591 698 1637 tatem
727 1583 844 1661 sine
874 1584 979 1639 levi
1008 1583 1202 1657 saltem
1259 1582 1623 1639 ementiendae
1667 1583 1794 1637 licet
1854 1581 2138 1637 calumnia:

528 1675 819 1755 occasione
850 1682 1081 1751 testetur
1106 1694 1121 1749 ς
1144 1684 1324 1731 tamen
1357 1674 1512 1749 157
1536 1675 1661 1746 quia
1717 1690 1892 1746 neque
1953 1675 2138 1745 legen-

2226 475 2378 529 rogo,
2406 459 2523 515 haec
2550 462 2701 519 verbi
2732 461 2894 532 hujus
2920 463 3208 518 admiratio
3258 476 3362 532 est,
3393 466 3534 536 quod
3557 482 3613 522 se
3637 470 3783 527 exisse

2226 566 2255 604 a
2280 551 2391 607 Deo
2421 550 2696 623 professus
2734 554 2847 609 sit?
2874 554 3045 611 Tanta
3093 564 3284 612 etlam
3328 558 3439 614 Deo
3468 560 3667 629 propria
3688 577 3783 629 vos,

2225 658 2261 698 ο
2289 646 2459 703 sancti
2482 654 2538 701 et
2564 645 2705 701 beati
2737 646 2859 713 viri,
2887 657 2945 704 ct
2970 650 3041 704 ob
3071 648 3197 704 ﬁdei
3219 657 3408 706 vestrae
3435 654 3671 707 meritum
3690 654 3785 709 cla-

2229 753 2324 799 ves
2350 737 2429 810 (f)
2463 740 2612 810 regni
2644 740 2906 798 caelorum
2954 744 3154 811 sortiti,
3184 753 3241 799 et
3269 745 3467 815 ligandi
3494 760 3556 800 ac
3580 748 3786 805 solvendi

2231 832 2286 886 in
2299 833 2438 888 caelo
2458 845 2513 888 et
2542 834 2593 889 in
2628 844 2768 890 terra
2781 835 2870 906 jus
2886 835 3089 906 adepti,
3123 848 3410 908 gestaesse
3436 854 3531 908 per
3544 839 3788 897 Dominum

2232 935 2476 980 nostrum
2500 926 2682 983 Jesurn
2711 928 2986 985 Christum
3037 930 3129 986 Dei
3161 930 3327 989 ﬁlium
3358 931 3606 988 videratis
3631 953 3644 987 :
3668 945 3715 989 et
3736 936 3788 990 ad

2232 1018 2309 1086 id,
2342 1019 2484 1095 quod
2504 1037 2535 1073 a
2563 1022 2671 1077 Deo
2695 1021 2876 1078 exisse
2897 1036 2958 1077 se
2983 1020 3139 1090 dixit,
3173 1040 3314 1080 nunc
3344 1026 3570 1094 primum
3600 1041 3687 1081 vos
3703 1024 3790 1082 veri

2234 1110 2647 1183 intelligentiam
2676 1113 2893 1184 assequi
2922 1115 3322 1183 protestamini?
3344 1115 3611 1177 Yideratis
3639 1119 3789 1188 utique

2238 1206 2506 1277 nuptiales
2551 1221 2744 1278 aquas,
2795 1207 2870 1281 (g)
2914 1205 2968 1263 ei
2995 1209 3214 1264 easdem
3247 1210 3486 1281 nuptiale
3528 1211 3714 1277 vinum,
3753 1222 3794 1269 et

2237 1311 2443 1354 natura:
2468 1298 2521 1355 in
2548 1310 2792 1357 naturam
2815 1300 2896 1357 vel
2921 1299 3371 1368 demutationetn,
3401 1302 3483 1359 vel
3514 1303 3792 1373 proiectum,

2239 1392 2324 1448 vel
2352 1393 2681 1448 creationem
2725 1392 2903 1465 (Joan.
2937 1393 3021 1469 tt).
3065 1394 3317 1465 Quinque
3348 1396 3513 1452 etiam
3556 1411 3707 1466 panes
3742 1398 3793 1451 ad

2240 1485 2421 1541 cibum
2450 1491 2614 1540 tantae
2643 1484 3005 1543 multitudinis
3052 1485 3357 1557 fregeratis,
3408 1487 3683 1559 etsatiatis
3704 1504 3795 1542 om-

2244 1580 2405 1635 nibus
2450 1579 2503 1634 in
2554 1579 2947 1649 plenitudinem
3000 1579 3287 1635 duodecim
3319 1578 3798 1651 ecphinorumlrag-

2246 1684 2430 1728 menta
2460 1671 2541 1746 (It)
2572 1672 2651 1744 (2)
2697 1688 2892 1744 panum
2922 1681 3227 1741 creverant,
3259 1680 3315 1729 et
3361 1680 3570 1728 natura:
3611 1673 3799 1743 parvitts

534 1768 667 1824 tium
697 1767 1009 1845 onerandus
1062 1775 1148 1824 est
1192 1782 1389 1825 sensus
1419 1767 1760 1841 coacervatis
1806 1765 1874 1821 ad
1926 1766 2138 1837 copiam
2170 1784 2219 1845 Β
2245 1766 2441 1820 famem
2484 1766 2693 1836 pellens
2734 1765 3035 1835 proiecerat
3075 1762 3128 1819 in
3179 1766 3340 1838 158
3366 1765 3607 1834 ejusdem
3630 1764 3797 1832 comam

531 1861 691 1941 dictis
710 1840 805 1941 ,et
822 1840 944 1915 cum
967 1856 1084 1931 jam
1118 1844 1389 1935 no‘nnulla.
1426 1840 1495 1916 de
1525 1860 1859 1932 proprietate
1890 1859 2144 1914 nativita-

532 1953 602 2009 tis
632 1936 850 2009 ostensa
878 1952 989 2009 sint
1007 1963 1244 2029 ,lcaatera
1266 1954 1447 2010 omnia
1478 1953 1600 2008 aliis
1625 1963 1788 2008 erunt
1817 1952 2138 2027 quaestioni-

532 2046 635 2102 bus
657 2030 1009 2125 reScrvanda.
1044 2044 1197 2102 Nunc
1228 2060 1358 2100 vero
1383 2045 1507 2117 quia
1538 2044 1626 2100 hic
1655 2046 1930 2101 sermonis
1958 2044 2133 2099 nostri

533 2122 672 2195 ordo
704 2122 984 2195 institutus
1011 2148 1132 2215 est,
1180 2147 1242 2194 ut
1269 2147 1394 2210 post
1440 2136 1621 2194 Patris
1648 2137 2103 2195 contestatiunem
2125 2176 2142 2203 ,

534 2244 660 2306 post
683 2232 803 2289 Filii
828 2232 1259 2311 professionem,
1320 2229 1392 2305 (e)
1441 2232 1549 2308 ﬁde
1603 2246 1820 2306 quoque
1853 2232 2145 2304 Apostolo-

538 2344 664 2386 rum
711 2327 781 2384 de
819 2341 960 2384 vero-
996 2335 1053 2383 et
1104 2325 1404 2384 secundum
1451 2325 1787 2404 nativitatem
1840 2324 2148 2381 conﬁtendo

542 2420 641 2480 Dei
685 2420 795 2476 ﬁlio
821 2421 1182 2487 doceremur;
1212 2419 1508 2479 videndum
1529 2426 1654 2486 est,
1686 2434 1754 2474 an
1785 2418 1838 2474 in
1895 2433 1963 2474 eo
2004 2417 2150 2489 quod

543 2512 621 2568 ait
648 2513 912 2569 Dominus
934 2555 949 2581 ,
974 2500 1060 2569 Ea;
1088 2510 1201 2568 Deo
1229 2512 1400 2579 exivi,
1432 2510 1578 2567 aliud
1605 2512 1658 2566 in
1691 2527 1758 2567 eo
1795 2509 2001 2587 aliquid
2048 2524 2149 2581 po-

543 2610 652 2664 tius
677 2594 837 2680 quam
869 2617 1117 2689 naturam
1149 2607 1516 2689 intellexerint
1538 2607 1859 2663 nativitatis.

609 2704 702 2758 55.
748 2692 886 2770 Quid
911 2702 978 2758 sit
1002 2684 1139 2774 quod
1160 2684 1392 2771 primum
1412 2702 1623 2757 credant
1645 2718 1759 2756 eum
1778 2717 1810 2754 a
1832 2697 1944 2756 Deo
1965 2700 2150 2757 exisse.

538 2825 611 2837 —
640 2784 767 2851 Post
797 2796 994 2851 multas
1044 2779 1277 2865 namque
1311 2795 1723 2871 proverbiorum
1766 2793 2146 2861 obscuritates,

540 2886 736 2958 quibus
779 2886 834 2942 in
863 2887 1134 2957 parabolis
1161 2888 1373 2942 locutus
1422 2892 1601 2953 esset,
1647 2900 1810 2957 quem
1849 2885 1962 2956 jam
1994 2894 2153 2942 antea

540 2980 817 3038 Christum
843 2981 1086 3037 sciebant
1105 2980 1488 3036 annuntiatum
1512 2996 1540 3033 a
1567 2979 1748 3052 Moyse
1775 2988 1829 3035 et
1854 2980 2151 3050 prophetis,

543 3072 857 3130 confessum
886 3066 1102 3145 quoque
1121 3090 1152 3129 a
1179 3073 1482 3129 Nathanael
1510 3081 1563 3129 et
1586 3072 1681 3128 Dei
1701 3073 1869 3129 ﬁlium
1898 3082 1951 3130 et
1972 3089 2153 3147 regem

2245 1869 2450 1912 natura:
2480 1855 2693 1929 (Matth.
2727 1846 2868 1931 xiv).
2915 1855 3233 1912 llevirulsse
3271 1871 3469 1931 manus
3516 1857 3681 1911 aridas
3701 1871 3799 1912 cou-

2244 1951 2549 2024 spexeratis
2567 1992 2582 2017 ,
2616 1959 2672 2005 et
2702 1951 2757 2006 in
2781 1967 2968 2006 vocem
3001 1959 3273 2006 mutorum
3301 1949 3516 2021 linguas
3544 1950 3742 2015 solutas,
3762 1957 3803 2003 et

2245 2045 2300 2100 in
2344 2059 2564 2100 cursum
2610 2043 2925 2103 claudor-um
2976 2042 3143 2116 pedes
3193 2043 3453 2113 alacres,
3489 2052 3545 2100 et
3586 2058 3801 2099 eiecerunt

2246 2138 2434 2194 oculos
2480 2147 2791 2208 cernentes,
2827 2147 2882 2194 et
2911 2149 3251 2194 mortuorum
3301 2138 3441 2193 vitas
3485 2146 3798 2193 revertentes.

2248 2232 2468 2305 Fauens
2494 2231 2729 2289 Lazarus
2757 2233 3079 2290 constiterat
3106 2234 3173 2289 ad
3204 2248 3421 2301 vocem,
3462 2243 3516 2291 et
3549 2249 3579 2291 e
3604 2233 3801 2304 sepulcro

2248 2334 2495 2393 vocatus,
2522 2325 2671 2381 nullo
2702 2325 2984 2381 intervallo
3006 2326 3157 2382 vocis
3178 2335 3233 2383 et
3259 2327 3407 2395 vitae,
3435 2326 3499 2396 (il
3523 2327 3651 2383 citus
3671 2326 3803 2381 fuerat

2251 2432 2522 2490 egressus,
2555 2427 2609 2473 et
2629 2418 2806 2475 adhuc
2830 2420 3054 2476 odorem
3086 2421 3276 2475 mortis
3307 2420 3361 2477 in
3393 2434 3609 2478 sensum
3639 2421 3801 2475 nariqu

2255 2513 2450 2583 spiritu
2481 2524 2697 2584 agente,
2752 2514 2871 2584 ipse
2906 2513 3016 2583 jam
3046 2514 3201 2569 vivus
3230 2514 3515 2571 adstiterat
3553 2512 3712 2588 (Joan.
3748 2528 3805 2578 xi,

2251 2602 2369 2675 44).
2403 2604 2581 2661 Taceo
2610 2605 2678 2663 de
2724 2607 2936 2663 ctetcris
2965 2621 3277 2676 magnarum
3326 2607 3581 2663 virtutum
3626 2615 3675 2663 et
3708 2604 3807 2661 diri-

2255 2713 2446 2753 narnm
2474 2700 2901 2768 operationibus.
2930 2699 3085 2757 Nunc
3129 2716 3259 2771 ergo
3290 2702 3526 2772 primum
3558 2697 3807 2769 intelligitis

2256 2798 2345 2868 qui
2376 2796 2445 2851 sit
2475 2793 2562 2850 hic
2610 2795 2811 2850 missus
2862 2810 2893 2850 e
2921 2795 3096 2859 caelis,
3147 2804 3434 2867 postquam
3487 2788 3804 2851 audistiszbe

2257 2888 2419 2945 Patre
2445 2887 2617 2963 exivi?
2648 2888 2714 2944 Et
2741 2890 2845 2943 hoc
2864 2888 3017 2960 vobis
3045 2887 3274 2958 primum
3294 2888 3410 2959 jam
3435 2888 3551 2943 sine
3571 2884 3806 2957 proverbio

2257 2983 2461 3039 dictum
2484 2991 2587 3052 est,
2612 2992 2666 3038 et
2697 2998 2792 3053 per
2818 2992 3024 3039 naturae
3052 2981 3308 3038 virtutem
3342 2982 3637 3053 intelligitis
3664 2993 3806 3035 verum

2260 3091 2381 3132 esse
2404 3075 2547 3148 qttod
2579 3092 2607 3130 a
2638 3076 2749 3131 Deo
2792 3076 2978 3142 exivit,
3007 3091 3129 3131 eum
3159 3076 3496 3132 voluntatum
3529 3076 3601 3148 (ὅ)
3626 3071 3689 3148 (j)
3716 3087 3804 3126 ves-

542 3169 708 3226 lsrael
754 3168 934 3243 (Joan.
965 3185 1004 3235 t,
1036 3169 1152 3239 49),
1205 3168 1493 3247 objurgato
1531 3165 1697 3222 etiam
1726 3166 1997 3239 Philippo,
2030 3182 2152 3223 cum
2180 3171 2225 3232 C
2262 3177 2461 3225 trarum
2486 3167 2838 3240 cogitationes
2868 3170 3060 3224 tacitus
3082 3168 3343 3236 intuetur,
3364 3185 3487 3224 cum
3515 3166 3587 3241 (It)
3610 3165 3671 3221 de
3689 3163 3809 3219 nullis

542 3262 613 3319 de
640 3262 799 3351 Patre
826 3272 1119 3334 quaereret,
1150 3276 1247 3316 cur
1278 3276 1375 3331 per
1400 3274 1629 3330 operum
1654 3260 1908 3315 virtutem
1939 3259 2153 3314 Patrem

535 3353 598 3411 in
629 3369 689 3411 se
718 3352 797 3429 (l)
831 3354 910 3428 (ἀ)
939 3370 1061 3411 esse
1085 3364 1140 3411 et
1160 3370 1218 3410 se
1244 3355 1297 3409 in
1329 3353 1489 3409 Patre
1516 3352 1696 3410 inesse
1722 3353 1980 3420 nesciret,
2006 3368 2159 3409 cum-

545 3465 653 3521 que
680 3464 741 3505 se
770 3465 799 3503 a
833 3449 992 3505 Patre
1034 3449 1256 3503 missum
1302 3447 1680 3519 frequentibus
1708 3447 1867 3503 dictis
1897 3457 2021 3502 ante
2061 3447 2158 3503 do-

546 3534 750 3599 cuisset
780 3542 959 3614 (loan.
1006 3558 1116 3608 xtv,
1148 3543 1311 3613 9-12)
1350 3560 1363 3597 :
1418 3552 1597 3598 tamen
1648 3556 1770 3598 cum
1813 3541 2155 3612 proﬁtentem

548 3650 672 3691 eum
702 3624 982 3691 audissent
1023 3650 1084 3691 se
1111 3651 1142 3689 a
1176 3635 1286 3691 Deo
1313 3635 1513 3703 exisse,
1548 3635 1663 3691 haec
1707 3650 1896 3691 eorum
1928 3650 2159 3706 respou-

548 3728 633 3783 sio
680 3727 779 3782 fuit
831 3727 1129 3799 (connexus
1174 3729 1319 3784 enim
1366 3728 1457 3783 hic
1504 3724 1605 3784 sibi
1652 3742 1831 3784 sermo
1861 3726 1967 3800 est)
2013 3726 2159 3784 :Di-

553 3830 674 3876 cunt
697 3819 768 3893 (e)
799 3822 847 3875 ei
873 3821 1113 3894 discipuli
1143 3826 1275 3896 ejus,
1310 3820 1469 3876 Nunc
1494 3823 1667 3891 palam
1694 3824 1933 3896 loqueris,
1964 3833 2012 3879 et
2038 3842 2160 3895 pro-

547 3914 779 3971 verbium
810 3908 1014 3971 nullum
1060 3916 1208 3971 dicis.
1264 3914 1420 3970 Nunc
1465 3932 1585 3990 ergo
1632 3916 1820 3972 scimus
1864 3919 1984 3989 quia
2028 3920 2161 3974 nosti

550 4008 746 4075 omnia,
776 4018 821 4063 et
848 4000 952 4063 non
977 4007 1131 4064 habes
1156 4024 1357 4064 necesse
1378 4016 1431 4062 ut
1457 4007 1645 4081 aliquis
1678 4018 1724 4064 te
1748 4011 2027 4082 interroget
2057 4028 2074 4065 :
2105 4013 2161 4067 in

626 4145 713 4290 (ιζ
750 4146 1029 4203 omittitur
1052 4162 1161 4202 esse
1187 4149 1241 4201 in
1269 4153 1460 4203 nostro
1485 4160 1591 4202 ms.

631 4218 689 4290 (ἓ
754 4216 1065 4290 Fragmenta
1090 4219 1323 4289 ponium.
1480 4284 1485 4287 _

631 4216 713 4292 (ἓ)
754 4216 1065 4291 Fragmenta
1090 4219 1323 4289 ponium.

632 4357 715 4431 (a)
742 4358 865 4431 Par.
886 4368 1012 4431 post
1036 4356 1310 4431 Lipsium.
1351 4358 1609 4431 traditum
1638 4375 1653 4414 :
1680 4358 1820 4431 male
1860 4367 1915 4413 et
1959 4366 2159 4431 praeter

560 4428 792 4488 aliorum
822 4428 1083 4485 librorum
1122 4430 1306 4485 ﬁdem.
1339 4428 1549 4499 Quippe
1597 4430 1835 4485 nondum
1885 4428 2161 4499 apostolo-

558 4519 677 4560 rum
699 4500 941 4559 doctrina
970 4500 1314 4572 expenditur,
1345 4499 1442 4556 sed
1465 4501 1617 4556 tldes.

633 4574 710 4648 (b)
761 4573 817 4628 ln
864 4575 1013 4648 prius
1042 4571 1310 4648 vulgatis,
1360 4573 1618 4648 "illiillic,
1675 4571 2010 4648 adverbium.
2039 4572 2161 4648 ‘llic

566 4642 914 4713 mammae,“
940 4655 1059 4711 est,
1104 4642 1422 4699 clarissime.
1478 4642 1616 4697 Tum
1673 4644 1727 4698 in
1775 4643 2161 4699 vetustissimis

563 4719 961 4785 exemplaribus
983 4716 1219 4773 Colb..et
1262 4715 1426 4771 Carn.
1476 4715 1730 4770 scribitur
1779 4714 2006 4786 adhunc,
2056 4732 2163 4770 non

563 4791 675 4845 alio
696 4805 882 4845 sensu.
966 4792 971 4797 ”

655 4863 707 4933 c)
744 4860 817 4916 Ita
851 4862 902 4916 in
931 4874 1065 4917 mss.
1095 4860 1171 4933 At
1192 4860 1245 4914 in
1268 4861 1503 4925 excusis,
1532 4858 1707 4933 fidem.

655 4864 707 4933 c)
744 4864 817 4916 Ita
851 4864 902 4916 in
931 4874 1065 4917 mss.
1095 4864 1167 4918 At
1192 4864 1245 4914 in
1268 4864 1503 4925 excusis,
1532 4864 1707 4920 ﬁdem.

632 4864 719 5006 la)
763 4933 903 4988 Editi
954 4932 1273 5006 hic_omisso
1321 4945 1447 5006 esse,
1493 4927 1868 5006 subiiciebant,
1921 4940 1968 4984 et
2014 4947 2071 5006 se
2115 4931 2169 4984 in

565 5000 726 5061 Patre
769 5020 878 5061 esse
932 5004 1170 5068 nesciret,
1205 5016 1313 5056 non
1363 5001 1546 5056 inesse.
1594 5000 1923 5057 Concinnior
1950 5013 2033 5058 est
2060 5003 2168 5057 lec-

562 5079 641 5133 tio
671 5093 802 5132 mss.

639 5148 715 5222 (e)
757 5148 879 5204 Par.
909 5160 1032 5202 cum
1076 5151 1291 5200 vetusto
1320 5156 1424 5197 ms.
1457 5142 1637 5211 Culb.,
1687 5140 1882 5199 Dicunt
1908 5160 2030 5216 ergo
2064 5144 2172 5198 dis-

569 5221 753 5275 cin'uli.

522 5283 533 5287 ’
569 5240 809 5364 οηῦῗῖη
847 5285 1242 5364 antiquioribus
1267 5300 1399 5364 mss.
1441 5283 1533 5364 hic
1571 5286 2063 5364 clavem_.‘_lnl'erius
2092 5296 2172 5341 ta-

526 5368 538 5379 ‘
570 5356 702 5419 men
725 5361 840 5416 haec
869 5356 1175 5414 vox'exstat
1205 5357 1256 5413 in
1287 5356 1477 5427 plurali
1506 5372 1732 5414 numero
1764 5358 2024 5416 librorum
2054 5376 2171 5416 om-

570 5435 718 5489 nium
730 5445 1037 5488 consensu.

520 5506 529 5513 ’
647 5503 723 5577 (g)
754 5503 912 5577 Bad.,
944 5502 1036 5577 Er.
1069 5509 1122 5555 et
1144 5502 1473 5577 recentiores
1500 5510 1707 5577 uisset
1735 5503 1787 5569 in
1811 5500 2022 5577 eisdem.
2049 5500 2166 5577 Me-

572 5572 687 5630 lius
721 5576 811 5629 alii
861 5574 1004 5638 libri,
1050 5581 1095 5626 et
1125 5572 1348 5645 easdem,
1399 5575 1588 5645 supple
1619 5575 1784 5644 {actas
1807 5589 1827 5627 :
1858 5572 1960 5627 nisi
2007 5573 2164 5629 malis

572 5661 694 5702 com
723 5645 933 5700 Martiu.
962 5651 1012 5699 et
1039 5659 1105 5698 ea:
1129 5644 1342 5698 eisdem.

651 5716 731 5790 (lt)
770 5716 1111 5788 Antiquiores
1158 5730 1290 5790 mss.
1328 5717 1560 5790 ponium.
1612 5715 1747 5771 Tum
1779 5716 2037 5774 Erasmus
2079 5716 2163 5790 le:

518 5784 531 5792 ’
575 5784 803 5860 gendum
833 5784 982 5861 putat
1005 5797 1061 5844 et
1078 5789 1306 5844 materia:
1326 5784 1571 5860 paruitas,
1606 5804 1712 5847 non
1742 5797 1791 5845 et
1819 5790 2037 5844 naturte.
2067 5788 2165 5845 Cui

2261 3275 2533 3335 tamquam
2564 3262 2783 3332 ignarus
2812 3262 3130 3332 interrogat,
3172 3276 3293 3316 cum
3342 3261 3583 3316 omnium
3608 3256 3809 3328 cognitor

2261 3357 2382 3412 est?
2414 3356 2516 3413 Per
2547 3354 2662 3410 [nec
2689 3354 2832 3411 enim
2861 3357 3065 3422 omnia,
3096 3370 3215 3425 qua:
3244 3355 3445 3409 virtute
3465 3368 3528 3408 ac
3551 3361 3717 3407 natura
3742 3345 3810 3403 Dei

2260 3449 2392 3520 agit,
2426 3465 2454 3503 a
2479 3449 2590 3504 Deo
2618 3449 2800 3503 exisse
2828 3447 3131 3504 credendus
3161 3456 3262 3503 est.

2332 3542 2420 3600 54.
2442 3541 2599 3599 Prius
2620 3551 2865 3598 nouerant
2883 3562 2916 3599 α
2934 3540 3043 3598 Deo
3058 3544 3267 3598 missum
3285 3558 3305 3597 :
3320 3544 3412 3597 sed
3431 3541 3690 3598 nativitatis
3700 3536 3813 3594 ratio-

2265 3654 2379 3693 nem
2398 3655 2505 3711 non
2520 3646 2838 3709 acceperant.
2872 3667 2942 3678 —
2971 3638 3085 3692 Non
3111 3637 3199 3693 hic
3243 3639 3418 3695 sancti
3448 3636 3702 3708 apostolia
3728 3632 3810 3687 Deo

2265 3733 2464 3804 exisse,
2492 3732 2545 3788 id
2572 3743 2676 3801 est,
2709 3748 2737 3786 a
2764 3733 2874 3789 Deo
2901 3732 3123 3788 missum
3154 3747 3275 3789 esse
3303 3733 3696 3796 intellexerunt;
3719 3741 3810 3783 nam

2266 3816 2415 3880 omni
2437 3825 2719 3895 superiore
2748 3838 3000 3880 sermone
3037 3823 3383 3880 conﬁtentem
3413 3824 3630 3880 missum
3650 3834 3749 3877 esse
3769 3832 3813 3873 se

2268 3918 2579 3989 frequenter
2619 3918 2902 3974 audierant
2934 3935 2948 3972 :
2977 3916 3071 3974 sed
3116 3917 3399 3972 audientes
3434 3904 3467 3971 a
3510 3916 3617 3972 Deo
3657 3913 3811 3973 exisse.

2270 4022 2519 4069 naturam
2581 4015 2633 4067 ln
2679 4026 2747 4068 eo
2798 4012 2892 4068 Dei
2942 4026 3005 4067 ex
3051 4010 3305 4081 operibus
3327 4013 3813 4076 ceruentes,natur:e

2339 4150 2420 4224 (‘5)
2464 4148 2518 4205 Ν
2520 4160 2795 4206 astrorum.

2271 4359 2413 4429 lavet
2454 4356 2598 4429 quod
2642 4355 2712 4413 de
2749 4353 3190 4429 eodem_Christi
3226 4352 3381 4429 (facto
3428 4352 3504 4406 ait
3542 4348 3744 4429 ililarius
3775 4348 3813 4429 in

2271 4422 2533 4484 Matthfc.
2567 4444 2674 4491 xlv,
2709 4443 2767 4482 n.
2797 4427 2865 4481 12
2895 4444 2908 4480 :
2941 4423 3134 4480 Crescit
3154 4425 3340 4479 deinde
3370 4422 3605 4477 materies
3629 4437 3647 4474 ,ο
3664 4427 3710 4473 et
3728 4422 3816 4484 post

2272 4517 2462 4569 pauca,
2486 4500 2760 4555 Auctorem
2779 4498 2919 4554 enim
2941 4500 3093 4570 hujus
3117 4496 3461 4570 universitatis
3488 4498 3816 4570 tantuspaimtl

2269 4562 2531 4646 profectus
2559 4572 2798 4646 ostendit,
2826 4585 2914 4646 per
2937 4562 3089 4638 quam
3109 4568 3205 4646 _t_ati
3222 4569 3535 4646 incremento
3554 4562 3817 4646 modus

2270 4635 2502 4699 tractata:
2530 4644 2755 4698 materia:
2779 4635 3075 4695 adderetur.
3109 4638 3344 4694 Facilius
3377 4643 3552 4709 itaque
3581 4635 3624 4689 ei
3652 4641 3815 4709 annue-

2270 4731 2474 4779 rcmus,
2506 4717 2606 4768 nisi
2639 4716 2804 4769 verbo
2835 4723 3034 4767 natura:
3062 4725 3187 4766 mox
3216 4712 3470 4780 repetito,
3503 4707 3549 4761 ei
3567 4707 3818 4784 praenunc-

2271 4799 2420 4859 retur
2465 4778 2717 4859 ejusdem.
2790 4785 2922 4859 7H:t-_c
2975 4783 3236 4859 sententia
3285 4778 3314 4835 ἐι
3369 4778 3679 4859 prfecti?“
3737 4782 3814 4859 ’ρξ’

2271 4857 2454 4912 diﬁ'ert
2490 4849 2600 4911 'uisi
2648 4857 2943 4929 vocabulis.
2980 4853 3182 4929 Deinde
3208 4853 3260 4908 in
3294 4849 3396 4929 ms.
3430 4850 3531 4929 Vat
3577 4849 3678 4929 has.
3717 4855 3817 4929 recto

2271 4930 2439 4984 ruisse
2480 4944 2691 4983 manum
2737 4927 2935 4982 aridam
2964 4942 2982 4979 :
3013 4924 3154 4994 quod
3209 4940 3242 4978 a
3285 4923 3539 4980 snbnexis
3581 4919 3814 4974 dissonul.

2274 5000 2327 5055 in
2350 5000 2542 5070 quibus
2566 5010 2766 5056 caetera
2807 5000 3007 5054 Christi
3033 5004 3184 5068 gesta
3218 4996 3411 5066 plurali
3448 5004 3659 5050 numero
3683 4998 3816 5042 enun-

2260 5070 2496 5127 ‘tiantur.
2724 5094 2727 5097 ·

2349 5143 2412 5215 (i)
2454 5143 2542 5215 Sic
2581 5157 2712 5198 mss.
2743 5142 2813 5197 At
2833 5140 2984 5208 editi,
3018 5140 3137 5194 cito.

2454 5214 2705 5283 Plerique
2748 5229 2811 5268 ac
2842 5200 3090 5286 (potiores
3121 5226 3251 5286 mss.
3309 5218 3607 5286 nostrarum.
3650 5200 3752 5258 Mox
3774 5200 3813 5248 in

2273 5282 2524 5342 omnibus
2553 5282 2775 5353 taeitus;
2802 5285 2889 5340 ubi
2916 5284 2968 5338 in
2998 5282 3211 5337 excusis
3243 5282 3441 5336 tacitas.

2754 5337 3302 5428 itdrtnullis._R_ecti_t_ts
3348 5356 3474 5428 mss.
3523 5337 3814 5428 potiores,

2279 5416 2776 5498 nullisnespieitnr
2818 5430 2961 5483 enim
3009 5426 3167 5498 illud,
3216 5422 3337 5498 Non
3383 5416 3535 5478 habes
3570 5416 3813 5498 necesse!“

2277 5489 2463 5569 aliquis
2503 5514 2549 5557 te
2569 5489 2867 5571 interroget.
2902 5498 3091 5553 Postea
3121 5489 3245 5571 V_a_t.
3276 5497 3523 5571 bas.‘tns.
3555 5510 3567 5545 :
3597 5489 3706 5571 cum
3728 5494 3810 5571 0t":

2275 5566 2414 5627 nium
2441 5566 3012 5643 occultorum-cognitor
3036 5580 3141 5636 est;
3169 5568 3321 5622 Mart.
3349 5587 3363 5622 :
3388 5566 3508 5643 Cum
3529 5566 3809 5643 omniumttfj

2275 5645 2414 5698 culta
2444 5648 2678 5700 conditor
2704 5652 2779 5699 est
2807 5636 3033 5697 :iititttis
3054 5644 3296 5706 sincere;
3324 5656 3445 5697 cum
3468 5638 3518 5691 in
3539 5645 3676 5712 satch
3696 5636 3806 5712 ιυξξξξ

2276 5718 2327 5770 iu
2361 5734 2517 5783 quem
2551 5719 2637 5773 hic
2667 5714 2970 5789 reSpicitnr,
3003 5703 3320 5782 sitttplicitet'
3364 5717 3552 5774 exstet,
3581 5703 3686 5777 quia
3706 5703 3806 5750 nam

2272 5805 2352 5843 om
2359 5806 2443 5842 ηια
2450 5829 2464 5844 .
