4040 6328
196 334 286 393 185

1373 331 1460 389 DE
1498 330 1873 389 TRINITATE
1913 332 2121 389 LIBER
2165 333 2246 389 Vl.

3376 338 3478 395 186

191 447 258 520 (c)
270 445 531 503 veritatem
552 460 646 516 per
660 445 712 501 id
724 444 908 516 quoda
925 444 1035 500 Deo
1051 443 1183 501 exiit
1209 458 1625 517 recognoscant,
1643 460 1763 500 cum
1795 451 1845 510 Α
1940 447 2030 504 36.
2078 446 2267 503 Petrus
2287 448 2453 519 ﬁlium
2470 446 2570 505 Dei
2588 455 2855 524 confessus
2877 468 3050 509 rerum
3072 453 3307 516 credidit.
3335 454 3481 514 Tunc

188 544 384 598 dicunt:
409 538 566 595 Nunc
588 556 710 611 ergo
733 541 942 600 scimus.
962 538 1084 610 quia
1102 540 1235 594 nosti
1253 540 1446 607 omnia,
1478 549 1524 595 et
1545 557 1647 594 non
1668 538 1765 595 ha-

186 635 259 689 bes
280 650 494 698 necesse,
531 641 588 687 ut
631 632 821 703 aliquis
846 641 894 686 te
920 632 1193 704 interroget
1224 632 1321 687 :in
1369 631 1468 686 hoc
1511 632 1767 688 credimus

183 730 305 802 quod
329 746 361 783 a
402 728 512 783 Deo
540 729 690 784 existi
721 727 902 795 (Joan.
954 744 1072 795 xw,
1096 728 1212 800 29).
1245 729 1346 785 Per
1381 730 1434 785 id
1458 729 1602 785 enim
1648 745 1764 785 cre-

183 829 321 891 dunt,
346 825 487 895 quod
511 839 543 879 a
567 826 678 879 Deo
705 824 854 892 exiit,
881 839 976 895 per
1000 824 1142 895 quod
1171 841 1233 880 ca
1256 841 1377 896 qua:
1403 825 1493 880 Dei
1517 833 1643 880 sunt
1666 840 1764 895 po-

183 928 443 986 teStatque
464 919 573 987 agit
598 917 694 989 (b).
723 916 841 973 Non
866 919 1012 974 enim
1036 927 1281 973 naturam
1308 918 1403 974 Dei
1426 934 1456 973 a
1485 919 1643 974 Patre
1669 934 1763 974 ve-

183 1014 331 1079 uisse,
361 1011 457 1068 sed
487 1028 515 1064 a
568 1012 681 1066 Deo
719 1012 901 1067 exisse
943 1019 1310 1067 consummat.
1365 1011 1604 1080 Denique
1635 1014 1758 1079 hoc,

180 1106 307 1178 quod
327 1120 469 1160 nunc
487 1107 719 1177 primum
744 1103 990 1169 audiunt,
1011 1103 1084 1176 (c)
1106 1104 1459 1159 conﬁrmatur
1477 1104 1542 1160 ad
1578 1105 1757 1159 (idem.

178 1201 295 1256 Nam
334 1215 455 1255 cum
505 1199 764 1255 Dominus
813 1209 1100 1267 utrumque
1143 1198 1412 1254 dixisset:
1444 1198 1556 1270 Ego
1592 1216 1625 1253 a
1650 1195 1761 1255 Deo

176 1293 311 1357 exivi,
334 1301 381 1346 et
420 1307 452 1344 a
499 1290 655 1345 Patre
700 1292 812 1347 ueni
862 1291 919 1346 in
967 1290 1107 1346 hunc
1156 1292 1403 1347 mundum
1437 1291 1757 1365 (lbid.28);

175 1384 292 1440 nihil
321 1383 691 1441 admirationis
722 1385 775 1439 in
817 1399 885 1440 eo
910 1386 1233 1451 habuerunt,
1261 1384 1405 1453 quod
1450 1385 1761 1456 frequenter

173 1477 457 1542 audierant,
480 1487 528 1532 et
551 1495 584 1531 a
608 1476 764 1532 Patre
788 1478 902 1532 veni
926 1478 982 1532 in
1000 1477 1138 1532 hunc
1159 1478 1427 1535 mundum.
1453 1478 1758 1550 Responsio

171 1582 336 1627 autem
356 1584 573 1635 eorum,
600 1571 759 1626 tidem
779 1580 835 1626 et
858 1571 1267 1643 intelligentiam
1294 1572 1452 1643 hujus
1476 1572 1604 1628 dicti
1627 1589 1756 1628 coti-

172 1674 345 1721 testata
373 1672 481 1731 est,
517 1664 627 1737 Ego
661 1679 695 1719 a
729 1662 842 1721 Deo
869 1666 1020 1721 exivi.
1051 1665 1183 1720 Nam
1214 1666 1281 1720 ad
1314 1666 1364 1720 id
1399 1675 1604 1722 tantum
1642 1683 1758 1723 res-

168 1752 378 1828 ponsum
408 1767 510 1824 est,
546 1773 667 1815 cum
694 1757 903 1825 dicunt,
953 1758 1019 1813 In
1040 1758 1136 1814 hoc
1162 1760 1418 1815 credimus
1448 1764 1691 1830 quoniam
1721 1779 1753 1817 a

1871 544 2092 613 primum
2119 559 2231 597 eum
2253 544 2458 615 agnouit
2503 544 2690 600 Deum.
2730 546 2831 604 Ubi
2857 547 3118 605 didicerit.
3145 580 3218 592 --
3245 550 3366 608 Non
3393 562 3480 611 est

1866 637 2177 708 evangelica
2202 648 2256 694 et
2280 639 2575 708 apostolica
2606 640 2759 707 ﬁdes,
2793 642 2959 697 ﬁlium
2992 643 3087 699 Dei
3128 646 3349 701 nomine
3377 661 3478 717 po-

1868 729 1974 784 tius
1999 745 2155 799 quam
2187 744 2376 786 natura
2407 731 2722 788 credidisse.
2756 734 2813 791 Si
2844 734 2990 791 enim
3019 738 3323 809 adoptionis
3352 739 3476 796 haec

1867 826 2195 895 nuncupatio
2220 834 2325 890 est,
2351 835 2536 882 etnon
2568 827 2769 884 idcirco
2800 828 2943 885 ﬁlius
2989 841 3095 897 est,
3129 833 3252 904 quia
3283 835 3478 890 exierit

1865 932 1895 972 a
1923 918 2066 984 Deo;
2099 934 2284 989 quaero
2309 920 2456 976 unde
2477 920 2666 976 beatus
2688 921 2875 978 Simon
2905 923 3175 982 Bar-Jona
3218 936 3303 983 est
3345 944 3478 984 con-

1864 1007 2063 1076 fessus,
2088 1010 2166 1066 Tu
2185 1029 2238 1067 es
2260 1011 2496 1068 Christus
2517 1014 2659 1084 ﬁlius
2683 1013 2781 1069 Dei
2802 1016 2900 1070 vivi
2927 1016 3141 1089 (Matth.
3181 1035 3290 1086 xvr,
3342 1020 3430 1093 l6)
3456 1021 3479 1078 ?

1863 1118 2004 1160 anne
2032 1121 2154 1160 cum
2184 1107 2436 1163 omnibus
2463 1118 2701 1177 potestas
2732 1111 2802 1166 sit
2827 1126 2921 1179 per
2943 1124 3341 1170 sacramentum
3376 1132 3461 1173 re-

1861 1198 2228 1266 generationis
2251 1197 2327 1270 (g)
2356 1198 2410 1254 in
2440 1198 2578 1254 ﬁlios
2607 1200 2705 1258 Dei
2728 1202 2913 1258 nasci?
2933 1203 2987 1260 Si
3014 1206 3312 1262 secundum
3337 1207 3478 1265 hanc

1867 1294 2320 1358 nuncupationem
2347 1292 2488 1348 (ilius
2515 1293 2873 1351 DeiChrisms
2895 1304 3013 1358 est;
3043 1298 3327 1371 interrogo
3347 1300 3475 1372 quid

1862 1382 1989 1437 illud
2008 1383 2095 1449 sit,
2117 1385 2258 1454 quod
2278 1385 2436 1440 Petro
2458 1402 2564 1441 non
2585 1402 2713 1444 caro
2735 1404 2909 1459 neque
2932 1391 3148 1463 sanguis
3175 1392 3435 1447 revelavit
3452 1438 3467 1463 ,

1856 1475 1954 1532 sed
1971 1476 2129 1531 Pater
2141 1478 2229 1547 qui
2254 1477 2305 1531 in
2324 1478 2474 1534 caelis
2491 1490 2574 1535 est
2594 1478 2755 1552 (Ibid.
2768 1481 2890 1553 l7)?
2920 1481 3201 1540 Geueralis
3216 1484 3476 1554 professio

1859 1567 1985 1639 quid
2002 1568 2161 1623 habet
2175 1571 2306 1626 meri
2316 1570 2601 1643 ti‘tautquze
2615 1573 2958 1630 revelationis
2972 1587 3052 1633 eet
3066 1576 3232 1648 gloria
3250 1577 3479 1649 in(h)pu-

1858 1661 1995 1719 bllca
2023 1665 2378 1720 conscientia?
2396 1666 2454 1722 Si
2480 1682 2546 1723 ex
2570 1666 2858 1738 adoptione
2887 1670 3027 1725 ﬁlius
3047 1682 3162 1739 est;
3198 1672 3339 1728 unde
3363 1674 3477 1731 haec

1858 1754 1912 1808 in
1928 1755 2089 1811 Petro
2106 1756 2263 1813 beata
2281 1759 2551 1815 confessio
2575 1769 2678 1827 est,
2702 1760 2805 1817 hoc
2820 1761 3027 1836 Filio(i)
3050 1762 3311 1820 deferenti
3329 1764 3475 1836 quod

168 1850 266 1908 Deo
289 1854 436 1908 existi
462 1868 481 1916 ;
513 1867 685 1921 neque
707 1852 933 1922 addunt,
964 1854 1032 1908 Et
1059 1870 1088 1907 a
1117 1853 1277 1909 Patre
1300 1856 1494 1910 venisti
1530 1857 1582 1910 in
1616 1857 1762 1914 hunc
1794 1844 1840 1904 B
1868 1860 1951 1904 eSt
1973 1864 2262 1905 commune
2279 1854 2620 1907 sanctorum?
2640 1852 2787 1909 Ultra
2808 1853 3095 1912 humanam
3110 1863 3289 1911 autem
3311 1855 3474 1912 intel-

166 1946 425 2003 tuuudum.
469 1947 629 2021 159
670 1947 887 2002 Etcum
931 1947 1159 2002 alterum
1193 1949 1244 2003 in
1288 1947 1650 2018 professione,
1681 1950 1760 2003 al-

166 2049 325 2094 terum
352 2039 405 2094 in
435 2041 654 2096 silentio
695 2049 810 2103 est;
864 2038 1218 2109 professionis
1242 2054 1463 2096 cau~am
1494 2041 1630 2096 dicti
1656 2058 1757 2098 uo-

163 2135 295 2189 vitas
322 2134 512 2204 exegit,
544 2134 835 2203 prolitendi
867 2145 1049 2190 autem
1074 2136 1526 2191 contestationem
1561 2138 1757 2193 intelli-

165 2228 332 2298 gentia
362 2228 601 2284 veritatis
631 2229 841 2284 elicuit.
880 2229 1138 2285 Sciebant
1176 2228 1394 2299 quidem
1419 2246 1544 2286 eum
1574 2232 1755 2286 omnia

163 2334 213 2375 ut
242 2322 399 2378 Deum
423 2337 604 2392 posse,
633 2323 730 2379 sed
758 2324 998 2378 nondum
1041 2324 1307 2379 rationem
1342 2324 1425 2393 (ά)
1458 2325 1754 2381 nativitatis

162 2426 467 2484 acceperant
498 2433 511 2469 :
544 2426 600 2471 et
646 2416 739 2486 qui
777 2414 1023 2471 sciebant
1064 2432 1093 2468 a
1123 2415 1230 2470 Deo
1280 2415 1526 2478 missum,
1577 2417 1756 2473 exisse

160 2516 322 2562 tamen
354 2523 383 2561 a
411 2508 526 2563 Deo
555 2508 889 2564 nesciebant.
926 2508 1346 2563 lnenarrnbilem
1377 2509 1524 2563 illam
1547 2517 1604 2564 et
1630 2526 1751 2579 per-

161 2602 335 2657 lectam
364 2600 490 2657 Filii
521 2606 857 2658 nativitatem
889 2616 985 2672 per
1016 2603 1273 2658 virtutem
1322 2602 1446 2658 dicti
1480 2603 1637 2658 istius
1666 2604 1749 2659 in-

162 2694 472 2765 telligentes,
501 2694 573 2767 (c)
601 2711 741 2751 nunc
756 2710 940 2752 secum
964 2696 1084 2752 sine
1107 2696 1409 2766 proverbiis
1433 2698 1753 2768 proﬁtentur

161 2786 400 2843 locutum.

216 2880 298 2937 55.
343 2880 525 2936 Exitio
549 2899 702 2953 quam
731 2892 851 2955 apte
894 2882 1021 2938 Filii
1061 2884 1378 2940 nativitatem
1400 2887 1647 2942 enuntiet.
1679 2918 1752 2928 —

158 2973 259 3030 Non
301 2977 446 3031 enim
481 2991 577 3045 per
603 2975 1056 3033 consuetudinem
1109 2978 1327 3033 humani
1379 2989 1565 3046 partus
1607 2980 1751 3035 Deus

157 3083 211 3122 ex
235 3069 338 3124 Deo
360 3069 625 3138 nascitur,
659 3086 833 3141 neque
874 3087 971 3142 per
1000 3073 1264 3128 elementa
1294 3074 1520 3144 originis
1550 3084 1749 3131 nostra:

157 3174 204 3216 nt
225 3166 380 3219 homo
413 3181 488 3219 ex
535 3165 754 3221 homine
784 3166 1116 3234 propellitur.
1153 3168 1363 3237 Integra
1399 3170 1484 3223 illa
1532 3178 1587 3223 et
1628 3186 1749 3239 per-

1866 1940 2142 2010 ligentiam
2165 1957 2224 1998 se
2254 1942 2386 1998 iides
2428 1946 2724 2013 apostolica
2756 1949 3047 2015 protendit.
3080 1949 3340 2005 Audierat
3366 1948 3471 2004 uti-

1864 2050 1970 2104 que
1993 2035 2323 2104 lrequenter,
2360 2037 2464 2105 Qui
2490 2040 2676 2109 recipit
2703 2055 2811 2103 vos.
2842 2057 2923 2095 me
2949 2042 3135 2111 recipit
3163 2059 3182 2097 :
3210 2052 3257 2098 et
3283 2044 3371 2115 qui
3392 2060 3474 2099 me

1861 2129 2064 2198 recipit,
2100 2131 2279 2201 recipit
2309 2148 2427 2185 eum
2464 2133 2550 2203 qui
2600 2151 2677 2189 me
2703 2137 2840 2191 misit
2865 2136 3080 2206 (Matth.
3115 2154 3169 2204 κ,
3197 2138 3311 2209 40).
3342 2139 3470 2195 Mis-

1862 2234 1982 2276 sum
2034 2222 2191 2295 160
2236 2240 2364 2295 ergo
2402 2224 2515 2296 jam
2548 2242 2655 2282 non
2705 2228 3026 2299 ignorabat:
3054 2243 3295 2301 etquetn
3324 2232 3466 2287 mis-

1862 2328 1979 2369 sum
2008 2330 2115 2370 non
2140 2316 2437 2385 ignorabat,
2462 2318 2703 2374 audierat
2727 2320 3094 2391 proﬁtentem,
3122 2321 3312 2378 Omnia
3334 2324 3463 2378 mihi

1860 2409 2051 2463 tradita
2076 2420 2194 2464 sunt
2217 2426 2246 2463 α
2272 2408 2455 2477 Patre,
2487 2422 2533 2468 et
2562 2429 2709 2468 nemo
2735 2415 2874 2468 nouit
2919 2413 3121 2471 Filium
3147 2416 3249 2472 nisi
3275 2416 3457 2481 Pater,

1859 2520 2020 2573 neque
2059 2502 2265 2558 Patrem
2313 2506 2425 2575 quis
2470 2508 2609 2561 novit
2656 2507 2756 2562 nisi
2785 2506 2954 2562 Filius
2985 2507 3200 2581 (Matth.
3234 2526 3310 2575 ιι.
3338 2509 3458 2582 25).
3537 2546 3553 2565 ο

1863 2595 2001 2665 Quid
2033 2597 2173 2652 istud
2195 2607 2280 2651 est
2305 2598 2448 2668 quod
2497 2615 2637 2654 nunc
2680 2599 2844 2655 Petro
2872 2599 3033 2656 Pater
3058 2602 3283 2665 revelat.
3315 2602 3458 2673 quod

1860 2688 2031 2745 beata:
2058 2690 2417 2746 confessionis
2460 2692 2686 2761 glorinn
2731 2694 2935 2748 sumit?
2983 2693 3250 2766 Numquid
3296 2697 3466 2767 patris

1858 2796 2055 2839 nomen
2080 2795 2133 2840 et
2163 2784 2255 2840 ﬁlii
2288 2785 2601 2841 nesciebat?
2625 2787 2825 2859 Atquin
2849 2787 3163 2860 frequenter
3192 2790 3458 2846 audierat.

1856 2874 1963 2932 Sed
2003 2876 2241 2947 loquitur
2283 2878 2425 2948 quod
2457 2879 2693 2935 nondum
2720 2896 2822 2936 vox
2865 2880 3097 2937 humana
3140 2884 3458 2952 protulerat,

1854 2968 1933 3024 Tu
1962 2988 2013 3026 es
2034 2970 2271 3027 Christus
2294 2974 2436 3045 ﬁlius
2466 2972 2564 3029 Dei
2591 2977 2706 3031 vivi.
2735 2976 2869 3032 Nam
2913 2982 3127 3034 tametsi
3153 2980 3203 3034 in
3231 2993 3462 3048 corpore

1858 3078 2085 3120 manens
2117 3065 2211 3122 Dei
2256 3081 2315 3121 se
2345 3067 2509 3123 tilium
2537 3080 2682 3124 esset
2723 3071 3030 3139 professus;
3083 3081 3265 3129 tamen
3324 3089 3456 3143 apo-

1854 3157 2043 3212 stolica
2072 3158 2203 3213 lides
2230 3175 2370 3214 nunc
2408 3159 2635 3230 primum
2669 3174 2913 3218 naturam
2963 3165 3014 3220 itt
3051 3181 3117 3220 eo
3162 3151 3462 3221 divinitatis

156 3258 272 3312 lecta
298 3267 350 3312 et
380 3258 813 3315 incontaminata
844 3261 1094 3316 nativitas
1120 3272 1223 3328 est,
1256 3261 1411 3332 cujus
1441 3278 1471 3316 a
1498 3262 1605 3317 Deo
1633 3265 1748 3319 exi-

1860 3250 2094 3323 agnovit.
2128 3250 2314 3321 Neque
2359 3255 2503 3309 enim
2550 3254 2712 3311 Petro
2744 3266 2948 3313 tantum
2983 3258 3062 3333 (j)
3094 3274 3162 3315 ex
3201 3259 3455 3315 confesso

156 3351 220 3403 tio
246 3351 420 3420 potius
468 3366 628 3421 quam
662 3363 846 3422 partus
896 3366 1000 3408 cst.
1032 3354 1127 3409 Est
1169 3356 1312 3410 enim
1357 3371 1496 3410 unus
1523 3371 1589 3411 ex
1618 3372 1742 3414 uno.

154 3443 254 3499 Non
274 3455 353 3500 est
380 3446 583 3515 portio,
617 3461 724 3500 non
752 3454 838 3500 est
866 3445 1121 3514 deiectio,
1157 3463 1262 3502 non
1313 3458 1396 3503 est
1420 3448 1743 3517 deminutio,

154 3554 245 3594 non
291 3540 583 3604 derivatio,
628 3557 734 3595 non
784 3542 1080 3610 protensio,
1111 3558 1218 3596 non
1249 3542 1463 3611 passm;
1518 3542 1616 3598 sed
1665 3543 1748 3598 vi-

152 3635 309 3690 ventis
336 3646 552 3690 natura:
574 3650 641 3689 ex
670 3635 884 3690 vivente
916 3636 1167 3690 nativitas
1204 3646 1307 3691 est.
1340 3636 1486 3691 Deus
1533 3653 1598 3692 ex
1635 3636 1744 3692 Deo

151 3728 318 3783 exiens
346 3738 454 3793 est,
486 3743 593 3782 non
618 3735 865 3783 creatura
892 3730 942 3783 in
972 3728 1064 3784 Dei
1090 3744 1285 3785 nomen
1313 3729 1482 3785 electa
1507 3747 1522 3795 ;
1557 3745 1667 3785 non
1692 3740 1749 3785 ut

150 3831 279 3875 esset
305 3823 473 3886 ccepit
503 3835 569 3874 ex
593 3819 781 3886 nihilo,
815 3820 908 3874 sed
933 3821 1065 3875 exiit
1090 3836 1117 3875 a
1148 3831 1399 3876 manente
1427 3838 1441 3874 :
1467 3832 1521 3875 et
1546 3821 1748 3877 exiisse

157 3913 595 3983 signiﬁcationem
642 3914 803 3971 habet
835 3915 1159 3983 nativitatis,
1195 3933 1299 3970 non
1333 3915 1495 3971 habet
1524 3917 1747 3970 inchoa-

150 4007 319 4064 tionis.
355 4007 476 4062 Non
507 4008 652 4062 enim
684 4006 825 4062 idem
856 4017 961 4063 est'
984 4008 1338 4064 substantiam
1388 4008 1459 4081 (f)
1483 4010 1739 4079 empisse,

148 4112 189 4154 et
219 4101 379 4158 Deum
411 4102 623 4160 exiisse
662 4101 731 4158 de
765 4102 896 4158 Deo.
928 4102 995 4158 Et
1040 4104 1331 4158 nativitatis
1385 4104 1544 4172 hujus
1586 4117 1744 4159 cons.

146 4193 327 4250 cientia
357 4197 489 4253 licet
517 4210 624 4250 non
668 4194 910 4264 subjecta
958 4196 1139 4251 verbis
1169 4196 1258 4256 sit.
1292 4211 1413 4251 eum
1460 4197 1743 4250 inenarra-

148 4283 258 4341 bilis
283 4287 386 4354 sit;
443 4288 607 4343 habet
637 4296 813 4341 tamen
845 4286 903 4342 in
929 4286 1173 4342 doctrina
1221 4286 1341 4342 Filii
1384 4286 1511 4343 ﬁdei
1541 4288 1746 4343 securi-

146 4385 315 4447 tatem,
347 4399 377 4436 a
413 4383 529 4437 Deo
559 4396 618 4437 se
649 4380 1046 4437 manifestantis
1070 4380 1271 4438 exisse.

209 4564 280 4638 (ιι)
304 4567 358 4622 lu
389 4567 490 4638 Ms.
524 4568 681 4621 Mart.
714 4573 767 4619 et
788 4564 904 4620 bas.
943 4563 1085 4638 Vah,
1110 4576 1310 4620 natura:
1335 4566 1573 4619 uirtutem
1597 4580 1615 4620 :
1642 4564 1742 4619 mi-
1771 4564 1821 4624 D

145 4636 232 4690 nu;
260 4636 406 4707 apte.
439 4637 559 4693 Hoc
589 4637 786 4708 quippe
831 4636 1191 4702 concluditur,
1227 4640 1516 4704 Apostolus
1544 4637 1744 4692 virtute

142 4718 290 4777 atque
320 4707 823 4777 operibns’Cbristi
868 4708 1129 4764 adductos
1172 4708 1360 4773 fuisse,
1396 4718 1451 4761 ιιι
1483 4710 1740 4763 latentem

143 4780 188 4832 in
213 4799 275 4832 eo
303 4794 519 4836 natura:
549 4782 746 4836 divina:
773 4781 1079 4845 veritatem,
1108 4796 1268 4851 quam
1304 4780 1419 4852 ipse
1447 4781 1513 4835 iis
1544 4780 1740 4850 praedi-

140 4852 304 4913 cabat.
333 4854 648 4908 crederent.

202 4944 273 5013 (lt)
315 4944 371 4999 lu
401 4960 517 5000 uno
542 4945 728 5001 codice
774 4942 892 5017 iVﬁal.
925 4951 981 4999 et
1010 4945 1283 4999 nonnullis
1324 4944 1466 5017 aliis,
1497 4954 1745 5017 potestate

140 5026 242 5069 acta
267 5035 383 5084 qua?
409 5018 542 5087 agit,
571 5018 721 5083 plena
749 5016 853 5085 ﬁde
882 5017 1219 5085 testiﬁcantur
1250 5034 1263 5069 :
1293 5016 1739 5071 mendosa-lectio

139 5097 187 5140 et
227 5090 594 5159 interpolata,
625 5103 784 5158 quam
819 5088 948 5141 Bad.
998 5098 1049 5143 et
1105 5087 1195 5143 Er.
1243 5105 1310 5143 ex
1362 5097 1516 5158 parte
1570 5088 1739 5143 secuti

138 5170 276 5303 mai).
314 5231 474 5302 Lips.
525 5239 581 5285 et
610 5230 757 5295 Par.,
788 5230 1187 5303 conﬁrmantur.
1214 5229 1435 5285 Rectius
1456 5230 1614 5291 Bad..
1642 5230 1736 5286 Er.

137 5312 184 5373 et
223 5302 353 5360 mss.
406 5303 787 5372 conﬁrmatur,
837 5302 904 5354 ab
953 5303 1216 5371 apostolis
1266 5302 1518 5357 videlicet
1565 5307 1738 5373 ipsum

136 5372 327 5430 Christi
358 5375 737 5429 testimonium
769 5374 910 5444 quod
939 5389 968 5429 a
996 5376 1104 5429 Deo
1132 5375 1348 5430 exierit.

202 5465 280 5551 (εἰ)
324 5468 457 5551 intr.
483 5482 605 5522 cum
633 5467 852 5537 antiquo
884 5482 984 5521 ms.
1014 5464 1171 5522 Colb.
1200 5476 1254 5522 et
1277 5467 1462 5525 Germ.
1490 5468 1738 5523 rationem

137 5550 387 5594 ηουιιοιιε.

202 5628 270 5697 (c)
313 5629 551 5696 Quidam
596 5645 740 5703 imss.
795 5644 931 5701 quos
983 5631 1162 5687 minus
1225 5632 1468 5688 sinceros
1529 5632 1740 5703 experti

136 5714 354 5766 sumus,
408 5718 534 5756 cum
590 5702 719 5756 Bad.
771 5714 824 5756 et
876 5703 993 5765 Er.,
1044 5720 1177 5763 nunc
1210 5708 1432 5765 primum
1481 5716 1740 5772 coeperunt

136 5774 418 5895 parauere,
475 5790 590 5828 cum
631 5775 781 5829 illum
823 5775 932 5829 sine
960 5776 1238 5845 proverbiis
1282 5777 1588 5845 proﬁtentur
1631 5794 1739 5831 esse

157 5846 379 5898 ocutnm'.’

1855 3344 2061 3398 honore
2091 3344 2208 3400 laus
2245 3344 2453 3401 reddita
2499 3356 2604 3414 est,
2634 3349 2727 3404 sed
2759 3366 2823 3404 ex
2853 3352 3131 3420 agnitione
3170 3353 3413 3423 mysterii
3445 3370 3458 3405 :

1850 3436 1973 3508 quia
2004 3453 2109 3492 non
2143 3439 2411 3495 Christum
2442 3441 2655 3509 solum,
2706 3446 2800 3500 sed
2828 3442 3103 3500 Christum
3158 3448 3248 3502 Dei
3292 3449 3455 3503 lilium

1851 3545 1973 3586 esse
1995 3530 2278 3588 confessus
2299 3542 2400 3588 est.
2429 3533 2563 3589 Nam
2596 3539 2778 3606 utique
2803 3538 2868 3591 ad
2911 3540 3310 3595 coitlessionem
3350 3540 3453 3594 bo-

1854 3624 2001 3679 noris
2029 3624 2318 3682 suﬁ'ecerat
2347 3628 2583 3684 dixisse:
2615 3628 2697 3684 Tu
2741 3647 2793 3686 es
2844 3631 3099 3689 Christus.
3137 3633 3243 3690 Sed
3294 3634 3456 3689 inane

1852 3716 2045 3782 fuerat,
2079 3716 2355 3775 Christum
2383 3721 2451 3775 ab
2479 3737 2547 3777 eo
2571 3723 2878 3779 confessum
2913 3726 3101 3792 fuisse,
3133 3727 3233 3781 nisi
3269 3727 3362 3784 Dei
3386 3727 3449 3782 li-

1851 3809 1979 3865 lium
2010 3811 2381 3868 conﬁteretur.
2415 3813 2471 3869 In
2499 3831 2564 3870 eo
2604 3818 2745 3871 enim
2777 3817 2917 3885 quod
2949 3818 3042 3881 ait,
3081 3818 3156 3872 Tu
3184 3836 3256 3884 es,
3290 3822 3457 3875 virtu-

1850 3913 1956 3960 tem
1986 3915 2041 3961 et
2084 3908 2467 3975 proprietatem
2518 3912 2775 3967 naturalis
2807 3913 3048 3967 veritatis
3076 3914 3349 3983 explicuit.
3390 3914 3458 3969 Et

1850 3997 2009 4053 Pater
2047 3999 2300 4064 dicendo,
2337 3999 2440 4054 Hic
2497 4011 2570 4057 est
2596 4003 2737 4073 ﬁlius
2767 4020 2906 4058 meus
2951 4002 3164 4078 (Matth.
3197 4020 3326 4071 xvtt,
3374 4006 3452 4075 5).

1850 4090 2009 4146 Petro
2055 4092 2317 4146 revelavit
2356 4101 2411 4147 ut
2454 4093 2680 4159 diceret,
2715 4093 2790 4148 Tu
2822 4112 2874 4149 es
2900 4095 3040 4165 ﬁlius
3082 4093 3179 4152 Dei
3202 4097 3366 4167 :quia
3402 4099 3452 4152 in

1848 4197 1914 4236 eo
1942 4183 2084 4252 quod
2112 4183 2329 4252 dicitur,
2369 4183 2469 4238 Hic
2495 4194 2589 4250 est,
2625 4186 2915 4243 revelantis
2942 4187 3201 4243 indicium
3241 4197 3358 4256 est;
3397 4189 3449 4243 in

1848 4293 1915 4333 eo
1942 4292 2072 4333 vero
2112 4280 2256 4349 quod
2287 4280 2670 4351 respondetur,
2700 4280 2778 4336 Tu
2808 4298 2879 4348 es,
2911 4284 3221 4339 confitentis
3251 4284 3455 4353 agnitio

1850 4386 1953 4430 est.
1984 4373 2157 4445 Super
2198 4376 2335 4428 hanc
2378 4374 2539 4445 igitur
2570 4373 2929 4432 confessionis
2958 4384 3168 4446 petram
3197 4376 3457 4433 Ecclesiae

1920 4558 1989 4633 (f)
2031 4560 2157 4633 Mss.
2208 4559 2329 4633 Vat.
2364 4559 2477 4633 bas.
2517 4557 2809 4633 etgblart"
2859 4559 3070 4629 coepisse
3114 4575 3182 4615 ea:
3225 4557 3458 4617 Deo:et

1849 4628 1996 4697 Inois,
2027 4635 2081 4688 in
2111 4632 2348 4686 doctrina
2378 4630 2478 4702 ﬁlii
2507 4628 2603 4685 Dei
2635 4630 2779 4702 ﬁdei,
2809 4639 2912 4684 etc.

1919 4706 1994 4778 (ῃ)
2035 4704 2203 4759 Abest
2250 4706 2302 4758 in
2332 4700 2523 4757 a‘tnss.
2578 4703 2691 4756 bas.
2725 4700 2846 4756 Vat.
2897 4701 3028 4758 Vide
3059 4702 3155 4761 lib.
3186 4719 3240 4771 ι,
3295 4719 3352 4759 ιι.
3386 4706 3455 4762 10

1849 4777 2019 4832 etii.

1920 4848 1998 4919 (h)
2042 4844 2179 4919 Editi
2209 4852 2436 4919 excepto
2481 4843 2602 4919 Par.
2632 4855 2686 4919 et
2723 4846 2965 4919 nonnulli
3009 4846 3326 4902 recentioris
3353 4849 3453 4905 aevi

1849 4914 1988 4973 mss.
2014 4916 2216 4989 publica
2256 4914 2489 4970 scientia.
2523 4915 2716 4970 Verius
2755 4917 2844 4971 alii
2894 4918 3036 4985 libri,
3069 4919 3274 4987 publica
3330 4935 3449 4975 con-

1846 4988 2077 5057 scientia,
2110 4988 2159 5041 id
2193 4996 2292 5051 est,
2316 4990 2468 5055 cujus
2496 4989 2658 5043 etiam
2689 4990 2880 5056 vulgus
2904 4994 3181 5045 conscium
3196 5001 3297 5045 est.
3335 4993 3444 5056 Sic,

1848 5060 1944 5116 lib.
1985 5079 2021 5116 ll
2072 5060 2135 5113 ad
2180 5060 2492 5124 Consmnt.,
2545 5076 2597 5111 ιι.
2635 5060 2720 5119 10.
2773 5070 2924 5129 rogat
2971 5061 3203 5115 Hilarius
3252 5073 3307 5116 ut
3348 5065 3448 5117 sibi

1844 5133 2003 5186 liceat
2030 5133 2097 5187 de
2126 5131 2230 5184 lide
2261 5131 2528 5185 disserere
2548 5132 2641 5184 sub
2670 5133 2871 5199 publica
2894 5134 3205 5187 conscientia
3229 5149 3248 5187 :
3275 5145 3329 5189 et
3352 5134 3443 5189 lib.

1845 5215 2033 5259 contra
2060 5205 2456 5261 Consmnuum.
2508 5218 2563 5256 ιι.
2594 5202 2649 5266 2.
2684 5211 2920 5257 renuunt
2964 5204 3202 5259 Ita-retici
3261 5207 3311 5259 in
3359 5205 3449 5259 Bi-

1847 5276 2079 5331 terrensi
2110 5274 2339 5328 concilio
2366 5273 2551 5328 audire
2587 5276 2654 5328 ab
2685 5275 2800 5343 ipso
2830 5276 3054 5343 ingesta,
3085 5277 3318 5331 timentes
3345 5293 3444 5346 pu-

1845 5347 1990 5401 blica:
2016 5346 2355 5401 conscientitr.

1918 5420 1983 5489 (i)
2030 5420 2083 5474 In
2132 5418 2319 5471 codice
2369 5416 2637 5489 Vaticanus.
2687 5416 2948 5482 basilicm,
3000 5417 3252 5489 deferens,
3301 5421 3444 5489 quod

1848 5488 2075 5561 primum
2104 5490 2375 5543 arridebat
2408 5506 2421 5542 :
2451 5488 2545 5544 sed
2580 5489 2710 5544 nihil
2733 5501 2816 5543 est
2845 5505 2941 5543 cur
2965 5492 3034 5543 ab
3065 5488 3293 5544 aliorum
3322 5506 3447 5548 con-

1844 5577 2008 5616 sensu
2037 5561 2397 5616 discedamus.
2448 5561 2630 5632 Longe
2676 5561 2851 5616 minus
2894 5564 3069 5629 placet
3106 5571 3289 5630 postea
3322 5579 3442 5619 cum

1844 5634 2035 5689 eodem
2077 5649 2177 5688 ms.
2220 5634 2357 5703 quod
2400 5644 2471 5687 est
2498 5635 2553 5688 in
2575 5649 2856 5687 commune.
2884 5633 3055 5687 Porro
3083 5649 3268 5688 vocem
3301 5635 3446 5691 Filio

1846 5707 1896 5779 in
1926 5708 2085 5761 tertio
2106 5721 2254 5769 casu,
2282 5719 2345 5759 ac
2373 5709 2671 5779 proximum
2697 5706 2920 5759 verbum
2944 5707 3190 5779 deferenti
3213 5707 3263 5759 in
3288 5719 3445 5763 sexto

1844 5777 2213 5847 intelligimus,
2242 5777 2416 5846 quasi,
2452 5777 2502 5829 in
2537 5775 2689 5830 Petro
2716 5792 2835 5830 cum
2865 5775 3023 5847 defert
3054 5776 3213 5832 Filio.

1917 5850 1995 5920 (j)
2036 5849 2323 5918 EXemplar
2348 5847 2528 5915 Mart.,
2551 5864 2614 5902 ea:
2637 5851 2954 5920 confessione
2974 5849 3139 5905 honor
3160 5860 3207 5904 et
3227 5849 3359 5904 laus.
