4040 6328
618 312 726 372 ‘187

1836 309 2085 369 SANCTI
2124 308 2382 369 lllLMlIl
2406 308 2715 371 EPISCOPI
3764 334 3832 389 188

614 426 904 488 aedificatio
927 438 1010 486 est
1037 427 1193 501 (για.
1220 426 1311 484 lib.
1339 442 1401 497 ιι,
1431 442 1486 483 n.
1514 424 1608 498 εδ,
1632 434 1680 482 et
1704 442 1821 500 cap.
1852 426 1920 483 16
1940 426 1994 482 in
2023 423 2213 481 Matth.
2240 430 2295 492 Α
2320 424 2425 483 hoc
2448 427 2640 485 beatus
2668 437 2777 487 est.
2805 428 2937 487 Haec
2965 432 3229 491 revelatio
3253 432 3428 494 Patris
3456 447 3554 509 est,
3581 438 3672 498 hoc
3691 442 3833 503 Eecle.

616 538 672 578 η.
707 523 787 597 7).
819 522 924 578 Sed
953 536 1147 578 sensus
1189 520 1370 577 carnis
1415 530 1472 578 et
1509 520 1811 591 sanguinis,
1859 518 2220 577 confessionis

618 618 779 689 hujus
806 617 1222 689 intelligentiam
1254 632 1361 674 non
1400 616 1629 673 revelat.
1660 615 1776 674 Hoc
1798 624 1883 673 est
1903 615 2098 672 divina:
2129 632 2218 671 re-

617 710 906 767 velationis
948 722 1388 778 sacramentum,
1438 708 1715 766 Christum
1751 710 1845 766 Dei
1896 710 2064 765 filium
2112 723 2219 764 non

615 807 792 863 solum
815 821 1153 876 nuncupare,
1186 804 1284 861 sed
1316 803 1563 860 credere.
1595 803 1702 860 Aut
1730 803 1988 874 numquid
2015 817 2226 859 nuncu-

617 902 761 970 patio
790 899 970 969 potius
999 914 1161 971 quam
1191 908 1383 954 natura
1407 898 1566 953 Petro
1590 897 1826 954 revelata
1847 896 1970 951 est?
1998 895 2058 953 Si
2085 912 2222 951 nun-

614 994 867 1063 cupatio;
912 994 1023 1064 jam
1072 994 1211 1048 hanc
1254 1007 1283 1046 a
1315 992 1543 1047 Domino
1588 991 1903 1061 frequenter
1948 988 2217 1055 audierat,

619 1101 743 1143 esse
772 1102 834 1144 se
857 1088 953 1144 Dei
980 1087 1147 1143 filium
1173 1090 1488 1142 confitente.
1515 1086 1573 1142 In
1601 1101 1706 1156 quo
1727 1100 1856 1155 ergo
1877 1082 2223 1139 revelationis

613 1188 699 1235 est
725 1180 940 1251 gloria“!
972 1179 1049 1256 (α)
1094 1179 1311 1235 Naturze
1337 1179 1568 1245 scilicet,
1620 1193 1727 1233 non
1773 1176 2047 1244 nominis;
2099 1191 2221 1233 cum

616 1271 960 1344 frequentata
990 1274 1227 1328 nominis
1252 1272 1518 1343 professio
1543 1271 1653 1344 jam
1686 1271 1896 1327 fuisset.

694 1367 783 1421 57.
828 1365 974 1421 Petri
999 1367 1129 1436 ﬁdes
1156 1370 1564 1422 commendatur.
1593 1394 1665 1407 -—
1690 1366 1817 1423 Hmc
1840 1367 1995 1431 fides,
2031 1365 2222 1423 Eccle-

614 1458 712 1515 size
750 1457 1153 1515 fundamentum
1198 1470 1285 1515 est
1312 1478 1325 1514 :
1354 1474 1449 1530 per
1482 1459 1619 1515 hanc
1656 1458 1816 1515 fidem
1861 1459 2101 1515 infirmes
2125 1458 2223 1532 (al.
2266 1508 2277 1515 .

617 1551 868 1623 infirmae)
909 1550 1170 1607 adversus
1205 1567 1326 1608 eam
1369 1560 1495 1608 sunt
1543 1561 1714 1623 porta:
1745 1550 2064 1608 inferorum.
2097 1551 2226 1607 Huic

616 1646 752 1702 fides
774 1648 923 1717 regni
968 1647 1209 1702 caelestis
1255 1646 1418 1701 habet
1443 1646 1644 1701 claves.
1678 1645 1805 1702 Hmc
1850 1645 1984 1701 fides
2024 1661 2145 1716 qua:
2170 1646 2223 1702 in

617 1741 779 1795 terris
807 1740 1033 1797 solverit
1060 1748 1151 1795 aut
1177 1739 1447 1813 ligaverit,
1476 1748 1532 1797 et
1560 1740 1725 1811 ligata
1764 1741 1819 1795 in
1840 1739 1995 1796 caelis
2020 1748 2148 1795 sunt
2173 1748 2229 1796 et

2321 524 2417 579 size
2447 523 2857 582 fundamentum
2878 536 2982 593 est,
3017 527 3135 585 hate
3161 533 3427 589 securitas
3465 536 3743 601 teternitatis
3761 552 3833 598 est.

2324 614 2462 671 llinc
2489 618 2637 689 regni
2672 619 2935 676 caelorum
2985 621 3149 678 habet
3172 623 3371 693 claves,
3404 625 3526 684 hinc
3554 640 3735 688 terrena
3753 635 3839 705 ejus

2320 708 2543 781 judicia,
2577 712 2645 785 (ι’)
2684 712 2886 784 judicia
2917 716 3160 774 ctelestia
3181 729 3327 775 sunt.
3369 721 3738 783 Saerameutum
3765 744 3832 787 oc-

2322 803 2526 860 cultum
2544 803 2640 875 (al.
2664 809 3016 883 occultatum)
3036 826 3066 867 a
3089 814 3300 870 saeculis
3320 813 3395 889 (g)
3419 831 3512 887 per
3533 821 3840 882 revelationem

2325 897 2536 967 didicit,
2570 899 2729 955 ﬁdem
2762 902 2975 961 locutus
3013 916 3118 972 est,
3170 916 3416 965 naturam
3448 916 3736 981 enuntiavit,
3774 919 3840 975 Dei

2325 990 2495 1046 lilium
2520 992 2805 1050 confessus
2843 1006 2946 1052 est.
2982 996 3095 1053 Hoc
3119 1000 3210 1069 qui
3238 1012 3535 1059 creaturam
3575 1008 3730 1077 potius
3750 1024 3843 1064 con-

2326 1083 2487 1141 fitens
2527 1097 2708 1159 negat,
2754 1088 2904 1159 prius
2929 1098 3013 1146 est
3054 1100 3112 1145 ut
3141 1102 3303 1164 neget
3347 1094 3490 1153 Petri
3534 1101 3841 1171 apostolalttttI,

2326 1178 2511 1247 ﬁdem,
2562 1181 2985 1252 beatitudinem,
3034 1187 3396 1244 sacerdotium
3423 1231 3439 1259 ,
3486 1195 3845 1267 martyrium:ct

2326 1285 2449 1344 post
2478 1275 2592 1333 lucc
2630 1292 2690 1332 se
2717 1277 2954 1334 alienum
2982 1294 3015 1335 ιι
3054 1281 3274 1338 Christo
3317 1298 3438 1341 esse
3479 1286 3843 1360 lntelligat,qm'a

2328 1365 2525 1424 Petrus
2550 1383 2674 1423 eum
2704 1367 2872 1425 ﬁlium
2898 1372 3183 1428 confessus
3208 1374 3324 1431 hare
3344 1378 3558 1433 meruit.

2399 1460 2493 1518 38.
2528 1460 2901 1518 Ilazt'eticorum
2929 1468 3182 1521 sententia
3229 1466 3387 1525 Petro
3416 1472 3601 1542 ignota.
3644 1471 3746 1528 Non
3774 1475 3844 1528 alia

2328 1555 2429 1609 nisi
2458 1553 2602 1611 Petri
2630 1556 2857 1627 ﬁdes.—
2884 1559 2967 1614 An
2991 1575 3079 1627 ne,
3103 1575 3137 1617 ο
3168 1562 3353 1629 miser,
3386 1565 3619 1636 quisquis
3640 1565 3842 1633 bodiccs,

2329 1646 2605 1721 bmretice,
2628 1650 2926 1708 beatiorem
2946 1654 3164 1709 Petrum
3188 1654 3427 1713 futurum
3451 1656 3608 1715 fuisse
3621 1659 3841 1723 existimas.

2328 1740 2377 1797 si
2407 1740 2664 1799 dixisset:
2697 1743 2777 1800 Tu
2806 1760 2867 1801 es
2902 1746 3152 1804 Christus
3183 1750 3421 1821 perfecta
3451 1752 3543 1809 Dei
3572 1764 3789 1818 creatura,
3810 1764 3846 1811 et

617 1834 794 1889 soluta
845 1832 1058 1905 (.llattlt.
1090 1848 1201 1900 xw,
1239 1832 1306 1889 l8
1351 1843 1398 1888 et
1450 1832 1567 1902 19).
1623 1833 1747 1888 flare
1807 1833 1940 1888 fides
1987 1844 2226 1904 paterna:
2256 1844 2305 1908 Β
2330 1837 2741 1906 supereminens
2763 1837 2986 1895 factoris
3011 1842 3264 1898 omnibus
3304 1843 3527 1915 factura,
3556 1853 3608 1901 et
3631 1845 3710 1916 qui
3728 1844 3847 1901 estti-

618 1926 969 1981 revelatiouis
992 1934 1076 1981 est
1106 1941 1324 1990 munus,
1354 1924 1631 1983 Christum
1663 1925 1740 1997 (b)
1768 1940 1883 1981 non
1916 1936 2221 1981 creaturam

616 2031 685 2075 ex
712 2017 881 2072 nihilo
898 2019 1136 2083 mentiri,
1158 2018 1251 2074 sed
1275 2018 1571 2073 secundum
1599 2018 1948 2089 proprietatis
1970 2027 2219 2073 naturam

617 2112 711 2168 Dei
737 2112 905 2167 filium
934 2113 1200 2168 confiteri.
1229 2110 1276 2170 0
1298 2114 1511 2168 miserae
1539 2114 1783 2167 stultitiae
1814 2111 1964 2167 furor
1992 2110 2213 2183 impius,

617 2221 726 2262 non
752 2205 1064 2277 intelligens
1093 2207 1266 2262 beata:
1306 2206 1605 2262 senectutis
1635 2205 1763 2262 fidei
1786 2221 1869 2276 lue
1900 2214 2222 2279 martyrem,

623 2295 697 2373 (ι’)
722 2308 776 2353 et
801 2306 1095 2369 martyrem
1124 2299 1367 2365 Petrum,
1396 2314 1495 2370 pro
1520 2315 1627 2370 quo
1674 2298 1837 2354 Pater
1873 2308 2093 2370 rogatus
2118 2304 2224 2365 est,

623 2393 776 2467 161
807 2408 876 2449 ne
904 2392 1036 2449 fides
1065 2392 1182 2464 ejus
1229 2395 1283 2449 in
1313 2394 1618 2451 tentatione
1645 2394 1907 2450 deficeret
1940 2411 1954 2450 :
1986 2393 2075 2464 qui
2121 2394 2223 2450 ite-

618 2499 735 2542 rata
757 2504 787 2542 a
811 2501 871 2543 se
900 2488 1214 2544 dilectionis
1252 2488 1304 2543 in
1342 2488 1510 2544 Deum
1542 2488 1827 2558 postulata:
1866 2485 2224 2557 professione,

623 2584 819 2638 tentari
863 2598 922 2639 se
948 2583 1126 2639 adhuc
1180 2593 1455 2653 tamquam
1497 2582 1809 2654 ambiguum
1859 2591 1915 2638 et
1959 2583 2225 2639 incertum

625 2677 783 2733 tertia
813 2677 1236 2751 interrogatione
1257 2679 1568 2750 congemuit
1600 2676 1778 2748 (Joan.
1809 2691 1931 2744 χιι,
1966 2676 2062 2746 17)
2089 2690 2104 2742 ;
2130 2690 2230 2747 per

621 2770 677 2827 id
706 2786 922 2843 quoque
947 2786 977 2826 a
1010 2771 1237 2827 Domino
1267 2770 1346 2844 (l)
1396 2778 1521 2843 post
1550 2769 1764 2825 tertiam
1796 2768 1879 2840 (ἀ)
1910 2767 2231 2824 tentationis

623 2867 997 2938 purgationem
1028 2866 1425 2932 inllrmitatum,
1479 2864 1644 2920 Pasce
1667 2881 1783 2921 oves
1810 2879 1971 2930 nicas,
2001 2873 2084 2921 ter
2110 2878 2229 2920 mc-

622 2960 759 3015 ritus
787 2959 1013 3015 audire:
1044 2960 1136 3031 qui
1178 2960 1230 3016 in
1261 2971 1577 3016 cunctorum
1605 2960 1975 3030 apostolorum
2007 2958 2231 3016 silentio

624 3052 719 3108 Dei
751 3051 919 3108 filium
952 3055 1281 3111 revelatione
1310 3054 1487 3111 Patris
1512 3052 1844 3124 intelligens,
1880 3055 2017 3110 ultra
2041 3054 2231 3110 huma-

622 3163 707 3204 nte
752 3147 1087 3205 infirmitatis
1133 3148 1352 3205 modum
1379 3191 1394 3217 ,
1455 3147 1953 3220 supereminentem
2001 3148 2228 3220 gloriam

2330 1928 2439 1984 hilo
2468 1944 2591 1985 esse
2616 1932 2850 2003 C(Bpisli,
2872 1941 2929 1989 et
2957 1948 3055 2004 per
3081 1935 3380 1992 bonitatem
3406 1937 3619 2008 Dei,qui
3638 1938 3846 1994 bonasso-

2325 2020 2411 2078 lus
2439 2030 2543 2089 est,
2568 2038 2765 2079 nomen
2796 2024 2889 2081 filii
2918 2026 3210 2098 adoptione
3239 2030 3507 2096 meruisti,
3538 2029 3612 2104 (li)
3631 2030 3846 2101 etquinatt

2328 2130 2395 2173 ex
2429 2116 2540 2173 Deo
2579 2129 2739 2176 natus
2768 2122 2867 2178 es?
2898 2121 2966 2178 Et
2992 2138 3182 2194 quzero
3203 2140 3232 2177 a
3258 2131 3330 2191 te,
3364 2123 3493 2193 quid
3520 2124 3761 2181 auditurus
3776 2124 3849 2178 fne-

2327 2212 2397 2268 rit
2433 2213 2588 2288 162
2612 2213 2726 2271 haec
2750 2215 2958 2285 dicens,
2983 2218 3073 2287 qui
3095 2215 3272 2274 audita
3296 2218 3549 2289 passione
3575 2217 3845 2288 respondens.

2329 2302 2410 2378 (2)
2442 2305 2710 2378 Propitius
2735 2309 2798 2383 (i)
2842 2310 2956 2380 tibi,
2986 2311 3211 2367 Domine
3230 2356 3245 2381 ,
3299 2328 3403 2368 non
3430 2314 3526 2369 erit
3548 2314 3673 2368 istud
3697 2310 3846 2383 (Matth.

2327 2413 2436 2466 XVI,
2459 2398 2577 2473 22),
2609 2400 2963 2469 audierit,sibi
2985 2403 3129 2459 dici:
3159 2403 3305 2460 Vade
3322 2415 3458 2459 retro
3482 2404 3553 2479 (j)
3580 2415 3679 2477 post
3703 2420 3778 2471 me,
3794 2418 3847 2457 ta.

2329 2500 2503 2560 tonas,
2527 2493 2829 2549 scandalum
2855 2496 2983 2550 mihi
3001 2512 3057 2553 es
3084 2495 3250 2570 (Ibid.
3267 2495 3406 2571 ιδῃ
3435 2497 3544 2555 Nec
3563 2498 3706 2555 Petro
3728 2506 3851 2550 tamen

2332 2587 2567 2644 humana
2599 2590 2900 2661 ignorantia
2928 2590 3162 2662 profecit
3200 2592 3266 2648 ad
3289 2594 3501 2650 crimen
3526 2609 3543 2660 ;
3586 2606 3680 2648 non
3699 2590 3805 2645 enim
3819 2588 3851 2643 ei

2332 2680 2491 2736 Pater
2515 2682 2692 2738 adhuc
2718 2698 2879 2740 omne
2910 2684 3182 2755 passionis
3206 2687 3528 2758 mysterium
3558 2685 3849 2744 revelaverat:

2332 2775 2427 2829 sed
2455 2772 2588 2830 fides
2617 2773 2694 2848 (5)
2723 2774 2799 2849 (lt)
2834 2791 3000 2847 parva
3035 2779 3360 2833 sententiam
3396 2777 3730 2833 damnationis
3746 2786 3854 2830 esce-

2332 2867 2431 2938 pit.
2454 2868 2563 2923 Cur
2592 2869 2751 2939 igitur
2777 2884 2885 2925 non
2915 2870 3054 2926 hanc
3074 2871 3438 2928 confessionis
3457 2871 3611 2927 fidem
3639 2869 3769 2926 Pater
3787 2866 3852 2921 Pc-

2334 2970 2419 3018 tro
2439 2962 2716 3030 revelavit,
2747 2975 3051 3020 creaturam
3080 2964 3289 3022 scilicet
3311 2972 3369 3020 et
3384 2960 3745 3036 adoptionem?
3763 2957 3854 3014 luri-

2333 3054 2433 3123 dit,
2456 3055 2644 3124 credo,
2673 3056 2763 3112 hic
2800 3057 2961 3114 Petro
2992 3058 3155 3127 Deus,
3187 3058 3324 3114 utin
3358 3070 3597 3130 tempora
3631 3054 3854 3129 posteriora

2332 3148 2717 3219 dissimulans,
2768 3150 2885 3207 huic
2936 3167 3078 3207 nunc
3120 3152 3270 3208 vobis
3313 3153 3473 3208 novis
3503 3147 3856 3223 prmdieatorihas

624 3242 799 3298 beatae
843 3242 971 3297 ﬁdei
1018 3256 1131 3298 sure
1175 3242 1525 3299 confessione
1577 3242 1911 3313 promeruit!
1955 3240 2013 3297 In
2068 3255 2227 3314 quam
2257 3247 2302 3311 C
2336 3251 2658 3300 reservaret.
2705 3244 2787 3300 Sit
2827 3260 2959 3301 sane
2986 3245 3119 3301 fides
3148 3245 3287 3315 alia,
3320 3245 3365 3301 si
3405 3246 3529 3301 alite
3575 3239 3855 3309 elavesregni

625 3349 770 3390 nunc
811 3333 1231 3403 interpretanda;
1259 3336 1413 3392 vocis
1444 3351 1555 3391 sum
1586 3335 1906 3392 deducimur
1930 3339 2230 3393 necessita-

628 3426 775 3482 tem?
805 3426 897 3482 llle
922 3427 1203 3483 confessus
1234 3438 1316 3484 est
1339 3425 1613 3484 Christum
1644 3428 1815 3483 filium
1847 3428 1942 3484 Dei
1969 3445 1984 3483 :
2014 3439 2071 3483 at
2100 3428 2232 3485 mihi

626 3526 684 3574 tu
710 3517 895 3585 hodie,
927 3520 1051 3574 novi
1091 3521 1425 3590 apostolatus
1456 3519 1689 3577 mendax
1732 3520 2116 3590 sacerdotium,
2145 3523 2230 3577 iu-

626 3613 772 3683 geris
803 3611 1072 3667 Christum
1115 3627 1182 3668 ex
1211 3612 1384 3668 nihilo
1418 3624 1746 3669 creaturam.
1794 3612 1968 3682 Quam
2017 3614 2123 3669 vim
2154 3613 2233 3670 af-

628 3701 741 3760 fers
783 3703 942 3761 dictis
972 3704 1051 3776 (e)
1080 3704 1375 3777 gloriosis?
1419 3704 1616 3762 Filium
1674 3705 1768 3762 Dei
1795 3707 2114 3775 confessus,
2160 3707 2232 3763 ob

704 3868 780 3941 (l)
823 3866 949 3925 Post
993 3867 1196 3924 tertiam
1229 3867 1523 3924 tentationis
1560 3869 1925 3941 purgationum
1952 3865 2233 3937 inﬁrmita-

631 3949 754 3997 tem.

702 4083 776 4158 (η)
818 4083 942 4158 Mss.
973 4082 1137 4140 Vind.
1165 4092 1220 4138 et
1246 4081 1376 4138 Silv.
1398 4083 1463 4158 in
1492 4090 1679 4136 natura
1708 4080 1940 4158 scilicet,
1953 4080 2096 4158 _quia
2139 4094 2233 4158 no-

626 4152 784 4212 minis
828 4157 1147 4227 frequentata
1188 4155 1464 4227 professio,
1515 4164 1649 4227 etc.,
1699 4154 1866 4227 male,
1909 4152 2000 4227 Sic
2051 4154 2231 4227 potius

628 4223 947 4285 vertendum
980 4229 1083 4283 hoc
1108 4223 1248 4283 foret
1275 4223 1296 4280 ε’
1321 4227 1372 4301 in
1401 4241 1466 4301 eo
1497 4226 1704 4301 scilicet
1728 4223 1871 4297 quod
1902 4223 2123 4281 factaci
2157 4225 2233 4282 sit

631 4302 892 4356 revelatio
920 4309 1145 4364 naturm,
1178 4313 1284 4352 non
1319 4296 1576 4361 nominis,
1608 4306 1714 4352 etc.

706 4371 784 4440 (b)
826 4370 880 4425 In
929 4372 1076 4440 prius
1103 4370 1356 4442 vulgatis,
1401 4385 1504 4423 non
1530 4379 1818 4423 creaturam
1855 4368 2013 4425 novit.
2064 4366 2234 4424 Abest

632 4445 771 4499 novit
797 4459 825 4496 ιι
857 4457 985 4498 mss.

707 4514 893 4587 (cllo,
922 4512 1242 4587 quibusdam
1293 4525 1427 4587 mss.
1474 4526 1581 4567 non
1628 4509 1897 4587 repetitur
1941 4518 2236 4587 etmartg-

630 4579 769 4651 rem,
794 4579 1136 4641 librariorum
1187 4584 1434 4641 incuria:
1465 4598 1569 4653 qua
1609 4596 1741 4638 voce
1771 4579 1858 4639 hic
1905 4581 2045 4637 testis
2073 4579 2236 4638 intel-

635 4658 841 4715 liaitur.

676 4674 991 4803 _g(ltlll)'rl.ta_ex
1022 4744 1126 4803 ms.
1150 4726 1313 4803 Cth.
1347 4724 1650 4803 faventibus
1695 4724 1834 4781 aliis.
1884 4721 2087 4803 Sensus
2119 4720 2235 4782 fere

2335 3335 2597 3391 caelorum
2621 3345 2766 3391 sunt.
2797 3337 2880 3392 Sit
2902 3338 3034 3393 fides
3057 3337 3181 3401 alia,
3208 3339 3253 3392 si
3284 3337 3529 3394 Ecclesia
3556 3336 3656 3392 alia
3673 3342 3742 3391 est
3762 3330 3859 3387 fruti-

2335 3442 2417 3493 ra,
2444 3428 2730 3484 adversum
2762 3444 2923 3500 quam
2962 3437 3131 3499 portte
3160 3428 3360 3496 inferni
3400 3445 3513 3485 non
3543 3424 3857 3500 praevalebunt.

2335 3518 2415 3576 Sit
2444 3519 2576 3576 fides
2607 3520 2710 3575 alia
2733 3562 2750 3589 ,
2797 3522 2842 3576 si
2876 3521 2982 3577 erit
3006 3521 3146 3576 alius
3168 3520 3531 3591 apostolatus,
3563 3520 3704 3591 ligata
3728 3526 3771 3572 et
3799 3528 3857 3568 εθ-

2337 3614 2444 3669 luta
2474 3629 2570 3684 per
2595 3630 2654 3670 se
2682 3614 2735 3669 in
2762 3624 2926 3680 terra,
2952 3612 3123 3685 ligans
3151 3614 3205 3669 in
3242 3614 3385 3671 coelo
3413 3624 3575 3686 atque
3596 3605 3861 3669 solvensso

2336 3705 2472 3764 fides
2496 3707 2623 3776 alia,
2665 3708 2711 3764 si
2749 3707 2999 3764 Christus
3027 3707 3167 3764 alius
3207 3707 3303 3765 Dei
3333 3706 3498 3777 filius,
3541 3714 3717 3782 prater
3748 3712 3859 3774 qualn

2409 3864 2490 3941 (2)
2525 3866 2786 3941 l_’r0pitius
2812 3866 2900 3922 tibi
2920 3846 3193 3922 Dominus.

2410 3938 2490 4012 ('5)
2521 3938 2712 3995 Praua.

2368 4090 2515 4138 attun
2544 4097 2668 4139 esse
2694 4098 2723 4137 a
2752 4083 2888 4139 trina
2914 4083 3223 4154 negatione,
3251 4097 3353 4154 qua
3386 4088 3589 4139 tentata
3616 4094 3676 4137 ac
3697 4075 3859 4154 profui:

2361 4165 2513 4210 uerat
2544 4154 2711 4225 ipsius
2752 4149 3057 4225 infirmitas.
3083 4154 3235 4224 Quod
3264 4149 3568 4210 illustratur
3590 4154 3667 4210 his
3693 4149 3859 4225 Ambro-

2337 4220 2399 4281 sii
2428 4226 2518 4281 lib.
2546 4215 2580 4282 ἦ
2605 4226 2671 4282 de
2697 4225 2827 4282 Fille
2859 4244 2911 4282 tt.
2946 4222 3002 4293 9,
3034 4215 3247 4283 verbis:
3285 4225 3373 4280 Est
3406 4225 3589 4280 Petrus
3624 4223 3760 4297 ipsius
3789 4215 3861 4297 DQ.

2338 4299 2463 4352 mini
2508 4297 2576 4351 ad
2617 4299 2925 4372 pascendum
2953 4316 3157 4372 grgcgem
3184 4300 3374 4372 electus
3396 4293 3739 4372 judiciotflui
3760 4293 3862 4372 {emo

2336 4380 2575 4438 uteretur,
2610 4364 2792 4433 Pasce,
2834 4364 2975 4425 etc."
2994 4364 3258 4424 Pascmdo
3284 4364 3413 4424 bene
3448 4369 3561 4425 cibo
3582 4366 3691 4437 ﬁdei
3711 4364 3863 4431 culpam

2337 4441 2514 4511 lapsus
2541 4443 2727 4514 prioris
2753 4442 2988 4514 aboleuit.
3008 4440 3075 4495 Et
3105 4442 3216 4496 ideo
3247 4441 3393 4514 tertio
3421 4440 3706 4496 admonetur
3727 4443 3766 4487 ut
3784 4447 3865 4514 post

2338 4507 2449 4578 cat,
2503 4507 2648 4568 tértio
2682 4524 2849 4569 utrum
2901 4512 3179 4585 Dominum
3224 4513 3406 4585 diligat
3461 4507 3866 4582 interrogaturntl

2338 4600 2487 4660 quem
2513 4586 2805 4660 tfrtioante
2838 4602 3037 4660 crucem
3065 4581 3355 4660 negaverai,
3390 4584 3535 4660 tertio
3562 4581 3791 4660 fateretur:

2412 4653 2483 4739 (ε)
2514 4653 2635 4714 Vat.
2671 4656 2946 4739 basznts”
2980 4657 3035 4711 in
3063 4647 3391 4729 gloriamini
3407 4647 3596 4725 filiuni,
3621 4664 3735 4718 etc.,
3754 4647 3863 4703 Mart.

2338 4727 2589 4804 gloriosus
2611 4729 2745 4804 enim
2770 4727 2956 4804 filiam.

632 4787 780 4855 idem
798 4799 1084 4857 exhibetur
1111 4796 1167 4854 in
1192 4798 1401 4853 duolms
1427 4798 1619 4864 Vatic.,
1652 4800 1999 4870 postAtcrtiam
2038 4814 2232 4868 purga-
2260 4793 2315 4855 D
2338 4787 2363 4804 ν
2414 4800 2481 4870 ff)
2509 4799 2562 4854 In
2586 4801 2736 4869 prius
2764 4787 2989 4870 vulgatis
3013 4797 3180 4861 semel
3215 4805 3423 4854 tantum
3442 4797 3679 4855 exstabat
3701 4787 3865 4861 iudicia.

634 4873 820 4928 tionem
852 4873 1145 4926 tentationis
1173 4869 1485 4940 inﬁrmitatis
1509 4885 1529 4924 :
1557 4879 1612 4925 at
1642 4868 1956 4925 vocabulum
1990 4870 2228 4940 tentatio-y

631 4945 712 4998 nis
742 4943 806 5000 ad
839 4944 1108 5010 duplicem
1156 4938 1299 4996 Petri
1341 4942 1690 4997 teutationem
1732 4943 1957 4996 relatum
1987 4982 2000 5007 ,
2052 4938 2132 4996 sic
2161 4939 2228 4996 ad

635 5031 794 5071 unam
824 5016 1181 5086 restringitur.
1212 5013 1268 5086 In
1311 5013 1608 5068 vetustiore
1641 5029 1742 5086 ms.
1772 5011 1926 5069 Colb.
1959 5022 2014 5067 et
2039 5010 2227 5086 Germ.

634 5096 748 5157 post
775 5088 975 5142 tertiam
994 5083 1286 5157 tentationis
1311 5085 1673 5155 purgationunt
1692 5084 2068 5157 in[irtttitatunt.
2097 5083 2231 5139 lluic

632 5155 1125 5215 censentiuntalius
1139 5156 1297 5211 Colb.
1318 5172 1522 5211 necnon
1551 5155 1919 5223 Prat.,Viml.,
1948 5155 2081 5211 Silv.
2105 5170 2229 5210 eum

633 5231 763 5287 edit.
794 5230 928 5293 Bad,
961 5240 1016 5286 et
1040 5229 1161 5284 Par.
1187 5229 1284 5281 nisi
1316 5227 1459 5298 quod
1491 5226 1711 5290 habent,
1744 5226 2110 5297 inﬁrmitatem.
2137 5225 2232 5283 His

632 5302 845 5358 aetzedit
865 5302 1135 5371 antiquior
1169 5299 1375 5371 llemig.
1419 5308 1531 5369 post
1546 5298 1761 5371 tertiam
1791 5299 2082 5371 tentationis
2108 5314 2234 5371 pur-

631 5376 850 5445 gationis
902 5366 1273 5444 infirmitatem.
1328 5366 1496 5445 Atio
1525 5370 1773 5445 Carum,
1822 5369 1984 5438 Tell.,
2018 5366 2227 5445 Theod.

630 5441 687 5503 et
712 5448 819 5503 alio
849 5441 1081 5517 Retuig.,
1117 5453 1235 5517 post
1256 5443 1463 5517 tentiam,
1493 5441 1785 5517 tentationis
1827 5444 2184 5517 purgationem
2210 5457 2230 5496 :

632 5532 729 5587 pro
746 5518 941 5589 quibus
968 5510 1425 5589 apud;B:id.,Er.,
1452 5515 1638 5573 intus.
1670 5510 1850 5589 Mart;
1884 5510 1946 5568 in
1968 5529 2074 5569 uno
2104 5513 2232 5589 _Sor-

633 5585 777 5653 honf
798 5600 852 5647 et
885 5590 937 5643 in
969 5590 1076 5651 alio
1100 5587 1260 5643 Colb.
1305 5586 1534 5657 legitur,
1568 5594 1678 5655 post
1705 5585 2232 5657 tertiant‘tentatimtis

634 5661 1003 5731 inﬁrmitatem.
1030 5669 1108 5716 Ex
1128 5659 1288 5716 variis
1310 5659 1415 5716 illis
1444 5657 1766 5713 lectionibus
1798 5657 1986 5729 seliget
2005 5659 2231 5731 quisque

635 5730 757 5803 qua:
806 5734 974 5803 magis
1004 5732 1266 5789 arriserit.
1301 5732 1472 5800 Quam
1500 5740 1678 5786 autem
1730 5732 2082 5803 prmtttlinuts,
2127 5730 2230 5803 hoc

636 5800 817 5868 sonat,
847 5800 1065 5867 Petrum
1090 5812 1215 5876 post
1253 5805 1464 5873 tertiam
1489 5802 1999 5876 interrogationem,
2023 5817 2086 5857 ac
2113 5800 2228 5859 vel-

641 5877 722 5935 uti
750 5863 1126 5949 mutationem,
1152 5866 1257 5949 qua
1282 5866 1504 5950 probata
1530 5885 1614 5941 eat
1636 5863 1783 5941 illitis
1799 5863 2067 5949 Charitas,
2096 5889 2233 5953 pur-

2332 4870 2474 4942 quod
2500 4872 2799 4941 elegantius
2826 4888 2958 4926 mss.
2994 4879 3267 4940 repetunt.

2405 4940 2484 5015 (g)
2508 4938 2699 5015 luitis.
2736 4943 2855 4999 Vat.
2887 4944 3027 5011 bas.,
3060 4938 3150 5015 per
3182 4938 3679 5015 revelationenrDei.
3816 5003 3825 5013 .

2405 5012 2486 5085 (li)
2517 5013 2679 5078 Editi,
2708 5024 2755 5068 et
2780 5016 2901 5085 quia
2932 5030 3032 5069 non
3060 5012 3084 5069 ':
3113 5015 3293 5071 minus
3318 5012 3657 5072 consentiunt
3681 5015 3870 5085 superw'

2335 5082 2990 5161 filius,etquicxiniltilo,
3024 5095 3129 5161 etc.
3541 5158 3570 5161 _
3629 5157 3637 5161 _
3740 5082 3753 5093 ’
3836 5141 3847 5161 Ι

2406 5156 2467 5229 (i)
2490 5156 2565 5212 lta
2593 5157 2761 5212 codex
2793 5159 2908 5214 Vat.
2938 5159 3057 5214 bas.
3076 5157 3235 5229 juxta
3254 5172 3509 5227 grmcum,
3537 5157 3676 5229 iisti»;
3692 5173 3776 5229 δῖοι,
3802 5154 3869 5200 κθ·
3912 5154 3929 5169 ’

2332 5224 2764 5308 pis','faventihus
2792 5246 2923 5308 mss.
2957 5224 3437 5308 _Mariin.,_l_§emig.
3478 5224 3871 5308 διλξὴᾳοάηῃζξ·

2336 5295 2493 5373 pitius
2537 5300 2630 5359 tibi
2658 5311 2786 5373 esto,
2813 5300 3051 5355 Domine.
3081 5300 3137 5356 In
3183 5301 3302 5373 aliis
3330 5295 3507 5373 tamen
3541 5298 3682 5353 libris
3721 5295 3868 5373 ferlllr.

2338 5361 2589 5443 prapitius
2608 5373 2695 5427 tibi
2718 5361 2989 5439 Dominus,
3017 5373 3115 5425 nisi
3144 5372 3289 5442 quod
3316 5373 3369 5425 in
3391 5371 3553 5428 Caro.
3584 5361 3868 5443 οξειᾳιρίιιετ

2336 5434 2443 5500 non
2464 5443 2738 5501 Dominus.
2774 5446 2843 5500 At
2866 5434 2987 5514 cap;
3019 5444 3108 5511 l6,
3136 5434 3188 5499 in
3228 5445 3411 5500 Matth.
3448 5458 3595 5499 nunt.
3619 5442 3671 5506 9,
3697 5434 3871 5490 habetur

2329 5516 2482 5588 juxta
2513 5516 2819 5587 Vulgatam,
2845 5517 2973 5571 absit
3000 5527 3122 5582 ate,
3154 5514 3395 5571 Domine.
3600 5582 3659 5588 ___
3680 5580 3692 5588 _
3749 5576 3759 5588 .

2408 5568 2483 5663 ei
2504 5568 2931 5663 ,I'ni'ﬁisfiala'rjtl
2959 5568 3311 5663 uesanam
3478 5601 3573 5663 "39
3600 5576 3785 5663 ιίιιοείε
3805 5568 3871 5624 θα·

2336 5650 2516 5717 ῐιθὶἦὶει
2544 5660 2609 5717 ad
2646 5676 2796 5716 num.
2829 5660 3069 5729 10,,Cap.
3098 5656 3164 5715 16
3195 5650 3395 5715 comi-lt.
3421 5658 3471 5714 in
3498 5650 3677 5713 Matii).

2412 5716 2488 5805 (lt)
2517 5730 2664 5814 liss"
2694 5732 2885 5811 (Iarn.,_
2903 5716 3114 5814 licuiig.
3142 5746 3203 5799 ac
3233 5731 3581 5814 Iollmprav‘a
3609 5744 3627 5783 :

2337 5796 2809 5941 ξιᾴιιυῑρρεοιειι,
2858 5796 2917 5863 in
2945 5796 3192 5879 proxim
3225 5796 3435 5863 dictant"
3480 5804 3599 5871 est,
3639 5796 3872 5887 actione

2394 5891 2535 5941 lena.
2884 5886 2895 5902 ’

2394 5886 2535 5942 lenas
2884 5886 2895 5902 ’
