4040 6328
182 380 275 438 19⁸)

1360 370 1448 428 DE
1487 365 1862 427 TRINITATE
1901 352 2103 423 LlBER
2145 364 2233 422 VI.

3369 344 3469 408 tau

179 502 260 572 qui
300 506 404 565 est,
432 496 831 568 prm‘dicabitur.
880 493 973 550 Si’u
1004 507 1132 549 vero
1159 492 1275 547 haec
1305 489 1437 546 lides
1462 489 1598 556 sola,
1627 500 1760 543 con-
1786 491 1836 553 Α
1865 491 1977 538 tum
2007 482 2173 537 lilium
2205 479 2441 538 Joannes
2490 478 2644 546 dixit,
2672 493 2779 535 non
2807 483 3110 533 creaturam
3151 467 3463 541 perlectam.

177 595 309 650 fessa
328 591 599 648 Christum
629 592 718 645 [rei
748 589 942 654 ﬁlium,
967 588 1206 643 omnium
1230 581 1621 641 beatitudinum
1650 579 1767 651 glo-

176 687 303 742 riam
330 685 526 739 meruit
554 684 605 738 in
634 682 824 748 Petro;
860 694 1081 736 necesse
1128 687 1212 735 est
1255 686 1314 733 ut
1352 690 1414 733 ea
1437 717 1452 744 ,
1484 691 1604 747 qua:
1644 687 1767 728 eum

160 774 463 835 ‘creaturam
482 778 655 847 potius
674 791 740 831 ex
756 776 922 829 nihilo
936 771 1487 840 contitebitur,elaves
1507 770 1651 840 regni
1666 783 1771 847 clm-

178 874 341 929 lorum
367 888 471 926 non
499 870 573 943 (α)
599 870 812 941 adepta,
832 868 1223 925 etcxtratidem
1252 882 1311 921 ac
1332 868 1583 920 virtutem
1611 840 1770 932 apos-

177 966 381 1020 tolicam
403 962 909 1033 Constituta,(b)nec
933 960 1170 1016 Ecclesia
1196 959 1266 1013 sit
1289 959 1401 1023 illa,
1419 970 1517 1013 nec
1543 954 1765 1011 Christi.

237 1055 325 1111 39.
356 1052 584 1108 Joannes
606 1052 806 1108 Filium
826 1054 1144 1125 unigenitum
1177 1051 1441 1122 proﬁteris,
1476 1049 1769 1120 adaptivum

173 1151 387 1222 negauit.
414 1178 486 1190 -—
512 1147 860 1204 Proferamus
886 1147 1067 1216 itaque
1092 1159 1281 1200 omnes
1303 1141 1616 1214 apostolica:
1644 1140 1769 1195 ﬁdei

175 1241 563 1314 professiones,
597 1240 650 1294 in
682 1239 879 1310 quibus
910 1238 1003 1294 Dei
1054 1237 1222 1292 ﬁlium
1255 1238 1577 1292 ceulitentes
1602 1276 1616 1299 ,
1660 1250 1766 1288 non

174 1336 474 1406 adoptionis
509 1335 565 1388 in
603 1347 670 1389 eo
696 1347 892 1390 nomen
923 1373 939 1402 ,
993 1332 1087 1387 sed
1142 1342 1347 1386 natura:
1380 1328 1768 1402 proprietatem

174 1428 525 1493 confitentur;
557 1442 732 1497 neque
751 1424 1041 1482 creationis
1066 1424 1119 1478 in
1146 1438 1213 1480 eo
1241 1424 1647 1494 ignobilitatem,
1675 1421 1770 1477 sed

174 1521 463 1578 nativitatis
490 1521 716 1593 gloriam
770 1528 1160 1588 proteStantur.
1213 1517 1490 1587 Loquatur
1534 1516 1771 1571 Joannes

172 1616 245 1671 sic
265 1631 437 1686 usque
463 1614 529 1670 ad
556 1613 845 1670 adventum
873 1611 1083 1667 Domini
1113 1624 1357 1678 manens,
1386 1620 1441 1666 et
1462 1609 1563 1665 sub
1592 1622 1772 1663 sacra-

175 1720 351 1765 mento
394 1708 593 1763 divinae
639 1707 930 1763 voluntatis
970 1705 1189 1762 relictus
1243 1703 1316 1777 (c)
1349 1714 1404 1759 et
1444 1705 1768 1775 deputatus,

174 1804 291 1859 dum
317 1817 425 1858 non
451 1817 624 1871 neque
652 1816 756 1857 non
797 1803 934 1856 mori
963 1799 1161 1856 dicitur
1188 1808 1242 1854 et
1274 1812 1516 1853 manere.
1560 1797 1772 1867 Loqua-

1872 578 1991 635 Non
2016 577 2280 649 ignoravit
2313 578 2429 631 haec
2460 574 2808 643 blasphemiae
2837 571 3074 634 nomina,
3108 565 3333 620 dicens:
3366 561 3469 631 Qui

1870 674 2017 729 estin
2046 674 2159 727 sinu
2186 668 2360 725 Patris
2380 686 2399 736 ;
2422 678 2473 723 et
2500 684 2527 722 a
2551 668 2780 723 Dmnino
2806 680 2904 720 suo
2927 662 3186 717 audiens:
3226 658 3317 715 Sic
3339 654 3471 710 tuin”:

1871 768 2052 823 dilexit
2092 766 2345 820 mundum
2378 762 2531 827 Deus,
2574 761 2644 835 (ι’)
2673 764 2742 816 ita
2773 774 2823 814 ut
2863 759 3027 830 ﬁlium
3055 771 3204 811 suum
3233 752 3312 824 (Ξ)
3351 751 3473 806 uni-

1871 862 2093 937 genitum
2121 860 2267 914 daret
2294 874 2313 913 :
2341 868 2396 912 ut
2423 857 2590 911 omnis
2617 856 2704 924 qui
2735 852 2891 908 credit
2928 852 2983 906 in
3010 866 3125 904 cum
3154 864 3251 902 non
3273 850 3469 916 pereat,

1871 956 1959 1010 sed
1987 953 2167 1008 habeat
2205 952 2359 1007 vitam
2388 958 2632 1007 azternum
2660 947 2838 1021 (Joan.
2871 961 2953 1013 In,
2994 943 3108 1011 16).
3138 938 3281 997 Dens
3311 954 3469 994 mun-

1872 1048 1998 1106 dum
2016 1048 2265 1118 diligens,
2292 1047 2394 1101 hoc
2417 1044 2724 1100 dilectionis
2742 1056 2853 1097 sure
2877 1042 2928 1095 in
2953 1055 3073 1096 eum
3101 1034 3469 1093 testimonium

1874 1144 2116 1216 promlit,
2152 1151 2210 1197 ut
2240 1140 2570 1211 unigenitum
2601 1138 2769 1192 lilium
2793 1150 2947 1189 suum
2976 1133 3149 1187 daret.
3187 1126 3265 1203 (g)
3289 1127 3344 1184 Si
3384 1126 3471 1182 di-

1872 1236 2123 1295 leCIionis
2150 1236 2278 1294 hinc
2323 1237 2453 1293 lides
2483 1245 2563 1290 est
2582 1278 2596 1300 ,
2646 1239 2947 1287 creaturam
2976 1227 3240 1283 creaturis
3266 1220 3472 1294 ιιι-ωδιί-

1875 1335 2026 1401 tisse,
2059 1340 2111 1387 et
2142 1348 2237 1402 pro
2264 1329 2463 1385 mundo
2482 1328 2698 1383 dedisse
2724 1324 2865 1396 quod
2896 1322 3077 1376 mundi
3110 1330 3210 1382 est,
3242 1327 3295 1372 et
3316 1316 3381 1371 ad
3409 1330 3472 1371 ea

1873 1443 1992 1498 qu;e
2019 1441 2085 1480 cx
2114 1425 2281 1479 nihilo
2306 1430 2431 1477 sunt
2456 1421 2744 1476 substituta
2770 1413 3110 1476 redimenda,
3141 1428 3262 1465 eum
3293 1407 3382 1480 qui
3404 1422 3472 1463 ex

1873 1518 2042 1575 nihilo
2063 1518 2300 1573 substitit
2325 1514 2620 1585 praebuisse
2646 1530 2660 1566 :
2691 1528 2796 1567 non
2826 1509 2951 1564 facit
2989 1506 3167 1577 magni
3205 1503 3379 1561 meriti
3405 1503 3471 1557 li-

1873 1612 1997 1668 dem
2027 1612 2148 1665 vilis
2178 1618 2231 1665 et
2259 1607 2559 1680 spernenda
2586 1605 2815 1677 jactura.
2858 1602 3101 1660 Pretiosa
3133 1608 3315 1653 autem
3350 1602 3477 1651 sunt

1874 1724 1993 1780 qua:
2018 1707 2396 1761 commendant
2422 1702 2762 1767 charitatem,
2813 1710 2867 1755 et
2895 1698 3127 1767 ingentia
3170 1691 3478 1764 ingentibus

1875 1805 2230 1855 aestimantur.
2260 1797 2401 1853 Deus
2427 1796 2654 1865 diligens
2679 1791 2958 1856 mundum,
2990 1788 3157 1844 filium
3188 1803 3292 1841 non
3312 1783 3481 1854 adop-

176 1910 257 1954 tur
273 1913 402 1969 ergo
425 1905 618 1966 sua,ut
639 1897 797 1960 solet.
822 1911 991 1951 voce:
1026 1894 1189 1949 Deum
1206 1910 1351 1948 nemo
1365 1892 1489 1948 uidit
1508 1908 1766 1963 umquam,
1804 1903 1848 1964 Β
1879 1894 2071 1959 tivum,
2101 1892 2196 1949 sed
2233 1907 2411 1955 sumn,
2446 1889 2536 1947 St‘tl
2569 1884 2898 1958 unigenitum
2932 1883 3099 1941 dedit.
3129 1875 3208 1956 (In)
3235 1873 3330 1935 llic
3358 1895 3482 1950 pro-

180 1993 329 2066 163
376 1993 476 2046 nisi
521 1991 809 2061 unigenitus
857 1989 1035 2059 ﬁlius,
1085 1987 1174 2058 qui
1218 1996 1291 2042 est
1331 1987 1386 2039 in
1433 1986 1549 2040 sinu
1594 1982 1770 2039 Patris

179 2085 350 2160 (lacn.
377 2100 418 2153 ι,
450 2083 559 2157 18).
592 2083 810 2138 Natura:
839 2081 975 2138 lldes
1020 2095 1126 2135 non
1165 2078 1295 2134 satis
1325 2078 1594 2149 explicata
1624 2076 1772 2130 vide-

179 2182 333 2239 batur
362 2194 426 2236 cx
455 2180 668 2235 nomine
695 2178 779 2253 (1)
812 2175 896 2251 (d)
932 2176 1045 2245 lilii,
1075 2175 1180 2231 nisi
1207 2172 1545 2246 proprietatis
1568 2172 1774 2225 extrin-

178 2289 333 2332 secus
358 2274 522 2329 tirtus
545 2289 640 2343 per
660 2269 994 2343 exceptionis
1022 2268 1431 2341 significantium
1459 2264 1767 2321 adderetur.

175 2367 377 2423 Prmter
398 2360 576 2421 lilium
600 2361 766 2431 enim,
802 2363 879 2434 (ε)
911 2371 967 2419 et
1004 2360 1335 2433 unigenitum
1359 2357 1769 2429 cognominaus,

179 2460 539 2532 suspicionem
565 2459 778 2530 penitus
799 2456 1101 2527 adoptionis
1127 2453 1368 2510 exsecuit
1394 2469 1405 2504 ε
1433 2466 1556 2507 cum
1580 2449 1777 2505 verita-

176 2565 275 2613 tem
309 2546 568 2617 nominis,
602 2551 865 2623 unigeniti
895 2559 1086 2606 natura
1120 2557 1422 2619 praestaret.

242 2651 332 2707 40.
373 2648 679 2720 Unigenitus
730 2646 870 2717 ﬁlius
919 2643 1113 2700 Joanni
1153 2659 1255 2697 non
1282 2652 1355 2697 est
1393 2649 1625 2695 creatura
1655 2654 1773 2708 per-

174 2740 846 2817 rectm—Nondumquer
864 2737 990 2810 quid
1024 2738 1111 2801 sit,
1145 2735 1231 2805 qui
1263 2734 1407 2788 estin
1428 2733 1548 2787 sinu
1577 2728 1776 2794 Patris;

178 2839 336 2895 habet
391 2836 740 2907 interrogatio
779 2832 877 2888 ista
930 2842 1087 2889 Suum
1118 2829 1361 2885 ordinem
1388 2842 1401 2881 :
1430 2839 1615 2896 quer
1646 2822 1773 2894 quid

178 2932 440 3002 unigeniti
490 2927 809 3001 significatio
851 2927 951 2983 sibi
1000 2924 1251 2997 postulet.
1298 2924 1363 2977 Et
1403 2920 1677 2976 videamus
1707 2934 1773 2973 an

179 3025 277 3082 hoc
320 3027 396 3080 sit
425 3068 439 3089 ,
482 3023 625 3095 quod
659 3032 714 3077 tu
760 3036 882 3077 esse
914 3017 1186 3091 profiteris
1207 3059 1222 3084 ,
1253 3016 1305 3071 id
1337 3025 1437 3083 est,
1471 3024 1773 3070 creaturam

181 3120 269 3176 Dei
291 3118 631 3192 perfectam;
667 3124 724 3172 ut
753 3113 983 3185 perfecta
1018 3112 1282 3184 pertineat
1313 3111 1379 3165 ad
1401 3108 1734 3180 unigenitum
1758 3148 1773 3174 ,

176 3225 427 3271 creatura
447 3228 575 3270 vero
602 3212 866 3268 referatur
890 3208 957 3265 ad
988 3208 1179 3264 filimu.
1209 3205 1316 3263 Sed
1338 3203 1510 3262 Deum
1534 3202 1776 3273 unigenio

245 3354 327 3429 (t)
364 3353 482 3411 Vox
510 3353 606 3426 ﬁlii
626 3351 776 3409 deest
802 3352 855 3409 in
887 3312 1074 3407 nostro
1101 3347 1307 3406 codice.

1881 1986 2080 2058 prietas
2108 1995 2214 2054 est,
2268 1984 2517 2040 nativitas
2569 1991 2688 2049 est,
2743 1980 2941 2035 veritas
2981 1985 3065 2032 est
3097 1993 3111 2029 :
3142 1990 3248 2030 non
3276 1971 3478 2028 creatio

1880 2090 1982 2144 est,
2017 2096 2124 2135 non
2162 2078 2382 2150 adoptio
2421 2085 2534 2142 est,
2568 2091 2673 2131 non
2702 2068 2906 2129 falsitas
2937 2079 3038 2126 est.
3075 2066 3209 2123 Iliuc
3239 2063 3484 2120 dilectio-

1881 2176 1961 2232 nis
1991 2185 2045 2231 et
2069 2174 2350 2230 charitatis
2393 2170 2525 2226 ﬁdes
2552 2178 2669 2236 est,
2711 2165 2896 2223 mundi
2936 2163 3095 2221 saluti
3131 2169 3186 2218 et
3225 2160 3389 2215 (ilium
3426 2162 3484 2215 et

1879 2285 2035 2327 suum
2059 2260 2471 2338 et‘uuigenitum
2503 2262 2838 2335 praestitisse.

1957 2358 2116 2435 165
2138 2359 2230 2415 4!.
2284 2358 2439 2414 Fides
2485 2355 2676 2413 Christi
2706 2364 2761 2409 ut
2800 2346 2899 2407 Dei
2928 2351 3023 2421 ﬁlii
3052 2348 3121 2403 ad
3149 2348 3367 2402 salutem
3393 2358 3482 2398 ne-

1879 2450 2564 2510 cessaria.—-Pr:etermitto
2580 2462 2768 2503 omnes
2790 2445 2856 2501 de
2872 2443 3008 2499 Filio
3031 2459 3062 2497 ιι
3072 2441 3479 2511 uneupationcs.

1879 2546 1996 2603 Non
2023 2555 2109 2603 est
2130 2545 2387 2602 damnosa
2418 2536 2794 2605 dissimulatio,
2822 2537 2914 2593 ubi
2942 2535 3008 2591 de
3035 2534 3189 2606 copia
3217 2538 3302 2587 est
3334 2530 3484 2586 elec-

1882 2643 1978 2698 tio.
2007 2640 2106 2698 Rei
2135 2640 2412 2713 prol‘ectus
2440 2651 2656 2706 semper
2681 2650 2745 2690 ex
2768 2647 2929 2688 causa
2959 2638 3063 2694 est,
3093 2638 3324 2686 etomne
3346 2637 3483 2695 opus

1883 2734 2218 2790 manifestam
2248 2730 2408 2787 habet
2428 2728 2660 2800 suscepti
2689 2725 2886 2797 negotii
2908 2720 3310 2779 necessitatem.
3341 2715 3486 2773 Scri-

1880 2828 2014 2883 bens
2044 2826 2231 2898 utique
2262 2827 2322 2896 (i)
2376 2821 2687 2893 Evangelia,
2730 2815 3003 2876 scribendi
3052 2813 3237 2871 debuit
3286 2809 3485 2867 afferre

1879 2920 2141 2977 rationem
2168 2937 2182 2975 :
2215 2928 2269 2975 et
2298 2918 2574 2973 videamus
2603 2929 2762 2987 quam
2791 2909 3092 2967 ostenderit
3115 2908 3333 2964 dicens:
3358 2902 3488 2960 Ha’c

1876 3024 2044 3071 autem
2070 3015 2257 3087 scripta
2272 3021 2409 3077 sunt,
2438 3020 2494 3066 ut
2514 3009 2733 3065 credatis
2757 3006 3000 3078 quoniam
3022 3001 3175 3057 Jesus
3205 3008 3279 3055 est
3308 2996 3487 3054 Chris-

1878 3121 1958 3167 tus
1986 3110 2126 3180 ﬁlius
2155 3107 2254 3162 Dei
2283 3105 2464 3178 (Joau.
2492 3122 2581 3171 xx,
2616 3102 2733 3174 Si).
2756 3098 3039 3157 Scribeudi
3058 3097 3219 3168 igitur
3246 3095 3487 3164 Evange-

1878 3203 1937 3261 lii
1969 3218 2074 3261 non
2106 3203 2265 3260 aliam
2287 3199 2536 3273 praetulit
2565 3210 2821 3264 causam,
2865 3208 3027 3267 quam
3058 3200 3117 3248 ut
3145 3203 3335 3248 omnes
3363 3201 3486 3242 cre-

1963 3344 2043 3418 (2)
2079 3344 2320 3402 Unicum.
2356 3426 2357 3429 η

249 3493 324 3567 (a)
349 3493 477 3567 Vat.
511 3493 626 3567 bas.
649 3490 841 3567 codex,
865 3490 929 3544 sit
950 3490 1135 3567 adepta
1156 3531 1170 3554 ,
1201 3496 1247 3567 et
1275 3496 1417 3540 extra
1443 3484 1597 3554 ﬁdem
1626 3492 1679 3567 et.
1703 3500 1784 3567 ve—
1812 3483 1857 3548 C
1891 3483 2037 3567 iilac.
2068 3501 2081 3539 :
2108 3482 2248 3567 Ergo
2293 3482 2603 3567 unigenitus.
2620 3481 2791 3537 Filius
2839 3498 2943 3536 non
2973 3489 3049 3567 est
3089 3486 3322 3567 creulura
3342 3520 3357 3546 ,
3404 3477 3492 3550 qu.f

178 3556 409 3622 ritatém.
433 3564 595 3634 Magis
614 3564 794 3634 placet
822 3578 944 3617 etnn
973 3556 1094 3616 aliis
1113 3569 1160 3614 et
1192 3562 1447 3623 virtutem,
1481 3572 1599 3634 qua:
1630 3556 1786 3610 nimi-

182 3656 297 3694 rum
333 3642 388 3693 in
427 3629 632 3705 liga—udi
649 3647 705 3691 et
744 3633 987 3693 solvendi
1043 3641 1308 3704 potestate
1353 3629 1586 3685 maxime
1637 3643 1788 3683 com-

181 3712 491 3765 mendatur.

254 3781 331 3855 (ὁ)
370 3781 510 3855 Ιριίιιί
542 3777 930 3855 except_o__Bad.
962 3794 1066 3855 _uec
1114 3773 1323 3831 ecclesia
1365 3772 1429 3825 sit
1478 3771 1605 3855 ulla.
1649 3770 1787 3855 T‘t'mt

181 3842 342 3909 etiam
387 3852 520 3908 Bad.
551 3867 643 3905 nec
672 3842 928 3905 Christus.
962 3848 1097 3903 Tres
1124 3860 1254 3902 mss.
1287 3861 1376 3898 nec
1402 3843 1649 3897 ecclesiis.
1684 3842 1791 3895 Ve-

181 3926 292 3979 rius
322 3926 417 3980 alii
452 3937 645 3992 magno
666 3937 957 3989 consensu,
978 3938 1067 3992 nec
1089 3918 1303 3992 ecclesia
1316 3919 1380 3970 s71
1403 3915 1512 3979 illa,
1546 3930 1666 3986 qua:
1687 3915 1791 3992 sci:

181 3997 303 4052 licet
334 3998 465 4051 talia
510 3986 828 4061 proﬁtetur,
875 3986 965 4047 nec
1006 3991 1235 4057 Christi,
1291 3986 1393 4044 hoc
1439 3994 1550 4055 est,
1593 4000 1693 4042 nec
1721 3986 1790 4042 ad

182 4068 463 4123 Christum
494 4066 745 4121 Ecclesiae
773 4077 932 4134 caput
966 4065 1249 4133 pertineat.

251 4139 323 4211 (c)
358 4139 490 4195 Bad.
523 4149 575 4193 et
602 4139 710 4202 lin,
734 4129 924 4211 relictis
945 4129 1232 4211 deputatus.
1260 4131 1413 4211 _Lips.
1447 4141 1501 4187 et
1523 4129 1789 4211 Par.,_'re_-

185 4200 335 4265 licius
392 4200 707 4278 deputatus,
744 4209 861 4263 sine
900 4218 945 4263 et
976 4200 1084 4262 {ac
1116 4205 1310 4261 deinde
1329 4200 1458 4278 cum
1495 4217 1613 4278 _ms.
1667 4200 1788 4278 Yat.

186 4283 328 4348 bas.,
358 4272 486 4336 dum
512 4298 615 4335 non
659 4279 786 4333 mori
815 4280 1021 4333 dicitur.
1055 4278 1156 4335 Ubi
1203 4274 1345 4346 apud
1401 4273 1531 4348 Bad.
1579 4282 1633 4328 et
1674 4272 1791 4339 Er.,

186 4344 450 4409 damnor:
473 4370 632 4422 neque
650 4352 799 4416 mori,
836 4361 887 4406 ct
906 4351 956 4406 in
985 4344 1300 4421 quibusdam
1331 4362 1461 4422 mss.
1489 4344 1612 4398 dum
1632 4360 1791 4422 neque

184 4444 285 4481 non
315 4427 470 4482 mari.
504 4417 723 4480 Ret-tius
753 4417 1123 4493 castigatiores
1154 4435 1283 4493 mss.
1315 4418 1523 4493 relictus
1552 4426 1596 4470 et
1626 4417 1790 4493 depu-

185 4508 349 4567 tatus,
381 4499 506 4551 dum
549 4513 651 4551 non
678 4512 836 4564 neque
866 4490 970 4549 non
998 4492 1334 4567 moridicilur
1358 4506 1376 4544 :
1401 4490 1501 4543 hoc
1530 4500 1633 4567 est,
1653 4490 1792 4567 dum

187 4560 369 4641 neque
400 4568 600 4623 dicitur
628 4560 1092 4641 tnoriturtts,_quia
1118 4564 1361 4620 Christus
1384 4560 1631 4641 somnne
1653 4560 1795 4616 illius

185 4632 338 4698 exiiu
371 4642 545 4697 noluit
570 4640 847 4695 declarare
874 4632 1236 4700 voluntatem;
1266 4646 1423 4705 atque
1453 4633 1525 4705 ita
1549 4632 1651 4685 hoc
1682 4647 1794 4686 ma-

186 4721 280 4769 net
309 4716 362 4768 in
389 4714 623 4776 occulto,
647 4727 742 4766 seu
767 4710 867 4766 sub
892 4717 1248 4764 sacramento.
1281 4703 1596 4776 Ambrosius
1617 4712 1793 4758 autem

187 4785 373 4841 Serm.
434 4800 506 4839 xx
565 4773 620 4837 in
672 4783 804 4853 psal.
850 4797 1011 4837 cxvnt
1044 4823 1059 4847 ,
1111 4781 1319 4851 aliquos
1384 4776 1458 4830 ait
1508 4773 1575 4829 de
1621 4783 1796 4830 morte

185 4857 242 4913 S.
276 4855 510 4913 Joannis
564 4854 859 4910 dubitasse.
891 4858 969 4907 An
1002 4868 1189 4908 eorum
1230 4864 1454 4905 numero
1489 4860 1796 4901 accenseo—

190 4930 290 4984 dus
317 4931 390 4983 sit
422 4928 672 4990 Hilarius,
702 4942 766 4981 ex
800 4926 901 4980 hoc
944 4926 1063 4980 loco
1103 4940 1208 4978 non
1253 4921 1380 4976 satis
1406 4927 1554 4990 certo
1581 4915 1793 4973 deliniri

188 5012 381 5070 queat,
417 5015 535 5052 cum
568 4988 862 5070 adhaereat.
896 5008 1152 5068 quantum
1178 5003 1373 5066 potest,
1407 4988 1584 5046 verbis
1613 4990 1791 5046 Evan-

190 5075 317 5142 gelii
348 5072 506 5127 Joan.
542 5087 652 5134 χχι,
692 5070 727 5140 ἣν
762 5069 832 5123 22
864 5080 914 5123 et
942 5070 1032 5124 25.

263 5142 491 5218 (divo;
520 5136 746 5218 ﬁtiinoo
775 5142 1009 5195 occurrit
1046 5138 1198 5195 nobis
1228 5138 1283 5193 in
1315 5152 1445 5194 mss.
1474 5137 1576 5194 nisi
1616 5136 1671 5192 in
1701 5151 1795 5191 co-

190 5212 316 5271 dice
346 5212 407 5270 S.
436 5214 641 5267 Martini
670 5213 872 5267 'l‘uron.

264 5288 343 5358 (ε)
374 5285 531 5357 Apud
563 5284 682 5339 Par.
710 5284 1047 5358 desideratur
1061 5282 1316 5358 particula
1335 5291 1401 5358 et,
1426 5298 1544 5358 qua:
1571 5280 1655 5358 hic
1677 5293 1798 5358 pcr-

264 5299 343 5358 (e)
374 5299 531 5357 Apud
564 5299 682 5339 l’ar.
710 5299 1316 5353 aesuteratnrparucma
1335 5299 1401 5346 et,
1463 5299 1544 5338 ua:
1571 5299 1655 5335 mc
1677 5299 1798 5349 pcr-

191 5358 327 5414 iudc
379 5365 462 5412 est
488 5364 647 5427 atque
669 5358 839 5410 etiam.
860 5355 1061 5410 Deinde
1085 5356 1223 5424 apud
1252 5352 1408 5427 Bad.,
1546 5353 1671 5427 etin
1702 5349 1798 5427 tri-

186 5430 294 5486 bus
327 5445 467 5485 mss.
498 5423 670 5482 va'uc.
707 5437 824 5498 post
853 5423 1170 5496 unigenitum
1199 5426 1449 5495 adjicitur
1480 5425 1609 5498 nihil
1654 5439 1673 5479 :
1716 5423 1799 5477 in-

191 5500 545 5571 terpolatoris
574 5495 720 5553 vitio:
756 5498 866 5553 Hoc
894 5495 1035 5553 enim
1062 5500 1160 5554 sibi
1183 5498 1299 5553 vult
1331 5512 1491 5571 :_cum
1514 5495 1610 5571 ﬁlii
1639 5509 1798 5549 voca-

191 5568 327 5630 bulo
358 5572 610 5643 adjicitur
639 5571 884 5643 unigeniti
913 5584 1130 5639 nomen,
1171 5586 1277 5625 non
1325 5568 1391 5624 de
1422 5569 1796 5643 adoptivorum

189 5660 387 5716 grege,
413 5639 506 5715 qui
534 5639 968 5716 ntltncro‘plnres
996 5653 1149 5716 sunt,
1178 5643 1273 5699 sed
1304 5639 1553 5716 proprius
1582 5654 1701 5716 esse
1728 5639 1801 5716 si—

190 5710 506 5789 gnificatur.
532 5710 800 5789 iUtuenini
827 5715 899 5769 ait
927 5713 1260 5789 Augustinus
1289 5713 1426 5770 Coll.
1468 5728 1588 5789 cum
1637 5710 1801 5789 Maxi-

195 5781 381 5856 ῖιιὶιιθ,
404 5806 456 5843 ιι.
485 5787 550 5843 Ut
572 5803 585 5840 :
611 5786 671 5841 Si
702 5787 836 5854 ﬁlius
853 5801 947 5843 est.
977 5781 1123 5843 verus
1143 5788 1281 5858 ﬁlius
1308 5792 1402 5853 est,
1419 5786 1538 5856 quia
1568 5781 1803 5858 unigena}:

198 5871 287 5916 tus
318 5853 419 5915 est.
482 5862 555 5915 Bx
607 5853 797 5915 eodem
843 5858 1065 5916 Joannis
1112 5853 1231 5914 loro
1282 5853 1567 5914 Faustinus
1611 5853 1802 5919 llilarii

197 5934 389 5993 nostri
416 5931 654 6007 vestigiis
682 5934 937 5994 inatsteus
985 5934 1085 5991 tria
1111 5932 1383 5991 concludit
1411 5946 1462 5988 c.
1504 5928 1571 5998 2,
1607 5927 1700 5985 lib.
1733 5924 1806 5993 ad

1890 3556 2061 3610 Deum
2090 3550 2250 3619 vidit,
2296 3550 2443 3625 quem
2488 3555 2635 3608 nulla
2681 3563 2916 3608 creatura
2965 3553 3116 3607 videt.
3154 3550 3219 3605 Et
3247 3567 3327 3625 ine
3363 3554 3494 3620 forte

1887 3644 2049 3683 unum
2074 3644 2189 3682 eum
2218 3628 2280 3682 de
2304 3627 2555 3696 adoptivis
2581 3627 2704 3697 ﬁliis
2724 3626 2973 3690 crederet,
2995 3624 3276 3697 amputauit
3310 3639 3491 3697 sensus

1888 3701 2031 3769 impii
2056 3700 2391 3765 occasionem,
2410 3693 2531 3769 cum
2558 3693 2671 3752 eum
2693 3699 2823 3751 dixit
2852 3713 2951 3750 non
2978 3696 3143 3750 soluat
3172 3695 3336 3769 ﬁliuni
3358 3735 3373 3758 ,
3403 3693 3491 3747 sed

1891 3765 2041 3825 etiam
2086 3772 2403 3840 unigenitum
2454 3768 2647 3823 Filium
2683 3785 2702 3823 :
2732 3769 2827 3823 hoc
2857 3784 3037 3821 nomen
3068 3765 3179 3840 non
3204 3765 3365 3840 habet
3380 3782 3494 3840 _so-i

1890 3843 2015 3897 cies.
2051 3834 2372 3915 (En'verba
2403 3841 2588 3915 ililarii
2617 3841 2764 3895 clare
2790 3854 3066 3915 expressa.
3097 3838 3294 3903 Addit,
3322 3835 3341 3902 )
3371 3834 3497 3915 Fit-Si

1890 3908 2119 3986 adaptivi
2143 3916 2196 3967 in
2234 3916 2348 3969 sinu
2381 3913 2601 3986 Abrahae
2626 3921 2744 3986 sunt
2768 3927 2788 3986 .f
2817 3912 2905 3979 qui
2934 3920 3103 3967 autent
3131 3925 3280 3965 verus
3298 3919 3343 3963 et
3370 3908 3463 3961 uni
3474 3935 3492 3947 -

1890 3982 2093 4060 genitus
2120 3986 2259 4053 ﬁlius
2284 3995 2377 4052 est,
2406 3986 2458 4039 in
2487 3985 2604 4038 sinu
2633 3982 2815 4038 Putris
2846 3993 2938 4036 est.

1963 4078 2040 4153 (f)
2077 4078 2338 4135 Particulo
2362 4080 2453 4153 ita,
2478 4078 2602 4133 licet
2619 4077 2952 4153 superﬂuere
2984 4073 3243 4153 videatur,
3275 4071 3494 4153 additur

1893 4145 2095 4208 ex'li'de
2122 4161 2361 4206 veterum
2391 4150 2675 4205 librorum.
2719 4148 2838 4202 Mox
2872 4147 2926 4202 in
2967 4161 3101 4201 mss.
3132 4145 3251 4201 Vat.
3294 4146 3407 4200 bas.
3442 4152 3498 4201 et

1894 4224 2119 4279 Martia.
2147 4223 2290 4278 daret
2322 4236 2414 4293 pro
2434 4238 2493 4275 eo
2522 4229 2573 4275 ut
2604 4220 2790 4275 omnis.

1969 4316 2043 4391 lg)
2088 4317 2191 4391 Hie
2231 4317 2395 4372 Filius
2444 4315 2692 4391 proprius
2761 4327 2883 4370 esse
2942 4309 3244 4391 ostenditur
3284 4307 3495 4364 duobus

1896 4384 2247 4460 argumentis,
2273 4402 2500 4458 quorum
2534 4388 2764 4442 alterum
2796 4400 2900 4441 non
2924 4384 3056 4460 satis
3078 4397 3501 4460 apertecitpres-

1897 4454 2016 4517 suin
2048 4469 2150 4517 est.
2199 4454 2494 4531 Utrumque
2544 4460 2843 4514 illustratur
2886 4456 3061 4531 verbis
3088 4454 3339 4531 _Faustini
3380 4454 3499 4508 loco

1898 4534 2137 4589 laudato.
2168 4531 2228 4587 Si
2252 4545 2297 4586 et
2330 4525 2564 4585 Christus
2593 4543 2829 4584 creatura
2857 4538 2949 4595 cst,
2973 4528 3096 4598 quid
3123 4525 3336 4581 contulit
3352 4542 3502 4580 tuttu-

1898 4607 1984 4671 do,
2006 4606 2133 4661 dans
2162 4621 2253 4673 pro
2273 4616 2507 4658 creatura
2532 4601 2875 4660 creaturam?(
2890 4601 2967 4655 En
2988 4597 3247 4670 primum;
3271 4597 3500 4673 alterum

1897 4668 2077 4747 vero.)
2111 4668 2172 4731 Si
2199 4675 2434 4730 Christus
2455 4687 2687 4729 creatura
2715 4683 2807 4740 est,
2828 4668 3008 4727 servus
3033 4679 3106 4747 est
3134 4686 3153 4724 :
3179 4680 3226 4747 et
3246 4668 3499 4747 quomodo

1897 4740 2101 4804 redimit
2140 4748 2208 4803 ad
2237 4749 2547 4810 libertatem,
2591 4762 2706 4800 cum
2751 4761 2926 4799 servus
2971 4742 3143 4797 nullus
3174 4741 3298 4811 jure
3338 4740 3499 4813 possit

1899 4821 2135 4891 conferre
2163 4819 2481 4874 libertatem?
2509 4818 2773 4873 Praeterea
2807 4833 2872 4872 ex
2905 4815 3100 4878 verbis,
3134 4823 3188 4868 ut
3218 4811 3381 4867 omnis
3410 4811 3497 4881 qui

1823 4884 1873 4943 D
1899 4884 2059 4947 credit
2081 4893 2134 4945 in
2166 4908 2303 4952 eum,
2341 4900 2473 4955 etc.,
2504 4891 2700 4959 colligit
2738 4903 2859 4942 eum
2893 4904 2997 4940 non
3027 4901 3145 4959 esse
3172 4894 3500 4959 creaturam,

1902 4982 2018 5019 cum
2049 4964 2253 5018 credere
2276 4964 2329 5015 in
2349 4955 2722 5014 creuturant‘sil
2753 4960 3024 5013 divinitatis
3043 4955 3277 5024 aliensio.

1976 5036 2057 5103 (Ιι)
2091 5034 2145 5089 In
2189 5034 2392 5103 aliquot
2431 5047 2563 5086 mss.
2620 5033 2739 5085 hinc
2778 5031 3060 5102 praprietas
3086 5044 3107 5103 ς
3136 5030 3305 5103 male.
3342 5024 3503 5095 Pejus

1904 5100 2047 5177 apud
2079 5105 2208 5160 Bad.
2240 5100 2293 5160 et
2321 5106 2410 5158 Er.
2444 5105 2562 5177 hinc
2594 5100 2783 5177 pietas.
2799 5100 3007 5177 Quippe
3033 5100 3307 5177 adoptionj
3332 5112 3504 5177 oppo-

1906 5169 2051 5233 nitur
2082 5178 2401 5248 proprietas,
2432 5172 2553 5247 qua:
2593 5169 2799 5248 lticAesl,
2826 5169 3035 5248 idest,
3074 5173 3125 5225 in
3164 5170 3250 5248 his
3278 5169 3502 5248 Joannis

1905 5240 2291 5317 verbis'apcrte
2322 5240 2646 5303 declaratur.
2678 5246 2753 5299 Ex
2782 5262 2893 5317 qua
2920 5244 3283 5317 declaratione
3319 5240 3501 5310 sequi-

1907 5332 1994 5377 tur
2028 5336 2124 5375 nos
2145 5314 2218 5374 illi
2246 5320 2401 5373 fidem
2420 5333 2488 5373 ac
2508 5314 2847 5373 dilectionem
2868 5315 3085 5370 debere.
3122 5314 3198 5368 Ex
3229 5330 3333 5383 quo
3358 5320 3505 5383 patet

1905 5410 2002 5450 cur
2024 5407 2166 5448 nunc
2196 5393 2299 5457 hic,
2328 5405 2393 5446 ac
2421 5400 2604 5461 postea
2635 5390 2753 5444 hinc
2781 5387 3084 5459 legendum.

1983 5485 2046 5556 (ἱ)
2078 5484 2216 5539 Editi
2244 5525 2259 5550 ,
2308 5484 2651 5555 evangelista;
2694 5492 2899 5556 etmox
2945 5479 3067 5534 Par.
3118 5487 3176 5532 ut
3217 5477 3499 5536 videamus.

1910 5554 2276 5617 Emendantnr
2317 5572 2384 5612 ex
2434 5557 2667 5625 scriptis.
2717 5554 2858 5610 ldetn
2890 5568 3101 5624 quoque
3130 5560 3504 5625 argumentum

1910 5645 2248 5703 prosequens
2275 5623 2593 5684 Faustinus:
2615 5630 2691 5693 Si,
2722 5623 2920 5696 inquit,
2939 5641 3051 5679 vere
3078 5623 3352 5703 adoptione
3377 5634 3507 5681 esset

1910 5696 2051 5777 ﬁlius
2084 5696 2275 5777 Donet
2306 5719 2405 5757 non
2437 5706 2743 5777 ni'itura...,.
2777 5714 3026 5777 nusquam
3074 5696 3253 5777 urat/is.
3281 5700 3375 5751 hoc
3418 5714 3508 5753 οπο-

1910 5768 2172 5856 planusset
2198 5772 2481 5856 Homines)
2506 5790 2666 5856 quam
2696 5773 2748 5855 in
2779 5772 2960 5826 ultimo
2990 5768 3313 5841 scriptionis;
3342 5786 3403 5856 ne
3442 5771 3508 5841 ﬁ-

1911 5841 1997 5906 des
2026 5850 2076 5904 in
2105 5841 2342 5917 ambiguo
2378 5841 2651 5919 derelicta,
2682 5845 2836 5901 vitam
2869 5852 3098 5915 perderet
3129 5859 3218 5915 per
3253 5841 3509 5918 ambigui.

1910 5924 2028 5983 latis
2048 5921 2318 5979 incertum.
