  <div class='ocr_page' id='page_1' title='image "/cluster/home/n/w/nwhite01/storage/ocr_20150623/10/hvd.32044015471279/101.png"; bbox 0 0 4040 6328; ppageno 0'>
   <div class='ocr_carea' id='block_1_1' title="bbox 526 303 632 362">
    <p class='ocr_par' dir='ltr' id='par_1_1' title="bbox 526 303 632 362">
     <span class='ocr_line' id='line_1_1' title="bbox 526 303 632 362; baseline 0 -1"><span class='ocrx_word' id='word_1_1' title='bbox 526 303 632 362; x_wconf 70' lang='grc'><strong>191</strong></span> 
     </span>
    </p>
   </div>
   <div class='ocr_carea' id='block_1_2' title="bbox 1737 299 2621 361">
    <p class='ocr_par' dir='ltr' id='par_1_2' title="bbox 1737 299 2621 361">
     <span class='ocr_line' id='line_1_2' title="bbox 1737 299 2621 361; baseline 0.002 -2"><span class='ocrx_word' id='word_1_2' title='bbox 1737 300 1984 359; x_wconf 83' lang='lat' dir='ltr'><strong>SANCTI</strong></span> <span class='ocrx_word' id='word_1_3' title='bbox 2013 299 2268 358; x_wconf 81' lang='lat' dir='ltr'><strong>HILARII</strong></span> <span class='ocrx_word' id='word_1_4' title='bbox 2305 299 2621 361; x_wconf 80' lang='lat' dir='ltr'><strong>EPISCOPI</strong></span> 
     </span>
    </p>
   </div>
   <div class='ocr_carea' id='block_1_3' title="bbox 3729 308 3816 366">
    <p class='ocr_par' dir='ltr' id='par_1_3' title="bbox 3729 308 3816 366">
     <span class='ocr_line' id='line_1_3' title="bbox 3729 308 3816 366; baseline 0.069 -5"><span class='ocrx_word' id='word_1_5' title='bbox 3729 308 3816 366; x_wconf 67' lang='lat' dir='ltr'><strong>l9!</strong></span> 
     </span>
    </p>
   </div>
   <div class='ocr_carea' id='block_1_4' title="bbox 531 422 3817 498">
    <p class='ocr_par' dir='ltr' id='par_1_4' title="bbox 531 422 3817 498">
     <span class='ocr_line' id='line_1_4' title="bbox 531 422 3817 498; baseline -0.001 -15"><span class='ocrx_word' id='word_1_6' title='bbox 531 425 725 483; x_wconf 80' lang='lat' dir='ltr'><strong>tierent</strong></span> <span class='ocrx_word' id='word_1_7' title='bbox 749 424 933 483; x_wconf 82' lang='lat' dir='ltr'><strong>Jesum</strong></span> <span class='ocrx_word' id='word_1_8' title='bbox 964 439 1086 483; x_wconf 85' lang='lat' dir='ltr'><strong>esse</strong></span> <span class='ocrx_word' id='word_1_9' title='bbox 1108 422 1382 483; x_wconf 74' lang='lat' dir='ltr'><strong>Christum</strong></span> <span class='ocrx_word' id='word_1_10' title='bbox 1413 422 1583 481; x_wconf 85' lang='lat' dir='ltr'><strong>ﬁlium</strong></span> <span class='ocrx_word' id='word_1_11' title='bbox 1606 423 1723 481; x_wconf 85' lang='lat' dir='ltr'><strong>Dei.</strong></span> <span class='ocrx_word' id='word_1_12' title='bbox 1750 423 1806 481; x_wconf 91' lang='lat' dir='ltr'><strong>Si</strong></span> <span class='ocrx_word' id='word_1_13' title='bbox 1834 423 2034 480; x_wconf 85' lang='lat' dir='ltr'><strong>sufﬁcit</strong></span> <span class='ocrx_word' id='word_1_14' title='bbox 2060 422 2126 479; x_wconf 85' lang='lat' dir='ltr'><strong>ad</strong></span> <span class='ocrx_word' id='word_1_15' title='bbox 2157 424 2208 485; x_wconf 81' lang='grc' dir='ltr'>Α</span> <span class='ocrx_word' id='word_1_16' title='bbox 2236 422 2456 491; x_wconf 81' lang='lat' dir='ltr'><strong>Filium,</strong></span> <span class='ocrx_word' id='word_1_17' title='bbox 2487 440 2648 496; x_wconf 88' lang='lat' dir='ltr'><strong>neque</strong></span> <span class='ocrx_word' id='word_1_18' title='bbox 2682 423 2889 480; x_wconf 80' lang='lat' dir='ltr'><strong>Patrem</strong></span> <span class='ocrx_word' id='word_1_19' title='bbox 2918 424 3067 480; x_wconf 80' lang='lat' dir='ltr'><strong><em>habet</em></strong></span> <span class='ocrx_word' id='word_1_20' title='bbox 3094 441 3113 480; x_wconf 88' lang='lat'><strong><em>:</em></strong></span> <span class='ocrx_word' id='word_1_21' title='bbox 3140 425 3229 498; x_wconf 89' lang='lat' dir='ltr'><strong>qui</strong></span> <span class='ocrx_word' id='word_1_22' title='bbox 3250 426 3522 496; x_wconf 80' lang='lat' dir='ltr'><strong>conﬁtetur</strong></span> <span class='ocrx_word' id='word_1_23' title='bbox 3550 424 3758 497; x_wconf 81' lang='lat' dir='ltr'><strong>Filium,</strong></span> <span class='ocrx_word' id='word_1_24' title='bbox 3778 438 3817 484; x_wconf 79' lang='lat' dir='ltr'><strong>et</strong></span> 
     </span>
    </p>
   </div>
   <div class='ocr_carea' id='block_1_5' title="bbox 532 515 2131 587">
    <p class='ocr_par' dir='ltr' id='par_1_5' title="bbox 532 515 2131 587">
     <span class='ocr_line' id='line_1_5' title="bbox 532 515 2131 587; baseline -0.002 -13"><span class='ocrx_word' id='word_1_25' title='bbox 532 519 785 586; x_wconf 81' lang='lat' dir='ltr'><strong>salutem,</strong></span> <span class='ocrx_word' id='word_1_26' title='bbox 816 517 1087 574; x_wconf 90' lang='lat' dir='ltr'><strong>Christum</strong></span> <span class='ocrx_word' id='word_1_27' title='bbox 1117 517 1377 585; x_wconf 83' lang='lat' dir='ltr'><strong>credere,</strong></span> <span class='ocrx_word' id='word_1_28' title='bbox 1409 531 1508 572; x_wconf 88' lang='lat' dir='ltr'><strong>cur</strong></span> <span class='ocrx_word' id='word_1_29' title='bbox 1541 515 1741 587; x_wconf 83' lang='lat' dir='ltr'><strong>adjecit</strong></span> <span class='ocrx_word' id='word_1_30' title='bbox 1784 516 1949 572; x_wconf 89' lang='lat' dir='ltr'><strong>ﬁlium</strong></span> <span class='ocrx_word' id='word_1_31' title='bbox 1993 516 2131 573; x_wconf 82' lang='lat' dir='ltr'><strong>Dei?</strong></span> 
     </span>
    </p>
   </div>
   <div class='ocr_carea' id='block_1_6' title="bbox 532 609 2132 685">
    <p class='ocr_par' dir='ltr' id='par_1_6' title="bbox 532 609 2132 685">
     <span class='ocr_line' id='line_1_6' title="bbox 532 609 2132 685; baseline -0.001 -17"><span class='ocrx_word' id='word_1_32' title='bbox 532 609 588 668; x_wconf 87' lang='lat' dir='ltr'><strong>Si</strong></span> <span class='ocrx_word' id='word_1_33' title='bbox 620 626 750 667; x_wconf 89' lang='lat' dir='ltr'><strong>vero</strong></span> <span class='ocrx_word' id='word_1_34' title='bbox 773 610 1044 667; x_wconf 76' lang='lat' dir='ltr'><strong>Christum</strong></span> <span class='ocrx_word' id='word_1_35' title='bbox 1075 610 1149 685; x_wconf 92' lang='lat' dir='ltr'><strong>(a)</strong></span> <span class='ocrx_word' id='word_1_36' title='bbox 1177 611 1400 669; x_wconf 84' lang='lat' dir='ltr'><strong>credere</strong></span> <span class='ocrx_word' id='word_1_37' title='bbox 1415 627 1477 667; x_wconf 89' lang='lat' dir='ltr'><strong>ea</strong></span> <span class='ocrx_word' id='word_1_38' title='bbox 1497 610 1713 667; x_wconf 91' lang='lat' dir='ltr'><strong>demum</strong></span> <span class='ocrx_word' id='word_1_39' title='bbox 1737 610 1871 666; x_wconf 88' lang='lat' dir='ltr'><strong>ﬁdes</strong></span> <span class='ocrx_word' id='word_1_40' title='bbox 1891 619 1996 678; x_wconf 88' lang='lat' dir='ltr'><strong>est,</strong></span> <span class='ocrx_word' id='word_1_41' title='bbox 2026 627 2132 667; x_wconf 91' lang='lat' dir='ltr'><strong>non</strong></span> 
     </span>
    </p>
   </div>
   <div class='ocr_carea' id='block_1_7' title="bbox 533 701 2135 769">
    <p class='ocr_par' dir='ltr' id='par_1_7' title="bbox 533 701 2135 769">
     <span class='ocr_line' id='line_1_7' title="bbox 533 701 2135 769; baseline -0.002 -8"><span class='ocrx_word' id='word_1_42' title='bbox 533 702 806 761; x_wconf 87' lang='lat' dir='ltr'><strong>Christum</strong></span> <span class='ocrx_word' id='word_1_43' title='bbox 836 702 1227 769; x_wconf 74' lang='lat' dir='ltr'><strong>tantummodo,</strong></span> <span class='ocrx_word' id='word_1_44' title='bbox 1262 703 1354 758; x_wconf 76' lang='lat' dir='ltr'><strong>sed</strong></span> <span class='ocrx_word' id='word_1_45' title='bbox 1385 702 1658 759; x_wconf 82' lang='lat' dir='ltr'><strong>Christum</strong></span> <span class='ocrx_word' id='word_1_46' title='bbox 1689 701 1857 759; x_wconf 87' lang='lat' dir='ltr'><strong>ﬁlium</strong></span> <span class='ocrx_word' id='word_1_47' title='bbox 1887 702 1983 758; x_wconf 92' lang='lat' dir='ltr'><strong>Dei</strong></span> <span class='ocrx_word' id='word_1_48' title='bbox 2011 717 2135 758; x_wconf 81' lang='lat' dir='ltr'><strong>cre-</strong></span> 
     </span>
    </p>
   </div>
   <div class='ocr_carea' id='block_1_8' title="bbox 536 788 2137 868">
    <p class='ocr_par' dir='ltr' id='par_1_8' title="bbox 536 788 2137 868">
     <span class='ocr_line' id='line_1_8' title="bbox 536 788 2137 868; baseline -0.001 -15"><span class='ocrx_word' id='word_1_49' title='bbox 536 796 768 863; x_wconf 90' lang='lat' dir='ltr'><strong>didisse;</strong></span> <span class='ocrx_word' id='word_1_50' title='bbox 797 814 903 853; x_wconf 90' lang='lat' dir='ltr'><strong>non</strong></span> <span class='ocrx_word' id='word_1_51' title='bbox 933 806 1017 852; x_wconf 87' lang='lat' dir='ltr'><strong>est</strong></span> <span class='ocrx_word' id='word_1_52' title='bbox 1046 811 1241 853; x_wconf 83' lang='lat' dir='ltr'><strong>nomen</strong></span> <span class='ocrx_word' id='word_1_53' title='bbox 1272 797 1369 852; x_wconf 91' lang='lat' dir='ltr'><strong>lilii</strong></span> <span class='ocrx_word' id='word_1_54' title='bbox 1409 788 1460 852; x_wconf 89' lang='lat' dir='ltr'><strong>in</strong></span> <span class='ocrx_word' id='word_1_55' title='bbox 1486 797 1702 853; x_wconf 81' lang='lat' dir='ltr'><strong>Christo</strong></span> <span class='ocrx_word' id='word_1_56' title='bbox 1725 797 2003 868; x_wconf 89' lang='lat' dir='ltr'><strong>unigenito</strong></span> <span class='ocrx_word' id='word_1_57' title='bbox 2023 796 2137 852; x_wconf 86' lang='lat' dir='ltr'><strong>Deo</strong></span> 
     </span>
    </p>
   </div>
   <div class='ocr_carea' id='block_1_9' title="bbox 535 890 2139 964">
    <p class='ocr_par' dir='ltr' id='par_1_9' title="bbox 535 890 2139 964">
     <span class='ocr_line' id='line_1_9' title="bbox 535 890 2139 964; baseline 0.001 -19"><span class='ocrx_word' id='word_1_58' title='bbox 535 904 599 945; x_wconf 78' lang='lat' dir='ltr'><strong>ex</strong></span> <span class='ocrx_word' id='word_1_59' title='bbox 632 890 939 961; x_wconf 84' lang='lat' dir='ltr'><strong>adoptionis</strong></span> <span class='ocrx_word' id='word_1_60' title='bbox 967 890 1395 957; x_wconf 89' lang='lat' dir='ltr'><strong>consuetudine,</strong></span> <span class='ocrx_word' id='word_1_61' title='bbox 1432 890 1508 964; x_wconf 83' lang='lat' dir='ltr'><strong>(b)</strong></span> <span class='ocrx_word' id='word_1_62' title='bbox 1555 890 1697 961; x_wconf 86' lang='lat' dir='ltr'><strong>quod</strong></span> <span class='ocrx_word' id='word_1_63' title='bbox 1746 890 2024 961; x_wconf 85' lang='lat' dir='ltr'><strong>preprium</strong></span> <span class='ocrx_word' id='word_1_64' title='bbox 2052 897 2139 946; x_wconf 91' lang='lat' dir='ltr'><strong>est</strong></span> 
     </span>
    </p>
   </div>
   <div class='ocr_carea' id='block_1_10' title="bbox 535 981 2135 1053">
    <p class='ocr_par' dir='ltr' id='par_1_10' title="bbox 535 981 2135 1053">
     <span class='ocr_line' id='line_1_10' title="bbox 535 981 2135 1053; baseline -0.001 -15"><span class='ocrx_word' id='word_1_65' title='bbox 535 982 605 1038; x_wconf 87' lang='lat' dir='ltr'><strong>ad</strong></span> <span class='ocrx_word' id='word_1_66' title='bbox 625 982 876 1038; x_wconf 88' lang='lat' dir='ltr'><strong>salutem.</strong></span> <span class='ocrx_word' id='word_1_67' title='bbox 913 983 967 1038; x_wconf 89' lang='lat' dir='ltr'><strong>Si</strong></span> <span class='ocrx_word' id='word_1_68' title='bbox 997 997 1128 1053; x_wconf 87' lang='lat' dir='ltr'><strong>ergo</strong></span> <span class='ocrx_word' id='word_1_69' title='bbox 1145 984 1290 1037; x_wconf 90' lang='lat' dir='ltr'><strong>salus</strong></span> <span class='ocrx_word' id='word_1_70' title='bbox 1318 982 1368 1039; x_wconf 89' lang='lat' dir='ltr'><strong>iu</strong></span> <span class='ocrx_word' id='word_1_71' title='bbox 1394 981 1734 1039; x_wconf 74' lang='lat' dir='ltr'><strong>confessione</strong></span> <span class='ocrx_word' id='word_1_72' title='bbox 1760 982 1993 1037; x_wconf 86' lang='lat' dir='ltr'><strong>nominis</strong></span> <span class='ocrx_word' id='word_1_73' title='bbox 2020 989 2135 1049; x_wconf 85' lang='lat' dir='ltr'><strong>est;</strong></span> 
     </span>
    </p>
   </div>
   <div class='ocr_carea' id='block_1_11' title="bbox 540 1074 2141 1147">
    <p class='ocr_par' dir='ltr' id='par_1_11' title="bbox 540 1074 2141 1147">
     <span class='ocr_line' id='line_1_11' title="bbox 540 1074 2141 1147; baseline 0.001 -19"><span class='ocrx_word' id='word_1_74' title='bbox 540 1091 725 1147; x_wconf 81' lang='lat' dir='ltr'><strong>quer</strong></span> <span class='ocrx_word' id='word_1_75' title='bbox 748 1091 847 1130; x_wconf 91' lang='lat' dir='ltr'><strong>cur</strong></span> <span class='ocrx_word' id='word_1_76' title='bbox 878 1076 929 1130; x_wconf 92' lang='lat' dir='ltr'><strong>in</strong></span> <span class='ocrx_word' id='word_1_77' title='bbox 955 1077 1174 1132; x_wconf 84' lang='lat' dir='ltr'><strong>nomine</strong></span> <span class='ocrx_word' id='word_1_78' title='bbox 1200 1078 1399 1133; x_wconf 89' lang='lat' dir='ltr'><strong>veritas</strong></span> <span class='ocrx_word' id='word_1_79' title='bbox 1429 1093 1536 1131; x_wconf 90' lang='lat' dir='ltr'><strong>non</strong></span> <span class='ocrx_word' id='word_1_80' title='bbox 1564 1075 1655 1131; x_wconf 91' lang='lat' dir='ltr'><strong>sit.</strong></span> <span class='ocrx_word' id='word_1_81' title='bbox 1689 1074 1845 1143; x_wconf 86' lang='lat' dir='ltr'><strong>Quod</strong></span> <span class='ocrx_word' id='word_1_82' title='bbox 1887 1074 1934 1129; x_wconf 83' lang='lat' dir='ltr'><strong>si</strong></span> <span class='ocrx_word' id='word_1_83' title='bbox 1963 1076 2012 1128; x_wconf 90' lang='lat' dir='ltr'><strong>in</strong></span> <span class='ocrx_word' id='word_1_84' title='bbox 2043 1090 2141 1129; x_wconf 80' lang='lat' dir='ltr'><strong>uo-</strong></span> 
     </span>
    </p>
   </div>
   <div class='ocr_carea' id='block_1_12' title="bbox 539 1168 2139 1241">
    <p class='ocr_par' dir='ltr' id='par_1_12' title="bbox 539 1168 2139 1241">
     <span class='ocr_line' id='line_1_12' title="bbox 539 1168 2139 1241; baseline -0.001 -16"><span class='ocrx_word' id='word_1_85' title='bbox 539 1170 686 1225; x_wconf 84' lang='lat' dir='ltr'><strong>mine</strong></span> <span class='ocrx_word' id='word_1_86' title='bbox 735 1169 938 1226; x_wconf 90' lang='lat' dir='ltr'><strong>veritas</strong></span> <span class='ocrx_word' id='word_1_87' title='bbox 966 1178 1084 1235; x_wconf 88' lang='lat' dir='ltr'><strong>est;</strong></span> <span class='ocrx_word' id='word_1_88' title='bbox 1117 1185 1219 1241; x_wconf 89' lang='lat' dir='ltr'><strong>qua</strong></span> <span class='ocrx_word' id='word_1_89' title='bbox 1249 1170 1570 1226; x_wconf 85' lang='lat' dir='ltr'><strong>auctoritate</strong></span> <span class='ocrx_word' id='word_1_90' title='bbox 1594 1170 1800 1225; x_wconf 89' lang='lat' dir='ltr'><strong>creatio</strong></span> <span class='ocrx_word' id='word_1_91' title='bbox 1839 1184 1962 1224; x_wconf 90' lang='lat' dir='ltr'><strong>esse</strong></span> <span class='ocrx_word' id='word_1_92' title='bbox 1991 1168 2139 1224; x_wconf 85' lang='lat' dir='ltr'><strong>dice-</strong></span> 
     </span>
    </p>
   </div>
   <div class='ocr_carea' id='block_1_13' title="bbox 540 1262 2136 1335">
    <p class='ocr_par' dir='ltr' id='par_1_13' title="bbox 540 1262 2136 1335">
     <span class='ocr_line' id='line_1_13' title="bbox 540 1262 2136 1335; baseline 0.001 -16"><span class='ocrx_word' id='word_1_93' title='bbox 540 1272 651 1329; x_wconf 88' lang='lat' dir='ltr'><strong>tur,</strong></span> <span class='ocrx_word' id='word_1_94' title='bbox 683 1277 805 1317; x_wconf 90' lang='lat' dir='ltr'><strong>cum</strong></span> <span class='ocrx_word' id='word_1_95' title='bbox 841 1278 947 1317; x_wconf 90' lang='lat' dir='ltr'><strong>non</strong></span> <span class='ocrx_word' id='word_1_96' title='bbox 980 1264 1273 1319; x_wconf 87' lang='lat' dir='ltr'><strong>creationis</strong></span> <span class='ocrx_word' id='word_1_97' title='bbox 1316 1262 1589 1320; x_wconf 84' lang='lat' dir='ltr'><strong>confessio</strong></span> <span class='ocrx_word' id='word_1_98' title='bbox 1613 1263 1842 1321; x_wconf 85' lang='lat' dir='ltr'><strong>salutem</strong></span> <span class='ocrx_word' id='word_1_99' title='bbox 1893 1264 1963 1319; x_wconf 90' lang='lat' dir='ltr'><strong>sit</strong></span> <span class='ocrx_word' id='word_1_100' title='bbox 1996 1278 2136 1335; x_wconf 65' lang='lat' dir='ltr'><strong>pras-</strong></span> 
     </span>
    </p>
   </div>
   <div class='ocr_carea' id='block_1_14' title="bbox 544 1355 1036 1420">
    <p class='ocr_par' dir='ltr' id='par_1_14' title="bbox 544 1355 1036 1420">
     <span class='ocr_line' id='line_1_14' title="bbox 544 1355 1036 1420; baseline 0.002 -8"><span class='ocrx_word' id='word_1_101' title='bbox 544 1356 758 1420; x_wconf 87' lang='lat' dir='ltr'><strong>stitura,</strong></span> <span class='ocrx_word' id='word_1_102' title='bbox 789 1356 883 1412; x_wconf 89' lang='lat' dir='ltr'><strong>sed</strong></span> <span class='ocrx_word' id='word_1_103' title='bbox 909 1355 1036 1413; x_wconf 84' lang='lat' dir='ltr'><strong>lilii?</strong></span> 
     </span>
    </p>
   </div>
   <div class='ocr_carea' id='block_1_15' title="bbox 612 1447 2143 1525">
    <p class='ocr_par' dir='ltr' id='par_1_15' title="bbox 612 1447 2143 1525">
     <span class='ocr_line' id='line_1_15' title="bbox 612 1447 2143 1525; baseline 0.002 -21"><span class='ocrx_word' id='word_1_104' title='bbox 612 1449 704 1504; x_wconf 68' lang='grc'><strong>42.</strong></span> <span class='ocrx_word' id='word_1_105' title='bbox 758 1447 927 1505; x_wconf 86' lang='lat' dir='ltr'><strong>Filius</strong></span> <span class='ocrx_word' id='word_1_106' title='bbox 954 1467 1018 1506; x_wconf 81' lang='lat' dir='ltr'><strong>ea;</strong></span> <span class='ocrx_word' id='word_1_107' title='bbox 1058 1450 1214 1507; x_wconf 87' lang='lat' dir='ltr'><strong>Patre</strong></span> <span class='ocrx_word' id='word_1_108' title='bbox 1241 1461 1413 1507; x_wconf 87' lang='lat' dir='ltr'><strong>natus.</strong></span> <span class='ocrx_word' id='word_1_109' title='bbox 1458 1451 1656 1507; x_wconf 86' lang='lat' dir='ltr'><strong>Filium</strong></span> <span class='ocrx_word' id='word_1_110' title='bbox 1683 1465 1959 1525; x_wconf 72' lang='lat' dir='ltr'><strong>negantes,</strong></span> <span class='ocrx_word' id='word_1_111' title='bbox 2004 1455 2143 1508; x_wconf 86' lang='lat' dir='ltr'><strong>auti-</strong></span> 
     </span>
    </p>
   </div>
   <div class='ocr_carea' id='block_1_16' title="bbox 542 1544 2147 1618">
    <p class='ocr_par' dir='ltr' id='par_1_16' title="bbox 542 1544 2147 1618">
     <span class='ocr_line' id='line_1_16' title="bbox 542 1544 2147 1618; baseline 0.002 -20"><span class='ocrx_word' id='word_1_112' title='bbox 542 1544 967 1604; x_wconf 77' lang='lat' dir='ltr'><strong>christi.—H:cc</strong></span> <span class='ocrx_word' id='word_1_113' title='bbox 997 1545 1159 1617; x_wconf 79' lang='lat' dir='ltr'><strong>igitur</strong></span> <span class='ocrx_word' id='word_1_114' title='bbox 1188 1546 1334 1601; x_wconf 89' lang='lat' dir='ltr'><strong>salus</strong></span> <span class='ocrx_word' id='word_1_115' title='bbox 1360 1560 1485 1600; x_wconf 89' lang='lat' dir='ltr'><strong>vera</strong></span> <span class='ocrx_word' id='word_1_116' title='bbox 1514 1556 1617 1613; x_wconf 88' lang='lat' dir='ltr'><strong>est,</strong></span> <span class='ocrx_word' id='word_1_117' title='bbox 1653 1546 1755 1602; x_wconf 91' lang='lat' dir='ltr'><strong>hoc</strong></span> <span class='ocrx_word' id='word_1_118' title='bbox 1787 1546 2043 1618; x_wconf 80' lang='lat' dir='ltr'><strong>perfectae</strong></span> <span class='ocrx_word' id='word_1_119' title='bbox 2081 1547 2147 1602; x_wconf 78' lang='lat' dir='ltr'><strong>ll-</strong></span> 
     </span>
    </p>
   </div>
   <div class='ocr_carea' id='block_1_17' title="bbox 543 1634 2142 1704">
    <p class='ocr_par' dir='ltr' id='par_1_17' title="bbox 543 1634 2142 1704">
     <span class='ocr_line' id='line_1_17' title="bbox 543 1634 2142 1704; baseline 0.003 -13"><span class='ocrx_word' id='word_1_120' title='bbox 543 1635 635 1694; x_wconf 88' lang='lat' dir='ltr'><strong>dei</strong></span> <span class='ocrx_word' id='word_1_121' title='bbox 660 1642 936 1704; x_wconf 87' lang='lat' dir='ltr'><strong>meritum,</strong></span> <span class='ocrx_word' id='word_1_122' title='bbox 964 1638 1145 1694; x_wconf 84' lang='lat' dir='ltr'><strong>Jesum</strong></span> <span class='ocrx_word' id='word_1_123' title='bbox 1177 1634 1453 1692; x_wconf 87' lang='lat' dir='ltr'><strong>Christum</strong></span> <span class='ocrx_word' id='word_1_124' title='bbox 1483 1636 1652 1693; x_wconf 87' lang='lat' dir='ltr'><strong>ﬁlium</strong></span> <span class='ocrx_word' id='word_1_125' title='bbox 1694 1637 1790 1694; x_wconf 90' lang='lat' dir='ltr'><strong>Dei</strong></span> <span class='ocrx_word' id='word_1_126' title='bbox 1825 1636 2142 1695; x_wconf 86' lang='lat' dir='ltr'><strong>credidisse.</strong></span> 
     </span>
    </p>
   </div>
   <div class='ocr_carea' id='block_1_18' title="bbox 543 1725 2144 1800">
    <p class='ocr_par' dir='ltr' id='par_1_18' title="bbox 543 1725 2144 1800">
     <span class='ocr_line' id='line_1_18' title="bbox 543 1725 2144 1800; baseline 0.001 -15"><span class='ocrx_word' id='word_1_127' title='bbox 543 1725 661 1785; x_wconf 79' lang='lat' dir='ltr'><strong>Neu</strong></span> <span class='ocrx_word' id='word_1_128' title='bbox 692 1744 773 1787; x_wconf 89' lang='lat' dir='ltr'><strong>est</strong></span> <span class='ocrx_word' id='word_1_129' title='bbox 798 1732 940 1787; x_wconf 90' lang='lat' dir='ltr'><strong>enim</strong></span> <span class='ocrx_word' id='word_1_130' title='bbox 971 1731 1188 1787; x_wconf 80' lang='lat' dir='ltr'><strong>dilectio</strong></span> <span class='ocrx_word' id='word_1_131' title='bbox 1216 1731 1270 1786; x_wconf 89' lang='lat' dir='ltr'><strong>in</strong></span> <span class='ocrx_word' id='word_1_132' title='bbox 1299 1730 1455 1786; x_wconf 90' lang='lat' dir='ltr'><strong>nobis</strong></span> <span class='ocrx_word' id='word_1_133' title='bbox 1480 1730 1547 1785; x_wconf 92' lang='lat' dir='ltr'><strong>ad</strong></span> <span class='ocrx_word' id='word_1_134' title='bbox 1576 1729 1749 1786; x_wconf 90' lang='lat' dir='ltr'><strong>Deum</strong></span> <span class='ocrx_word' id='word_1_135' title='bbox 1782 1740 2012 1800; x_wconf 85' lang='lat' dir='ltr'><strong>patrem,</strong></span> <span class='ocrx_word' id='word_1_136' title='bbox 2043 1732 2144 1787; x_wconf 87' lang='lat' dir='ltr'><strong>nisi</strong></span> 
     </span>
    </p>
   </div>
   <div class='ocr_carea' id='block_1_19' title="bbox 2236 512 3819 592">
    <p class='ocr_par' dir='ltr' id='par_1_19' title="bbox 2236 512 3819 592">
     <span class='ocr_line' id='line_1_19' title="bbox 2236 512 3819 592; baseline 0.004 -21"><span class='ocrx_word' id='word_1_137' title='bbox 2236 512 2434 571; x_wconf 84' lang='lat' dir='ltr'><strong>Filium</strong></span> <span class='ocrx_word' id='word_1_138' title='bbox 2455 526 2503 572; x_wconf 86' lang='lat' dir='ltr'><strong>et</strong></span> <span class='ocrx_word' id='word_1_139' title='bbox 2535 516 2746 573; x_wconf 83' lang='lat' dir='ltr'><strong>I’atrem</strong></span> <span class='ocrx_word' id='word_1_140' title='bbox 2767 517 2915 575; x_wconf 81' lang='lat' dir='ltr'><strong>habet</strong></span> <span class='ocrx_word' id='word_1_141' title='bbox 2944 517 3110 587; x_wconf 79' lang='lat' dir='ltr'><strong>(ibid.</strong></span> <span class='ocrx_word' id='word_1_142' title='bbox 3142 518 3255 590; x_wconf 74' lang='lat'><strong>2&#39;5).</strong></span> <span class='ocrx_word' id='word_1_143' title='bbox 3285 519 3498 592; x_wconf 76' lang='lat' dir='ltr'><strong>Negatis</strong></span> <span class='ocrx_word' id='word_1_144' title='bbox 3529 518 3718 575; x_wconf 83' lang='lat' dir='ltr'><strong>Filium</strong></span> <span class='ocrx_word' id='word_1_145' title='bbox 3741 536 3819 578; x_wconf 74' lang='lat' dir='ltr'><strong>oa-</strong></span> 
     </span>
    </p>
   </div>
   <div class='ocr_carea' id='block_1_20' title="bbox 2235 609 3817 684">
    <p class='ocr_par' dir='ltr' id='par_1_20' title="bbox 2235 609 3817 684">
     <span class='ocr_line' id='line_1_20' title="bbox 2235 609 3817 684; baseline 0.003 -19"><span class='ocrx_word' id='word_1_146' title='bbox 2235 619 2318 665; x_wconf 85' lang='lat' dir='ltr'><strong>ret</strong></span> <span class='ocrx_word' id='word_1_147' title='bbox 2345 609 2502 666; x_wconf 84' lang='lat' dir='ltr'><strong>Patre</strong></span> <span class='ocrx_word' id='word_1_148' title='bbox 2533 610 2613 684; x_wconf 84' lang='lat' dir='ltr'><strong>(l)</strong></span> <span class='ocrx_word' id='word_1_149' title='bbox 2642 628 2655 665; x_wconf 89' lang='lat'><strong>:</strong></span> <span class='ocrx_word' id='word_1_150' title='bbox 2688 612 2953 669; x_wconf 88' lang='lat' dir='ltr'><strong>conﬁtens</strong></span> <span class='ocrx_word' id='word_1_151' title='bbox 2983 610 3177 669; x_wconf 84' lang='lat' dir='ltr'><strong>Filium</strong></span> <span class='ocrx_word' id='word_1_152' title='bbox 3218 623 3380 683; x_wconf 88' lang='lat' dir='ltr'><strong>atque</strong></span> <span class='ocrx_word' id='word_1_153' title='bbox 3407 612 3631 677; x_wconf 78' lang='lat' dir='ltr'><strong>habens,</strong></span> <span class='ocrx_word' id='word_1_154' title='bbox 3676 612 3817 670; x_wconf 85' lang='lat' dir='ltr'><strong>habet</strong></span> 
     </span>
    </p>
   </div>
   <div class='ocr_carea' id='block_1_21' title="bbox 2236 702 3819 776">
    <p class='ocr_par' dir='ltr' id='par_1_21' title="bbox 2236 702 3819 776">
     <span class='ocr_line' id='line_1_21' title="bbox 2236 702 3819 776; baseline 0.004 -16"><span class='ocrx_word' id='word_1_155' title='bbox 2236 702 2475 760; x_wconf 80' lang='lat' dir='ltr'><strong>Patrem.</strong></span> <span class='ocrx_word' id='word_1_156' title='bbox 2509 704 2707 771; x_wconf 61' lang='lat' dir='ltr'><strong>Quaero</strong></span> <span class='ocrx_word' id='word_1_157' title='bbox 2754 703 2844 760; x_wconf 85' lang='lat' dir='ltr'><strong>hic</strong></span> <span class='ocrx_word' id='word_1_158' title='bbox 2887 704 3016 775; x_wconf 90' lang='lat' dir='ltr'><strong>quid</strong></span> <span class='ocrx_word' id='word_1_159' title='bbox 3060 705 3307 776; x_wconf 85' lang='lat' dir='ltr'><strong>adoptiva</strong></span> <span class='ocrx_word' id='word_1_160' title='bbox 3340 709 3554 765; x_wconf 87' lang='lat' dir='ltr'><strong>nomina</strong></span> <span class='ocrx_word' id='word_1_161' title='bbox 3601 711 3697 765; x_wconf 87' lang='lat' dir='ltr'><strong>loci</strong></span> <span class='ocrx_word' id='word_1_162' title='bbox 3736 711 3819 767; x_wconf 77' lang='lat' dir='ltr'><strong>ha-</strong></span> 
     </span>
    </p>
   </div>
   <div class='ocr_carea' id='block_1_22' title="bbox 2240 796 3817 867">
    <p class='ocr_par' dir='ltr' id='par_1_22' title="bbox 2240 796 3817 867">
     <span class='ocr_line' id='line_1_22' title="bbox 2240 796 3817 867; baseline 0.005 -14"><span class='ocrx_word' id='word_1_163' title='bbox 2240 796 2422 853; x_wconf 89' lang='lat' dir='ltr'><strong>beant.</strong></span> <span class='ocrx_word' id='word_1_164' title='bbox 2454 796 2722 867; x_wconf 80' lang='lat' dir='ltr'><strong>Numquid</strong></span> <span class='ocrx_word' id='word_1_165' title='bbox 2754 814 2859 853; x_wconf 90' lang='lat' dir='ltr'><strong>non</strong></span> <span class='ocrx_word' id='word_1_166' title='bbox 2908 808 3113 855; x_wconf 79' lang='lat' dir='ltr'><strong>natura:</strong></span> <span class='ocrx_word' id='word_1_167' title='bbox 3152 814 3241 854; x_wconf 88' lang='lat' dir='ltr'><strong>res</strong></span> <span class='ocrx_word' id='word_1_168' title='bbox 3268 799 3371 857; x_wconf 83' lang='lat' dir='ltr'><strong>ista</strong></span> <span class='ocrx_word' id='word_1_169' title='bbox 3399 804 3580 859; x_wconf 88' lang='lat' dir='ltr'><strong>omnis</strong></span> <span class='ocrx_word' id='word_1_170' title='bbox 3611 804 3726 859; x_wconf 80' lang='lat' dir='ltr'><strong>est?</strong></span> <span class='ocrx_word' id='word_1_171' title='bbox 3762 805 3817 862; x_wconf 82' lang='lat' dir='ltr'><strong>Et</strong></span> 
     </span>
    </p>
   </div>
   <div class='ocr_carea' id='block_1_23' title="bbox 2236 893 2966 964">
    <p class='ocr_par' dir='ltr' id='par_1_23' title="bbox 2236 893 2966 964">
     <span class='ocr_line' id='line_1_23' title="bbox 2236 893 2966 964; baseline 0.001 -18"><span class='ocrx_word' id='word_1_172' title='bbox 2236 908 2397 964; x_wconf 88' lang='lat' dir='ltr'><strong>quam</strong></span> <span class='ocrx_word' id='word_1_173' title='bbox 2422 904 2623 949; x_wconf 74' lang='lat' dir='ltr'><strong>natura:</strong></span> <span class='ocrx_word' id='word_1_174' title='bbox 2644 894 2733 955; x_wconf 90' lang='lat' dir='ltr'><strong>sit,</strong></span> <span class='ocrx_word' id='word_1_175' title='bbox 2761 893 2966 962; x_wconf 86' lang='lat' dir='ltr'><strong>accipe.</strong></span> 
     </span>
    </p>
   </div>
   <div class='ocr_carea' id='block_1_24' title="bbox 2310 986 3815 1061">
    <p class='ocr_par' dir='ltr' id='par_1_24' title="bbox 2310 986 3815 1061">
     <span class='ocr_line' id='line_1_24' title="bbox 2310 986 3815 1061; baseline 0.003 -18"><span class='ocrx_word' id='word_1_176' title='bbox 2310 989 2401 1044; x_wconf 75' lang='grc'><strong>45.</strong></span> <span class='ocrx_word' id='word_1_177' title='bbox 2444 986 2677 1042; x_wconf 83' lang='lat' dir='ltr'><strong>Joannes</strong></span> <span class='ocrx_word' id='word_1_178' title='bbox 2718 996 2767 1039; x_wconf 89' lang='lat' dir='ltr'><strong>et</strong></span> <span class='ocrx_word' id='word_1_179' title='bbox 2816 986 3042 1041; x_wconf 66' lang='lat' dir='ltr'><strong>haeretici</strong></span> <span class='ocrx_word' id='word_1_180' title='bbox 3074 988 3231 1043; x_wconf 90' lang='lat' dir='ltr'><strong>simul</strong></span> <span class='ocrx_word' id='word_1_181' title='bbox 3253 988 3815 1061; x_wconf 81' lang='lat' dir='ltr'><strong>comparantur.—Ait</strong></span> 
     </span>
    </p>
   </div>
   <div class='ocr_carea' id='block_1_25' title="bbox 2241 1080 3816 1150">
    <p class='ocr_par' dir='ltr' id='par_1_25' title="bbox 2241 1080 3816 1150">
     <span class='ocr_line' id='line_1_25' title="bbox 2241 1080 3816 1150; baseline 0.001 -13"><span class='ocrx_word' id='word_1_182' title='bbox 2241 1082 2386 1137; x_wconf 86' lang='lat' dir='ltr'><strong>enim</strong></span> <span class='ocrx_word' id='word_1_183' title='bbox 2419 1099 2433 1136; x_wconf 87' lang='lat'><strong>:</strong></span> <span class='ocrx_word' id='word_1_184' title='bbox 2467 1080 2604 1149; x_wconf 83' lang='lat' dir='ltr'><strong>Quia</strong></span> <span class='ocrx_word' id='word_1_185' title='bbox 2623 1081 2812 1136; x_wconf 87' lang='lat' dir='ltr'><strong>scimus</strong></span> <span class='ocrx_word' id='word_1_186' title='bbox 2836 1082 2974 1150; x_wconf 89' lang='lat' dir='ltr'><strong>quod</strong></span> <span class='ocrx_word' id='word_1_187' title='bbox 3014 1081 3153 1150; x_wconf 78' lang='lat' dir='ltr'><strong>ﬁlius</strong></span> <span class='ocrx_word' id='word_1_188' title='bbox 3183 1080 3279 1136; x_wconf 89' lang='lat' dir='ltr'><strong>Dei</strong></span> <span class='ocrx_word' id='word_1_189' title='bbox 3303 1083 3457 1149; x_wconf 74' lang='lat' dir='ltr'><strong>venit,</strong></span> <span class='ocrx_word' id='word_1_190' title='bbox 3484 1093 3531 1136; x_wconf 87' lang='lat' dir='ltr'><strong>et</strong></span> <span class='ocrx_word' id='word_1_191' title='bbox 3561 1099 3816 1138; x_wconf 78' lang='lat' dir='ltr'><strong>concerno-</strong></span> 
     </span>
    </p>
   </div>
   <div class='ocr_carea' id='block_1_26' title="bbox 2243 1179 3812 1248">
    <p class='ocr_par' dir='ltr' id='par_1_26' title="bbox 2243 1179 3812 1248">
     <span class='ocr_line' id='line_1_26' title="bbox 2243 1179 3812 1248; baseline 0.001 -19"><span class='ocrx_word' id='word_1_192' title='bbox 2243 1184 2324 1229; x_wconf 89' lang='lat' dir='ltr'><strong>tus</strong></span> <span class='ocrx_word' id='word_1_193' title='bbox 2349 1186 2421 1229; x_wconf 88' lang='lat' dir='ltr'><strong>est</strong></span> <span class='ocrx_word' id='word_1_194' title='bbox 2451 1186 2660 1246; x_wconf 80' lang='lat' dir='ltr'><strong>propter</strong></span> <span class='ocrx_word' id='word_1_195' title='bbox 2689 1192 2805 1241; x_wconf 88' lang='lat' dir='ltr'><strong>nos,</strong></span> <span class='ocrx_word' id='word_1_196' title='bbox 2830 1184 2882 1229; x_wconf 88' lang='lat' dir='ltr'><strong>et</strong></span> <span class='ocrx_word' id='word_1_197' title='bbox 2905 1192 3094 1247; x_wconf 84' lang='lat' dir='ltr'><strong>passus</strong></span> <span class='ocrx_word' id='word_1_198' title='bbox 3120 1186 3213 1243; x_wconf 88' lang='lat' dir='ltr'><strong>est,</strong></span> <span class='ocrx_word' id='word_1_199' title='bbox 3254 1186 3299 1230; x_wconf 89' lang='lat' dir='ltr'><strong>et</strong></span> <span class='ocrx_word' id='word_1_200' title='bbox 3322 1192 3592 1248; x_wconf 87' lang='lat' dir='ltr'><strong>resurgens</strong></span> <span class='ocrx_word' id='word_1_201' title='bbox 3612 1179 3673 1231; x_wconf 87' lang='lat' dir='ltr'><strong>de</strong></span> <span class='ocrx_word' id='word_1_202' title='bbox 3693 1195 3812 1232; x_wconf 85' lang='lat' dir='ltr'><strong>utor-</strong></span> 
     </span>
    </p>
   </div>
   <div class='ocr_carea' id='block_1_27' title="bbox 2243 1268 3811 1340">
    <p class='ocr_par' dir='ltr' id='par_1_27' title="bbox 2243 1268 3811 1340">
     <span class='ocr_line' id='line_1_27' title="bbox 2243 1268 3811 1340; baseline 0.001 -17"><span class='ocrx_word' id='word_1_203' title='bbox 2243 1270 2344 1323; x_wconf 85' lang='lat' dir='ltr'><strong>tuis</strong></span> <span class='ocrx_word' id='word_1_204' title='bbox 2370 1270 2644 1339; x_wconf 80' lang='lat' dir='ltr'><strong>assumpsit</strong></span> <span class='ocrx_word' id='word_1_205' title='bbox 2668 1285 2778 1333; x_wconf 90' lang='lat' dir='ltr'><strong>nos,</strong></span> <span class='ocrx_word' id='word_1_206' title='bbox 2805 1279 2852 1324; x_wconf 85' lang='lat' dir='ltr'><strong>et</strong></span> <span class='ocrx_word' id='word_1_207' title='bbox 2878 1268 3017 1322; x_wconf 80' lang='lat' dir='ltr'><strong>dedit</strong></span> <span class='ocrx_word' id='word_1_208' title='bbox 3046 1268 3191 1327; x_wconf 82' lang='lat' dir='ltr'><strong>nobis</strong></span> <span class='ocrx_word' id='word_1_209' title='bbox 3232 1270 3545 1325; x_wconf 83' lang='lat' dir='ltr'><strong>intellectum</strong></span> <span class='ocrx_word' id='word_1_210' title='bbox 3569 1271 3811 1340; x_wconf 70' lang='lat' dir='ltr'><strong>optimum,</strong></span> 
     </span>
    </p>
   </div>
   <div class='ocr_carea' id='block_1_28' title="bbox 2244 1359 3813 1436">
    <p class='ocr_par' dir='ltr' id='par_1_28' title="bbox 2244 1359 3813 1436">
     <span class='ocr_line' id='line_1_28' title="bbox 2244 1359 3813 1436; baseline 0 -20"><span class='ocrx_word' id='word_1_211' title='bbox 2244 1369 2304 1416; x_wconf 89' lang='lat' dir='ltr'><strong>ut</strong></span> <span class='ocrx_word' id='word_1_212' title='bbox 2349 1362 2695 1431; x_wconf 68' lang='lat' dir='ltr'><strong>intelligamus</strong></span> <span class='ocrx_word' id='word_1_213' title='bbox 2744 1377 2940 1427; x_wconf 74' lang='lat' dir='ltr'><strong>veruta,</strong></span> <span class='ocrx_word' id='word_1_214' title='bbox 2974 1359 3054 1434; x_wconf 77' lang='lat'><strong>(2)</strong></span> <span class='ocrx_word' id='word_1_215' title='bbox 3083 1371 3131 1415; x_wconf 88' lang='lat' dir='ltr'><strong>et</strong></span> <span class='ocrx_word' id='word_1_216' title='bbox 3159 1362 3320 1417; x_wconf 81' lang='lat' dir='ltr'><strong>simus</strong></span> <span class='ocrx_word' id='word_1_217' title='bbox 3349 1364 3403 1417; x_wconf 89' lang='lat' dir='ltr'><strong>in</strong></span> <span class='ocrx_word' id='word_1_218' title='bbox 3429 1379 3549 1417; x_wconf 79' lang='lat' dir='ltr'><strong>vero</strong></span> <span class='ocrx_word' id='word_1_219' title='bbox 3574 1364 3679 1433; x_wconf 76' lang='lat' dir='ltr'><strong>[ilio</strong></span> <span class='ocrx_word' id='word_1_220' title='bbox 3723 1367 3813 1436; x_wconf 75' lang='lat' dir='ltr'><strong>ejus</strong></span> 
     </span>
    </p>
   </div>
   <div class='ocr_carea' id='block_1_29' title="bbox 2246 1452 3813 1527">
    <p class='ocr_par' dir='ltr' id='par_1_29' title="bbox 2246 1452 3813 1527">
     <span class='ocr_line' id='line_1_29' title="bbox 2246 1452 3813 1527; baseline 0.001 -19"><span class='ocrx_word' id='word_1_221' title='bbox 2246 1452 2316 1525; x_wconf 66' lang='grc' dir='ltr'><strong>(Γ)</strong></span> <span class='ocrx_word' id='word_1_222' title='bbox 2358 1453 2485 1509; x_wconf 82' lang='lat' dir='ltr'><strong>Jesu</strong></span> <span class='ocrx_word' id='word_1_223' title='bbox 2528 1453 2730 1510; x_wconf 84' lang='lat' dir='ltr'><strong>Christo</strong></span> <span class='ocrx_word' id='word_1_224' title='bbox 2764 1471 2778 1508; x_wconf 91' lang='lat'><strong>:</strong></span> <span class='ocrx_word' id='word_1_225' title='bbox 2822 1454 2905 1509; x_wconf 89' lang='lat' dir='ltr'><strong>hic</strong></span> <span class='ocrx_word' id='word_1_226' title='bbox 2949 1463 3019 1509; x_wconf 83' lang='lat' dir='ltr'><strong>est</strong></span> <span class='ocrx_word' id='word_1_227' title='bbox 3048 1468 3195 1509; x_wconf 82' lang='lat' dir='ltr'><strong>uerus</strong></span> <span class='ocrx_word' id='word_1_228' title='bbox 3224 1454 3327 1527; x_wconf 88' lang='lat' dir='ltr'><strong>(g),</strong></span> <span class='ocrx_word' id='word_1_229' title='bbox 3358 1464 3405 1510; x_wconf 91' lang='lat' dir='ltr'><strong>et</strong></span> <span class='ocrx_word' id='word_1_230' title='bbox 3429 1455 3533 1509; x_wconf 74' lang='lat' dir='ltr'><strong>vita</strong></span> <span class='ocrx_word' id='word_1_231' title='bbox 3556 1465 3754 1521; x_wconf 69' lang='lat' dir='ltr'><strong>interna,</strong></span> <span class='ocrx_word' id='word_1_232' title='bbox 3777 1466 3813 1510; x_wconf 83' lang='lat' dir='ltr'><strong>et</strong></span> 
     </span>
    </p>
   </div>
   <div class='ocr_carea' id='block_1_30' title="bbox 2244 1544 3812 1619">
    <p class='ocr_par' dir='ltr' id='par_1_30' title="bbox 2244 1544 3812 1619">
     <span class='ocr_line' id='line_1_30' title="bbox 2244 1544 3812 1619; baseline 0.002 -18"><span class='ocrx_word' id='word_1_233' title='bbox 2244 1547 2549 1603; x_wconf 79' lang='lat' dir='ltr'><strong>resurrectio</strong></span> <span class='ocrx_word' id='word_1_234' title='bbox 2580 1545 2661 1617; x_wconf 81' lang='lat' dir='ltr'><strong>(It)</strong></span> <span class='ocrx_word' id='word_1_235' title='bbox 2690 1556 2862 1602; x_wconf 84' lang='lat' dir='ltr'><strong>nostra</strong></span> <span class='ocrx_word' id='word_1_236' title='bbox 2905 1546 2965 1615; x_wconf 86' lang='grc' dir='ltr'><strong>(Ι</strong></span> <span class='ocrx_word' id='word_1_237' title='bbox 2992 1544 3147 1601; x_wconf 78' lang='lat' dir='ltr'><strong>Joan.</strong></span> <span class='ocrx_word' id='word_1_238' title='bbox 3211 1562 3268 1611; x_wconf 80' lang='lat' dir='ltr'><strong>v,</strong></span> <span class='ocrx_word' id='word_1_239' title='bbox 3300 1546 3373 1605; x_wconf 64' lang='grc' dir='ltr'>ευ</span> <span class='ocrx_word' id='word_1_240' title='bbox 3393 1557 3445 1603; x_wconf 86' lang='lat' dir='ltr'><strong>et</strong></span> <span class='ocrx_word' id='word_1_241' title='bbox 3474 1548 3539 1603; x_wconf 72' lang='grc'><strong>21</strong></span> <span class='ocrx_word' id='word_1_242' title='bbox 3567 1546 3607 1619; x_wconf 90' lang='grc'><strong>).</strong></span> <span class='ocrx_word' id='word_1_243' title='bbox 3634 1551 3677 1604; x_wconf 85' lang='lat'><strong>0</strong></span> <span class='ocrx_word' id='word_1_244' title='bbox 3700 1549 3812 1604; x_wconf 83' lang='lat' dir='ltr'><strong>infe-</strong></span> 
     </span>
    </p>
   </div>
   <div class='ocr_carea' id='block_1_31' title="bbox 2248 1639 3813 1713">
    <p class='ocr_par' dir='ltr' id='par_1_31' title="bbox 2248 1639 3813 1713">
     <span class='ocr_line' id='line_1_31' title="bbox 2248 1639 3813 1713; baseline 0.001 -19"><span class='ocrx_word' id='word_1_245' title='bbox 2248 1640 2320 1695; x_wconf 80' lang='lat' dir='ltr'><strong>lix</strong></span> <span class='ocrx_word' id='word_1_246' title='bbox 2348 1639 2721 1709; x_wconf 81' lang='lat' dir='ltr'><strong>intelligentia,</strong></span> <span class='ocrx_word' id='word_1_247' title='bbox 2753 1649 2807 1696; x_wconf 89' lang='lat' dir='ltr'><strong>et</strong></span> <span class='ocrx_word' id='word_1_248' title='bbox 2841 1639 2934 1696; x_wconf 90' lang='lat' dir='ltr'><strong>Dei</strong></span> <span class='ocrx_word' id='word_1_249' title='bbox 2971 1640 3162 1709; x_wconf 86' lang='lat' dir='ltr'><strong>spiritu</strong></span> <span class='ocrx_word' id='word_1_250' title='bbox 3194 1654 3409 1705; x_wconf 83' lang='lat' dir='ltr'><strong>carens,</strong></span> <span class='ocrx_word' id='word_1_251' title='bbox 3441 1652 3499 1695; x_wconf 90' lang='lat' dir='ltr'><strong>et</strong></span> <span class='ocrx_word' id='word_1_252' title='bbox 3521 1639 3666 1713; x_wconf 43' lang='grc' dir='ltr'><strong>(θείη</strong></span> <span class='ocrx_word' id='word_1_253' title='bbox 3694 1642 3813 1696; x_wconf 84' lang='lat' dir='ltr'><strong>anti-</strong></span> 
     </span>
    </p>
   </div>
   <div class='ocr_carea' id='block_1_32' title="bbox 2247 1732 3816 1802">
    <p class='ocr_par' dir='ltr' id='par_1_32' title="bbox 2247 1732 3816 1802">
     <span class='ocr_line' id='line_1_32' title="bbox 2247 1732 3816 1802; baseline -0.002 -13"><span class='ocrx_word' id='word_1_254' title='bbox 2247 1732 2436 1789; x_wconf 89' lang='lat' dir='ltr'><strong>christi</strong></span> <span class='ocrx_word' id='word_1_255' title='bbox 2468 1732 2715 1802; x_wconf 84' lang='lat' dir='ltr'><strong>spiritum</strong></span> <span class='ocrx_word' id='word_1_256' title='bbox 2745 1747 2810 1787; x_wconf 87' lang='lat' dir='ltr'><strong>ac</strong></span> <span class='ocrx_word' id='word_1_257' title='bbox 2843 1747 3041 1787; x_wconf 87' lang='lat' dir='ltr'><strong>nomen</strong></span> <span class='ocrx_word' id='word_1_258' title='bbox 3066 1732 3369 1802; x_wconf 83' lang='lat' dir='ltr'><strong>proficiens,</strong></span> <span class='ocrx_word' id='word_1_259' title='bbox 3401 1741 3457 1787; x_wconf 91' lang='lat' dir='ltr'><strong>et</strong></span> <span class='ocrx_word' id='word_1_260' title='bbox 3508 1732 3742 1788; x_wconf 86' lang='lat' dir='ltr'><strong>nesciens</strong></span> <span class='ocrx_word' id='word_1_261' title='bbox 3762 1732 3816 1787; x_wconf 81' lang='lat' dir='ltr'><strong>ad</strong></span> 
     </span>
    </p>
   </div>
   <div class='ocr_carea' id='block_1_33' title="bbox 546 1822 3817 1896">
    <p class='ocr_par' dir='ltr' id='par_1_33' title="bbox 546 1822 3817 1896">
     <span class='ocr_line' id='line_1_33' title="bbox 546 1822 3817 1896; baseline 0.001 -17"><span class='ocrx_word' id='word_1_262' title='bbox 546 1840 642 1895; x_wconf 90' lang='lat' dir='ltr'><strong>per</strong></span> <span class='ocrx_word' id='word_1_263' title='bbox 673 1824 795 1879; x_wconf 86' lang='lat' dir='ltr'><strong>Filii</strong></span> <span class='ocrx_word' id='word_1_264' title='bbox 826 1825 1007 1880; x_wconf 87' lang='lat' dir='ltr'><strong>ﬁdem.</strong></span> <span class='ocrx_word' id='word_1_265' title='bbox 1043 1823 1113 1879; x_wconf 86' lang='lat' dir='ltr'><strong>Et</strong></span> <span class='ocrx_word' id='word_1_266' title='bbox 1148 1822 1432 1878; x_wconf 86' lang='lat' dir='ltr'><strong>audiamus</strong></span> <span class='ocrx_word' id='word_1_267' title='bbox 1470 1837 1592 1878; x_wconf 90' lang='lat' dir='ltr'><strong>eum</strong></span> <span class='ocrx_word' id='word_1_268' title='bbox 1630 1838 1727 1894; x_wconf 90' lang='lat' dir='ltr'><strong>per</strong></span> <span class='ocrx_word' id='word_1_269' title='bbox 1753 1822 2037 1891; x_wconf 81' lang='lat' dir='ltr'><strong>epistolam</strong></span> <span class='ocrx_word' id='word_1_270' title='bbox 2072 1824 2148 1877; x_wconf 86' lang='lat' dir='ltr'><strong>lo-</strong></span> <span class='ocrx_word' id='word_1_271' title='bbox 2179 1822 2225 1882; x_wconf 87' lang='grc' dir='ltr'><strong>Β</strong></span> <span class='ocrx_word' id='word_1_272' title='bbox 2253 1832 2651 1881; x_wconf 87' lang='lat' dir='ltr'><strong>sacramentum</strong></span> <span class='ocrx_word' id='word_1_273' title='bbox 2680 1825 2873 1880; x_wconf 89' lang='lat' dir='ltr'><strong>salutis</strong></span> <span class='ocrx_word' id='word_1_274' title='bbox 2901 1834 3101 1880; x_wconf 76' lang='lat' dir='ltr'><strong>nostra:</strong></span> <span class='ocrx_word' id='word_1_275' title='bbox 3142 1825 3232 1879; x_wconf 87' lang='lat' dir='ltr'><strong>Dei</strong></span> <span class='ocrx_word' id='word_1_276' title='bbox 3260 1825 3428 1879; x_wconf 88' lang='lat' dir='ltr'><strong>lilium</strong></span> <span class='ocrx_word' id='word_1_277' title='bbox 3460 1826 3672 1882; x_wconf 83' lang='lat' dir='ltr'><strong>venisse</strong></span> <span class='ocrx_word' id='word_1_278' title='bbox 3712 1827 3817 1896; x_wconf 84' lang='lat' dir='ltr'><strong>(per</strong></span> 
     </span>
    </p>
   </div>
   <div class='ocr_carea' id='block_1_34' title="bbox 546 1915 2150 1990">
    <p class='ocr_par' dir='ltr' id='par_1_34' title="bbox 546 1915 2150 1990">
     <span class='ocr_line' id='line_1_34' title="bbox 546 1915 2150 1990; baseline -0.001 -17"><span class='ocrx_word' id='word_1_279' title='bbox 546 1928 801 1989; x_wconf 87' lang='lat' dir='ltr'><strong>quentcm</strong></span> <span class='ocrx_word' id='word_1_280' title='bbox 834 1935 848 1971; x_wconf 72' lang='grc' dir='ltr'>ί</span> <span class='ocrx_word' id='word_1_281' title='bbox 885 1915 1085 1978; x_wconf 87' lang='lat' dir='ltr'><strong>Omnis,</strong></span> <span class='ocrx_word' id='word_1_282' title='bbox 1119 1917 1207 1987; x_wconf 86' lang='lat' dir='ltr'><strong>qui</strong></span> <span class='ocrx_word' id='word_1_283' title='bbox 1233 1916 1401 1990; x_wconf 84' lang='lat' dir='ltr'><strong>diligit</strong></span> <span class='ocrx_word' id='word_1_284' title='bbox 1435 1915 1665 1981; x_wconf 86' lang='lat' dir='ltr'><strong>Patrem,</strong></span> <span class='ocrx_word' id='word_1_285' title='bbox 1699 1916 1868 1988; x_wconf 85' lang='lat' dir='ltr'><strong>diligit</strong></span> <span class='ocrx_word' id='word_1_286' title='bbox 1901 1932 2019 1971; x_wconf 89' lang='lat' dir='ltr'><strong>eum</strong></span> <span class='ocrx_word' id='word_1_287' title='bbox 2058 1918 2150 1987; x_wconf 86' lang='lat' dir='ltr'><strong>qui</strong></span> 
     </span>
    </p>
   </div>
   <div class='ocr_carea' id='block_1_35' title="bbox 547 2007 2150 2082">
    <p class='ocr_par' dir='ltr' id='par_1_35' title="bbox 547 2007 2150 2082">
     <span class='ocr_line' id='line_1_35' title="bbox 547 2007 2150 2082; baseline 0.001 -18"><span class='ocrx_word' id='word_1_288' title='bbox 547 2023 611 2064; x_wconf 81' lang='lat' dir='ltr'><strong>ea;</strong></span> <span class='ocrx_word' id='word_1_289' title='bbox 635 2028 693 2064; x_wconf 87' lang='lat' dir='ltr'><strong>eo</strong></span> <span class='ocrx_word' id='word_1_290' title='bbox 721 2019 871 2064; x_wconf 87' lang='lat' dir='ltr'><strong>natus</strong></span> <span class='ocrx_word' id='word_1_291' title='bbox 897 2020 969 2065; x_wconf 88' lang='lat' dir='ltr'><strong>est</strong></span> <span class='ocrx_word' id='word_1_292' title='bbox 995 2008 1039 2081; x_wconf 89' lang='lat' dir='ltr'><strong>(l</strong></span> <span class='ocrx_word' id='word_1_293' title='bbox 1064 2008 1223 2064; x_wconf 78' lang='lat' dir='ltr'><strong>latnt.</strong></span> <span class='ocrx_word' id='word_1_294' title='bbox 1255 2024 1290 2063; x_wconf 89' lang='lat' dir='ltr'><strong>v</strong></span> <span class='ocrx_word' id='word_1_295' title='bbox 1312 2048 1330 2077; x_wconf 97' lang='lat'><strong>,</strong></span> <span class='ocrx_word' id='word_1_296' title='bbox 1365 2007 1444 2082; x_wconf 82' lang='grc'><strong>1).</strong></span> <span class='ocrx_word' id='word_1_297' title='bbox 1475 2009 1611 2076; x_wconf 82' lang='lat' dir='ltr'><strong>Quid</strong></span> <span class='ocrx_word' id='word_1_298' title='bbox 1643 2016 1747 2075; x_wconf 91' lang='lat' dir='ltr'><strong>est,</strong></span> <span class='ocrx_word' id='word_1_299' title='bbox 1789 2024 1940 2081; x_wconf 89' lang='lat' dir='ltr'><strong>rogo,</strong></span> <span class='ocrx_word' id='word_1_300' title='bbox 1990 2024 2055 2065; x_wconf 87' lang='lat' dir='ltr'><strong>ex</strong></span> <span class='ocrx_word' id='word_1_301' title='bbox 2084 2024 2150 2066; x_wconf 92' lang='lat' dir='ltr'><strong>eo</strong></span> 
     </span>
    </p>
   </div>
   <div class='ocr_carea' id='block_1_36' title="bbox 548 2103 2154 2181">
    <p class='ocr_par' dir='ltr' id='par_1_36' title="bbox 548 2103 2154 2181">
     <span class='ocr_line' id='line_1_36' title="bbox 548 2103 2154 2181; baseline 0.001 -21"><span class='ocrx_word' id='word_1_302' title='bbox 548 2105 738 2161; x_wconf 86' lang='lat' dir='ltr'><strong>nasci?</strong></span> <span class='ocrx_word' id='word_1_303' title='bbox 761 2103 1031 2176; x_wconf 83' lang='lat' dir='ltr'><strong>Numquid</strong></span> <span class='ocrx_word' id='word_1_304' title='bbox 1065 2106 1297 2175; x_wconf 89' lang='lat' dir='ltr'><strong>idipsum</strong></span> <span class='ocrx_word' id='word_1_305' title='bbox 1319 2113 1421 2171; x_wconf 89' lang='lat' dir='ltr'><strong>cst,</strong></span> <span class='ocrx_word' id='word_1_306' title='bbox 1453 2105 1595 2176; x_wconf 90' lang='lat' dir='ltr'><strong>quod</strong></span> <span class='ocrx_word' id='word_1_307' title='bbox 1628 2120 1723 2176; x_wconf 90' lang='lat' dir='ltr'><strong>per</strong></span> <span class='ocrx_word' id='word_1_308' title='bbox 1743 2121 1867 2162; x_wconf 89' lang='lat' dir='ltr'><strong>eum</strong></span> <span class='ocrx_word' id='word_1_309' title='bbox 1897 2104 1967 2181; x_wconf 78' lang='grc' dir='ltr'><strong>(ο)</strong></span> <span class='ocrx_word' id='word_1_310' title='bbox 1999 2121 2154 2163; x_wconf 78' lang='lat' dir='ltr'><strong>crea-</strong></span> 
     </span>
    </p>
   </div>
   <div class='ocr_carea' id='block_1_37' title="bbox 550 2195 2150 2269">
    <p class='ocr_par' dir='ltr' id='par_1_37' title="bbox 550 2195 2150 2269">
     <span class='ocr_line' id='line_1_37' title="bbox 550 2195 2150 2269; baseline 0.001 -16"><span class='ocrx_word' id='word_1_311' title='bbox 550 2197 639 2253; x_wconf 82' lang='lat' dir='ltr'><strong>ri‘!</strong></span> <span class='ocrx_word' id='word_1_312' title='bbox 666 2201 773 2253; x_wconf 84' lang='lat' dir='ltr'><strong>Aut</strong></span> <span class='ocrx_word' id='word_1_313' title='bbox 815 2213 911 2254; x_wconf 92' lang='lat' dir='ltr'><strong>cur</strong></span> <span class='ocrx_word' id='word_1_314' title='bbox 961 2196 1302 2269; x_wconf 83' lang='lat' dir='ltr'><strong>Evangelista</strong></span> <span class='ocrx_word' id='word_1_315' title='bbox 1332 2195 1625 2265; x_wconf 87' lang='lat' dir='ltr'><strong>mentitur,</strong></span> <span class='ocrx_word' id='word_1_316' title='bbox 1671 2206 1731 2253; x_wconf 92' lang='lat' dir='ltr'><strong>ut</strong></span> <span class='ocrx_word' id='word_1_317' title='bbox 1759 2214 1830 2255; x_wconf 84' lang='lat' dir='ltr'><strong>ex</strong></span> <span class='ocrx_word' id='word_1_318' title='bbox 1864 2214 1930 2254; x_wconf 92' lang='lat' dir='ltr'><strong>eo</strong></span> <span class='ocrx_word' id='word_1_319' title='bbox 1965 2208 2150 2256; x_wconf 91' lang='lat' dir='ltr'><strong>natum</strong></span> 
     </span>
    </p>
   </div>
   <div class='ocr_carea' id='block_1_38' title="bbox 553 2289 2157 2362">
    <p class='ocr_par' dir='ltr' id='par_1_38' title="bbox 553 2289 2157 2362">
     <span class='ocr_line' id='line_1_38' title="bbox 553 2289 2157 2362; baseline 0.002 -17"><span class='ocrx_word' id='word_1_320' title='bbox 553 2289 731 2361; x_wconf 88' lang='lat' dir='ltr'><strong>dicat,</strong></span> <span class='ocrx_word' id='word_1_321' title='bbox 771 2305 931 2362; x_wconf 88' lang='lat' dir='ltr'><strong>quem</strong></span> <span class='ocrx_word' id='word_1_322' title='bbox 972 2306 1068 2359; x_wconf 90' lang='lat' dir='ltr'><strong>per</strong></span> <span class='ocrx_word' id='word_1_323' title='bbox 1092 2305 1216 2347; x_wconf 91' lang='lat' dir='ltr'><strong>eum</strong></span> <span class='ocrx_word' id='word_1_324' title='bbox 1246 2300 1487 2346; x_wconf 89' lang='lat' dir='ltr'><strong>creatum</strong></span> <span class='ocrx_word' id='word_1_325' title='bbox 1520 2293 1697 2362; x_wconf 85' lang='lat' dir='ltr'><strong>potius</strong></span> <span class='ocrx_word' id='word_1_326' title='bbox 1724 2291 2016 2349; x_wconf 66' lang='lat' dir='ltr'><strong>haereticus</strong></span> <span class='ocrx_word' id='word_1_327' title='bbox 2057 2294 2157 2349; x_wconf 91' lang='lat' dir='ltr'><strong>do-</strong></span> 
     </span>
    </p>
   </div>
   <div class='ocr_carea' id='block_1_39' title="bbox 486 2383 2151 2455">
    <p class='ocr_par' dir='ltr' id='par_1_39' title="bbox 486 2383 2151 2455">
     <span class='ocr_line' id='line_1_39' title="bbox 486 2383 2151 2455; baseline -0.001 -14"><span class='ocrx_word' id='word_1_328' title='bbox 486 2432 509 2451; x_wconf 82' lang='lat'><strong>,</strong></span> <span class='ocrx_word' id='word_1_329' title='bbox 553 2385 710 2441; x_wconf 86' lang='lat' dir='ltr'><strong>ceat?</strong></span> <span class='ocrx_word' id='word_1_330' title='bbox 751 2383 820 2440; x_wconf 89' lang='lat' dir='ltr'><strong>Et</strong></span> <span class='ocrx_word' id='word_1_331' title='bbox 866 2383 1146 2440; x_wconf 88' lang='lat' dir='ltr'><strong>audiamus</strong></span> <span class='ocrx_word' id='word_1_332' title='bbox 1182 2398 1373 2440; x_wconf 91' lang='lat' dir='ltr'><strong>omnes</strong></span> <span class='ocrx_word' id='word_1_333' title='bbox 1404 2383 1482 2455; x_wconf 79' lang='lat' dir='ltr'><strong>id)</strong></span> <span class='ocrx_word' id='word_1_334' title='bbox 1512 2384 1640 2455; x_wconf 90' lang='lat' dir='ltr'><strong>quid</strong></span> <span class='ocrx_word' id='word_1_335' title='bbox 1684 2385 1764 2439; x_wconf 91' lang='lat' dir='ltr'><strong>sic</strong></span> <span class='ocrx_word' id='word_1_336' title='bbox 1803 2383 1892 2440; x_wconf 90' lang='lat' dir='ltr'><strong>hic</strong></span> <span class='ocrx_word' id='word_1_337' title='bbox 1940 2386 2151 2442; x_wconf 89' lang='lat' dir='ltr'><strong>doctor.</strong></span> 
     </span>
    </p>
   </div>
   <div class='ocr_carea' id='block_1_40' title="bbox 556 2477 2159 2552">
    <p class='ocr_par' dir='ltr' id='par_1_40' title="bbox 556 2477 2159 2552">
     <span class='ocr_line' id='line_1_40' title="bbox 556 2477 2159 2552; baseline 0 -19"><span class='ocrx_word' id='word_1_338' title='bbox 556 2478 768 2534; x_wconf 85' lang='lat' dir='ltr'><strong>Dictum</strong></span> <span class='ocrx_word' id='word_1_339' title='bbox 802 2493 1034 2549; x_wconf 87' lang='lat' dir='ltr'><strong>namque</strong></span> <span class='ocrx_word' id='word_1_340' title='bbox 1058 2488 1182 2534; x_wconf 89' lang='lat' dir='ltr'><strong>est:</strong></span> <span class='ocrx_word' id='word_1_341' title='bbox 1217 2477 1320 2533; x_wconf 84' lang='lat' dir='ltr'><strong>Hic</strong></span> <span class='ocrx_word' id='word_1_342' title='bbox 1360 2490 1433 2533; x_wconf 86' lang='lat' dir='ltr'><strong>est</strong></span> <span class='ocrx_word' id='word_1_343' title='bbox 1471 2479 1825 2545; x_wconf 84' lang='lat' dir='ltr'><strong>antichristus,</strong></span> <span class='ocrx_word' id='word_1_344' title='bbox 1870 2480 1960 2552; x_wconf 87' lang='lat' dir='ltr'><strong>qui</strong></span> <span class='ocrx_word' id='word_1_345' title='bbox 2009 2488 2159 2552; x_wconf 89' lang='lat' dir='ltr'><strong>negat</strong></span> 
     </span>
    </p>
   </div>
   <div class='ocr_carea' id='block_1_41' title="bbox 559 2570 2160 2646">
    <p class='ocr_par' dir='ltr' id='par_1_41' title="bbox 559 2570 2160 2646">
     <span class='ocr_line' id='line_1_41' title="bbox 559 2570 2160 2646; baseline 0.003 -20"><span class='ocrx_word' id='word_1_346' title='bbox 559 2570 771 2627; x_wconf 84' lang='lat' dir='ltr'><strong>Patrem</strong></span> <span class='ocrx_word' id='word_1_347' title='bbox 801 2580 847 2626; x_wconf 87' lang='lat' dir='ltr'><strong>et</strong></span> <span class='ocrx_word' id='word_1_348' title='bbox 879 2570 1073 2626; x_wconf 86' lang='lat' dir='ltr'><strong>Filium</strong></span> <span class='ocrx_word' id='word_1_349' title='bbox 1106 2571 1147 2643; x_wconf 93' lang='grc' dir='ltr'><strong>(Ι</strong></span> <span class='ocrx_word' id='word_1_350' title='bbox 1175 2571 1332 2627; x_wconf 84' lang='lat' dir='ltr'><strong>Joan.</strong></span> <span class='ocrx_word' id='word_1_351' title='bbox 1367 2587 1427 2638; x_wconf 88' lang='grc' dir='ltr'>ιι,</span> <span class='ocrx_word' id='word_1_352' title='bbox 1452 2572 1569 2643; x_wconf 72' lang='grc'><strong>22).</strong></span> <span class='ocrx_word' id='word_1_353' title='bbox 1592 2573 1730 2640; x_wconf 77' lang='lat' dir='ltr'><strong>Quid</strong></span> <span class='ocrx_word' id='word_1_354' title='bbox 1761 2574 1877 2646; x_wconf 85' lang='lat' dir='ltr'><strong>agis</strong></span> <span class='ocrx_word' id='word_1_355' title='bbox 1903 2584 1957 2630; x_wconf 92' lang='lat' dir='ltr'><strong>tu</strong></span> <span class='ocrx_word' id='word_1_356' title='bbox 1982 2589 2160 2631; x_wconf 85' lang='lat' dir='ltr'><strong>asser-</strong></span> 
     </span>
    </p>
   </div>
   <div class='ocr_carea' id='block_1_42' title="bbox 560 2666 2156 2736">
    <p class='ocr_par' dir='ltr' id='par_1_42' title="bbox 560 2666 2156 2736">
     <span class='ocr_line' id='line_1_42' title="bbox 560 2666 2156 2736; baseline 0.003 -13"><span class='ocrx_word' id='word_1_357' title='bbox 560 2675 646 2723; x_wconf 85' lang='lat' dir='ltr'><strong>tor</strong></span> <span class='ocrx_word' id='word_1_358' title='bbox 665 2677 948 2736; x_wconf 70' lang='lat' dir='ltr'><strong>creaturte,</strong></span> <span class='ocrx_word' id='word_1_359' title='bbox 968 2667 1112 2723; x_wconf 90' lang='lat' dir='ltr'><strong>etde</strong></span> <span class='ocrx_word' id='word_1_360' title='bbox 1134 2683 1239 2725; x_wconf 90' lang='lat' dir='ltr'><strong>non</strong></span> <span class='ocrx_word' id='word_1_361' title='bbox 1266 2668 1601 2724; x_wconf 82' lang='lat' dir='ltr'><strong>exstantibus</strong></span> <span class='ocrx_word' id='word_1_362' title='bbox 1620 2666 1818 2724; x_wconf 88' lang='lat' dir='ltr'><strong>Christi</strong></span> <span class='ocrx_word' id='word_1_363' title='bbox 1837 2686 2006 2725; x_wconf 88' lang='lat' dir='ltr'><strong>novus</strong></span> <span class='ocrx_word' id='word_1_364' title='bbox 2025 2685 2156 2727; x_wconf 60' lang='lat' dir='ltr'><strong>cono</strong></span> 
     </span>
    </p>
   </div>
   <div class='ocr_carea' id='block_1_43' title="bbox 562 2759 2161 2834">
    <p class='ocr_par' dir='ltr' id='par_1_43' title="bbox 562 2759 2161 2834">
     <span class='ocr_line' id='line_1_43' title="bbox 562 2759 2161 2834; baseline 0.001 -17"><span class='ocrx_word' id='word_1_365' title='bbox 562 2759 751 2817; x_wconf 83' lang='lat' dir='ltr'><strong>diter?</strong></span> <span class='ocrx_word' id='word_1_366' title='bbox 778 2759 833 2816; x_wconf 91' lang='lat' dir='ltr'><strong>Si</strong></span> <span class='ocrx_word' id='word_1_367' title='bbox 883 2760 1040 2834; x_wconf 75' lang='lat'><strong>165</strong></span> <span class='ocrx_word' id='word_1_368' title='bbox 1072 2759 1460 2831; x_wconf 84' lang='lat' dir='ltr'><strong>professionem</strong></span> <span class='ocrx_word' id='word_1_369' title='bbox 1491 2771 1670 2828; x_wconf 87' lang='lat' dir='ltr'><strong>tenes,</strong></span> <span class='ocrx_word' id='word_1_370' title='bbox 1716 2763 2020 2832; x_wconf 88' lang='lat' dir='ltr'><strong>proﬁtentis</strong></span> <span class='ocrx_word' id='word_1_371' title='bbox 2061 2781 2161 2818; x_wconf 83' lang='lat' dir='ltr'><strong>no-</strong></span> 
     </span>
    </p>
   </div>
   <div class='ocr_carea' id='block_1_44' title="bbox 567 2852 2163 2924">
    <p class='ocr_par' dir='ltr' id='par_1_44' title="bbox 567 2852 2163 2924">
     <span class='ocr_line' id='line_1_44' title="bbox 567 2852 2163 2924; baseline 0 -15"><span class='ocrx_word' id='word_1_372' title='bbox 567 2868 689 2910; x_wconf 88' lang='lat' dir='ltr'><strong>men</strong></span> <span class='ocrx_word' id='word_1_373' title='bbox 705 2869 1053 2924; x_wconf 89' lang='lat' dir='ltr'><strong>recognoscc.</strong></span> <span class='ocrx_word' id='word_1_374' title='bbox 1076 2852 1158 2909; x_wconf 80' lang='lat' dir='ltr'><strong>An</strong></span> <span class='ocrx_word' id='word_1_375' title='bbox 1184 2868 1306 2909; x_wconf 89' lang='lat' dir='ltr'><strong>cum</strong></span> <span class='ocrx_word' id='word_1_376' title='bbox 1333 2862 1631 2909; x_wconf 85' lang='lat' dir='ltr'><strong>creatorem</strong></span> <span class='ocrx_word' id='word_1_377' title='bbox 1656 2863 1710 2909; x_wconf 86' lang='lat' dir='ltr'><strong>et</strong></span> <span class='ocrx_word' id='word_1_378' title='bbox 1736 2864 2034 2910; x_wconf 85' lang='lat' dir='ltr'><strong>creaturam</strong></span> <span class='ocrx_word' id='word_1_379' title='bbox 2059 2855 2163 2909; x_wconf 84' lang='lat' dir='ltr'><strong>Pa-</strong></span> 
     </span>
    </p>
   </div>
   <div class='ocr_carea' id='block_1_45' title="bbox 570 2944 2167 3021">
    <p class='ocr_par' dir='ltr' id='par_1_45' title="bbox 570 2944 2167 3021">
     <span class='ocr_line' id='line_1_45' title="bbox 570 2944 2167 3021; baseline 0.003 -22"><span class='ocrx_word' id='word_1_380' title='bbox 570 2955 780 3001; x_wconf 91' lang='lat' dir='ltr'><strong>tremet</strong></span> <span class='ocrx_word' id='word_1_381' title='bbox 806 2945 1001 3001; x_wconf 91' lang='lat' dir='ltr'><strong>Filium</strong></span> <span class='ocrx_word' id='word_1_382' title='bbox 1030 2944 1369 3016; x_wconf 55' lang='lat' dir='ltr'><strong>praedicatus,</strong></span> <span class='ocrx_word' id='word_1_383' title='bbox 1402 2945 1473 3021; x_wconf 91' lang='lat' dir='ltr'><strong>(e)</strong></span> <span class='ocrx_word' id='word_1_384' title='bbox 1503 2961 1596 3015; x_wconf 89' lang='lat' dir='ltr'><strong>per</strong></span> <span class='ocrx_word' id='word_1_385' title='bbox 1622 2946 1963 3001; x_wconf 74' lang='lat' dir='ltr'><strong>assimulatas</strong></span> <span class='ocrx_word' id='word_1_386' title='bbox 1993 2947 2167 3003; x_wconf 89' lang='lat' dir='ltr'><strong>nomi—</strong></span> 
     </span>
    </p>
   </div>
   <div class='ocr_carea' id='block_1_46' title="bbox 574 3038 2164 3109">
    <p class='ocr_par' dir='ltr' id='par_1_46' title="bbox 574 3038 2164 3109">
     <span class='ocr_line' id='line_1_46' title="bbox 574 3038 2164 3109; baseline -0.001 -14"><span class='ocrx_word' id='word_1_387' title='bbox 574 3055 698 3095; x_wconf 89' lang='lat' dir='ltr'><strong>num</strong></span> <span class='ocrx_word' id='word_1_388' title='bbox 730 3054 891 3095; x_wconf 89' lang='lat' dir='ltr'><strong>voces</strong></span> <span class='ocrx_word' id='word_1_389' title='bbox 920 3038 1209 3096; x_wconf 81' lang='lat' dir='ltr'><strong>excludere</strong></span> <span class='ocrx_word' id='word_1_390' title='bbox 1256 3054 1414 3109; x_wconf 79' lang='lat' dir='ltr'><strong>posse</strong></span> <span class='ocrx_word' id='word_1_391' title='bbox 1447 3048 1497 3095; x_wconf 90' lang='lat' dir='ltr'><strong>te</strong></span> <span class='ocrx_word' id='word_1_392' title='bbox 1525 3040 1703 3095; x_wconf 83' lang='lat' dir='ltr'><strong>credis</strong></span> <span class='ocrx_word' id='word_1_393' title='bbox 1726 3081 1741 3106; x_wconf 88' lang='lat'><strong>,</strong></span> <span class='ocrx_word' id='word_1_394' title='bbox 1781 3056 1849 3095; x_wconf 91' lang='lat' dir='ltr'><strong>ne</strong></span> <span class='ocrx_word' id='word_1_395' title='bbox 1874 3054 1995 3095; x_wconf 87' lang='lat' dir='ltr'><strong>esse</strong></span> <span class='ocrx_word' id='word_1_396' title='bbox 2023 3040 2164 3094; x_wconf 82' lang='lat' dir='ltr'><strong>anti-</strong></span> 
     </span>
    </p>
   </div>
   <div class='ocr_carea' id='block_1_47' title="bbox 572 3130 2169 3203">
    <p class='ocr_par' dir='ltr' id='par_1_47' title="bbox 572 3130 2169 3203">
     <span class='ocr_line' id='line_1_47' title="bbox 572 3130 2169 3203; baseline 0.003 -18"><span class='ocrx_word' id='word_1_397' title='bbox 572 3131 809 3186; x_wconf 88' lang='lat' dir='ltr'><strong>christus</strong></span> <span class='ocrx_word' id='word_1_398' title='bbox 832 3130 1185 3203; x_wconf 80' lang='lat' dir='ltr'><strong>intelligaris?</strong></span> <span class='ocrx_word' id='word_1_399' title='bbox 1217 3132 1273 3186; x_wconf 91' lang='lat' dir='ltr'><strong>Si</strong></span> <span class='ocrx_word' id='word_1_400' title='bbox 1303 3133 1353 3186; x_wconf 92' lang='lat' dir='ltr'><strong>in</strong></span> <span class='ocrx_word' id='word_1_401' title='bbox 1384 3131 1487 3187; x_wconf 90' lang='lat' dir='ltr'><strong>ﬁde</strong></span> <span class='ocrx_word' id='word_1_402' title='bbox 1520 3142 1606 3185; x_wconf 91' lang='lat' dir='ltr'><strong>tua</strong></span> <span class='ocrx_word' id='word_1_403' title='bbox 1633 3146 1726 3201; x_wconf 89' lang='lat' dir='ltr'><strong>per</strong></span> <span class='ocrx_word' id='word_1_404' title='bbox 1748 3140 1991 3187; x_wconf 87' lang='lat' dir='ltr'><strong>naturam</strong></span> <span class='ocrx_word' id='word_1_405' title='bbox 2016 3141 2169 3203; x_wconf 89' lang='lat' dir='ltr'><strong>pater</strong></span> 
     </span>
    </p>
   </div>
   <div class='ocr_carea' id='block_1_48' title="bbox 2253 1915 3819 1988">
    <p class='ocr_par' dir='ltr' id='par_1_48' title="bbox 2253 1915 3819 1988">
     <span class='ocr_line' id='line_1_48' title="bbox 2253 1915 3819 1988; baseline -0.001 -15"><span class='ocrx_word' id='word_1_406' title='bbox 2253 1917 2357 1974; x_wconf 89' lang='lat' dir='ltr'><strong>hoc</strong></span> <span class='ocrx_word' id='word_1_407' title='bbox 2385 1917 2601 1988; x_wconf 82' lang='lat' dir='ltr'><strong>indigna</strong></span> <span class='ocrx_word' id='word_1_408' title='bbox 2627 1917 2843 1987; x_wconf 74' lang='lat' dir='ltr'><strong>Optima:</strong></span> <span class='ocrx_word' id='word_1_409' title='bbox 2874 1917 3033 1988; x_wconf 88' lang='lat' dir='ltr'><strong>hujus</strong></span> <span class='ocrx_word' id='word_1_410' title='bbox 3061 1916 3426 1987; x_wconf 77' lang='lat' dir='ltr'><strong>intelligentia:</strong></span> <span class='ocrx_word' id='word_1_411' title='bbox 3453 1915 3671 1988; x_wconf 88' lang='lat' dir='ltr'><strong>sensu),</strong></span> <span class='ocrx_word' id='word_1_412' title='bbox 3695 1930 3819 1972; x_wconf 81' lang='lat' dir='ltr'><strong>crea-</strong></span> 
     </span>
    </p>
   </div>
   <div class='ocr_carea' id='block_1_49' title="bbox 2254 2009 3817 2080">
    <p class='ocr_par' dir='ltr' id='par_1_49' title="bbox 2254 2009 3817 2080">
     <span class='ocr_line' id='line_1_49' title="bbox 2254 2009 3817 2080; baseline -0.001 -15"><span class='ocrx_word' id='word_1_413' title='bbox 2254 2019 2388 2066; x_wconf 73' lang='lat' dir='ltr'><strong>tum</strong></span> <span class='ocrx_word' id='word_1_414' title='bbox 2440 2009 2620 2080; x_wconf 85' lang='lat' dir='ltr'><strong>potius</strong></span> <span class='ocrx_word' id='word_1_415' title='bbox 2665 2010 2982 2080; x_wconf 83' lang='lat' dir='ltr'><strong>adeptivum</strong></span> <span class='ocrx_word' id='word_1_416' title='bbox 3027 2024 3224 2065; x_wconf 91' lang='lat' dir='ltr'><strong>nomen</strong></span> <span class='ocrx_word' id='word_1_417' title='bbox 3270 2025 3432 2080; x_wconf 87' lang='lat' dir='ltr'><strong>quam</strong></span> <span class='ocrx_word' id='word_1_418' title='bbox 3461 2025 3646 2069; x_wconf 85' lang='lat' dir='ltr'><strong>verum</strong></span> <span class='ocrx_word' id='word_1_419' title='bbox 3681 2009 3817 2065; x_wconf 87' lang='lat' dir='ltr'><strong>ﬁlium</strong></span> 
     </span>
    </p>
   </div>
   <div class='ocr_carea' id='block_1_50' title="bbox 2257 2100 3821 2171">
    <p class='ocr_par' dir='ltr' id='par_1_50' title="bbox 2257 2100 3821 2171">
     <span class='ocr_line' id='line_1_50' title="bbox 2257 2100 3821 2171; baseline 0.003 -14"><span class='ocrx_word' id='word_1_420' title='bbox 2257 2100 2353 2157; x_wconf 88' lang='lat' dir='ltr'><strong>Dei</strong></span> <span class='ocrx_word' id='word_1_421' title='bbox 2382 2100 2567 2157; x_wconf 86' lang='lat' dir='ltr'><strong>Jesum</strong></span> <span class='ocrx_word' id='word_1_422' title='bbox 2614 2100 2891 2157; x_wconf 88' lang='lat' dir='ltr'><strong>Christum</strong></span> <span class='ocrx_word' id='word_1_423' title='bbox 2920 2116 3043 2158; x_wconf 89' lang='lat' dir='ltr'><strong>esse</strong></span> <span class='ocrx_word' id='word_1_424' title='bbox 3094 2100 3366 2167; x_wconf 89' lang='lat' dir='ltr'><strong>confessa,</strong></span> <span class='ocrx_word' id='word_1_425' title='bbox 3408 2101 3719 2171; x_wconf 87' lang='lat' dir='ltr'><strong>quibusnam</strong></span> <span class='ocrx_word' id='word_1_426' title='bbox 3741 2103 3821 2161; x_wconf 85' lang='lat' dir='ltr'><strong>hoc</strong></span> 
     </span>
    </p>
   </div>
   <div class='ocr_carea' id='block_1_51' title="bbox 2254 2194 3823 2267">
    <p class='ocr_par' dir='ltr' id='par_1_51' title="bbox 2254 2194 3823 2267">
     <span class='ocr_line' id='line_1_51' title="bbox 2254 2194 3823 2267; baseline 0.003 -19"><span class='ocrx_word' id='word_1_427' title='bbox 2254 2209 2576 2250; x_wconf 89' lang='lat' dir='ltr'><strong>arcanorum</strong></span> <span class='ocrx_word' id='word_1_428' title='bbox 2609 2196 2988 2267; x_wconf 83' lang='lat' dir='ltr'><strong>mysteriorum</strong></span> <span class='ocrx_word' id='word_1_429' title='bbox 3024 2196 3250 2252; x_wconf 88' lang='lat' dir='ltr'><strong>secretis</strong></span> <span class='ocrx_word' id='word_1_430' title='bbox 3276 2194 3468 2252; x_wconf 80' lang='lat' dir='ltr'><strong>educta</strong></span> <span class='ocrx_word' id='word_1_431' title='bbox 3494 2198 3593 2252; x_wconf 80' lang='lat' dir='ltr'><strong>es?</strong></span> <span class='ocrx_word' id='word_1_432' title='bbox 3623 2197 3707 2252; x_wconf 92' lang='lat' dir='ltr'><strong>vel</strong></span> <span class='ocrx_word' id='word_1_433' title='bbox 3726 2198 3823 2267; x_wconf 81' lang='lat' dir='ltr'><strong>quis</strong></span> 
     </span>
    </p>
   </div>
   <div class='ocr_carea' id='block_1_52' title="bbox 2261 2286 3825 2357">
    <p class='ocr_par' dir='ltr' id='par_1_52' title="bbox 2261 2286 3825 2357">
     <span class='ocr_line' id='line_1_52' title="bbox 2261 2286 3825 2357; baseline 0.004 -17"><span class='ocrx_word' id='word_1_434' title='bbox 2261 2286 2420 2341; x_wconf 87' lang='lat' dir='ltr'><strong>hodie</strong></span> <span class='ocrx_word' id='word_1_435' title='bbox 2450 2302 2621 2342; x_wconf 86' lang='lat' dir='ltr'><strong>novus</strong></span> <span class='ocrx_word' id='word_1_436' title='bbox 2674 2287 2830 2357; x_wconf 85' lang='lat' dir='ltr'><strong>hujus</strong></span> <span class='ocrx_word' id='word_1_437' title='bbox 2876 2287 3117 2343; x_wconf 72' lang='lat' dir='ltr'><strong>scientia:</strong></span> <span class='ocrx_word' id='word_1_438' title='bbox 3157 2296 3261 2343; x_wconf 67' lang='lat' dir='ltr'><strong>tuae</strong></span> <span class='ocrx_word' id='word_1_439' title='bbox 3285 2297 3479 2345; x_wconf 82' lang='lat' dir='ltr'><strong>auctor</strong></span> <span class='ocrx_word' id='word_1_440' title='bbox 3508 2290 3633 2345; x_wconf 85' lang='lat' dir='ltr'><strong>est?</strong></span> <span class='ocrx_word' id='word_1_441' title='bbox 3674 2289 3749 2346; x_wconf 81' lang='lat' dir='ltr'><strong>Au</strong></span> <span class='ocrx_word' id='word_1_442' title='bbox 3772 2305 3825 2346; x_wconf 86' lang='lat' dir='ltr'><strong>ne</strong></span> 
     </span>
    </p>
   </div>
   <div class='ocr_carea' id='block_1_53' title="bbox 2261 2379 3829 2451">
    <p class='ocr_par' dir='ltr' id='par_1_53' title="bbox 2261 2379 3829 2451">
     <span class='ocr_line' id='line_1_53' title="bbox 2261 2379 3829 2451; baseline 0.001 -16"><span class='ocrx_word' id='word_1_443' title='bbox 2261 2390 2475 2436; x_wconf 88' lang='lat' dir='ltr'><strong>secreto</strong></span> <span class='ocrx_word' id='word_1_444' title='bbox 2521 2379 2611 2434; x_wconf 88' lang='lat' dir='ltr'><strong>tibi</strong></span> <span class='ocrx_word' id='word_1_445' title='bbox 2657 2379 2759 2435; x_wconf 90' lang='lat' dir='ltr'><strong>hoc</strong></span> <span class='ocrx_word' id='word_1_446' title='bbox 2796 2394 2892 2451; x_wconf 89' lang='lat' dir='ltr'><strong>per</strong></span> <span class='ocrx_word' id='word_1_447' title='bbox 2939 2379 3353 2436; x_wconf 76' lang='lat' dir='ltr'><strong>latitiliaritatem</strong></span> <span class='ocrx_word' id='word_1_448' title='bbox 3397 2383 3600 2439; x_wconf 89' lang='lat' dir='ltr'><strong>amoris</strong></span> <span class='ocrx_word' id='word_1_449' title='bbox 3641 2390 3829 2438; x_wconf 73' lang='lat' dir='ltr'><strong>recum-</strong></span> 
     </span>
    </p>
   </div>
   <div class='ocr_carea' id='block_1_54' title="bbox 2264 2471 3830 2548">
    <p class='ocr_par' dir='ltr' id='par_1_54' title="bbox 2264 2471 3830 2548">
     <span class='ocr_line' id='line_1_54' title="bbox 2264 2471 3830 2548; baseline 0.003 -21"><span class='ocrx_word' id='word_1_450' title='bbox 2264 2471 2412 2527; x_wconf 88' lang='lat' dir='ltr'><strong>benti</strong></span> <span class='ocrx_word' id='word_1_451' title='bbox 2443 2472 2496 2527; x_wconf 91' lang='lat' dir='ltr'><strong>in</strong></span> <span class='ocrx_word' id='word_1_452' title='bbox 2543 2482 2730 2542; x_wconf 90' lang='lat' dir='ltr'><strong>pectus</strong></span> <span class='ocrx_word' id='word_1_453' title='bbox 2774 2487 2932 2527; x_wconf 90' lang='lat' dir='ltr'><strong>suum</strong></span> <span class='ocrx_word' id='word_1_454' title='bbox 2976 2471 3237 2529; x_wconf 89' lang='lat' dir='ltr'><strong>Dominus</strong></span> <span class='ocrx_word' id='word_1_455' title='bbox 3258 2473 3498 2530; x_wconf 86' lang='lat' dir='ltr'><strong>ostendit</strong></span> <span class='ocrx_word' id='word_1_456' title='bbox 3537 2472 3710 2548; x_wconf 75' lang='lat' dir='ltr'><strong>(loco.</strong></span> <span class='ocrx_word' id='word_1_457' title='bbox 3736 2491 3830 2543; x_wconf 71' lang='lat' dir='ltr'><strong>stu,</strong></span> 
     </span>
    </p>
   </div>
   <div class='ocr_carea' id='block_1_55' title="bbox 2262 2566 3832 2638">
    <p class='ocr_par' dir='ltr' id='par_1_55' title="bbox 2262 2566 3832 2638">
     <span class='ocr_line' id='line_1_55' title="bbox 2262 2566 3832 2638; baseline 0.001 -16"><span class='ocrx_word' id='word_1_458' title='bbox 2262 2566 2393 2638; x_wconf 71' lang='lat'><strong>25)?</strong></span> <span class='ocrx_word' id='word_1_459' title='bbox 2423 2567 2529 2622; x_wconf 76' lang='lat' dir='ltr'><strong>Aut</strong></span> <span class='ocrx_word' id='word_1_460' title='bbox 2558 2566 2706 2621; x_wconf 89' lang='lat' dir='ltr'><strong>solus</strong></span> <span class='ocrx_word' id='word_1_461' title='bbox 2728 2566 2797 2621; x_wconf 90' lang='lat' dir='ltr'><strong>ad</strong></span> <span class='ocrx_word' id='word_1_462' title='bbox 2833 2580 3047 2622; x_wconf 88' lang='lat' dir='ltr'><strong>crucem</strong></span> <span class='ocrx_word' id='word_1_463' title='bbox 3079 2581 3329 2638; x_wconf 88' lang='lat' dir='ltr'><strong>sequens,</strong></span> <span class='ocrx_word' id='word_1_464' title='bbox 3360 2567 3502 2623; x_wconf 90' lang='lat' dir='ltr'><strong>inter</strong></span> <span class='ocrx_word' id='word_1_465' title='bbox 3520 2577 3709 2623; x_wconf 79' lang='lat' dir='ltr'><strong>caetera</strong></span> <span class='ocrx_word' id='word_1_466' title='bbox 3732 2583 3832 2623; x_wconf 87' lang='lat' dir='ltr'><strong>sus-</strong></span> 
     </span>
    </p>
   </div>
   <div class='ocr_carea' id='block_1_56' title="bbox 2266 2657 3838 2733">
    <p class='ocr_par' dir='ltr' id='par_1_56' title="bbox 2266 2657 3838 2733">
     <span class='ocr_line' id='line_1_56' title="bbox 2266 2657 3838 2733; baseline 0 -17"><span class='ocrx_word' id='word_1_467' title='bbox 2266 2658 2531 2730; x_wconf 74' lang='lat' dir='ltr'><strong>cipienda:</strong></span> <span class='ocrx_word' id='word_1_468' title='bbox 2563 2658 2658 2714; x_wconf 70' lang='lat' dir='ltr'><strong>tibi</strong></span> <span class='ocrx_word' id='word_1_469' title='bbox 2692 2658 2742 2712; x_wconf 90' lang='lat' dir='ltr'><strong>in</strong></span> <span class='ocrx_word' id='word_1_470' title='bbox 2786 2668 3011 2713; x_wconf 85' lang='lat' dir='ltr'><strong>matrem</strong></span> <span class='ocrx_word' id='word_1_471' title='bbox 3057 2657 3239 2713; x_wconf 66' lang='lat' dir='ltr'><strong>Marias</strong></span> <span class='ocrx_word' id='word_1_472' title='bbox 3263 2669 3556 2730; x_wconf 62' lang='lat' dir='ltr'><strong>praecepta,</strong></span> <span class='ocrx_word' id='word_1_473' title='bbox 3588 2660 3701 2717; x_wconf 64' lang='lat' dir='ltr'><strong>haec</strong></span> <span class='ocrx_word' id='word_1_474' title='bbox 3724 2676 3838 2733; x_wconf 88' lang='lat' dir='ltr'><strong>quo-</strong></span> 
     </span>
    </p>
   </div>
   <div class='ocr_carea' id='block_1_57' title="bbox 2269 2754 3833 2825">
    <p class='ocr_par' dir='ltr' id='par_1_57' title="bbox 2269 2754 3833 2825">
     <span class='ocr_line' id='line_1_57' title="bbox 2269 2754 3833 2825; baseline 0.002 -17"><span class='ocrx_word' id='word_1_475' title='bbox 2269 2769 2377 2825; x_wconf 89' lang='lat' dir='ltr'><strong>que</strong></span> <span class='ocrx_word' id='word_1_476' title='bbox 2407 2755 2458 2809; x_wconf 90' lang='lat' dir='ltr'><strong>in</strong></span> <span class='ocrx_word' id='word_1_477' title='bbox 2496 2754 2587 2808; x_wconf 86' lang='lat' dir='ltr'><strong>illa</strong></span> <span class='ocrx_word' id='word_1_478' title='bbox 2625 2756 2878 2825; x_wconf 83' lang='lat' dir='ltr'><strong>specialis</strong></span> <span class='ocrx_word' id='word_1_479' title='bbox 2908 2756 2960 2811; x_wconf 92' lang='lat' dir='ltr'><strong>in</strong></span> <span class='ocrx_word' id='word_1_480' title='bbox 2991 2767 3042 2812; x_wconf 90' lang='lat' dir='ltr'><strong>te</strong></span> <span class='ocrx_word' id='word_1_481' title='bbox 3069 2758 3269 2811; x_wconf 87' lang='lat' dir='ltr'><strong>amoris</strong></span> <span class='ocrx_word' id='word_1_482' title='bbox 3296 2758 3691 2813; x_wconf 82' lang='lat' dir='ltr'><strong>contestatione</strong></span> <span class='ocrx_word' id='word_1_483' title='bbox 3715 2756 3833 2812; x_wconf 87' lang='lat' dir='ltr'><strong>didi-</strong></span> 
     </span>
    </p>
   </div>
   <div class='ocr_carea' id='block_1_58' title="bbox 2266 2846 3834 2921">
    <p class='ocr_par' dir='ltr' id='par_1_58' title="bbox 2266 2846 3834 2921">
     <span class='ocr_line' id='line_1_58' title="bbox 2266 2846 3834 2921; baseline 0.001 -18"><span class='ocrx_word' id='word_1_484' title='bbox 2266 2848 2384 2903; x_wconf 91' lang='lat' dir='ltr'><strong>cisti</strong></span> <span class='ocrx_word' id='word_1_485' title='bbox 2422 2846 2603 2917; x_wconf 80' lang='lat' dir='ltr'><strong>(Joan.</strong></span> <span class='ocrx_word' id='word_1_486' title='bbox 2637 2864 2748 2915; x_wconf 76' lang='lat' dir='ltr'><strong>xu,</strong></span> <span class='ocrx_word' id='word_1_487' title='bbox 2777 2847 2869 2921; x_wconf 71' lang='lat'><strong>27)</strong></span> <span class='ocrx_word' id='word_1_488' title='bbox 2897 2851 2921 2903; x_wconf 87' lang='lat'><strong>?</strong></span> <span class='ocrx_word' id='word_1_489' title='bbox 2964 2848 3055 2905; x_wconf 86' lang='lat' dir='ltr'><strong>Vel</strong></span> <span class='ocrx_word' id='word_1_490' title='bbox 3089 2848 3154 2904; x_wconf 89' lang='lat' dir='ltr'><strong>ad</strong></span> <span class='ocrx_word' id='word_1_491' title='bbox 3206 2848 3514 2919; x_wconf 88' lang='lat' dir='ltr'><strong>sepulcrum</strong></span> <span class='ocrx_word' id='word_1_492' title='bbox 3544 2853 3692 2920; x_wconf 84' lang='lat' dir='ltr'><strong>prior</strong></span> <span class='ocrx_word' id='word_1_493' title='bbox 3727 2864 3834 2921; x_wconf 88' lang='lat' dir='ltr'><strong>quo-</strong></span> 
     </span>
    </p>
   </div>
   <div class='ocr_carea' id='block_1_59' title="bbox 2265 2942 3835 3016">
    <p class='ocr_par' dir='ltr' id='par_1_59' title="bbox 2265 2942 3835 3016">
     <span class='ocr_line' id='line_1_59' title="bbox 2265 2942 3835 3016; baseline 0.001 -21"><span class='ocrx_word' id='word_1_494' title='bbox 2265 2956 2370 3013; x_wconf 90' lang='lat' dir='ltr'><strong>que</strong></span> <span class='ocrx_word' id='word_1_495' title='bbox 2401 2942 2560 2996; x_wconf 81' lang='lat' dir='ltr'><strong>Petro</strong></span> <span class='ocrx_word' id='word_1_496' title='bbox 2582 2956 2809 2999; x_wconf 90' lang='lat' dir='ltr'><strong>currens</strong></span> <span class='ocrx_word' id='word_1_497' title='bbox 2835 2943 3062 3014; x_wconf 86' lang='lat' dir='ltr'><strong>adeptus</strong></span> <span class='ocrx_word' id='word_1_498' title='bbox 3087 2956 3147 2999; x_wconf 90' lang='lat' dir='ltr'><strong>es</strong></span> <span class='ocrx_word' id='word_1_499' title='bbox 3177 2944 3355 3013; x_wconf 82' lang='lat' dir='ltr'><strong>(Joan.</strong></span> <span class='ocrx_word' id='word_1_500' title='bbox 3372 2943 3577 3016; x_wconf 62' lang='lat'><strong>“,4)?</strong></span> <span class='ocrx_word' id='word_1_501' title='bbox 3603 2944 3700 3000; x_wconf 77' lang='lat' dir='ltr'><strong>Vel</strong></span> <span class='ocrx_word' id='word_1_502' title='bbox 3723 2944 3835 2999; x_wconf 81' lang='lat' dir='ltr'><strong>intra</strong></span> 
     </span>
    </p>
   </div>
   <div class='ocr_carea' id='block_1_60' title="bbox 2267 3034 3838 3110">
    <p class='ocr_par' dir='ltr' id='par_1_60' title="bbox 2267 3034 3838 3110">
     <span class='ocr_line' id='line_1_60' title="bbox 2267 3034 3838 3110; baseline -0.001 -19"><span class='ocrx_word' id='word_1_503' title='bbox 2267 3034 2336 3110; x_wconf 85' lang='lat' dir='ltr'><strong>(j)</strong></span> <span class='ocrx_word' id='word_1_504' title='bbox 2367 3050 2657 3091; x_wconf 71' lang='lat' dir='ltr'><strong>consessus</strong></span> <span class='ocrx_word' id='word_1_505' title='bbox 2702 3036 3017 3105; x_wconf 81' lang='lat' dir='ltr'><strong>angelorum</strong></span> <span class='ocrx_word' id='word_1_506' title='bbox 3073 3037 3231 3110; x_wconf 72' lang='lat'><strong>166</strong></span> <span class='ocrx_word' id='word_1_507' title='bbox 3258 3045 3312 3091; x_wconf 92' lang='lat' dir='ltr'><strong>et</strong></span> <span class='ocrx_word' id='word_1_508' title='bbox 3341 3038 3675 3109; x_wconf 80' lang='lat' dir='ltr'><strong>signatorum</strong></span> <span class='ocrx_word' id='word_1_509' title='bbox 3701 3038 3838 3092; x_wconf 89' lang='lat' dir='ltr'><strong>libro-</strong></span> 
     </span>
    </p>
   </div>
   <div class='ocr_carea' id='block_1_61' title="bbox 2271 3130 3839 3202">
    <p class='ocr_par' dir='ltr' id='par_1_61' title="bbox 2271 3130 3839 3202">
     <span class='ocr_line' id='line_1_61' title="bbox 2271 3130 3839 3202; baseline -0.001 -18"><span class='ocrx_word' id='word_1_510' title='bbox 2271 3145 2389 3184; x_wconf 91' lang='lat' dir='ltr'><strong>rum</strong></span> <span class='ocrx_word' id='word_1_511' title='bbox 2432 3130 2746 3186; x_wconf 89' lang='lat' dir='ltr'><strong>insolubiles</strong></span> <span class='ocrx_word' id='word_1_512' title='bbox 2793 3146 2983 3197; x_wconf 77' lang='lat' dir='ltr'><strong>nexus,</strong></span> <span class='ocrx_word' id='word_1_513' title='bbox 3004 3139 3060 3186; x_wconf 89' lang='lat' dir='ltr'><strong>et</strong></span> <span class='ocrx_word' id='word_1_514' title='bbox 3086 3133 3363 3202; x_wconf 82' lang='lat' dir='ltr'><strong>signorum</strong></span> <span class='ocrx_word' id='word_1_515' title='bbox 3389 3132 3693 3188; x_wconf 62' lang='lat' dir='ltr'><strong>caelestium</strong></span> <span class='ocrx_word' id='word_1_516' title='bbox 3729 3130 3839 3186; x_wconf 81' lang='lat' dir='ltr'><strong>titul-</strong></span> 
     </span>
    </p>
   </div>
   <div class='ocr_carea' id='block_1_62' title="bbox 569 3221 3840 3329">
    <p class='ocr_par' dir='ltr' id='par_1_62' title="bbox 569 3221 3840 3329">
     <span class='ocr_line' id='line_1_62' title="bbox 569 3221 3840 3329; baseline 0 -49"><span class='ocrx_word' id='word_1_517' title='bbox 569 3235 671 3291; x_wconf 88' lang='lat' dir='ltr'><strong>est,</strong></span> <span class='ocrx_word' id='word_1_518' title='bbox 703 3236 759 3281; x_wconf 89' lang='lat' dir='ltr'><strong>et</strong></span> <span class='ocrx_word' id='word_1_519' title='bbox 777 3240 871 3294; x_wconf 91' lang='lat' dir='ltr'><strong>per</strong></span> <span class='ocrx_word' id='word_1_520' title='bbox 893 3236 1141 3281; x_wconf 85' lang='lat' dir='ltr'><strong>naturam</strong></span> <span class='ocrx_word' id='word_1_521' title='bbox 1173 3226 1315 3281; x_wconf 87' lang='lat' dir='ltr'><strong>lilius</strong></span> <span class='ocrx_word' id='word_1_522' title='bbox 1339 3233 1443 3292; x_wconf 89' lang='lat' dir='ltr'><strong>est;</strong></span> <span class='ocrx_word' id='word_1_523' title='bbox 1472 3224 1768 3280; x_wconf 90' lang='lat' dir='ltr'><strong>maledicus</strong></span> <span class='ocrx_word' id='word_1_524' title='bbox 1785 3240 1885 3296; x_wconf 89' lang='lat' dir='ltr'><strong>ego</strong></span> <span class='ocrx_word' id='word_1_525' title='bbox 1902 3241 2039 3292; x_wconf 81' lang='lat' dir='ltr'><strong>sum,</strong></span> <span class='ocrx_word' id='word_1_526' title='bbox 2073 3240 2165 3296; x_wconf 90' lang='lat' dir='ltr'><strong>op-</strong></span> <span class='ocrx_word' id='word_1_527' title='bbox 2197 3265 2243 3329; x_wconf 79' lang='lat' dir='ltr'>C</span> <span class='ocrx_word' id='word_1_528' title='bbox 2277 3221 2523 3279; x_wconf 90' lang='lat' dir='ltr'><strong>tiformes</strong></span> <span class='ocrx_word' id='word_1_529' title='bbox 2552 3233 2872 3296; x_wconf 86' lang='lat' dir='ltr'><strong>potestates,</strong></span> <span class='ocrx_word' id='word_1_530' title='bbox 2900 3235 2952 3280; x_wconf 90' lang='lat' dir='ltr'><strong>et</strong></span> <span class='ocrx_word' id='word_1_531' title='bbox 2984 3240 3243 3280; x_wconf 81' lang='lat' dir='ltr'><strong>novarum</strong></span> <span class='ocrx_word' id='word_1_532' title='bbox 3271 3234 3429 3295; x_wconf 86' lang='lat' dir='ltr'><strong>atque</strong></span> <span class='ocrx_word' id='word_1_533' title='bbox 3460 3226 3840 3297; x_wconf 86' lang='lat' dir='ltr'><strong>incomprehen-</strong></span> 
     </span>
    </p>
   </div>
   <div class='ocr_carea' id='block_1_63' title="bbox 572 3317 2173 3389">
    <p class='ocr_par' dir='ltr' id='par_1_63' title="bbox 572 3317 2173 3389">
     <span class='ocr_line' id='line_1_63' title="bbox 572 3317 2173 3389; baseline -0.001 -17"><span class='ocrx_word' id='word_1_534' title='bbox 572 3318 847 3389; x_wconf 87' lang='lat' dir='ltr'><strong>prohrium</strong></span> <span class='ocrx_word' id='word_1_535' title='bbox 879 3318 932 3373; x_wconf 92' lang='lat' dir='ltr'><strong>in</strong></span> <span class='ocrx_word' id='word_1_536' title='bbox 966 3329 1019 3373; x_wconf 90' lang='lat' dir='ltr'><strong>te</strong></span> <span class='ocrx_word' id='word_1_537' title='bbox 1051 3317 1209 3372; x_wconf 89' lang='lat' dir='ltr'><strong>alieni</strong></span> <span class='ocrx_word' id='word_1_538' title='bbox 1243 3318 1476 3374; x_wconf 82' lang='lat' dir='ltr'><strong>nominis</strong></span> <span class='ocrx_word' id='word_1_539' title='bbox 1506 3320 1767 3374; x_wconf 78' lang='lat' dir='ltr'><strong>referens.</strong></span> <span class='ocrx_word' id='word_1_540' title='bbox 1807 3318 1902 3375; x_wconf 87' lang='lat' dir='ltr'><strong>Sin</strong></span> <span class='ocrx_word' id='word_1_541' title='bbox 1939 3334 2070 3376; x_wconf 90' lang='lat' dir='ltr'><strong>vero</strong></span> <span class='ocrx_word' id='word_1_542' title='bbox 2099 3320 2173 3372; x_wconf 86' lang='lat' dir='ltr'><strong>si-</strong></span> 
     </span>
    </p>
   </div>
   <div class='ocr_carea' id='block_1_64' title="bbox 574 3412 2176 3483">
    <p class='ocr_par' dir='ltr' id='par_1_64' title="bbox 574 3412 2176 3483">
     <span class='ocr_line' id='line_1_64' title="bbox 574 3412 2176 3483; baseline 0.001 -16"><span class='ocrx_word' id='word_1_543' title='bbox 574 3412 776 3467; x_wconf 88' lang='lat' dir='ltr'><strong>mulata</strong></span> <span class='ocrx_word' id='word_1_544' title='bbox 807 3414 989 3468; x_wconf 88' lang='lat' dir='ltr'><strong>omnia</strong></span> <span class='ocrx_word' id='word_1_545' title='bbox 1029 3423 1174 3477; x_wconf 90' lang='lat' dir='ltr'><strong>sunt,</strong></span> <span class='ocrx_word' id='word_1_546' title='bbox 1205 3424 1259 3469; x_wconf 91' lang='lat' dir='ltr'><strong>et</strong></span> <span class='ocrx_word' id='word_1_547' title='bbox 1287 3414 1464 3483; x_wconf 84' lang='lat' dir='ltr'><strong>potius</strong></span> <span class='ocrx_word' id='word_1_548' title='bbox 1493 3423 1798 3483; x_wconf 88' lang='lat' dir='ltr'><strong>nuncupata</strong></span> <span class='ocrx_word' id='word_1_549' title='bbox 1838 3428 1997 3483; x_wconf 86' lang='lat' dir='ltr'><strong>quam</strong></span> <span class='ocrx_word' id='word_1_550' title='bbox 2050 3429 2176 3482; x_wconf 90' lang='lat' dir='ltr'><strong>pro-</strong></span> 
     </span>
    </p>
   </div>
   <div class='ocr_carea' id='block_1_65' title="bbox 577 3504 2174 3578">
    <p class='ocr_par' dir='ltr' id='par_1_65' title="bbox 577 3504 2174 3578">
     <span class='ocr_line' id='line_1_65' title="bbox 577 3504 2174 3578; baseline 0.001 -17"><span class='ocrx_word' id='word_1_551' title='bbox 577 3506 689 3578; x_wconf 89' lang='lat' dir='ltr'><strong>pria</strong></span> <span class='ocrx_word' id='word_1_552' title='bbox 715 3522 730 3571; x_wconf 89' lang='lat'><strong>;</strong></span> <span class='ocrx_word' id='word_1_553' title='bbox 763 3505 888 3561; x_wconf 87' lang='lat' dir='ltr'><strong>ﬁdei</strong></span> <span class='ocrx_word' id='word_1_554' title='bbox 918 3514 1022 3561; x_wconf 75' lang='lat' dir='ltr'><strong>tute</strong></span> <span class='ocrx_word' id='word_1_555' title='bbox 1042 3504 1112 3561; x_wconf 87' lang='lat' dir='ltr'><strong>ab</strong></span> <span class='ocrx_word' id='word_1_556' title='bbox 1140 3505 1387 3576; x_wconf 87' lang='lat' dir='ltr'><strong>apostolo</strong></span> <span class='ocrx_word' id='word_1_557' title='bbox 1432 3506 1580 3562; x_wconf 89' lang='lat' dir='ltr'><strong>disce</strong></span> <span class='ocrx_word' id='word_1_558' title='bbox 1618 3520 1939 3577; x_wconf 86' lang='lat' dir='ltr'><strong>cognomen.</strong></span> <span class='ocrx_word' id='word_1_559' title='bbox 1969 3516 2023 3562; x_wconf 91' lang='lat' dir='ltr'><strong>et</strong></span> <span class='ocrx_word' id='word_1_560' title='bbox 2048 3505 2174 3562; x_wconf 89' lang='lat' dir='ltr'><strong>audi</strong></span> 
     </span>
    </p>
   </div>
   <div class='ocr_carea' id='block_1_66' title="bbox 576 3598 2176 3672">
    <p class='ocr_par' dir='ltr' id='par_1_66' title="bbox 576 3598 2176 3672">
     <span class='ocr_line' id='line_1_66' title="bbox 576 3598 2176 3672; baseline -0.001 -17"><span class='ocrx_word' id='word_1_561' title='bbox 576 3598 787 3670; x_wconf 70' lang='lat' dir='ltr'><strong>quaesit</strong></span> <span class='ocrx_word' id='word_1_562' title='bbox 811 3599 1000 3655; x_wconf 87' lang='lat' dir='ltr'><strong>crediti</strong></span> <span class='ocrx_word' id='word_1_563' title='bbox 1032 3598 1157 3655; x_wconf 86' lang='lat' dir='ltr'><strong>Filii</strong></span> <span class='ocrx_word' id='word_1_564' title='bbox 1201 3599 1353 3655; x_wconf 88' lang='lat' dir='ltr'><strong>ﬁdes.</strong></span> <span class='ocrx_word' id='word_1_565' title='bbox 1392 3599 1645 3672; x_wconf 87' lang='lat' dir='ltr'><strong>Sequitur</strong></span> <span class='ocrx_word' id='word_1_566' title='bbox 1672 3599 1841 3669; x_wconf 87' lang='lat' dir='ltr'><strong>enim,</strong></span> <span class='ocrx_word' id='word_1_567' title='bbox 1877 3599 1981 3668; x_wconf 82' lang='lat' dir='ltr'><strong>Qui</strong></span> <span class='ocrx_word' id='word_1_568' title='bbox 2026 3608 2176 3672; x_wconf 85' lang='lat' dir='ltr'><strong>negat</strong></span> 
     </span>
    </p>
   </div>
   <div class='ocr_carea' id='block_1_67' title="bbox 652 3714 1160 3787">
    <p class='ocr_par' dir='ltr' id='par_1_67' title="bbox 652 3714 1160 3787">
     <span class='ocr_line' id='line_1_67' title="bbox 652 3714 1160 3787; baseline 0.006 -17"><span class='ocrx_word' id='word_1_569' title='bbox 652 3716 732 3787; x_wconf 84' lang='lat' dir='ltr'><strong>(l)</strong></span> <span class='ocrx_word' id='word_1_570' title='bbox 757 3714 907 3770; x_wconf 86' lang='lat' dir='ltr'><strong>Caret</strong></span> <span class='ocrx_word' id='word_1_571' title='bbox 929 3714 1160 3774; x_wconf 83' lang='lat' dir='ltr'><strong>Patrem.</strong></span> 
     </span>
    </p>
   </div>
   <div class='ocr_carea' id='block_1_68' title="bbox 2276 3318 3840 3391">
    <p class='ocr_par' dir='ltr' id='par_1_68' title="bbox 2276 3318 3840 3391">
     <span class='ocr_line' id='line_1_68' title="bbox 2276 3318 3840 3391; baseline -0.001 -17"><span class='ocrx_word' id='word_1_572' title='bbox 2276 3319 2511 3375; x_wconf 87' lang='lat' dir='ltr'><strong>sibilium</strong></span> <span class='ocrx_word' id='word_1_573' title='bbox 2559 3318 2867 3374; x_wconf 87' lang='lat' dir='ltr'><strong>cantionum</strong></span> <span class='ocrx_word' id='word_1_574' title='bbox 2914 3318 3145 3391; x_wconf 82' lang='lat' dir='ltr'><strong>hymnos</strong></span> <span class='ocrx_word' id='word_1_575' title='bbox 3192 3322 3587 3390; x_wconf 79' lang='lat' dir='ltr'><strong>sempiternos,</strong></span> <span class='ocrx_word' id='word_1_576' title='bbox 3632 3333 3730 3375; x_wconf 89' lang='lat' dir='ltr'><strong>tam</strong></span> <span class='ocrx_word' id='word_1_577' title='bbox 3774 3319 3840 3389; x_wconf 80' lang='lat' dir='ltr'><strong>pia</strong></span> 
     </span>
    </p>
   </div>
   <div class='ocr_carea' id='block_1_69' title="bbox 2278 3411 3842 3485">
    <p class='ocr_par' dir='ltr' id='par_1_69' title="bbox 2278 3411 3842 3485">
     <span class='ocr_line' id='line_1_69' title="bbox 2278 3411 3842 3485; baseline 0.001 -17"><span class='ocrx_word' id='word_1_578' title='bbox 2278 3411 2373 3468; x_wconf 89' lang='lat' dir='ltr'><strong>tibi</strong></span> <span class='ocrx_word' id='word_1_579' title='bbox 2403 3412 2518 3469; x_wconf 61' lang='lat' dir='ltr'><strong>hasc</strong></span> <span class='ocrx_word' id='word_1_580' title='bbox 2549 3428 2643 3484; x_wconf 87' lang='lat' dir='ltr'><strong>per</strong></span> <span class='ocrx_word' id='word_1_581' title='bbox 2668 3416 2875 3485; x_wconf 85' lang='lat' dir='ltr'><strong>Agnum</strong></span> <span class='ocrx_word' id='word_1_582' title='bbox 2902 3413 3099 3470; x_wconf 89' lang='lat' dir='ltr'><strong>ducem</strong></span> <span class='ocrx_word' id='word_1_583' title='bbox 3127 3414 3365 3470; x_wconf 77' lang='lat' dir='ltr'><strong>revelata</strong></span> <span class='ocrx_word' id='word_1_584' title='bbox 3392 3414 3642 3471; x_wconf 88' lang='lat' dir='ltr'><strong>doctrina</strong></span> <span class='ocrx_word' id='word_1_585' title='bbox 3670 3425 3765 3479; x_wconf 84' lang='lat' dir='ltr'><strong>est,</strong></span> <span class='ocrx_word' id='word_1_586' title='bbox 3789 3430 3842 3470; x_wconf 86' lang='lat' dir='ltr'><strong>ne</strong></span> 
     </span>
    </p>
   </div>
   <div class='ocr_carea' id='block_1_70' title="bbox 2278 3505 3840 3576">
    <p class='ocr_par' dir='ltr' id='par_1_70' title="bbox 2278 3505 3840 3576">
     <span class='ocr_line' id='line_1_70' title="bbox 2278 3505 3840 3576; baseline -0.001 -15"><span class='ocrx_word' id='word_1_587' title='bbox 2278 3505 2442 3562; x_wconf 89' lang='lat' dir='ltr'><strong>Pater</strong></span> <span class='ocrx_word' id='word_1_588' title='bbox 2472 3517 2622 3576; x_wconf 88' lang='lat' dir='ltr'><strong>pater</strong></span> <span class='ocrx_word' id='word_1_589' title='bbox 2646 3506 2735 3575; x_wconf 89' lang='lat' dir='ltr'><strong>sit,</strong></span> <span class='ocrx_word' id='word_1_590' title='bbox 2769 3521 2838 3562; x_wconf 89' lang='lat' dir='ltr'><strong>ne</strong></span> <span class='ocrx_word' id='word_1_591' title='bbox 2875 3506 3042 3563; x_wconf 88' lang='lat' dir='ltr'><strong>Filius</strong></span> <span class='ocrx_word' id='word_1_592' title='bbox 3076 3506 3219 3562; x_wconf 89' lang='lat' dir='ltr'><strong>ﬁlius</strong></span> <span class='ocrx_word' id='word_1_593' title='bbox 3244 3509 3333 3575; x_wconf 90' lang='lat' dir='ltr'><strong>sit,</strong></span> <span class='ocrx_word' id='word_1_594' title='bbox 3365 3522 3435 3564; x_wconf 91' lang='lat' dir='ltr'><strong>ne</strong></span> <span class='ocrx_word' id='word_1_595' title='bbox 3465 3519 3655 3563; x_wconf 80' lang='lat' dir='ltr'><strong>natura</strong></span> <span class='ocrx_word' id='word_1_596' title='bbox 3682 3517 3840 3563; x_wconf 78' lang='lat' dir='ltr'><strong>natura</strong></span> 
     </span>
    </p>
   </div>
   <div class='ocr_carea' id='block_1_71' title="bbox 2282 3598 3841 3675">
    <p class='ocr_par' dir='ltr' id='par_1_71' title="bbox 2282 3598 3841 3675">
     <span class='ocr_line' id='line_1_71' title="bbox 2282 3598 3841 3675; baseline -0.001 -19"><span class='ocrx_word' id='word_1_597' title='bbox 2282 3601 2374 3669; x_wconf 89' lang='lat' dir='ltr'><strong>sit,</strong></span> <span class='ocrx_word' id='word_1_598' title='bbox 2399 3616 2467 3658; x_wconf 89' lang='lat' dir='ltr'><strong>tte</strong></span> <span class='ocrx_word' id='word_1_599' title='bbox 2492 3601 2690 3657; x_wconf 86' lang='lat' dir='ltr'><strong>veritas</strong></span> <span class='ocrx_word' id='word_1_600' title='bbox 2723 3601 2921 3658; x_wconf 89' lang='lat' dir='ltr'><strong>veritas</strong></span> <span class='ocrx_word' id='word_1_601' title='bbox 2949 3602 3018 3657; x_wconf 85' lang='lat' dir='ltr'><strong>sit</strong></span> <span class='ocrx_word' id='word_1_602' title='bbox 3057 3600 3243 3675; x_wconf 80' lang='lat' dir='ltr'><strong>(Apoc.</strong></span> <span class='ocrx_word' id='word_1_603' title='bbox 3268 3601 3368 3675; x_wconf 79' lang='lat' dir='ltr'><strong>v)?</strong></span> <span class='ocrx_word' id='word_1_604' title='bbox 3412 3601 3538 3658; x_wconf 76' lang='lat' dir='ltr'><strong>[hcc</strong></span> <span class='ocrx_word' id='word_1_605' title='bbox 3564 3603 3703 3658; x_wconf 88' lang='lat' dir='ltr'><strong>cnim</strong></span> <span class='ocrx_word' id='word_1_606' title='bbox 3729 3598 3841 3672; x_wconf 84' lang='lat' dir='ltr'><strong>apud</strong></span> 
     </span>
    </p>
   </div>
   <div class='ocr_carea' id='block_1_72' title="bbox 650 3781 2166 3863">
    <p class='ocr_par' dir='ltr' id='par_1_72' title="bbox 650 3781 2166 3863">
     <span class='ocr_line' id='line_1_72' title="bbox 650 3781 2166 3863; baseline 0.001 -20"><span class='ocrx_word' id='word_1_607' title='bbox 650 3781 731 3863; x_wconf 80' lang='grc'><strong>(2)</strong></span> <span class='ocrx_word' id='word_1_608' title='bbox 761 3787 827 3844; x_wconf 83' lang='lat' dir='ltr'><strong>Et</strong></span> <span class='ocrx_word' id='word_1_609' title='bbox 849 3789 1007 3846; x_wconf 87' lang='lat' dir='ltr'><strong>simus</strong></span> <span class='ocrx_word' id='word_1_610' title='bbox 1034 3790 1088 3844; x_wconf 85' lang='lat' dir='ltr'><strong>in</strong></span> <span class='ocrx_word' id='word_1_611' title='bbox 1106 3804 1223 3845; x_wconf 81' lang='lat' dir='ltr'><strong>vero</strong></span> <span class='ocrx_word' id='word_1_612' title='bbox 1248 3790 1359 3860; x_wconf 81' lang='lat' dir='ltr'><strong>ﬁlio</strong></span> <span class='ocrx_word' id='word_1_613' title='bbox 1386 3788 1517 3845; x_wconf 85' lang='lat' dir='ltr'><strong>Jesu</strong></span> <span class='ocrx_word' id='word_1_614' title='bbox 1546 3788 1787 3846; x_wconf 82' lang='lat' dir='ltr'><strong>Christo:</strong></span> <span class='ocrx_word' id='word_1_615' title='bbox 1814 3788 1896 3844; x_wconf 87' lang='lat' dir='ltr'><strong>hic</strong></span> <span class='ocrx_word' id='word_1_616' title='bbox 1926 3799 2000 3845; x_wconf 84' lang='lat' dir='ltr'><strong>est</strong></span> <span class='ocrx_word' id='word_1_617' title='bbox 2024 3804 2166 3846; x_wconf 83' lang='lat' dir='ltr'><strong>verus</strong></span> 
     </span>
    </p>
   </div>
   <div class='ocr_carea' id='block_1_73' title="bbox 2266 3781 3410 3863">
    <p class='ocr_par' dir='ltr' id='par_1_73' title="bbox 2266 3781 3410 3858">
     <span class='ocr_line' id='line_1_73' title="bbox 2266 3781 3410 3858; baseline -0.004 -14"><span class='ocrx_word' id='word_1_618' title='bbox 2266 3804 2381 3854; x_wconf 64' lang='lat' dir='ltr'><strong>ius;</strong></span> <span class='ocrx_word' id='word_1_619' title='bbox 2410 3800 2607 3858; x_wconf 81' lang='lat' dir='ltr'><strong>graece,</strong></span> <span class='ocrx_word' id='word_1_620' title='bbox 2630 3783 2785 3849; x_wconf 76' lang='grc' dir='ltr'><strong>οὗτός</strong></span> <span class='ocrx_word' id='word_1_621' title='bbox 2813 3786 2953 3844; x_wconf 71' lang='grc' dir='ltr'><strong>ἐστιν</strong></span> <span class='ocrx_word' id='word_1_622' title='bbox 2981 3784 3007 3841; x_wconf 87' lang='grc' dir='ltr'><strong>ὁ</strong></span> <span class='ocrx_word' id='word_1_623' title='bbox 3027 3785 3257 3848; x_wconf 81' lang='grc' dir='ltr'><strong>ἀληθινὸς</strong></span> <span class='ocrx_word' id='word_1_624' title='bbox 3276 3781 3410 3848; x_wconf 80' lang='grc' dir='ltr'><strong>θεός.</strong></span> 
     </span>
    </p>
   </div>
   <div class='ocr_carea' id='block_1_74' title="bbox 652 3900 2173 3975">
    <p class='ocr_par' dir='ltr' id='par_1_74' title="bbox 652 3900 2173 3975">
     <span class='ocr_line' id='line_1_74' title="bbox 652 3900 2173 3975; baseline 0.001 -20"><span class='ocrx_word' id='word_1_625' title='bbox 652 3900 729 3975; x_wconf 88' lang='lat' dir='ltr'><strong>(a)</strong></span> <span class='ocrx_word' id='word_1_626' title='bbox 750 3900 967 3970; x_wconf 87' lang='lat' dir='ltr'><strong>Septem</strong></span> <span class='ocrx_word' id='word_1_627' title='bbox 986 3917 1118 3958; x_wconf 88' lang='lat' dir='ltr'><strong>mss.</strong></span> <span class='ocrx_word' id='word_1_628' title='bbox 1148 3902 1353 3958; x_wconf 86' lang='lat' dir='ltr'><strong>credere</strong></span> <span class='ocrx_word' id='word_1_629' title='bbox 1378 3920 1479 3957; x_wconf 86' lang='lat' dir='ltr'><strong>non</strong></span> <span class='ocrx_word' id='word_1_630' title='bbox 1501 3903 1717 3975; x_wconf 77' lang='lat' dir='ltr'><strong>sufﬁcit.</strong></span> <span class='ocrx_word' id='word_1_631' title='bbox 1744 3903 1912 3960; x_wconf 88' lang='lat' dir='ltr'><strong>Abest</strong></span> <span class='ocrx_word' id='word_1_632' title='bbox 1938 3918 2038 3958; x_wconf 88' lang='lat' dir='ltr'><strong>non</strong></span> <span class='ocrx_word' id='word_1_633' title='bbox 2059 3903 2173 3972; x_wconf 76' lang='lat' dir='ltr'><strong>suf-</strong></span> 
     </span>
    </p>
   </div>
   <div class='ocr_carea' id='block_1_75' title="bbox 581 3973 1090 4044">
    <p class='ocr_par' dir='ltr' id='par_1_75' title="bbox 581 3973 1090 4044">
     <span class='ocr_line' id='line_1_75' title="bbox 581 3973 1090 4044; baseline 0.006 -18"><span class='ocrx_word' id='word_1_634' title='bbox 581 3973 688 4042; x_wconf 79' lang='lat' dir='ltr'><strong>ﬁcit</strong></span> <span class='ocrx_word' id='word_1_635' title='bbox 715 3990 742 4027; x_wconf 91' lang='lat' dir='ltr'><strong>a</strong></span> <span class='ocrx_word' id='word_1_636' title='bbox 773 3975 1090 4044; x_wconf 85' lang='lat' dir='ltr'><strong>potioribus.</strong></span> 
     </span>
    </p>
   </div>
   <div class='ocr_carea' id='block_1_76' title="bbox 654 4044 2173 4116">
    <p class='ocr_par' dir='ltr' id='par_1_76' title="bbox 654 4044 2173 4116">
     <span class='ocr_line' id='line_1_76' title="bbox 654 4044 2173 4116; baseline 0.003 -17"><span class='ocrx_word' id='word_1_637' title='bbox 654 4044 729 4115; x_wconf 89' lang='lat' dir='ltr'><strong>(b)</strong></span> <span class='ocrx_word' id='word_1_638' title='bbox 759 4046 910 4115; x_wconf 81' lang='lat' dir='ltr'><strong>Quod</strong></span> <span class='ocrx_word' id='word_1_639' title='bbox 939 4048 1212 4116; x_wconf 82' lang='lat' dir='ltr'><strong>sequitur,</strong></span> <span class='ocrx_word' id='word_1_640' title='bbox 1244 4046 1327 4101; x_wconf 89' lang='lat' dir='ltr'><strong>his</strong></span> <span class='ocrx_word' id='word_1_641' title='bbox 1355 4047 1541 4102; x_wconf 88' lang='lat' dir='ltr'><strong>nititur</strong></span> <span class='ocrx_word' id='word_1_642' title='bbox 1568 4047 1794 4102; x_wconf 84' lang='lat' dir='ltr'><strong>Joannis</strong></span> <span class='ocrx_word' id='word_1_643' title='bbox 1826 4046 2027 4113; x_wconf 85' lang='lat' dir='ltr'><strong>verbis,</strong></span> <span class='ocrx_word' id='word_1_644' title='bbox 2053 4045 2173 4103; x_wconf 88' lang='lat' dir='ltr'><strong>loco</strong></span> 
     </span>
    </p>
   </div>
   <div class='ocr_carea' id='block_1_77' title="bbox 582 4118 2175 4189">
    <p class='ocr_par' dir='ltr' id='par_1_77' title="bbox 582 4118 2175 4189">
     <span class='ocr_line' id='line_1_77' title="bbox 582 4118 2175 4189; baseline 0.002 -19"><span class='ocrx_word' id='word_1_645' title='bbox 582 4118 825 4189; x_wconf 81' lang='lat' dir='ltr'><strong>proxime</strong></span> <span class='ocrx_word' id='word_1_646' title='bbox 856 4118 1073 4173; x_wconf 88' lang='lat' dir='ltr'><strong>laudato</strong></span> <span class='ocrx_word' id='word_1_647' title='bbox 1100 4118 1494 4182; x_wconf 78' lang='lat' dir='ltr'><strong>coluerentilms</strong></span> <span class='ocrx_word' id='word_1_648' title='bbox 1516 4160 1530 4183; x_wconf 94' lang='lat'><strong>,</strong></span> <span class='ocrx_word' id='word_1_649' title='bbox 1573 4129 1622 4173; x_wconf 89' lang='lat' dir='ltr'><strong>et</strong></span> <span class='ocrx_word' id='word_1_650' title='bbox 1652 4130 1703 4173; x_wconf 92' lang='lat' dir='ltr'><strong>ut</strong></span> <span class='ocrx_word' id='word_1_651' title='bbox 1734 4124 1993 4174; x_wconf 81' lang='lat' dir='ltr'><strong>credentes</strong></span> <span class='ocrx_word' id='word_1_652' title='bbox 2019 4120 2175 4173; x_wconf 82' lang='lat' dir='ltr'><strong>vitam</strong></span> 
     </span>
    </p>
   </div>
   <div class='ocr_carea' id='block_1_78' title="bbox 582 4188 2173 4275">
    <p class='ocr_par' dir='ltr' id='par_1_78' title="bbox 582 4188 2173 4275">
     <span class='ocr_line' id='line_1_78' title="bbox 582 4188 2173 4275; baseline 0.001 -33"><span class='ocrx_word' id='word_1_653' title='bbox 582 4188 807 4275; x_wconf 70' lang='lat' dir='ltr'><strong>habeatis</strong></span> <span class='ocrx_word' id='word_1_654' title='bbox 827 4190 1125 4272; x_wconf 38' lang='lat' dir='ltr'><strong>iri-nomine</strong></span> <span class='ocrx_word' id='word_1_655' title='bbox 1155 4190 1476 4275; x_wconf 49' lang='lat' dir='ltr'><strong>ejus..guod</strong></span> <span class='ocrx_word' id='word_1_656' title='bbox 1507 4191 1679 4275; x_wconf 64' lang='lat' dir='ltr'><strong>fauste</strong></span> <span class='ocrx_word' id='word_1_657' title='bbox 1702 4189 1999 4275; x_wconf 77' lang='lat' dir='ltr'><strong>Faustinus</strong></span> <span class='ocrx_word' id='word_1_658' title='bbox 2018 4191 2173 4256; x_wconf 88' lang='lat' dir='ltr'><strong>vidit,</strong></span> 
     </span>
    </p>
   </div>
   <div class='ocr_carea' id='block_1_79' title="bbox 581 4260 2177 4333">
    <p class='ocr_par' dir='ltr' id='par_1_79' title="bbox 581 4260 2177 4333">
     <span class='ocr_line' id='line_1_79' title="bbox 581 4260 2177 4333; baseline 0.001 -19"><span class='ocrx_word' id='word_1_659' title='bbox 581 4274 646 4315; x_wconf 86' lang='lat' dir='ltr'><strong>ac</strong></span> <span class='ocrx_word' id='word_1_660' title='bbox 676 4262 841 4333; x_wconf 87' lang='lat' dir='ltr'><strong>nitide</strong></span> <span class='ocrx_word' id='word_1_661' title='bbox 865 4262 944 4316; x_wconf 87' lang='lat' dir='ltr'><strong>sic</strong></span> <span class='ocrx_word' id='word_1_662' title='bbox 968 4260 1217 4333; x_wconf 78' lang='lat' dir='ltr'><strong>exposuit</strong></span> <span class='ocrx_word' id='word_1_663' title='bbox 1243 4279 1257 4315; x_wconf 88' lang='lat'>:</span> <span class='ocrx_word' id='word_1_664' title='bbox 1296 4260 1533 4317; x_wconf 86' lang='lat' dir='ltr'><strong>Etiamne</strong></span> <span class='ocrx_word' id='word_1_665' title='bbox 1562 4263 1643 4317; x_wconf 86' lang='lat' dir='ltr'><strong>hic</strong></span> <span class='ocrx_word' id='word_1_666' title='bbox 1669 4263 1896 4333; x_wconf 77' lang='lat' dir='ltr'><strong>suspicio</strong></span> <span class='ocrx_word' id='word_1_667' title='bbox 1927 4270 2001 4333; x_wconf 84' lang='lat' dir='ltr'><strong>est</strong></span> <span class='ocrx_word' id='word_1_668' title='bbox 2035 4279 2177 4316; x_wconf 87' lang='lat' dir='ltr'><strong>crea-</strong></span> 
     </span>
    </p>
   </div>
   <div class='ocr_carea' id='block_1_80' title="bbox 584 4332 2175 4404">
    <p class='ocr_par' dir='ltr' id='par_1_80' title="bbox 584 4332 2175 4404">
     <span class='ocr_line' id='line_1_80' title="bbox 584 4332 2175 4404; baseline 0.002 -19"><span class='ocrx_word' id='word_1_669' title='bbox 584 4341 733 4399; x_wconf 78' lang='lat' dir='ltr'><strong>turw,</strong></span> <span class='ocrx_word' id='word_1_670' title='bbox 765 4332 872 4400; x_wconf 83' lang='lat' dir='ltr'><strong>ubi,</strong></span> <span class='ocrx_word' id='word_1_671' title='bbox 913 4335 999 4404; x_wconf 86' lang='lat' dir='ltr'><strong>qui</strong></span> <span class='ocrx_word' id='word_1_672' title='bbox 1025 4332 1299 4388; x_wconf 84' lang='lat' dir='ltr'><strong>crediderit</strong></span> <span class='ocrx_word' id='word_1_673' title='bbox 1326 4334 1462 4404; x_wconf 85' lang='lat' dir='ltr'><strong>quod</strong></span> <span class='ocrx_word' id='word_1_674' title='bbox 1507 4335 1646 4404; x_wconf 82' lang='lat' dir='ltr'><strong>ﬁlius</strong></span> <span class='ocrx_word' id='word_1_675' title='bbox 1678 4332 1774 4387; x_wconf 85' lang='lat' dir='ltr'><strong>Dei</strong></span> <span class='ocrx_word' id='word_1_676' title='bbox 1815 4345 1887 4387; x_wconf 86' lang='lat' dir='ltr'><strong>est</strong></span> <span class='ocrx_word' id='word_1_677' title='bbox 1919 4332 2175 4398; x_wconf 80' lang='lat' dir='ltr'><strong>Christus,</strong></span> 
     </span>
    </p>
   </div>
   <div class='ocr_carea' id='block_1_81' title="bbox 581 4405 2182 4472">
    <p class='ocr_par' dir='ltr' id='par_1_81' title="bbox 581 4405 2182 4472">
     <span class='ocr_line' id='line_1_81' title="bbox 581 4405 2182 4472; baseline 0.001 -15"><span class='ocrx_word' id='word_1_678' title='bbox 581 4414 827 4458; x_wconf 69' lang='lat' dir='ltr'><strong>(sternam</strong></span> <span class='ocrx_word' id='word_1_679' title='bbox 850 4405 1007 4459; x_wconf 86' lang='lat' dir='ltr'><strong>vitam</strong></span> <span class='ocrx_word' id='word_1_680' title='bbox 1038 4406 1282 4472; x_wconf 81' lang='lat' dir='ltr'><strong>possidet,</strong></span> <span class='ocrx_word' id='word_1_681' title='bbox 1312 4415 1360 4459; x_wconf 90' lang='lat' dir='ltr'><strong>et</strong></span> <span class='ocrx_word' id='word_1_682' title='bbox 1386 4422 1487 4459; x_wconf 91' lang='lat' dir='ltr'><strong>non</strong></span> <span class='ocrx_word' id='word_1_683' title='bbox 1516 4405 1666 4459; x_wconf 87' lang='lat' dir='ltr'><strong>aliter</strong></span> <span class='ocrx_word' id='word_1_684' title='bbox 1692 4420 1849 4472; x_wconf 90' lang='lat' dir='ltr'><strong>quam</strong></span> <span class='ocrx_word' id='word_1_685' title='bbox 1886 4406 1940 4458; x_wconf 89' lang='lat' dir='ltr'><strong>in</strong></span> <span class='ocrx_word' id='word_1_686' title='bbox 1980 4406 2182 4458; x_wconf 84' lang='lat' dir='ltr'><strong>nomine</strong></span> 
     </span>
    </p>
   </div>
   <div class='ocr_carea' id='block_1_82' title="bbox 582 4475 2184 4547">
    <p class='ocr_par' dir='ltr' id='par_1_82' title="bbox 582 4475 2184 4547">
     <span class='ocr_line' id='line_1_82' title="bbox 582 4475 2184 4547; baseline 0.001 -19"><span class='ocrx_word' id='word_1_687' title='bbox 582 4477 846 4547; x_wconf 87' lang='lat' dir='ltr'><strong>ejus</strong></span> <span class='ocrx_word' id='word_1_688' title='bbox 896 4475 962 4531; x_wconf 84' lang='lat' dir='ltr'><strong>In</strong></span> <span class='ocrx_word' id='word_1_689' title='bbox 992 4478 1196 4531; x_wconf 87' lang='lat' dir='ltr'><strong>nomine</strong></span> <span class='ocrx_word' id='word_1_690' title='bbox 1230 4476 1365 4530; x_wconf 88' lang='lat' dir='ltr'><strong>enim</strong></span> <span class='ocrx_word' id='word_1_691' title='bbox 1413 4486 1658 4531; x_wconf 74' lang='lat' dir='ltr'><strong>creatura:</strong></span> <span class='ocrx_word' id='word_1_692' title='bbox 1695 4492 1759 4531; x_wconf 86' lang='lat' dir='ltr'><strong>ne</strong></span> <span class='ocrx_word' id='word_1_693' title='bbox 1797 4475 1998 4546; x_wconf 86' lang='lat' dir='ltr'><strong>quidem</strong></span> <span class='ocrx_word' id='word_1_694' title='bbox 2029 4478 2184 4531; x_wconf 81' lang='lat' dir='ltr'><strong>vitam</strong></span> 
     </span>
    </p>
   </div>
   <div class='ocr_carea' id='block_1_83' title="bbox 587 4548 1512 4617">
    <p class='ocr_par' dir='ltr' id='par_1_83' title="bbox 587 4548 1512 4617">
     <span class='ocr_line' id='line_1_83' title="bbox 587 4548 1512 4617; baseline 0.004 -18"><span class='ocrx_word' id='word_1_695' title='bbox 587 4549 916 4615; x_wconf 82' lang='lat' dir='ltr'><strong>temporalem</strong></span> <span class='ocrx_word' id='word_1_696' title='bbox 949 4558 1112 4616; x_wconf 80' lang='lat' dir='ltr'><strong>potest</strong></span> <span class='ocrx_word' id='word_1_697' title='bbox 1142 4548 1257 4614; x_wconf 88' lang='lat' dir='ltr'><strong>quis</strong></span> <span class='ocrx_word' id='word_1_698' title='bbox 1287 4549 1512 4617; x_wconf 85' lang='lat' dir='ltr'><strong>assequi.</strong></span> 
     </span>
    </p>
   </div>
   <div class='ocr_carea' id='block_1_84' title="bbox 660 4618 2191 4692">
    <p class='ocr_par' dir='ltr' id='par_1_84' title="bbox 660 4618 2191 4692">
     <span class='ocr_line' id='line_1_84' title="bbox 660 4618 2191 4692; baseline 0.002 -20"><span class='ocrx_word' id='word_1_699' title='bbox 660 4618 728 4692; x_wconf 79' lang='grc' dir='ltr'><strong>(ε)</strong></span> <span class='ocrx_word' id='word_1_700' title='bbox 761 4620 814 4692; x_wconf 88' lang='lat' dir='ltr'><strong>Si</strong></span> <span class='ocrx_word' id='word_1_701' title='bbox 855 4619 1085 4690; x_wconf 88' lang='lat' dir='ltr'><strong>idipsum</strong></span> <span class='ocrx_word' id='word_1_702' title='bbox 1120 4629 1223 4687; x_wconf 92' lang='lat' dir='ltr'><strong>est,</strong></span> <span class='ocrx_word' id='word_1_703' title='bbox 1254 4621 1480 4692; x_wconf 87' lang='lat' dir='ltr'><strong>mundus</strong></span> <span class='ocrx_word' id='word_1_704' title='bbox 1508 4636 1576 4692; x_wconf 79' lang='lat' dir='ltr'><strong>ex</strong></span> <span class='ocrx_word' id='word_1_705' title='bbox 1609 4619 1726 4692; x_wconf 78' lang='lat' dir='ltr'><strong>Deo</strong></span> <span class='ocrx_word' id='word_1_706' title='bbox 1755 4627 1913 4674; x_wconf 84' lang='lat' dir='ltr'><strong>natus</strong></span> <span class='ocrx_word' id='word_1_707' title='bbox 1935 4619 2047 4689; x_wconf 86' lang='lat' dir='ltr'><strong>pari</strong></span> <span class='ocrx_word' id='word_1_708' title='bbox 2071 4619 2191 4688; x_wconf 87' lang='lat' dir='ltr'><strong>jure</strong></span> 
     </span>
    </p>
   </div>
   <div class='ocr_carea' id='block_1_85' title="bbox 585 4689 2181 4760">
    <p class='ocr_par' dir='ltr' id='par_1_85' title="bbox 585 4689 2181 4760">
     <span class='ocr_line' id='line_1_85' title="bbox 585 4689 2181 4760; baseline 0.002 -17"><span class='ocrx_word' id='word_1_709' title='bbox 585 4689 848 4747; x_wconf 78' lang='lat' dir='ltr'><strong>dicendus</strong></span> <span class='ocrx_word' id='word_1_710' title='bbox 879 4703 982 4757; x_wconf 80' lang='lat' dir='ltr'><strong>est,</strong></span> <span class='ocrx_word' id='word_1_711' title='bbox 1018 4706 1193 4760; x_wconf 79' lang='lat' dir='ltr'><strong>neque</strong></span> <span class='ocrx_word' id='word_1_712' title='bbox 1216 4691 1356 4745; x_wconf 84' lang='lat' dir='ltr'><strong>mala</strong></span> <span class='ocrx_word' id='word_1_713' title='bbox 1378 4700 1459 4746; x_wconf 91' lang='lat' dir='ltr'><strong>est</strong></span> <span class='ocrx_word' id='word_1_714' title='bbox 1489 4690 1730 4746; x_wconf 86' lang='lat' dir='ltr'><strong>Faustini</strong></span> <span class='ocrx_word' id='word_1_715' title='bbox 1757 4692 2140 4760; x_wconf 88' lang='lat' dir='ltr'><strong>consequentia</strong></span> <span class='ocrx_word' id='word_1_716' title='bbox 2170 4711 2181 4746; x_wconf 90' lang='lat'><strong>:</strong></span> 
     </span>
    </p>
   </div>
   <div class='ocr_carea' id='block_1_86' title="bbox 587 4762 2186 4834">
    <p class='ocr_par' dir='ltr' id='par_1_86' title="bbox 587 4762 2186 4834">
     <span class='ocr_line' id='line_1_86' title="bbox 587 4762 2186 4834; baseline 0.001 -18"><span class='ocrx_word' id='word_1_717' title='bbox 587 4762 727 4834; x_wconf 76' lang='lat' dir='ltr'><strong>Ergo</strong></span> <span class='ocrx_word' id='word_1_718' title='bbox 778 4772 823 4817; x_wconf 89' lang='lat' dir='ltr'><strong>et</strong></span> <span class='ocrx_word' id='word_1_719' title='bbox 852 4763 1073 4818; x_wconf 89' lang='lat' dir='ltr'><strong>mundus</strong></span> <span class='ocrx_word' id='word_1_720' title='bbox 1104 4782 1136 4816; x_wconf 94' lang='lat' dir='ltr'><strong>a</strong></span> <span class='ocrx_word' id='word_1_721' title='bbox 1163 4762 1313 4834; x_wconf 83' lang='lat' dir='ltr'><strong>nobis</strong></span> <span class='ocrx_word' id='word_1_722' title='bbox 1338 4763 1754 4834; x_wconf 69' lang='lat' dir='ltr'><strong>diligendusest,</strong></span> <span class='ocrx_word' id='word_1_723' title='bbox 1800 4763 1846 4818; x_wconf 85' lang='lat' dir='ltr'><strong>si</strong></span> <span class='ocrx_word' id='word_1_724' title='bbox 1894 4762 2186 4833; x_wconf 84' lang='lat' dir='ltr'><strong>diligendus</strong></span> 
     </span>
    </p>
   </div>
   <div class='ocr_carea' id='block_1_87' title="bbox 587 4832 2189 4909">
    <p class='ocr_par' dir='ltr' id='par_1_87' title="bbox 587 4832 2189 4909">
     <span class='ocr_line' id='line_1_87' title="bbox 587 4832 2189 4909; baseline 0.002 -22"><span class='ocrx_word' id='word_1_725' title='bbox 587 4832 871 4909; x_wconf 43' lang='lat' dir='ltr'><strong>est&#39;l’atcr.</strong></span> <span class='ocrx_word' id='word_1_726' title='bbox 905 4836 1012 4891; x_wconf 80' lang='lat' dir='ltr'><strong>Sed</strong></span> <span class='ocrx_word' id='word_1_727' title='bbox 1054 4837 1244 4890; x_wconf 84' lang='lat' dir='ltr'><strong>clamat</strong></span> <span class='ocrx_word' id='word_1_728' title='bbox 1287 4832 1548 4900; x_wconf 79' lang='lat' dir='ltr'><strong>Joannes,</strong></span> <span class='ocrx_word' id='word_1_729' title='bbox 1593 4832 1774 4890; x_wconf 87' lang='lat' dir='ltr'><strong>Nolite</strong></span> <span class='ocrx_word' id='word_1_730' title='bbox 1801 4832 2014 4909; x_wconf 81' lang='lat' dir='ltr'><strong>diligere</strong></span> <span class='ocrx_word' id='word_1_731' title='bbox 2038 4852 2189 4891; x_wconf 82' lang='lat' dir='ltr'><strong>utun-</strong></span> 
     </span>
    </p>
   </div>
   <div class='ocr_carea' id='block_1_88' title="bbox 587 4907 730 4959">
    <p class='ocr_par' dir='ltr' id='par_1_88' title="bbox 587 4907 730 4959">
     <span class='ocr_line' id='line_1_88' title="bbox 587 4907 730 4959; baseline 0 0"><span class='ocrx_word' id='word_1_732' title='bbox 587 4907 706 4959; x_wconf 89' lang='lat' dir='ltr'><strong>dnm</strong></span> <span class='ocrx_word' id='word_1_733' title='bbox 718 4948 730 4959; x_wconf 94' lang='lat'><strong>.</strong></span> 
     </span>
    </p>
   </div>
   <div class='ocr_carea' id='block_1_89' title="bbox 659 4976 2190 5051">
    <p class='ocr_par' dir='ltr' id='par_1_89' title="bbox 659 4976 2190 5051">
     <span class='ocr_line' id='line_1_89' title="bbox 659 4976 2190 5051; baseline -0.001 -19"><span class='ocrx_word' id='word_1_734' title='bbox 659 4977 741 5051; x_wconf 71' lang='lat' dir='ltr'><strong>(di</strong></span> <span class='ocrx_word' id='word_1_735' title='bbox 772 4976 825 5032; x_wconf 82' lang='lat' dir='ltr'><strong>In</strong></span> <span class='ocrx_word' id='word_1_736' title='bbox 858 4978 1088 5051; x_wconf 73' lang='lat' dir='ltr'><strong>volgatis</strong></span> <span class='ocrx_word' id='word_1_737' title='bbox 1112 5020 1126 5043; x_wconf 92' lang='lat'><strong>,</strong></span> <span class='ocrx_word' id='word_1_738' title='bbox 1176 4979 1290 5049; x_wconf 85' lang='lat' dir='ltr'><strong>quis</strong></span> <span class='ocrx_word' id='word_1_739' title='bbox 1322 4978 1407 5032; x_wconf 85' lang='lat' dir='ltr'><strong>sit.</strong></span> <span class='ocrx_word' id='word_1_740' title='bbox 1447 4976 1778 5033; x_wconf 83' lang='lat' dir='ltr'><strong>Concinttius</strong></span> <span class='ocrx_word' id='word_1_741' title='bbox 1820 4978 1872 5034; x_wconf 88' lang='lat' dir='ltr'><strong>in</strong></span> <span class='ocrx_word' id='word_1_742' title='bbox 1908 4992 2037 5033; x_wconf 90' lang='lat' dir='ltr'><strong>mss.</strong></span> <span class='ocrx_word' id='word_1_743' title='bbox 2066 4978 2190 5044; x_wconf 86' lang='lat' dir='ltr'><strong>quid</strong></span> 
     </span>
    </p>
   </div>
   <div class='ocr_carea' id='block_1_90' title="bbox 587 5048 2193 5119">
    <p class='ocr_par' dir='ltr' id='par_1_90' title="bbox 587 5048 2193 5119">
     <span class='ocr_line' id='line_1_90' title="bbox 587 5048 2193 5119; baseline -0.001 -16"><span class='ocrx_word' id='word_1_744' title='bbox 587 5048 679 5103; x_wconf 63' lang='lat' dir='ltr'><strong>sit.</strong></span> <span class='ocrx_word' id='word_1_745' title='bbox 705 5048 969 5104; x_wconf 80' lang='lat' dir='ltr'><strong>Erasmus</strong></span> <span class='ocrx_word' id='word_1_746' title='bbox 996 5048 1197 5104; x_wconf 81' lang='lat' dir='ltr'><strong>Hilario</strong></span> <span class='ocrx_word' id='word_1_747' title='bbox 1221 5052 1644 5119; x_wconf 77' lang='lat' dir='ltr'><strong>perpetantvitio</strong></span> <span class='ocrx_word' id='word_1_748' title='bbox 1670 5051 1844 5114; x_wconf 84' lang='lat' dir='ltr'><strong>vertit,</strong></span> <span class='ocrx_word' id='word_1_749' title='bbox 1871 5051 2008 5119; x_wconf 89' lang='lat' dir='ltr'><strong>quod</strong></span> <span class='ocrx_word' id='word_1_750' title='bbox 2038 5051 2193 5105; x_wconf 82' lang='lat' dir='ltr'><strong>Aria-</strong></span> 
     </span>
    </p>
   </div>
   <div class='ocr_carea' id='block_1_91' title="bbox 591 5120 2191 5191">
    <p class='ocr_par' dir='ltr' id='par_1_91' title="bbox 591 5120 2191 5191">
     <span class='ocr_line' id='line_1_91' title="bbox 591 5120 2191 5191; baseline 0.001 -16"><span class='ocrx_word' id='word_1_751' title='bbox 591 5136 717 5175; x_wconf 88' lang='lat' dir='ltr'><strong>num</strong></span> <span class='ocrx_word' id='word_1_752' title='bbox 752 5121 1074 5191; x_wconf 83' lang='lat' dir='ltr'><strong>nuncuparit</strong></span> <span class='ocrx_word' id='word_1_753' title='bbox 1103 5120 1503 5185; x_wconf 73' lang='lat' dir='ltr'><strong>antichristnut,</strong></span> <span class='ocrx_word' id='word_1_754' title='bbox 1529 5137 1650 5175; x_wconf 90' lang='lat' dir='ltr'><strong>cum</strong></span> <span class='ocrx_word' id='word_1_755' title='bbox 1678 5122 1779 5177; x_wconf 90' lang='lat' dir='ltr'><strong>hoc</strong></span> <span class='ocrx_word' id='word_1_756' title='bbox 1806 5139 1909 5176; x_wconf 87' lang='lat' dir='ltr'><strong>non</strong></span> <span class='ocrx_word' id='word_1_757' title='bbox 1936 5132 2042 5175; x_wconf 89' lang='lat' dir='ltr'><strong>tam</strong></span> <span class='ocrx_word' id='word_1_758' title='bbox 2078 5124 2191 5190; x_wconf 89' lang='lat' dir='ltr'><strong>ipse</strong></span> 
     </span>
    </p>
   </div>
   <div class='ocr_carea' id='block_1_92' title="bbox 588 5191 2192 5262">
    <p class='ocr_par' dir='ltr' id='par_1_92' title="bbox 588 5191 2192 5262">
     <span class='ocr_line' id='line_1_92' title="bbox 588 5191 2192 5262; baseline 0 -15"><span class='ocrx_word' id='word_1_759' title='bbox 588 5191 752 5257; x_wconf 81' lang='lat' dir='ltr'><strong>dicat,</strong></span> <span class='ocrx_word' id='word_1_760' title='bbox 781 5208 941 5262; x_wconf 84' lang='lat' dir='ltr'><strong>quam</strong></span> <span class='ocrx_word' id='word_1_761' title='bbox 977 5192 1160 5247; x_wconf 82' lang='lat' dir='ltr'><strong>audiat</strong></span> <span class='ocrx_word' id='word_1_762' title='bbox 1209 5209 1237 5246; x_wconf 75' lang='grc' dir='ltr'><strong>ιι</strong></span> <span class='ocrx_word' id='word_1_763' title='bbox 1283 5191 1491 5262; x_wconf 68' lang='lat' dir='ltr'><strong>Joanne</strong></span> <span class='ocrx_word' id='word_1_764' title='bbox 1528 5193 1651 5248; x_wconf 87' lang='lat' dir='ltr'><strong>dici.</strong></span> <span class='ocrx_word' id='word_1_765' title='bbox 1686 5192 1838 5249; x_wconf 86' lang='lat' dir='ltr'><strong>Unde</strong></span> <span class='ocrx_word' id='word_1_766' title='bbox 1874 5195 2192 5249; x_wconf 81' lang='lat' dir='ltr'><strong>Ambrosius</strong></span> 
     </span>
    </p>
   </div>
   <div class='ocr_carea' id='block_1_93' title="bbox 590 5261 2193 5332">
    <p class='ocr_par' dir='ltr' id='par_1_93' title="bbox 590 5261 2193 5332">
     <span class='ocr_line' id='line_1_93' title="bbox 590 5261 2193 5332; baseline 0.001 -15"><span class='ocrx_word' id='word_1_767' title='bbox 590 5264 681 5317; x_wconf 85' lang='lat' dir='ltr'><strong>lib.</strong></span> <span class='ocrx_word' id='word_1_768' title='bbox 714 5280 751 5319; x_wconf 88' lang='lat' dir='ltr'><strong>tt</strong></span> <span class='ocrx_word' id='word_1_769' title='bbox 773 5261 839 5319; x_wconf 88' lang='lat' dir='ltr'><strong>de</strong></span> <span class='ocrx_word' id='word_1_770' title='bbox 858 5263 985 5319; x_wconf 84' lang='lat' dir='ltr'><strong>Fide</strong></span> <span class='ocrx_word' id='word_1_771' title='bbox 1013 5279 1132 5332; x_wconf 86' lang='lat' dir='ltr'><strong>cap.</strong></span> <span class='ocrx_word' id='word_1_772' title='bbox 1161 5261 1502 5319; x_wconf 67' lang='lat' dir='ltr'><strong>lfizloannes</strong></span> <span class='ocrx_word' id='word_1_773' title='bbox 1532 5266 1654 5319; x_wconf 84' lang='lat' dir='ltr'><strong>dicit</strong></span> <span class='ocrx_word' id='word_1_774' title='bbox 1678 5265 1940 5319; x_wconf 78' lang='lat' dir='ltr'><strong>Ittereticos</strong></span> <span class='ocrx_word' id='word_1_775' title='bbox 1966 5281 2070 5318; x_wconf 86' lang='lat' dir='ltr'><strong>esse</strong></span> <span class='ocrx_word' id='word_1_776' title='bbox 2100 5282 2193 5319; x_wconf 88' lang='lat' dir='ltr'><strong>an-</strong></span> 
     </span>
    </p>
   </div>
   <div class='ocr_carea' id='block_1_94' title="bbox 589 5335 2193 5408">
    <p class='ocr_par' dir='ltr' id='par_1_94' title="bbox 589 5335 2193 5408">
     <span class='ocr_line' id='line_1_94' title="bbox 589 5335 2193 5408; baseline 0.002 -20"><span class='ocrx_word' id='word_1_777' title='bbox 589 5336 868 5401; x_wconf 82' lang='lat' dir='ltr'><strong>tichristos,</strong></span> <span class='ocrx_word' id='word_1_778' title='bbox 898 5338 1116 5408; x_wconf 74' lang='lat' dir='ltr'><strong>Ariauos</strong></span> <span class='ocrx_word' id='word_1_779' title='bbox 1134 5338 1303 5405; x_wconf 83' lang='lat' dir='ltr'><strong>utique</strong></span> <span class='ocrx_word' id='word_1_780' title='bbox 1321 5337 1594 5408; x_wconf 80' lang='lat' dir='ltr'><strong>designans</strong></span> <span class='ocrx_word' id='word_1_781' title='bbox 1620 5353 1638 5403; x_wconf 89' lang='grc'><em>;</em></span> <span class='ocrx_word' id='word_1_782' title='bbox 1666 5347 1719 5390; x_wconf 87' lang='lat' dir='ltr'><strong>et</strong></span> <span class='ocrx_word' id='word_1_783' title='bbox 1736 5335 2022 5391; x_wconf 79' lang='lat' dir='ltr'><strong>Faustinus</strong></span> <span class='ocrx_word' id='word_1_784' title='bbox 2049 5352 2193 5404; x_wconf 73' lang='lat' dir='ltr'><strong>smpe</strong></span> 
     </span>
    </p>
   </div>
   <div class='ocr_carea' id='block_1_95' title="bbox 591 5407 2187 5481">
    <p class='ocr_par' dir='ltr' id='par_1_95' title="bbox 591 5407 2187 5481">
     <span class='ocr_line' id='line_1_95' title="bbox 591 5407 2187 5481; baseline 0 -21"><span class='ocrx_word' id='word_1_785' title='bbox 591 5408 870 5481; x_wconf 58' lang='lat' dir='ltr'><strong>laudatus:</strong></span> <span class='ocrx_word' id='word_1_786' title='bbox 912 5407 1100 5481; x_wconf 51' lang='lat' dir='ltr'><strong>gerito</strong></span> <span class='ocrx_word' id='word_1_787' title='bbox 1129 5424 1248 5479; x_wconf 77' lang='lat' dir='ltr'><strong>ergo</strong></span> <span class='ocrx_word' id='word_1_788' title='bbox 1276 5407 1609 5463; x_wconf 71' lang='lat' dir='ltr'><strong>antichristus</strong></span> <span class='ocrx_word' id='word_1_789' title='bbox 1647 5409 1842 5481; x_wconf 85' lang='lat' dir='ltr'><strong>vocaris</strong></span> <span class='ocrx_word' id='word_1_790' title='bbox 1866 5451 1881 5474; x_wconf 93' lang='lat'><strong>,</strong></span> <span class='ocrx_word' id='word_1_791' title='bbox 1911 5409 1998 5481; x_wconf 88' lang='lat' dir='ltr'><strong>qui</strong></span> <span class='ocrx_word' id='word_1_792' title='bbox 2029 5425 2187 5478; x_wconf 83' lang='lat' dir='ltr'><strong>negas</strong></span> 
     </span>
    </p>
   </div>
   <div class='ocr_carea' id='block_1_96' title="bbox 595 5476 1873 5548">
    <p class='ocr_par' dir='ltr' id='par_1_96' title="bbox 595 5476 1873 5548">
     <span class='ocr_line' id='line_1_96' title="bbox 595 5476 1873 5548; baseline 0.002 -17"><span class='ocrx_word' id='word_1_793' title='bbox 595 5478 802 5533; x_wconf 84' lang='lat' dir='ltr'><strong>Patrem</strong></span> <span class='ocrx_word' id='word_1_794' title='bbox 831 5490 876 5534; x_wconf 89' lang='lat' dir='ltr'><strong>et</strong></span> <span class='ocrx_word' id='word_1_795' title='bbox 908 5476 1099 5533; x_wconf 82' lang='lat' dir='ltr'><strong>Filium</strong></span> <span class='ocrx_word' id='word_1_796' title='bbox 1129 5476 1220 5533; x_wconf 66' lang='lat' dir='ltr'><strong>sub</strong></span> <span class='ocrx_word' id='word_1_797' title='bbox 1247 5480 1667 5547; x_wconf 82' lang='lat' dir='ltr'><strong>interpretatione</strong></span> <span class='ocrx_word' id='word_1_798' title='bbox 1692 5480 1873 5548; x_wconf 86' lang='lat' dir='ltr'><strong>impia.</strong></span> 
     </span>
    </p>
   </div>
   <div class='ocr_carea' id='block_1_97' title="bbox 661 5551 2190 5623">
    <p class='ocr_par' dir='ltr' id='par_1_97' title="bbox 661 5551 2190 5623">
     <span class='ocr_line' id='line_1_97' title="bbox 661 5551 2190 5623; baseline 0 -20"><span class='ocrx_word' id='word_1_799' title='bbox 661 5554 732 5623; x_wconf 17' lang='lat' dir='ltr'><strong>(Ae)</strong></span> <span class='ocrx_word' id='word_1_800' title='bbox 773 5551 1000 5623; x_wconf 84' lang='lat' dir='ltr'><strong>Quidam</strong></span> <span class='ocrx_word' id='word_1_801' title='bbox 1035 5566 1165 5604; x_wconf 82' lang='lat' dir='ltr'><strong>mss.</strong></span> <span class='ocrx_word' id='word_1_802' title='bbox 1196 5567 1287 5623; x_wconf 86' lang='lat' dir='ltr'><strong>per</strong></span> <span class='ocrx_word' id='word_1_803' title='bbox 1329 5551 1654 5606; x_wconf 83' lang='lat' dir='ltr'><strong>adsimilatus</strong></span> <span class='ocrx_word' id='word_1_804' title='bbox 1687 5568 1704 5607; x_wconf 92' lang='lat'><strong><em>:</em></strong></span> <span class='ocrx_word' id='word_1_805' title='bbox 1750 5553 1909 5623; x_wconf 81' lang='lat' dir='ltr'><strong>male.</strong></span> <span class='ocrx_word' id='word_1_806' title='bbox 1938 5551 2037 5607; x_wconf 85' lang='lat' dir='ltr'><strong>Hic</strong></span> <span class='ocrx_word' id='word_1_807' title='bbox 2066 5566 2190 5623; x_wconf 80' lang='lat' dir='ltr'><strong>per-</strong></span> 
     </span>
    </p>
   </div>
   <div class='ocr_carea' id='block_1_98' title="bbox 591 5620 2194 5696">
    <p class='ocr_par' dir='ltr' id='par_1_98' title="bbox 591 5620 2194 5696">
     <span class='ocr_line' id='line_1_98' title="bbox 591 5620 2194 5696; baseline -0.008 -21"><span class='ocrx_word' id='word_1_808' title='bbox 591 5620 1208 5696; x_wconf 66' lang='lat' dir='ltr'><strong>stringiturArianorum</strong></span> <span class='ocrx_word' id='word_1_809' title='bbox 1236 5624 1555 5696; x_wconf 60' lang='lat' dir='ltr'><strong>l’lypucI&#39;islS,</strong></span> <span class='ocrx_word' id='word_1_810' title='bbox 1582 5626 1646 5677; x_wconf 84' lang='lat' dir='ltr'><strong>de</strong></span> <span class='ocrx_word' id='word_1_811' title='bbox 1660 5640 1760 5692; x_wconf 78' lang='lat' dir='ltr'><strong>qua</strong></span> <span class='ocrx_word' id='word_1_812' title='bbox 1786 5620 2079 5696; x_wconf 81' lang='lat' dir='ltr'><strong>Faustinus</strong></span> <span class='ocrx_word' id='word_1_813' title='bbox 2090 5620 2194 5696; x_wconf 77' lang='lat' dir='ltr'><strong>ini.</strong></span> 
     </span>
    </p>
   </div>
   <div class='ocr_carea' id='block_1_99' title="bbox 592 5692 2197 5764">
    <p class='ocr_par' dir='ltr' id='par_1_99' title="bbox 592 5692 2197 5764">
     <span class='ocr_line' id='line_1_99' title="bbox 592 5692 2197 5764; baseline 0 -17"><span class='ocrx_word' id='word_1_814' title='bbox 592 5695 669 5747; x_wconf 90' lang='lat' dir='ltr'><strong>tio</strong></span> <span class='ocrx_word' id='word_1_815' title='bbox 690 5692 884 5762; x_wconf 71' lang='lat' dir='ltr'><strong>operis</strong></span> <span class='ocrx_word' id='word_1_816' title='bbox 909 5695 987 5746; x_wconf 75' lang='lat' dir='ltr'><strong>sui</strong></span> <span class='ocrx_word' id='word_1_817' title='bbox 1013 5712 1025 5748; x_wconf 87' lang='lat'><strong>:</strong></span> <span class='ocrx_word' id='word_1_818' title='bbox 1057 5694 1251 5749; x_wconf 80' lang='lat' dir='ltr'><strong>Ariona</strong></span> <span class='ocrx_word' id='word_1_819' title='bbox 1274 5692 1513 5764; x_wconf 74' lang='lat' dir='ltr'><strong>impietas</strong></span> <span class='ocrx_word' id='word_1_820' title='bbox 1559 5697 1743 5749; x_wconf 78' lang='lat' dir='ltr'><strong>asserit</strong></span> <span class='ocrx_word' id='word_1_821' title='bbox 1781 5694 1985 5763; x_wconf 88' lang='lat' dir='ltr'><strong>quidem</strong></span> <span class='ocrx_word' id='word_1_822' title='bbox 2034 5695 2197 5748; x_wconf 84' lang='lat' dir='ltr'><strong>multa</strong></span> 
     </span>
    </p>
   </div>
   <div class='ocr_carea' id='block_1_100' title="bbox 593 5763 2191 5838">
    <p class='ocr_par' dir='ltr' id='par_1_100' title="bbox 593 5763 2191 5838">
     <span class='ocr_line' id='line_1_100' title="bbox 593 5763 2191 5838; baseline 0.001 -21"><span class='ocrx_word' id='word_1_823' title='bbox 593 5763 873 5838; x_wconf 75' lang='lat' dir='ltr'><strong>nobiscum</strong></span> <span class='ocrx_word' id='word_1_824' title='bbox 893 5765 1076 5819; x_wconf 85' lang='lat' dir='ltr'><strong>iisdem</strong></span> <span class='ocrx_word' id='word_1_825' title='bbox 1114 5763 1427 5832; x_wconf 85' lang='lat' dir='ltr'><strong>nominibus,</strong></span> <span class='ocrx_word' id='word_1_826' title='bbox 1462 5768 1550 5821; x_wconf 82' lang='lat' dir='ltr'><strong>sed</strong></span> <span class='ocrx_word' id='word_1_827' title='bbox 1578 5782 1690 5838; x_wconf 73' lang='lat' dir='ltr'><strong>non</strong></span> <span class='ocrx_word' id='word_1_828' title='bbox 1716 5765 1907 5836; x_wconf 79' lang='lat' dir='ltr'><strong>iisdem</strong></span> <span class='ocrx_word' id='word_1_829' title='bbox 1938 5765 2191 5838; x_wconf 78' lang='lat' dir='ltr'><strong>sensibus.</strong></span> 
     </span>
    </p>
   </div>
   <div class='ocr_carea' id='block_1_101' title="bbox 596 5830 2197 5908">
    <p class='ocr_par' dir='ltr' id='par_1_101' title="bbox 596 5830 2197 5908">
     <span class='ocr_line' id='line_1_101' title="bbox 596 5830 2197 5908; baseline 0.003 -23"><span class='ocrx_word' id='word_1_830' title='bbox 596 5830 737 5888; x_wconf 69' lang='lat' dir='ltr'><strong>Nam</strong></span> <span class='ocrx_word' id='word_1_831' title='bbox 768 5834 950 5891; x_wconf 78' lang='lat' dir='ltr'><strong>iisdem</strong></span> <span class='ocrx_word' id='word_1_832' title='bbox 994 5838 1176 5908; x_wconf 74' lang='lat' dir='ltr'><strong>quibus</strong></span> <span class='ocrx_word' id='word_1_833' title='bbox 1235 5854 1328 5893; x_wconf 90' lang='lat' dir='ltr'><strong>nos</strong></span> <span class='ocrx_word' id='word_1_834' title='bbox 1379 5830 1624 5907; x_wconf 69' lang='lat' dir='ltr'><strong>personat</strong></span> <span class='ocrx_word' id='word_1_835' title='bbox 1665 5830 1827 5892; x_wconf 70' lang='lat' dir='ltr'><strong>Deum</strong></span> <span class='ocrx_word' id='word_1_836' title='bbox 1881 5830 2098 5904; x_wconf 71' lang='lat' dir='ltr'><strong>patrem,</strong></span> <span class='ocrx_word' id='word_1_837' title='bbox 2149 5836 2197 5890; x_wconf 67' lang='lat' dir='ltr'><strong>‘et</strong></span> 
     </span>
    </p>
   </div>
   <div class='ocr_carea' id='block_1_102' title="bbox 2275 3900 3844 3970">
    <p class='ocr_par' dir='ltr' id='par_1_102' title="bbox 2275 3900 3844 3970">
     <span class='ocr_line' id='line_1_102' title="bbox 2275 3900 3844 3970; baseline -0.001 -13"><span class='ocrx_word' id='word_1_838' title='bbox 2275 3901 2444 3957; x_wconf 88' lang='lat' dir='ltr'><strong>Deum</strong></span> <span class='ocrx_word' id='word_1_839' title='bbox 2471 3903 2658 3970; x_wconf 84' lang='lat' dir='ltr'><strong>ﬁlium,</strong></span> <span class='ocrx_word' id='word_1_840' title='bbox 2684 3909 2789 3958; x_wconf 93' lang='lat' dir='ltr'><strong>ctc.</strong></span> <span class='ocrx_word' id='word_1_841' title='bbox 2822 3900 2955 3955; x_wconf 84' lang='lat' dir='ltr'><strong>llinc</strong></span> <span class='ocrx_word' id='word_1_842' title='bbox 2982 3911 3037 3955; x_wconf 91' lang='lat' dir='ltr'><strong>et</strong></span> <span class='ocrx_word' id='word_1_843' title='bbox 3065 3901 3294 3957; x_wconf 85' lang='lat' dir='ltr'><strong>llilarius</strong></span> <span class='ocrx_word' id='word_1_844' title='bbox 3316 3912 3499 3957; x_wconf 85' lang='lat' dir='ltr'><strong>noster</strong></span> <span class='ocrx_word' id='word_1_845' title='bbox 3525 3919 3650 3959; x_wconf 84' lang='lat' dir='ltr'><strong>mox</strong></span> <span class='ocrx_word' id='word_1_846' title='bbox 3681 3904 3765 3969; x_wconf 88' lang='lat' dir='ltr'><strong>ait,</strong></span> <span class='ocrx_word' id='word_1_847' title='bbox 3788 3902 3844 3956; x_wconf 77' lang='lat' dir='ltr'><strong>si-</strong></span> 
     </span>
    </p>
   </div>
   <div class='ocr_carea' id='block_1_103' title="bbox 2277 3973 3841 4043">
    <p class='ocr_par' dir='ltr' id='par_1_103' title="bbox 2277 3973 3841 4043">
     <span class='ocr_line' id='line_1_103' title="bbox 2277 3973 3841 4043; baseline -0.002 -14"><span class='ocrx_word' id='word_1_848' title='bbox 2277 3975 2472 4029; x_wconf 86' lang='lat' dir='ltr'><strong>mulata</strong></span> <span class='ocrx_word' id='word_1_849' title='bbox 2517 3976 2709 4027; x_wconf 88' lang='lat' dir='ltr'><strong>onmia.</strong></span> <span class='ocrx_word' id='word_1_850' title='bbox 2738 3973 2921 4043; x_wconf 85' lang='lat' dir='ltr'><strong>Itaque</strong></span> <span class='ocrx_word' id='word_1_851' title='bbox 2948 3974 3191 4043; x_wconf 79' lang='lat' dir='ltr'><strong>proximo</strong></span> <span class='ocrx_word' id='word_1_852' title='bbox 3218 3975 3381 4029; x_wconf 79' lang='lat' dir='ltr'><strong>Verbo</strong></span> <span class='ocrx_word' id='word_1_853' title='bbox 3411 3976 3729 4042; x_wconf 77' lang='lat' dir='ltr'><strong>prtedicabis,</strong></span> <span class='ocrx_word' id='word_1_854' title='bbox 3760 3990 3841 4028; x_wconf 86' lang='lat' dir='ltr'><strong>non</strong></span> 
     </span>
    </p>
   </div>
   <div class='ocr_carea' id='block_1_104' title="bbox 2278 4044 3844 4109">
    <p class='ocr_par' dir='ltr' id='par_1_104' title="bbox 2278 4044 3844 4109">
     <span class='ocr_line' id='line_1_104' title="bbox 2278 4044 3844 4109; baseline -0.001 -8"><span class='ocrx_word' id='word_1_855' title='bbox 2278 4048 2426 4101; x_wconf 81' lang='lat' dir='ltr'><strong>solus</strong></span> <span class='ocrx_word' id='word_1_856' title='bbox 2470 4046 2846 4101; x_wconf 79' lang='lat' dir='ltr'><strong>vocabulorum</strong></span> <span class='ocrx_word' id='word_1_857' title='bbox 2877 4061 3065 4109; x_wconf 86' lang='lat' dir='ltr'><strong>sonus,</strong></span> <span class='ocrx_word' id='word_1_858' title='bbox 3091 4044 3184 4099; x_wconf 82' lang='lat' dir='ltr'><strong>sed</strong></span> <span class='ocrx_word' id='word_1_859' title='bbox 3221 4046 3455 4101; x_wconf 73' lang='lat' dir='ltr'><strong>maxime</strong></span> <span class='ocrx_word' id='word_1_860' title='bbox 3479 4049 3646 4104; x_wconf 87' lang='lat' dir='ltr'><strong>animi</strong></span> <span class='ocrx_word' id='word_1_861' title='bbox 3676 4046 3844 4103; x_wconf 84' lang='lat' dir='ltr'><strong>intelli-</strong></span> 
     </span>
    </p>
   </div>
   <div class='ocr_carea' id='block_1_105' title="bbox 2280 4115 3227 4190">
    <p class='ocr_par' dir='ltr' id='par_1_105' title="bbox 2280 4115 3227 4190">
     <span class='ocr_line' id='line_1_105' title="bbox 2280 4115 3227 4190; baseline -0.002 -19"><span class='ocrx_word' id='word_1_862' title='bbox 2280 4118 2459 4190; x_wconf 88' lang='lat' dir='ltr'><strong>gentia</strong></span> <span class='ocrx_word' id='word_1_863' title='bbox 2490 4133 2553 4190; x_wconf 69' lang='lat' dir='ltr'><strong>ac</strong></span> <span class='ocrx_word' id='word_1_864' title='bbox 2581 4117 2843 4190; x_wconf 76' lang='lat' dir='ltr'><strong>sententia</strong></span> <span class='ocrx_word' id='word_1_865' title='bbox 2873 4115 3227 4190; x_wconf 75' lang='lat' dir='ltr'><strong>signiﬁcatur.</strong></span> 
     </span>
    </p>
   </div>
   <div class='ocr_carea' id='block_1_106' title="bbox 2357 4187 3844 4261">
    <p class='ocr_par' dir='ltr' id='par_1_106' title="bbox 2357 4187 3844 4261">
     <span class='ocr_line' id='line_1_106' title="bbox 2357 4187 3844 4261; baseline 0.001 -18"><span class='ocrx_word' id='word_1_866' title='bbox 2357 4190 2428 4261; x_wconf 75' lang='lat' dir='ltr'><strong>(fl</strong></span> <span class='ocrx_word' id='word_1_867' title='bbox 2490 4187 2603 4244; x_wconf 80' lang='lat' dir='ltr'><strong>Vox</strong></span> <span class='ocrx_word' id='word_1_868' title='bbox 2659 4189 2768 4260; x_wconf 82' lang='lat' dir='ltr'><strong>ejus</strong></span> <span class='ocrx_word' id='word_1_869' title='bbox 2812 4189 2864 4243; x_wconf 90' lang='lat' dir='ltr'><strong>iu</strong></span> <span class='ocrx_word' id='word_1_870' title='bbox 2923 4188 3152 4259; x_wconf 82' lang='lat' dir='ltr'><strong>vulgatis</strong></span> <span class='ocrx_word' id='word_1_871' title='bbox 3206 4190 3403 4245; x_wconf 87' lang='lat' dir='ltr'><strong>omissa</strong></span> <span class='ocrx_word' id='word_1_872' title='bbox 3452 4190 3747 4247; x_wconf 86' lang='lat' dir='ltr'><strong>restituitur</strong></span> <span class='ocrx_word' id='word_1_873' title='bbox 3794 4204 3844 4245; x_wconf 78' lang='lat' dir='ltr'><strong>ex</strong></span> 
     </span>
    </p>
   </div>
   <div class='ocr_carea' id='block_1_107' title="bbox 2284 4276 2415 4317">
    <p class='ocr_par' dir='ltr' id='par_1_107' title="bbox 2284 4276 2415 4317">
     <span class='ocr_line' id='line_1_107' title="bbox 2284 4276 2415 4317; baseline -0.023 0"><span class='ocrx_word' id='word_1_874' title='bbox 2284 4276 2415 4317; x_wconf 86' lang='lat' dir='ltr'><strong>mss.</strong></span> 
     </span>
    </p>
   </div>
   <div class='ocr_carea' id='block_1_108' title="bbox 2357 4329 3841 4404">
    <p class='ocr_par' dir='ltr' id='par_1_108' title="bbox 2357 4329 3841 4404">
     <span class='ocr_line' id='line_1_108' title="bbox 2357 4329 3841 4404; baseline -0.001 -17"><span class='ocrx_word' id='word_1_875' title='bbox 2357 4329 2434 4404; x_wconf 90' lang='lat' dir='ltr'><strong>(g)</strong></span> <span class='ocrx_word' id='word_1_876' title='bbox 2475 4331 2807 4404; x_wconf 87' lang='lat' dir='ltr'><strong>AuctOritate</strong></span> <span class='ocrx_word' id='word_1_877' title='bbox 2855 4332 3206 4387; x_wconf 83' lang='lat' dir='ltr'><strong>vetustiorum</strong></span> <span class='ocrx_word' id='word_1_878' title='bbox 3238 4347 3369 4388; x_wconf 88' lang='lat' dir='ltr'><strong>mss.</strong></span> <span class='ocrx_word' id='word_1_879' title='bbox 3395 4333 3719 4389; x_wconf 83' lang='lat' dir='ltr'><strong>removimus</strong></span> <span class='ocrx_word' id='word_1_880' title='bbox 3739 4334 3841 4389; x_wconf 86' lang='lat' dir='ltr'><strong>hinc</strong></span> 
     </span>
    </p>
   </div>
   <div class='ocr_carea' id='block_1_109' title="bbox 2286 4403 3850 4476">
    <p class='ocr_par' dir='ltr' id='par_1_109' title="bbox 2286 4403 3850 4476">
     <span class='ocr_line' id='line_1_109' title="bbox 2286 4403 3850 4476; baseline -0.001 -18"><span class='ocrx_word' id='word_1_881' title='bbox 2286 4403 2608 4476; x_wconf 86' lang='lat' dir='ltr'><strong>vocabulum</strong></span> <span class='ocrx_word' id='word_1_882' title='bbox 2666 4403 2803 4476; x_wconf 82' lang='lat' dir='ltr'><strong>Dens</strong></span> <span class='ocrx_word' id='word_1_883' title='bbox 2828 4419 2846 4459; x_wconf 91' lang='lat'><strong><em>:</em></strong></span> <span class='ocrx_word' id='word_1_884' title='bbox 2876 4405 3017 4476; x_wconf 90' lang='lat' dir='ltr'><strong>quod</strong></span> <span class='ocrx_word' id='word_1_885' title='bbox 3046 4404 3199 4476; x_wconf 86' lang='lat' dir='ltr'><strong>abest</strong></span> <span class='ocrx_word' id='word_1_886' title='bbox 3232 4405 3434 4476; x_wconf 85' lang='lat' dir='ltr'><strong>pariter</strong></span> <span class='ocrx_word' id='word_1_887' title='bbox 3460 4421 3487 4458; x_wconf 89' lang='lat' dir='ltr'><strong>a</strong></span> <span class='ocrx_word' id='word_1_888' title='bbox 3521 4406 3704 4475; x_wconf 90' lang='lat' dir='ltr'><strong>primis</strong></span> <span class='ocrx_word' id='word_1_889' title='bbox 3739 4404 3850 4461; x_wconf 79' lang='lat' dir='ltr'><strong>Fau-</strong></span> 
     </span>
    </p>
   </div>
   <div class='ocr_carea' id='block_1_110' title="bbox 2289 4475 3851 4546">
    <p class='ocr_par' dir='ltr' id='par_1_110' title="bbox 2289 4475 3851 4546">
     <span class='ocr_line' id='line_1_110' title="bbox 2289 4475 3851 4546; baseline -0.001 -17"><span class='ocrx_word' id='word_1_890' title='bbox 2289 4476 2414 4530; x_wconf 86' lang='lat' dir='ltr'><strong>stini</strong></span> <span class='ocrx_word' id='word_1_891' title='bbox 2467 4475 2811 4541; x_wconf 89' lang='lat' dir='ltr'><strong>editiouihus,</strong></span> <span class='ocrx_word' id='word_1_892' title='bbox 2860 4475 3034 4546; x_wconf 86' lang='lat' dir='ltr'><strong>neque</strong></span> <span class='ocrx_word' id='word_1_893' title='bbox 3078 4475 3132 4531; x_wconf 90' lang='lat' dir='ltr'><strong>in</strong></span> <span class='ocrx_word' id='word_1_894' title='bbox 3183 4475 3470 4545; x_wconf 83' lang='lat' dir='ltr'><strong>postremis</strong></span> <span class='ocrx_word' id='word_1_895' title='bbox 3513 4477 3749 4533; x_wconf 88' lang='lat' dir='ltr'><strong>additum</strong></span> <span class='ocrx_word' id='word_1_896' title='bbox 3788 4485 3851 4531; x_wconf 84' lang='lat' dir='ltr'><strong>est</strong></span> 
     </span>
    </p>
   </div>
   <div class='ocr_carea' id='block_1_111' title="bbox 2290 4547 3843 4619">
    <p class='ocr_par' dir='ltr' id='par_1_111' title="bbox 2290 4547 3843 4619">
     <span class='ocr_line' id='line_1_111' title="bbox 2290 4547 3843 4619; baseline -0.001 -18"><span class='ocrx_word' id='word_1_897' title='bbox 2290 4547 2396 4619; x_wconf 85' lang='lat' dir='ltr'><strong>nisi</strong></span> <span class='ocrx_word' id='word_1_898' title='bbox 2427 4547 2565 4601; x_wconf 87' lang='lat' dir='ltr'><strong>intra</strong></span> <span class='ocrx_word' id='word_1_899' title='bbox 2598 4548 2983 4619; x_wconf 86' lang='lat' dir='ltr'><strong>parenthesim.</strong></span> <span class='ocrx_word' id='word_1_900' title='bbox 3020 4547 3120 4602; x_wconf 92' lang='lat' dir='ltr'><strong>hoc</strong></span> <span class='ocrx_word' id='word_1_901' title='bbox 3148 4557 3250 4613; x_wconf 89' lang='lat' dir='ltr'><strong>est,</strong></span> <span class='ocrx_word' id='word_1_902' title='bbox 3282 4564 3347 4602; x_wconf 85' lang='lat' dir='ltr'><strong>ex</strong></span> <span class='ocrx_word' id='word_1_903' title='bbox 3375 4549 3707 4619; x_wconf 83' lang='lat' dir='ltr'><strong>conjectura.</strong></span> <span class='ocrx_word' id='word_1_904' title='bbox 3737 4548 3843 4604; x_wconf 80' lang='lat' dir='ltr'><strong>Am-</strong></span> 
     </span>
    </p>
   </div>
   <div class='ocr_carea' id='block_1_112' title="bbox 2291 4618 3855 4689">
    <p class='ocr_par' dir='ltr' id='par_1_112' title="bbox 2291 4618 3855 4689">
     <span class='ocr_line' id='line_1_112' title="bbox 2291 4618 3855 4689; baseline 0.001 -15"><span class='ocrx_word' id='word_1_905' title='bbox 2291 4618 2513 4689; x_wconf 81' lang='lat' dir='ltr'><strong>biguum</strong></span> <span class='ocrx_word' id='word_1_906' title='bbox 2559 4618 2773 4689; x_wconf 83' lang='lat' dir='ltr'><strong>quidem</strong></span> <span class='ocrx_word' id='word_1_907' title='bbox 2824 4629 2908 4674; x_wconf 74' lang='lat' dir='ltr'><strong>est</strong></span> <span class='ocrx_word' id='word_1_908' title='bbox 2960 4635 3088 4674; x_wconf 90' lang='lat' dir='ltr'><strong>num</strong></span> <span class='ocrx_word' id='word_1_909' title='bbox 3134 4620 3225 4675; x_wconf 90' lang='lat' dir='ltr'><strong>illc</strong></span> <span class='ocrx_word' id='word_1_910' title='bbox 3264 4620 3455 4688; x_wconf 70' lang='lat' dir='ltr'><strong>legerit</strong></span> <span class='ocrx_word' id='word_1_911' title='bbox 3482 4618 3579 4676; x_wconf 87' lang='lat' dir='ltr'><strong>hic</strong></span> <span class='ocrx_word' id='word_1_912' title='bbox 3615 4630 3689 4676; x_wconf 83' lang='lat' dir='ltr'><strong>est</strong></span> <span class='ocrx_word' id='word_1_913' title='bbox 3736 4635 3855 4675; x_wconf 69' lang='lat' dir='ltr'><strong>sua:</strong></span> 
     </span>
    </p>
   </div>
   <div class='ocr_carea' id='block_1_113' title="bbox 2216 4689 3853 4796">
    <p class='ocr_par' dir='ltr' id='par_1_113' title="bbox 2216 4689 3853 4796">
     <span class='ocr_line' id='line_1_113' title="bbox 2298 4689 3853 4760; baseline 0.003 -16"><span class='ocrx_word' id='word_1_914' title='bbox 2298 4689 2473 4744; x_wconf 87' lang='lat' dir='ltr'><strong>Deus:</strong></span> <span class='ocrx_word' id='word_1_915' title='bbox 2519 4689 2659 4759; x_wconf 85' lang='lat' dir='ltr'><strong>quod</strong></span> <span class='ocrx_word' id='word_1_916' title='bbox 2714 4690 2941 4746; x_wconf 84' lang='lat' dir='ltr'><strong>Basilius</strong></span> <span class='ocrx_word' id='word_1_917' title='bbox 2975 4692 3068 4745; x_wconf 90' lang='lat' dir='ltr'><strong>lih.</strong></span> <span class='ocrx_word' id='word_1_918' title='bbox 3109 4707 3161 4745; x_wconf 89' lang='lat' dir='ltr'><strong>tv</strong></span> <span class='ocrx_word' id='word_1_919' title='bbox 3190 4699 3379 4746; x_wconf 87' lang='lat' dir='ltr'><strong>contra</strong></span> <span class='ocrx_word' id='word_1_920' title='bbox 3413 4693 3641 4746; x_wconf 70' lang='lat' dir='ltr'><strong>liunom.</strong></span> <span class='ocrx_word' id='word_1_921' title='bbox 3673 4709 3723 4760; x_wconf 88' lang='lat' dir='ltr'><strong>p.</strong></span> <span class='ocrx_word' id='word_1_922' title='bbox 3755 4690 3853 4749; x_wconf 77' lang='grc'><strong>106.</strong></span> 
     </span>
     <span class='ocr_line' id='line_1_114' title="bbox 2216 4735 3853 4796; baseline 0 0"><span class='ocrx_word' id='word_1_923' title='bbox 2216 4735 2269 4796; x_wconf 86' lang='grc' dir='ltr'><strong>Ι)</strong></span> <span class='ocrx_word' id='word_1_924' title='bbox 2302 4760 2748 4796; x_wconf 62' lang='grc' dir='ltr'><strong>Δ..η..οιςηιιαρηιι</strong></span> <span class='ocrx_word' id='word_1_925' title='bbox 2806 4777 2926 4796; x_wconf 78' lang='lat' dir='ltr'><strong>nnnn</strong></span> <span class='ocrx_word' id='word_1_926' title='bbox 2954 4761 3242 4796; x_wconf 64' lang='grc' dir='ltr'><strong>λιιι-ριηηιηη</strong></span> <span class='ocrx_word' id='word_1_927' title='bbox 3267 4778 3391 4796; x_wconf 73' lang='grc' dir='ltr'><em>...πη</em></span> <span class='ocrx_word' id='word_1_928' title='bbox 3434 4762 3499 4796; x_wconf 76' lang='lat' dir='ltr'><strong>ss</strong></span> <span class='ocrx_word' id='word_1_929' title='bbox 3576 4775 3622 4796; x_wconf 72' lang='grc' dir='ltr'><strong>ΔΙ</strong></span> <span class='ocrx_word' id='word_1_930' title='bbox 3658 4763 3853 4796; x_wconf 44' lang='lat' dir='ltr'><strong>venit.“</strong></span> 
     </span>
    </p>
   </div>
   <div class='ocr_carea' id='block_1_114' title="bbox 2291 4760 3857 4837">
    <p class='ocr_par' dir='ltr' id='par_1_114' title="bbox 2291 4760 3857 4837">
     <span class='ocr_line' id='line_1_115' title="bbox 2291 4760 3857 4837; baseline 0 -24"><span class='ocrx_word' id='word_1_931' title='bbox 2291 4760 2623 4837; x_wconf 54' lang='lat' dir='ltr'><strong>Augusﬁnus</strong></span> <span class='ocrx_word' id='word_1_932' title='bbox 2638 4762 2771 4837; x_wconf 77' lang='lat' dir='ltr'><strong>Coll.</strong></span> <span class='ocrx_word' id='word_1_933' title='bbox 2790 4777 2926 4837; x_wconf 85' lang='lat' dir='ltr'><strong>cum</strong></span> <span class='ocrx_word' id='word_1_934' title='bbox 2953 4761 3247 4837; x_wconf 56' lang='lat' dir='ltr'><strong>Maximino</strong></span> <span class='ocrx_word' id='word_1_935' title='bbox 3267 4778 3412 4817; x_wconf 89' lang='lat' dir='ltr'><strong>num.</strong></span> <span class='ocrx_word' id='word_1_936' title='bbox 3434 4762 3521 4829; x_wconf 62' lang='lat' dir='ltr'><strong>li,</strong></span> <span class='ocrx_word' id='word_1_937' title='bbox 3575 4775 3630 4819; x_wconf 89' lang='lat' dir='ltr'><strong>et</strong></span> <span class='ocrx_word' id='word_1_938' title='bbox 3658 4763 3857 4837; x_wconf 76' lang='lat' dir='ltr'><strong>Cyrillus</strong></span> 
     </span>
    </p>
   </div>
   <div class='ocr_carea' id='block_1_115' title="bbox 2292 4833 3856 4903">
    <p class='ocr_par' dir='ltr' id='par_1_115' title="bbox 2292 4833 3856 4903">
     <span class='ocr_line' id='line_1_116' title="bbox 2292 4833 3856 4903; baseline -0.001 -15"><span class='ocrx_word' id='word_1_939' title='bbox 2292 4833 2589 4888; x_wconf 77' lang='lat' dir='ltr'><strong>Alexatttlr.</strong></span> <span class='ocrx_word' id='word_1_940' title='bbox 2625 4833 2688 4886; x_wconf 82' lang='lat' dir='ltr'><strong>ad</strong></span> <span class='ocrx_word' id='word_1_941' title='bbox 2720 4835 2921 4888; x_wconf 82' lang='lat' dir='ltr'><strong>calcem</strong></span> <span class='ocrx_word' id='word_1_942' title='bbox 2957 4834 3089 4889; x_wconf 83' lang='lat' dir='ltr'><strong>Dial.</strong></span> <span class='ocrx_word' id='word_1_943' title='bbox 3117 4849 3207 4889; x_wconf 69' lang='grc' dir='ltr'><strong>νηί</strong></span> <span class='ocrx_word' id='word_1_944' title='bbox 3238 4834 3439 4903; x_wconf 71' lang='lat' dir='ltr'><strong>legunt.</strong></span> <span class='ocrx_word' id='word_1_945' title='bbox 3469 4841 3531 4889; x_wconf 82' lang='lat' dir='ltr'><strong>At</strong></span> <span class='ocrx_word' id='word_1_946' title='bbox 3553 4833 3768 4891; x_wconf 70' lang='lat' dir='ltr'><strong>vcrbmtt</strong></span> <span class='ocrx_word' id='word_1_947' title='bbox 3795 4849 3856 4887; x_wconf 77' lang='lat' dir='ltr'><strong>rc-</strong></span> 
     </span>
    </p>
   </div>
   <div class='ocr_carea' id='block_1_116' title="bbox 2292 4905 3859 4977">
    <p class='ocr_par' dir='ltr' id='par_1_116' title="bbox 2292 4905 3859 4977">
     <span class='ocr_line' id='line_1_117' title="bbox 2292 4905 3859 4977; baseline -0.003 -18"><span class='ocrx_word' id='word_1_948' title='bbox 2292 4922 2381 4959; x_wconf 90' lang='lat' dir='ltr'><strong>rus</strong></span> <span class='ocrx_word' id='word_1_949' title='bbox 2404 4905 2469 4958; x_wconf 88' lang='lat' dir='ltr'><strong>ad</strong></span> <span class='ocrx_word' id='word_1_950' title='bbox 2503 4905 2694 4977; x_wconf 82' lang='lat' dir='ltr'><strong>Filium</strong></span> <span class='ocrx_word' id='word_1_951' title='bbox 2737 4905 2805 4958; x_wconf 86' lang='lat' dir='ltr'><strong>ab</strong></span> <span class='ocrx_word' id='word_1_952' title='bbox 2837 4905 3037 4961; x_wconf 82' lang='lat' dir='ltr'><strong>llilario</strong></span> <span class='ocrx_word' id='word_1_953' title='bbox 3083 4907 3315 4977; x_wconf 86' lang='lat' dir='ltr'><strong>relatum</strong></span> <span class='ocrx_word' id='word_1_954' title='bbox 3348 4906 3515 4960; x_wconf 82' lang='lat' dir='ltr'><strong>fuisse</strong></span> <span class='ocrx_word' id='word_1_955' title='bbox 3546 4912 3859 4977; x_wconf 89' lang='lat' dir='ltr'><strong>apparet;ut</strong></span> 
     </span>
    </p>
   </div>
   <div class='ocr_carea' id='block_1_117' title="bbox 2294 4976 3607 5047">
    <p class='ocr_par' dir='ltr' id='par_1_117' title="bbox 2294 4976 3607 5047">
     <span class='ocr_line' id='line_1_118' title="bbox 2294 4976 3607 5047; baseline 0 -15"><span class='ocrx_word' id='word_1_956' title='bbox 2294 4986 2350 5032; x_wconf 89' lang='lat' dir='ltr'><strong>et</strong></span> <span class='ocrx_word' id='word_1_957' title='bbox 2379 4976 2566 5044; x_wconf 78' lang='lat' dir='ltr'><strong>legerit</strong></span> <span class='ocrx_word' id='word_1_958' title='bbox 2598 4977 2677 5030; x_wconf 89' lang='lat' dir='ltr'><strong>hic</strong></span> <span class='ocrx_word' id='word_1_959' title='bbox 2702 4985 2775 5030; x_wconf 88' lang='lat' dir='ltr'><strong>est</strong></span> <span class='ocrx_word' id='word_1_960' title='bbox 2791 4992 2961 5041; x_wconf 83' lang='lat' dir='ltr'><strong>verus,</strong></span> <span class='ocrx_word' id='word_1_961' title='bbox 2995 4984 3048 5030; x_wconf 90' lang='lat' dir='ltr'><strong>ct</strong></span> <span class='ocrx_word' id='word_1_962' title='bbox 3088 4976 3418 5032; x_wconf 84' lang='lat' dir='ltr'><strong>subaudicrit</strong></span> <span class='ocrx_word' id='word_1_963' title='bbox 3444 4976 3607 5047; x_wconf 83' lang='lat' dir='ltr'><strong>ﬁlius.</strong></span> 
     </span>
    </p>
   </div>
   <div class='ocr_carea' id='block_1_118' title="bbox 2368 5048 3857 5119">
    <p class='ocr_par' dir='ltr' id='par_1_118' title="bbox 2368 5048 3857 5119">
     <span class='ocr_line' id='line_1_119' title="bbox 2368 5048 3857 5119; baseline -0.001 -19"><span class='ocrx_word' id='word_1_964' title='bbox 2368 5051 2452 5116; x_wconf 87' lang='lat' dir='ltr'><strong>(lt)</strong></span> <span class='ocrx_word' id='word_1_965' title='bbox 2494 5048 2623 5102; x_wconf 87' lang='lat' dir='ltr'><strong>Post</strong></span> <span class='ocrx_word' id='word_1_966' title='bbox 2674 5058 2869 5111; x_wconf 88' lang='lat' dir='ltr'><strong>nostra,</strong></span> <span class='ocrx_word' id='word_1_967' title='bbox 2898 5048 3115 5103; x_wconf 88' lang='lat' dir='ltr'><strong>additur</strong></span> <span class='ocrx_word' id='word_1_968' title='bbox 3142 5049 3192 5102; x_wconf 85' lang='lat' dir='ltr'><strong>in</strong></span> <span class='ocrx_word' id='word_1_969' title='bbox 3222 5050 3333 5119; x_wconf 86' lang='lat' dir='ltr'><strong>ipso</strong></span> <span class='ocrx_word' id='word_1_970' title='bbox 3364 5052 3502 5118; x_wconf 88' lang='lat' dir='ltr'><strong>apud</strong></span> <span class='ocrx_word' id='word_1_971' title='bbox 3537 5051 3857 5106; x_wconf 81' lang='lat' dir='ltr'><strong>Faustinum:</strong></span> 
     </span>
    </p>
   </div>
   <div class='ocr_carea' id='block_1_119' title="bbox 2295 5119 3855 5190">
    <p class='ocr_par' dir='ltr' id='par_1_119' title="bbox 2295 5119 3855 5190">
     <span class='ocr_line' id='line_1_120' title="bbox 2295 5119 3855 5190; baseline -0.002 -16"><span class='ocrx_word' id='word_1_972' title='bbox 2295 5119 2436 5190; x_wconf 86' lang='lat' dir='ltr'><strong>apud</strong></span> <span class='ocrx_word' id='word_1_973' title='bbox 2470 5133 2626 5189; x_wconf 88' lang='lat' dir='ltr'><strong>quem</strong></span> <span class='ocrx_word' id='word_1_974' title='bbox 2663 5119 2801 5174; x_wconf 86' lang='lat' dir='ltr'><strong>idem</strong></span> <span class='ocrx_word' id='word_1_975' title='bbox 2829 5120 2918 5174; x_wconf 82' lang='lat' dir='ltr'><strong>ille</strong></span> <span class='ocrx_word' id='word_1_976' title='bbox 2966 5119 3117 5174; x_wconf 83' lang='lat' dir='ltr'><strong>locus</strong></span> <span class='ocrx_word' id='word_1_977' title='bbox 3148 5121 3368 5175; x_wconf 85' lang='lat' dir='ltr'><strong>totidem</strong></span> <span class='ocrx_word' id='word_1_978' title='bbox 3406 5121 3587 5177; x_wconf 80' lang='lat' dir='ltr'><strong>verbis</strong></span> <span class='ocrx_word' id='word_1_979' title='bbox 3626 5122 3855 5182; x_wconf 84' lang='lat' dir='ltr'><strong>refertur,</strong></span> 
     </span>
    </p>
   </div>
   <div class='ocr_carea' id='block_1_120' title="bbox 2295 5190 3862 5263">
    <p class='ocr_par' dir='ltr' id='par_1_120' title="bbox 2295 5190 3862 5263">
     <span class='ocr_line' id='line_1_121' title="bbox 2295 5190 3862 5263; baseline -0.001 -19"><span class='ocrx_word' id='word_1_980' title='bbox 2295 5194 2541 5261; x_wconf 87' lang='lat' dir='ltr'><strong>quamvis</strong></span> <span class='ocrx_word' id='word_1_981' title='bbox 2572 5190 2707 5255; x_wconf 64' lang='lat' dir='ltr'><strong>haec,</strong></span> <span class='ocrx_word' id='word_1_982' title='bbox 2737 5202 2783 5245; x_wconf 89' lang='lat' dir='ltr'><strong>et</strong></span> <span class='ocrx_word' id='word_1_983' title='bbox 2813 5197 3114 5245; x_wconf 82' lang='lat' dir='ltr'><strong>resurrectio</strong></span> <span class='ocrx_word' id='word_1_984' title='bbox 3156 5203 3351 5257; x_wconf 81' lang='lat' dir='ltr'><strong>nostra,</strong></span> <span class='ocrx_word' id='word_1_985' title='bbox 3389 5195 3527 5247; x_wconf 82' lang='lat' dir='ltr'><strong>sicut</strong></span> <span class='ocrx_word' id='word_1_986' title='bbox 3571 5204 3624 5247; x_wconf 88' lang='lat' dir='ltr'><strong>et</strong></span> <span class='ocrx_word' id='word_1_987' title='bbox 3654 5194 3862 5263; x_wconf 75' lang='lat' dir='ltr'><strong>superio-</strong></span> 
     </span>
    </p>
   </div>
   <div class='ocr_carea' id='block_1_121' title="bbox 2298 5271 3861 5336">
    <p class='ocr_par' dir='ltr' id='par_1_121' title="bbox 2298 5271 3861 5336">
     <span class='ocr_line' id='line_1_122' title="bbox 2298 5271 3861 5336; baseline -0.002 -19"><span class='ocrx_word' id='word_1_988' title='bbox 2298 5280 2376 5329; x_wconf 91' lang='lat' dir='ltr'><strong>ra,</strong></span> <span class='ocrx_word' id='word_1_989' title='bbox 2407 5273 2452 5317; x_wconf 89' lang='lat' dir='ltr'><strong>et</strong></span> <span class='ocrx_word' id='word_1_990' title='bbox 2486 5275 2824 5317; x_wconf 85' lang='lat' dir='ltr'><strong>concarnatus</strong></span> <span class='ocrx_word' id='word_1_991' title='bbox 2850 5271 2924 5317; x_wconf 86' lang='lat' dir='ltr'><strong>est</strong></span> <span class='ocrx_word' id='word_1_992' title='bbox 2944 5272 3150 5336; x_wconf 69' lang='lat' dir='ltr'><strong>promer</strong></span> <span class='ocrx_word' id='word_1_993' title='bbox 3176 5280 3289 5328; x_wconf 86' lang='lat' dir='ltr'><strong>nos,</strong></span> <span class='ocrx_word' id='word_1_994' title='bbox 3318 5272 3366 5316; x_wconf 82' lang='lat' dir='ltr'><strong>et</strong></span> <span class='ocrx_word' id='word_1_995' title='bbox 3390 5280 3574 5336; x_wconf 84' lang='lat' dir='ltr'><strong>passus</strong></span> <span class='ocrx_word' id='word_1_996' title='bbox 3610 5276 3705 5328; x_wconf 88' lang='lat' dir='ltr'><strong>est,</strong></span> <span class='ocrx_word' id='word_1_997' title='bbox 3734 5274 3776 5319; x_wconf 89' lang='lat' dir='ltr'><strong>et</strong></span> <span class='ocrx_word' id='word_1_998' title='bbox 3796 5280 3861 5316; x_wconf 65' lang='grc' dir='ltr'><strong>νεα</strong></span> 
     </span>
    </p>
   </div>
   <div class='ocr_carea' id='block_1_122' title="bbox 2296 5335 3863 5407">
    <p class='ocr_par' dir='ltr' id='par_1_122' title="bbox 2296 5335 3863 5407">
     <span class='ocr_line' id='line_1_123' title="bbox 2296 5335 3863 5407; baseline 0 -18"><span class='ocrx_word' id='word_1_999' title='bbox 2296 5351 2509 5405; x_wconf 84' lang='lat' dir='ltr'><strong>surgens</strong></span> <span class='ocrx_word' id='word_1_1000' title='bbox 2530 5336 2592 5388; x_wconf 90' lang='lat' dir='ltr'><strong>de</strong></span> <span class='ocrx_word' id='word_1_1001' title='bbox 2611 5336 2824 5389; x_wconf 86' lang='lat' dir='ltr'><strong>mortuis</strong></span> <span class='ocrx_word' id='word_1_1002' title='bbox 2841 5335 3118 5407; x_wconf 83' lang='lat' dir='ltr'><strong>assumpsit</strong></span> <span class='ocrx_word' id='word_1_1003' title='bbox 3142 5350 3255 5399; x_wconf 86' lang='lat' dir='ltr'><strong>nos,</strong></span> <span class='ocrx_word' id='word_1_1004' title='bbox 3281 5335 3439 5388; x_wconf 87' lang='lat' dir='ltr'><strong>modo</strong></span> <span class='ocrx_word' id='word_1_1005' title='bbox 3471 5351 3576 5390; x_wconf 88' lang='lat' dir='ltr'><strong>non</strong></span> <span class='ocrx_word' id='word_1_1006' title='bbox 3598 5346 3798 5391; x_wconf 75' lang='lat' dir='ltr'><strong>exstent</strong></span> <span class='ocrx_word' id='word_1_1007' title='bbox 3822 5335 3863 5407; x_wconf 74' lang='lat' dir='ltr'><strong>in</strong></span> 
     </span>
    </p>
   </div>
   <div class='ocr_carea' id='block_1_123' title="bbox 2297 5403 3863 5477">
    <p class='ocr_par' dir='ltr' id='par_1_123' title="bbox 2297 5403 3863 5477">
     <span class='ocr_line' id='line_1_124' title="bbox 2297 5403 3863 5477; baseline 0.001 -18"><span class='ocrx_word' id='word_1_1008' title='bbox 2297 5403 2453 5477; x_wconf 80' lang='lat' dir='ltr'><strong>sacro</strong></span> <span class='ocrx_word' id='word_1_1009' title='bbox 2479 5415 2622 5461; x_wconf 77' lang='lat' dir='ltr'><strong>textu</strong></span> <span class='ocrx_word' id='word_1_1010' title='bbox 2657 5419 2765 5461; x_wconf 87' lang='lat' dir='ltr'><strong>tum</strong></span> <span class='ocrx_word' id='word_1_1011' title='bbox 2808 5420 2988 5477; x_wconf 70' lang='lat' dir='ltr'><strong>gneco</strong></span> <span class='ocrx_word' id='word_1_1012' title='bbox 3017 5403 3141 5460; x_wconf 57' lang='lat' dir='ltr'><strong>&#39;tum</strong></span> <span class='ocrx_word' id='word_1_1013' title='bbox 3224 5407 3412 5473; x_wconf 86' lang='lat' dir='ltr'><strong>latino,</strong></span> <span class='ocrx_word' id='word_1_1014' title='bbox 3445 5408 3586 5463; x_wconf 89' lang='lat' dir='ltr'><strong>sicut</strong></span> <span class='ocrx_word' id='word_1_1015' title='bbox 3626 5424 3723 5463; x_wconf 90' lang='lat' dir='ltr'><strong>nec</strong></span> <span class='ocrx_word' id='word_1_1016' title='bbox 3747 5403 3863 5475; x_wconf 79' lang='lat' dir='ltr'><strong>apud</strong></span> 
     </span>
    </p>
   </div>
   <div class='ocr_carea' id='block_1_124' title="bbox 2296 5475 3135 5548">
    <p class='ocr_par' dir='ltr' id='par_1_124' title="bbox 2296 5475 3135 5548">
     <span class='ocr_line' id='line_1_125' title="bbox 2296 5475 3135 5548; baseline -0.001 -16"><span class='ocrx_word' id='word_1_1017' title='bbox 2296 5475 2560 5548; x_wconf 78' lang='lat' dir='ltr'><strong>Cyrillum</strong></span> <span class='ocrx_word' id='word_1_1018' title='bbox 2595 5478 2714 5531; x_wconf 88' lang='lat' dir='ltr'><strong>loco</strong></span> <span class='ocrx_word' id='word_1_1019' title='bbox 2746 5475 2865 5533; x_wconf 60' lang='lat' dir='ltr'><strong>mox</strong></span> <span class='ocrx_word' id='word_1_1020' title='bbox 2900 5479 3135 5533; x_wconf 85' lang='lat' dir='ltr'><strong>laudato.</strong></span> 
     </span>
    </p>
   </div>
   <div class='ocr_carea' id='block_1_125' title="bbox 2378 5548 3865 5623">
    <p class='ocr_par' dir='ltr' id='par_1_125' title="bbox 2378 5548 3865 5623">
     <span class='ocr_line' id='line_1_126' title="bbox 2378 5548 3865 5623; baseline -0.005 -18"><span class='ocrx_word' id='word_1_1021' title='bbox 2378 5549 2471 5623; x_wconf 20' lang='grc' dir='ltr'><strong>(ὑλ-</strong></span> <span class='ocrx_word' id='word_1_1022' title='bbox 2491 5549 2637 5623; x_wconf 85' lang='lat' dir='ltr'><strong>Unus</strong></span> <span class='ocrx_word' id='word_1_1023' title='bbox 2666 5550 2839 5623; x_wconf 82' lang='lat' dir='ltr'><strong>codex</strong></span> <span class='ocrx_word' id='word_1_1024' title='bbox 2882 5548 3055 5603; x_wconf 81' lang='lat' dir='ltr'><strong>Vatic.</strong></span> <span class='ocrx_word' id='word_1_1025' title='bbox 3090 5565 3210 5604; x_wconf 83' lang='lat' dir='ltr'><strong>cum</strong></span> <span class='ocrx_word' id='word_1_1026' title='bbox 3243 5549 3459 5607; x_wconf 86' lang='lat' dir='ltr'><strong>duobus</strong></span> <span class='ocrx_word' id='word_1_1027' title='bbox 3488 5552 3631 5619; x_wconf 88' lang='lat' dir='ltr'><strong>aliis,</strong></span> <span class='ocrx_word' id='word_1_1028' title='bbox 3653 5562 3698 5605; x_wconf 90' lang='lat' dir='ltr'><strong>et</strong></span> <span class='ocrx_word' id='word_1_1029' title='bbox 3716 5549 3865 5605; x_wconf 70' lang='lat' dir='ltr'><strong>exina-</strong></span> 
     </span>
    </p>
   </div>
   <div class='ocr_carea' id='block_1_126' title="bbox 2292 5620 3785 5693">
    <p class='ocr_par' dir='ltr' id='par_1_126' title="bbox 2292 5620 3785 5693">
     <span class='ocr_line' id='line_1_127' title="bbox 2292 5620 3785 5693; baseline -0.001 -18"><span class='ocrx_word' id='word_1_1030' title='bbox 2292 5620 2397 5693; x_wconf 37' lang='lat' dir='ltr'><strong>niti:</strong></span> <span class='ocrx_word' id='word_1_1031' title='bbox 2410 5620 2600 5693; x_wconf 74' lang='lat' dir='ltr'><strong>Christi</strong></span> <span class='ocrx_word' id='word_1_1032' title='bbox 2622 5622 2860 5689; x_wconf 87' lang='lat' dir='ltr'><strong>spiritum</strong></span> <span class='ocrx_word' id='word_1_1033' title='bbox 2885 5638 2949 5693; x_wconf 87' lang='lat' dir='ltr'><strong>ac</strong></span> <span class='ocrx_word' id='word_1_1034' title='bbox 2970 5636 3150 5675; x_wconf 85' lang='lat' dir='ltr'><strong>nomen</strong></span> <span class='ocrx_word' id='word_1_1035' title='bbox 3170 5625 3414 5693; x_wconf 73' lang='lat' dir='ltr'><strong>profiteris</strong></span> <span class='ocrx_word' id='word_1_1036' title='bbox 3436 5642 3453 5685; x_wconf 87' lang='lat'><strong><em>;</em></strong></span> <span class='ocrx_word' id='word_1_1037' title='bbox 3483 5626 3785 5693; x_wconf 80' lang='lat' dir='ltr'><strong>depravate.</strong></span> 
     </span>
    </p>
   </div>
   <div class='ocr_carea' id='block_1_127' title="bbox 2372 5691 3862 5771">
    <p class='ocr_par' dir='ltr' id='par_1_127' title="bbox 2372 5691 3862 5771">
     <span class='ocr_line' id='line_1_128' title="bbox 2372 5691 3862 5771; baseline -0.015 -7"><span class='ocrx_word' id='word_1_1038' title='bbox 2592 5691 2697 5759; x_wconf 65' lang='lat' dir='ltr'><strong>his,</strong></span> <span class='ocrx_word' id='word_1_1039' title='bbox 2727 5701 2783 5749; x_wconf 80' lang='lat' dir='ltr'><strong>el</strong></span> <span class='ocrx_word' id='word_1_1040' title='bbox 2827 5691 3291 5771; x_wconf 25' lang='lat' dir='ltr'><strong>c‘xdictisnajdtl,</strong></span> <span class='ocrx_word' id='word_1_1041' title='bbox 3342 5691 3680 5771; x_wconf 29' lang='lat' dir='ltr'><strong>liquat—non</strong></span> <span class='ocrx_word' id='word_1_1042' title='bbox 3729 5692 3862 5757; x_wconf 74' lang='lat' dir='ltr'><strong>alium</strong></span> 
     </span>
    </p>
   </div>
   <div class='ocr_carea' id='block_1_128' title="bbox 2303 5759 3868 5888">
    <p class='ocr_par' dir='ltr' id='par_1_128' title="bbox 2303 5759 3868 5888">
     <span class='ocr_line' id='line_1_129' title="bbox 2303 5759 3868 5888; baseline 0.003 -70"><span class='ocrx_word' id='word_1_1043' title='bbox 2303 5759 2516 5888; x_wconf 32' lang='lat' dir='ltr'><strong>Hilario.</strong></span> <span class='ocrx_word' id='word_1_1044' title='bbox 2533 5759 2796 5830; x_wconf 78' lang='lat' dir='ltr'><strong>Joannem</strong></span> <span class='ocrx_word' id='word_1_1045' title='bbox 2829 5762 3123 5836; x_wconf 74' lang='lat' dir='ltr'><strong>Evangelii,</strong></span> <span class='ocrx_word' id='word_1_1046' title='bbox 3149 5762 3310 5823; x_wconf 83' lang='lat' dir='ltr'><strong>alium</strong></span> <span class='ocrx_word' id='word_1_1047' title='bbox 3337 5759 3687 5840; x_wconf 68' lang='lat' dir='ltr'><strong>Apocalypsis</strong></span> <span class='ocrx_word' id='word_1_1048' title='bbox 3712 5771 3868 5821; x_wconf 68' lang='lat' dir='ltr'><strong>auclo-</strong></span> 
     </span>
     <span class='ocr_line' id='line_1_130' title="bbox 2306 5850 2631 5888; baseline 0 0"><span class='ocrx_word' id='word_1_1049' title='bbox 2306 5850 2417 5888; x_wconf 85' lang='lat' dir='ltr'><strong>rem</strong></span> <span class='ocrx_word' id='word_1_1050' title='bbox 2469 5850 2631 5888; x_wconf 77' lang='lat' dir='ltr'><strong>uisse.</strong></span> 
     </span>
    </p>
   </div>
   <div class='ocr_carea' id='block_1_129' title="bbox 2306 5850 2631 5892">
    <p class='ocr_par' dir='ltr' id='par_1_129' title="bbox 2306 5850 2631 5892">
     <span class='ocr_line' id='line_1_131' title="bbox 2306 5850 2631 5892; baseline 0.003 -1"><span class='ocrx_word' id='word_1_1051' title='bbox 2306 5850 2417 5891; x_wconf 85' lang='lat' dir='ltr'><strong>rem</strong></span> <span class='ocrx_word' id='word_1_1052' title='bbox 2447 5850 2631 5892; x_wconf 66' lang='grc' dir='ltr'>ιιιιεειι.</span> 
     </span>
    </p>
   </div>
  </div>
