4040 6328
141 353 232 410 195

1336 355 1424 414 DE
1464 356 1836 414 ΤΙὶΙΝΙΤΑἸἘ
1887 358 2093 416 LIBER
2132 362 2223 417 Vl.

3322 366 3426 422 i9i

141 488 184 531 te
211 474 387 528 omnia
410 471 756 528 demittantur
783 473 836 528 in
859 471 1010 528 falsa.
1048 473 1344 542 Apostolus
1369 487 1623 529 concessa
1653 474 1725 528 si-
1752 477 1805 536 Α
1833 476 2041 532 ritatem
2077 476 2310 530 nominis
2342 475 2498 545 hujus
2519 483 2715 548 quanta
2749 484 2931 546 posset
2970 476 3186 532 humani
3214 493 3425 532 sermo-

137 574 183 630 bi
227 573 424 640 Optima
457 570 805 639 intelligentia
861 568 937 642 (α)
967 585 1151 624 verum
1205 570 1297 625 Dei
1344 569 1510 626 ﬁlium
1554 571 1719 626 dicit:

139 678 187 722 tu
207 665 444 734 afﬁrmas
503 664 855 732 creationem,
890 674 942 718 tu
983 663 1244 732 praedicas
1270 663 1638 734 ad0ptionem,
1663 674 1720 721 tu

139 775 288 830 negas
326 759 681 813 nativitatem.
716 757 783 812 Et
807 771 929 812 eum
961 755 1049 811 hic
1075 771 1234 812 verus
1271 756 1362 811 Dei
1397 755 1538 812 ﬁlius
1565 758 1722 812 nobis

138 855 214 918 sit,
240 862 293 907 et
335 850 440 905 vita
471 860 694 915 aeterna,
728 860 782 905 et
823 847 1180 912 resurrectio;
1236 863 1335 904 nec
1374 849 1480 903 vita
1519 859 1722 904 aeterna

140 955 210 1002 est
227 945 297 1008 ei,
324 957 424 998 nec
448 942 796 1006 resurrectio,
825 943 908 996 cui
939 941 1030 996 ille
1058 957 1165 996 non
1191 957 1355 997 verus
1383 951 1485 997 est.
1516 941 1585 997 Et
1607 941 1723 997 haec

139 1039 340 1110 quidem
372 1036 608 1092 Joannes
637 1034 933 1104 discipulus
963 1053 989 1088 a
1023 1034 1250 1090 Domino
1279 1034 1525 1090 dilecms.

201 1133 288 1188 Η.
334 1131 532 1186 Paulus
563 1128 825 1185 Christum
887 1129 1076 1197 passim
1123 1128 1366 1198 prwdicat
1411 1144 1581 1182 verum
1624 1126 1722 1181 Dei

140 1229 314 1297 ﬁlium.
342 1255 412 1266 ——
461 1224 566 1280 Sed
613 1223 744 1278 nihil
791 1223 859 1278 ab
887 1221 967 1277 his
994 1221 1255 1278 dissimile
1280 1239 1345 1277 ex
1381 1232 1723 1289 persecutore

139 1320 403 1391 apostolus
431 1328 486 1373 et
517 1333 610 1373 vas
641 1317 923 1373 electionis
947 1316 1274 1386 prtedicavit.
1309 1315 1410 1384 Qui
1443 1315 1586 1371 enim
1609 1331 1724 1372 ser-

139 1431 215 1471 nio
255 1415 375 1484 ejus
408 1428 515 1468 non
546 1411 648 1467 sub
679 1411 771 1464 lilii
795 1409 1137 1465 confessione
1165 1409 1292 1465 est?
1340 1410 1470 1476 Quae
1495 1409 1722 1479 epistola

140 1524 230 1562 non
255 1507 326 1562 de
353 1515 694 1562 sacramento
717 1503 959 1560 veritatis
987 1503 1142 1558 istius
1170 1513 1346 1572 empta
1376 1503 1497 1558 est?
1528 1503 1585 1556 In
1615 1519 1723 1572 quo

138 1601 344 1655 nomine
363 1615 470 1654 non
489 1596 830 1668 projirietatis
847 1595 1162 1666 signiﬁcatio
1177 1605 1261 1649 est
1280 1596 1301 1648 ?
1323 1597 1372 1663 (l
1389 1593 1406 1664 )
1421 1593 1554 1648 Cum
1575 1596 1720 1650 enim

139 1693 348 1746 dicitur:
395 1689 732 1745 Reconciliati
771 1705 950 1743 sumus
1004 1686 1112 1742 Deo
1137 1705 1224 1752 per
1268 1698 1481 1741 mortem
1512 1687 1610 1755 filii
1643 1687 1723 1740 sui

139 1783 298 1854 (Iiom.
325 1799 379 1848 ν,
437 1781 560 1853 10);
592 1789 648 1837 et
674 1795 923 1835 rursum:
956 1778 1097 1834 Deus
1126 1780 1291 1849 filium
1320 1796 1468 1833 suum
1509 1780 1647 1833 misit
1668 1780 1724 1835 in

1828 573 1912 626 nis
1947 571 2343 642 significatione
2388 572 2868 634 monstrarctzait,
2909 571 3050 638 Quid
3101 573 3168 626 ad
3195 571 3428 627 hcec?Si

1828 663 1968 717 Deus
1997 680 2091 736 pro
2120 663 2285 730 nobis,
2316 666 2429 734 quis
2453 673 2631 718 contra
2653 664 2782 719 nos?
2809 663 2910 730 Qui
2947 664 3057 734 ﬁlio
3085 666 3295 734 proprio
3321 681 3426 718 non

1827 757 2074 826 pepercit,
2124 756 2212 811 sed
2251 756 2464 810 tradidit
2513 773 2628 810 eum
2675 772 2767 828 pro
2804 756 2945 812 nobis
2991 755 3098 827 (Ib.
3124 757 3188 812 51
3218 765 3272 812 ει
3299 757 3414 829 5:2).

1826 849 1960 904 Num
1993 849 2249 921 quidnam
2281 849 2442 905 etiam
2472 866 2614 906 nunc
2640 849 2945 920 adoptionis
2975 852 3026 905 in
3057 867 3124 907 eo
3153 852 3254 907 erit
3291 867 3429 906 nun-

1826 942 2063 1013 eupatio,
2097 943 2149 997 in
2189 958 2296 1014 quo
2336 943 2679 1012 prOprietatis
2715 952 2798 998 est
2846 945 3080 998 nomen?
3134 944 3428 1014 Apostolus

1827 1034 1970 1089 enim
2026 1034 2220 1088 volens
2255 1035 2573 1090 charitatem
2618 1049 2743 1105 erga
2774 1049 2872 1090 nos
2905 1035 2996 1088 Dei
3028 1035 3334 1099 ostendere,
3371 1044 3429 1091 ut

1827 1127 2228 1199 magnilieentia
2256 1129 2346 1184 Dei
2375 1128 2679 1185 dilectionis
2696 1145 2760 1184 ex
2787 1130 3204 1199 comparationis
3229 1145 3428 1198 genere

1827 1232 2164 1291 nosceretur,
2209 1239 2316 1278 non
2363 1225 2670 1294 pepercisse
2712 1223 2877 1278 Deum
2925 1223 3144 1292 preprio
3185 1223 3295 1278 lilio
3324 1239 3424 1280 suo

1826 1317 2009 1372 docuit
2041 1335 2053 1370 :
2089 1333 2193 1371 non
2218 1317 2401 1388 utique
2435 1333 2530 1387 pro
2569 1317 2890 1386 adoptandis
2937 1317 3224 1388 adoptato,
3253 1333 3427 1387 neque

1829 1425 1926 1480 pro
1964 1409 2161 1465 creatis
2199 1419 2486 1476 creaturas,
2533 1410 2626 1466 sed
2658 1427 2754 1480 pro
2795 1409 2985 1466 alienis
3013 1425 3136 1476 suo,
3169 1426 3268 1480 pro
3298 1425 3430 1466 con-

1827 1501 2196 1572 nuncupandis
2216 1503 2454 1572 preprio.
2474 1502 2665 1571 Quzere
2691 1503 2941 1558 virtutem
2965 1503 3126 1568 dicti;
3151 1512 3208 1559 ut
3225 1502 3431 1574 magni-

1830 1596 2068 1650 tudinem
2108 1596 2385 1650 eharitatis
2418 1597 2708 1666 intelligas.
2762 1596 2898 1664 Quid
2933 1597 3000 1651 sit
3023 1595 3299 1667 proprium
3329 1611 3428 1651 ex-

1826 1689 2037 1758 pende;
2073 1706 2138 1745 ne
2185 1689 2400 1759 ignores
2429 1690 2734 1745 veritatem.
2761 1689 2911 1744 Nunc
2954 1691 3096 1745 enim
3131 1689 3427 1759 Apostolus

1831 1784 2105 1853 proprium
2130 1784 2205 1838 ait
2233 1783 2421 1848 ﬁlium,
2455 1798 2574 1837 cum
2603 1781 2655 1836 in
2688 1783 2872 1837 multis
2900 1782 2981 1838 vel
3008 1799 3176 1846 suum,
3204 1783 3286 1838 vel
3317 1783 3431 1854 ejus

137 1877 510 1932 similitudinem
536 1875 703 1929 carnis
727 1873 920 1944 peccati
945 1872 1122 1943 (Rom.
1144 1887 1257 1933 vtu.
1281 1872 1336 1941 5)
1359 1887 1373 1936 ;
1401 1882 1455 1926 et
1476 1887 1720 1926 rursum:
1757 1877 1800 1936 Β
1830 1891 1974 1946 smpe
1995 1876 2238 1932 dixisset.
2262 1877 2328 1932 Et
2348 1878 2594 1947 quamvis
2610 1876 2760 1932 multi
2783 1877 3020 1941 codices,
3039 1893 3136 1947 per
3159 1875 3228 1949 (ρ)
3255 1888 3431 1934 (rans-

141 1974 326 2030 Fidelis
351 1972 514 2036 Deus,
550 1988 638 2038 per
665 1985 815 2040 quem
849 1969 1015 2022 vocati
1055 1969 1172 2020 estis
1225 1967 1280 2021 in
1321 1967 1724 2020 communionem

141 2069 226 2139 ﬁlii
267 2067 380 2138 eius
426 2067 482 2133 (ι
513 2062 637 2119 Cor.
681 2077 719 2118 ι.
754 2061 844 2131 9):
875 2059 1012 2126 Quid
1045 2058 1131 2113 hic
1177 2058 1556 2113 haereticorum
1584 2058 1724 2112 furto

142 2160 238 2216 loci
263 2158 501 2214 relictum
525 2155 646 2210 est?
687 2153 857 2209 Filius
884 2167 1016 2208 suus
1046 2161 1148 2219 est,
1184 2150 1324 2206 ﬁlius
1348 2151 1424 2223 (b)
1453 2152 1569 2221 ejus
1597 2159 1712 2206 est:

143 2268 241 2307 non
294 2251 507 2317 adeptio
574 2247 692 2318 ejus
763 2254 888 2313 est,
970 2261 1076 2300 non
1149 2253 1396 2299 creatura
1443 2244 1559 2314 ejus
1617 2252 1721 2297 est.

138 2346 334 2402 Nomen
369 2353 611 2398 naturam
642 2341 898 2410 loquitur,
925 2337 1206 2394 veritatem
1227 2337 1527 2408 proprietas
1555 2353 1728 2392 enun-

140 2438 242 2504 tiat,
276 2436 436 2492 ﬁdem
465 2435 735 2490 confessio
758 2440 1016 2488 testatur:
1049 2447 1154 2486 non
1183 2430 1424 2501 intelligo
1450 2429 1576 2499 quid
1600 2429 1723 2484 addi

139 2531 293 2601 possit
322 2528 392 2584 ad
417 2535 660 2582 naturam
690 2525 804 2580 lilii.
841 2524 917 2596 ('2)
949 2525 1020 2596 (ε)
1061 2524 1191 2578 Nam
1219 2522 1363 2592 quod
1417 2522 1556 2576 ﬁlius
1608 2521 1725 2591 ejus

141 2634 230 2691 est,
273 2625 365 2696 qui
415 2639 536 2679 esse
579 2631 730 2693 pater
759 2619 1028 2683 creditur;
1062 2634 1166 2671 non
1192 2617 1396 2671 incerta
1422 2625 1474 2671 et
1513 2615 1722 2670 inﬁrma

139 2718 234 2782 ille,
261 2716 350 2786 qui
397 2713 676 2770 electionis
702 2722 782 2766 est
818 2726 932 2775 vas,
963 2711 1170 2764 i0('llltlS
1193 2720 1306 2764 est:
1337 2724 1436 2764 nec
1475 2708 1727 2779 Magister

138 2813 362 2883 gentium
398 2819 452 2864 et
493 2807 780 2878 Apostolus
808 2804 1008 2859 Christi
1042 2803 1303 2872 amltigure
1330 2800 1590 2856 doctrina:
1614 2817 1725 2855 sua;

139 2921 364 2962 errorem
403 2900 638 2972 reliquit.
671 2899 783 2954 Scit
812 2897 898 2968 qui
937 2895 1043 2950 sint
1073 2893 1378 2966 adoptioois
1407 2892 1523 2961 ﬁlii,
1553 2903 1603 2948 et
1635 2891 1727 2961 qui

139 2997 225 3053 hoc
259 3011 389 3052 esse
440 3009 504 3048 ae
550 2990 847 3061 nuncupari
894 3006 986 3057 per
1017 2988 1173 3042 ﬁdem
1218 2986 1393 3043 meriti
1437 2994 1579 3040 sunt.
1637 2986 1728 3041 Ait

138 3106 351 3162 namque
394 3106 406 3142 :
443 3086 699 3156 Quotquot
734 3083 866 3136 enim
895 3081 1078 3150 spiritu
1129 3078 1227 3132 Dei
1247 3088 1489 3150 aguntur,
1535 3079 1586 3131 hi
1627 3077 1724 3147 ﬁlii

137 3196 239 3238 sunt
273 3183 400 3239 Dei.
456 3182 576 3237 Non
602 3183 740 3237 enim
784 3177 1054 3247 accepistis
1081 3175 1320 3244 spiritum
1351 3173 1602 3227 servitutis
1632 3173 1724 3226 ite-

1829 1971 2059 2025 latorum
2091 1971 2393 2041 simplicem
2447 1967 2876 2040 intelligentiam,
2921 1969 2972 2024 in
3016 1969 3120 2024 hoc
3167 1970 3289 2025 loco
3329 1983 3428 2040 pro

1829 2059 1909 2134 (ί)
1937 2063 2148 2133 praprio
2179 2063 2308 2133 ﬁlio,
2358 2079 2452 2118 suo
2484 2063 2594 2131 ﬁlio
2631 2063 2996 2131 conscriptum
3049 2061 3317 2118 habeant:
3345 2072 3427 2116 ta-

1766 2198 1776 2208 .
1826 2169 1950 2209 men
2005 2156 2274 2225 graccitas,
2333 2171 2435 2226 qua
2486 2156 2662 2227 lingua
2708 2156 3000 2226 Apostolus
3053 2165 3136 2210 est
3184 2155 3427 2221 loeutus,

1829 2248 2102 2316 proprium
2129 2264 2268 2302 nunc
2297 2247 2465 2318 magis
2491 2264 2650 2318 quam
2684 2264 2839 2304 suum
2869 2259 3163 2318 nuncupat.
3208 2248 3274 2302 Et
3298 2247 3426 2304 licet

1827 2339 2130 2393 communis
2176 2338 2545 2410 intelligentia:
2597 2356 2758 2395 sensu
2811 2355 2914 2394 non
2953 2340 3086 2394 satis
3112 2339 3255 2396 inter
3293 2354 3420 2408 pro-

1827 2432 2004 2503 prium
2051 2441 2104 2487 et
2150 2449 2304 2486 suum
2351 2433 2594 2499 differat;
2639 2449 2824 2488 verum
2869 2433 3181 2504 Apostolus,
3217 2448 3338 2488 cum
3375 2433 3428 2488 in

1827 2524 2041 2579 caiteris
2065 2523 2186 2579 aliis
2211 2525 2368 2579 dictis
2395 2542 2543 2578 suunt
2570 2525 2738 2595 ﬁlium
2755 2534 3253 2592 commemorasset,
3287 2523 3432 2595 quod

1828 2625 1914 2672 est
1951 2633 2150 2687 grzece,
2193 2618 2280 2673 τὸν
2309 2617 2496 2674 ἑαυτοῦ
2522 2619 2649 2682 υἱὸν,
2680 2628 2855 2674 tamen
2880 2619 2932 2672 iu
2959 2621 3061 2676 hoc
3089 2620 3208 2674 loco
3231 2633 3428 2674 secun-

1829 2709 1955 2765 dum
1998 2711 2142 2780 quod
2187 2711 2280 2777 ait,
2312 2710 2366 2773 ὃς
2394 2734 2451 2786 γε
2499 2719 2589 2770 τοῦ
2631 2711 2761 2768 ἰδίου
2799 2713 2910 2768 υἱοῦ
2937 2714 3023 2768 οὐκ
3059 2715 3314 2788 ἆφεὶσατο,
3346 2712 3433 2783 qui

1828 2805 2040 2877 proprio
2061 2806 2172 2876 ﬁlio
2195 2823 2297 2860 non
2318 2808 2561 2877 pepercit,
2597 2815 2800 2862 natura:
2828 2807 3097 2862 viritatem
3125 2807 3435 2878 significan-

1829 2903 1911 2952 ter
1939 2897 2238 2966 expressit:
2284 2899 2449 2968 utqui
2479 2899 2728 2968 superius
2754 2899 2893 2954 ﬁlios
2919 2899 3100 2969 plures
3148 2915 3246 2971 per
3276 2901 3436 2969 Spiri-

1830 2995 1941 3041 tum
1991 2988 2295 3058 ad0ptionis
2344 2989 2808 3057 demonstrasset,
2871 3006 3013 3047 nunc
3091 2991 3432 3063 unigenitum

1829 3080 1998 3136 Deum
2030 3082 2194 3135 tilium
2226 3083 2568 3150 preprietatis
2601 3081 2678 3155 (g)
2709 3082 3044 3139 ostenderet.

1901 3172 1992 3226 46.
2037 3172 2416 3228 lnexcusabilis
2443 3185 2516 3228 est
2536 3176 2624 3244 qui
2651 3173 2912 3229 Christum
2931 3176 3099 3245 ﬁlium
3127 3174 3226 3230 Dei
3254 3185 3426 3250 negat.

138 3295 231 3331 rum
253 3278 328 3352 (ὅ)
373 3277 455 3346 (tl)
485 3278 538 3330 in
580 3276 811 3328 timorem
835 3314 850 3338 ,
880 3271 968 3325 sed
1008 3269 1271 3338 accepistis
1295 3267 1528 3337 spiritum
1565 3266 1725 3336 adop-
1751 3277 1796 3338 ρ
1832 3267 2198 3322 Antichristum
2247 3285 2339 3339 pro
2393 3268 2596 3324 Christo
2626 3280 2697 3323 est
2735 3281 3160 3338 suscepturus.——
3207 3269 3322 3325 Non
3353 3278 3437 3327 est

137 3375 288 3434 tionis,
321 3374 382 3426 in
415 3387 511 3439 quo
537 3370 838 3431 clamamus,
869 3363 1007 3418 Abba
1039 3373 1182 3432 pater
1207 3360 1381 3435 (Rom.
1414 3377 1528 3422 \‘ttt,
1583 3359 1649 3413 14
1674 3369 1726 3414 cl.

140 3466 238 3537 15),
272 3464 434 3539 167
472 3461 620 3516 Fidei
650 3471 848 3515 nostra:
891 3473 984 3526 per
1015 3463 1409 3511 sacramentmn
1442 3468 1730 3523 regenera-

137 3559 281 3613 tionis
310 3562 422 3612 hoc
453 3570 646 3611 nomen
675 3563 786 3610 est:
811 3563 864 3607 et
891 3550 1156 3623 professio
1198 3558 1376 3603 nostra
1407 3548 1564 3602 nobis
1590 3563 1727 3618 pra:—

136 3661 229 3707 stat
273 3650 652 3718 atlojitionem.
693 3645 862 3700 Filios
894 3644 1037 3698 enim
1071 3640 1186 3708 Dei,
1238 3655 1400 3710 opera
1426 3641 1724 3695 secundum

137 3747 365 3814 spiritum
403 3743 498 3798 Dei
535 3751 680 3812 gesta
708 3743 1163 3806 connuncupant:
1197 3741 1252 3788 et
1277 3733 1539 3787 clamatur
1569 3748 1596 3786 a
1631 3748 1724 3786 uo-

137 3838 209 3893 his
235 3841 420 3910 potius
467 3835 606 3890 Abba
636 3842 796 3904 pater,
832 3847 990 3902 quam
1022 3845 1088 3884 ex
1147 3839 1350 3882 natura:
1395 3835 1576 3882 manet
1604 3842 1726 3896 pro-

137 3935 386 4000 prietate;
433 3931 557 4002 quia
585 3936 738 3985 extra
779 3936 983 3982 natura:
1033 3923 1418 3993 pr0prietatem
1464 3933 1548 3978 est
1581 3923 1727 3978 vocis

139 4027 387 4095 ofﬁcium,
441 4038 491 4082 et
523 4023 629 4080 dici
659 4031 816 4093 atque
839 4035 960 4076 esse
991 4034 1095 4074 non
1130 4017 1270 4071 idem
1301 4026 1404 4071 est.

194 4123 280 4178 45.
325 4121 374 4177 F
376 4120 507 4176 ilius
538 4118 776 4190 prOprius
797 4118 981 4170 diserte
1003 4124 1247 4170 assertus.
1281 4113 1513 4185 Epistula
1533 4113 1600 4165 ad
1622 4110 1728 4165 Ro-

137 4235 296 4273 manos
311 4233 484 4290 grwce
511 4213 797 4281 scripta.—
817 4211 886 4264 At
913 4223 1042 4265 vero
1071 4224 1191 4279 quae
1217 4207 1286 4263 de
1314 4208 1420 4260 lilio
1457 4206 1546 4261 Dei
1579 4208 1724 4274 Apo-

134 4314 241 4366 stoli
263 4313 405 4366 ﬁdrs
432 4309 524 4375 sit,
551 4306 929 4376 intelligamus.
957 4302 1088 4358 Nam
1113 4300 1421 4365 cumomni,
1441 4316 1598 4370 quem
1633 4299 1726 4350 ha-

137 4406 236 4460 buit
260 4407 323 4461 ad
365 4401 632 4459 Ecclesiae
663 4399 989 4463 doctrinam,
1022 4411 1274 4452 sermone
1302 4409 1591 4465 numquam
1625 4392 1724 4446 Pa-

137 4504 256 4553 trem
285 4498 410 4553 sine
445 4494 566 4550 Filii
597 4490 937 4548 confessione
958 4488 1306 4560 loqueretur;
1338 4497 1514 4542 tamen
1548 4491 1608 4541 ut
1633 4500 1724 4540 ve-

195 4609 269 4678 ll)
311 4611 447 4666 Cum
474 4609 609 4661 enim
631 4605 774 4659 dicit.

197 4678 272 4755 (2)
312 4684 487 4749 Quam
512 4678 670 4751 quod.

1833 3364 2100 3418 lnnnanus
2132 3363 2218 3418 hic
2259 3378 2435 3432 error,
2487 3379 2660 3434 neque
2715 3363 2767 3419 in
2820 3365 3064 3436 negando
3092 3365 3184 3421 Dei
3221 3364 3329 3422 tilio
3355 3365 3437 3420 vi-

1835 3455 1963 3510 tium
2002 3457 2320 3526 ignorantia:
2349 3466 2453 3522 est,
2483 3458 2570 3512 ubi
2607 3457 2844 3527 ignorari
2872 3474 2976 3512 non
3029 3459 3151 3513 licet
3173 3457 3314 3527 quod
3339 3472 3434 3513 ne-

1831 3557 2008 3621 gatur.
2054 3548 2313 3604 Creatura
2359 3565 2428 3605 ex
2474 3548 2642 3604 nihilo
2673 3549 2974 3606 subsistens
3009 3550 3102 3606 Dei
3133 3550 3273 3606 ﬁlius
3294 3549 3432 3605 dici-

1835 3654 1941 3698 tur.
1983 3643 2095 3699 lloc
2123 3645 2166 3698 si
2189 3659 2290 3699 nec
2313 3643 2470 3699 Pater
2511 3644 2721 3701 locutus
2746 3652 2848 3709 est,
2883 3659 2981 3700 nec
3012 3643 3181 3700 Filius
3207 3651 3435 3700 testatus

1838 3737 1997 3810 168
2025 3747 2129 3802 est,
2172 3753 2270 3792 nec
2310 3736 2603 3807 Apostolus
2651 3736 2985 3807 praedicavit,
3027 3746 3206 3792 tamen
3228 3736 3430 3793 audere

1832 3830 2035 3898 eloqui,
2066 3830 2166 3884 hoc
2194 3837 2278 3884 est
2307 3826 2578 3883 Christum
2614 3845 2718 3884 non
2761 3830 3009 3899 ignorare
3037 3828 3432 3893 tantummodo,

1831 3923 1925 3979 sed
1975 3923 2176 3978 odisse.
2215 3921 2345 3978 Cum
2378 3921 2520 3976 enim
2569 3930 2719 3988 pater
2745 3921 2813 3976 de
2859 3921 2968 3974 lilio
3000 3936 3097 3974 suo
3127 3920 3290 3982 dicat,
3326 3919 3432 3973 llic

1833 4026 1906 4072 est
1949 4015 2159 4087 (Matth.
2191 4031 2270 4081 ιιι,
2310 4013 2429 4084 -17);
2455 4024 2507 4069 ει
2539 4013 2702 4068 Filius
2730 4013 2795 4068 de
2832 4027 2891 4068 se
2924 4013 3086 4077 dicat,
3142 4012 3244 4078 Qui
3268 4021 3432 4065 tecum

1835 4109 2077 4180 loquitur,
2100 4108 2209 4174 ipse
2235 4116 2304 4160 est
2330 4103 2508 4179 (Joan.
2537 4121 2609 4169 ix,
2636 4104 2756 4176 57);
2785 4114 2838 4160 et
2865 4104 3054 4159 Petrus
3079 4105 3423 4172 conﬁteatur,

1837 4201 1914 4254 Tu
1944 4217 1994 4254 es
2015 4198 2229 4267 (Matth.
2262 4214 2370 4264 xvi,
2393 4198 2478 4268 l6)
2503 4214 2517 4265 ;
2546 4196 2854 4252 etJoannes
2884 4203 3129 4262 testetur,
3165 4194 3264 4248 Hic
3287 4210 3435 4250 verus

1835 4305 1906 4349 est
1934 4294 1988 4366 (l
2015 4291 2176 4348 Joan.
2206 4308 2260 4357 v,
2295 4291 2420 4361 “21);
2445 4300 2499 4347 et
2522 4291 2718 4346 Paulus
2742 4305 2849 4345 non
2879 4291 3104 4346 desistat
3138 4288 3436 4360 praedicare

1833 4389 1904 4442 de
1933 4387 2188 4458 proprio:
2221 4401 2330 4440 non
2368 4385 2612 4456 intelligo
2643 4384 2786 4438 aliud
2835 4399 2992 4454 quam
3037 4381 3266 4454 negandi
3316 4397 3438 4439 esse

1833 4481 2038 4548 odium,
2068 4479 2158 4535 ubi
2191 4477 2471 4550 imperitiae
2500 4491 2652 4534 error
2669 4493 2775 4534 non
2799 4486 3088 4534 excusatur
3114 4478 3165 4531 in
3183 4475 3432 4532 crimine.

1910 4597 1990 4672 (3)
2036 4596 2104 4651 In
2125 4597 2325 4651 timore.

198 4806 271 4876 (α)
300 4807 482 4861 Ρτενε
510 4803 560 4854 ίιι
592 4798 866 4855 nonnullis
891 4811 1021 4876 "‘5:-
1055 4795 1257 4876 "e'Pu’"
1285 4791 1490 4876 Dei-13‘
1519 4791 1606 4874 “.ic
1631 4806 1729 4876 οΡ·
1757 4793 1812 4854 Ῑ)
1838 4794 1891 4876 ‘3‘
1912 4781 2342 4876 PI??".°.‘E§.‘I?="
2358 4776 3339 4876 .BE?.'.‘.‘.’1‘.‘.i.‘.‘?.‘.'.‘i‘f.flfii‘i.§i§.l‘a‘“'
3371 4791 3435 4832 ³ο

133 4863 308 4933 ιὶιιῖιιῖιι
343 4875 537 4932 Hilarii
586 4875 932 4942 interpretem
973 4867 1284 4946 Faustinum
1326 4865 1510 4919 audire
1531 4863 1730 4946 juvat:

137 4951 397 5015 Quomodo
430 4948 584 5008 enim,
619 4936 810 5010 inquit,
844 4959 944 5015 non
980 4957 1126 5015 uerus
1165 4936 1426 5015 Deusest.
1457 4936 1542 5015 qui
1589 4951 1734 5015 v'qrus

132 5004 193 5075 est
222 5022 405 5093 ﬁlius?
436 5004 643 5090 quando
676 5004 981 5093 non-solum
1008 5012 1070 5093 de
1097 5011 1198 5063 veri
1239 5009 1337 5093 ﬁlii
1365 5008 1569 5093 nomine
1596 5004 1735 5093 Deus

132 5080 270 5164 uerus
299 5080 577 5164 probatur,
603 5087 693 5141 sed
719 5087 869 5164 etiam
891 5084 1102 5164 pen/ioc
1132 5081 1270 5152 quod
1291 5080 1391 5133 vita
1417 5088 1608 5164 (flaua
1635 5089 1732 5132 est.

144 5161 249 5218 Vita
279 5151 424 5220 enim
455 5171 645 5216 (eterna
677 5175 776 5213 non
815 5151 962 5210 habet
988 5155 1188 5207 initium
1228 5168 1387 5221 neque
1408 5151 1593 5220 ﬁnem:
1617 5165 1736 5219 ergo

133 5252 266 5291 rerus
292 5237 440 5292 Deus
469 5244 540 5288 est
597 5228 832 5286 Christus
859 5244 959 5282 non
1003 5225 1189 5279 habens
1225 5224 1428 5277 initium
1474 5237 1632 5293 neque
1667 5221 1736 5290 [i-

135 5324 258 5372 nem,
291 5324 403 5364 ειε.
857 5372 867 5375 _
1167 5367 1190 5375 Α
1218 5370 1229 5375 _
1531 5363 1589 5375 ω

197 5364 269 5451 (b)
316 5379 485 5445 Editi,
514 5377 650 5451 ﬁlius
691 5376 800 5445 ejus
825 5372 922 5451 sit:
951 5377 1135 5451 contra
1163 5367 1320 5449 fidem
1352 5382 1482 5420 mss.
1521 5364 1634 5451 llic.
1655 5380 1737 5418 re-

133 5436 432 5517 stticiuntur
453 5436 761 5516 superiores
814 5441 1059 5517 Apostoli
1106 5440 1229 5504 luci,
1260 5453 1488 5508 quorum
1521 5439 1570 5490 in
1603 5436 1738 5491 duo-

134 5516 224 5576 bus
247 5537 326 5579 est
353 5540 510 5585 suus,
539 5520 593 5574 in
629 5528 904 5586 postremo
933 5516 1061 5584 ejus.

196 5578 266 5667 (c)
302 5596 470 5659 Both,
499 5578 784 5667 Et'.,'laips.
819 5602 881 5640 ac
912 5578 1019 5667 non
1042 5583 1198 5667 pauci
1219 5598 1372 5642 mss..
1405 5595 1554 5667 quam
1576 5578 1733 5667 quod.

133 5657 314 5721 Melius
352 5657 479 5721 Par.
514 5657 964 5730 (modocorrecta
990 5657 1155 5730 fuerit
1187 5657 1549 5730 inti-rpuuetio
1577 5657 1737 5704 vitio-

134 5739 221 5810 εδ)
248 5755 374 5794 eum
402 5723 804 5810 antiquioribus
821 5746 951 5810 mss.
979 5726 1118 5810 Nam
1149 5723 1737 5810 quodqllnic..vult‘sancf-

135 5795 217 5866 tus
253 5814 487 5873 Doctor,
516 5795 644 5862 nihil
677 5805 740 5858 ad
765 5801 1168 5874 signiﬁcandam
1209 5798 1322 5874 veri
1354 5795 1450 5850 ﬁlii
1491 5801 1734 5874 naturam

137 5864 486 5956 ad‘di'po'sse,’
506 5880 597 5938 ubi
638 5864 860 5934 habetur
893 5875 1014 5946 ﬁliis
1044 5890 1149 5928 non
1197 5867 1359 5926 modo
1387 5881 1607 5935 nomen,
1641 5864 1737 5922 sed

1839 4846 2051 4911 domum
2081 4846 2326 4920 Apuslbli
2358 4846 2641 4919 titt‘ttutque
2666 4846 2917 4904 testantis
2942 4846 3232 4904 confessio.

1911 4927 1990 4996 (ά)
2033 4923 2195 4988 Editi,
2227 4923 2285 4996 in
2309 4923 2489 4996 timore
2514 4935 2532 4996 :
2557 4921 2978 4996 repugnantibus
3003 4937 3139 4996 mss.
3166 4932 3214 4976 et
3233 4933 3432 4990 graeco.

2023 4995 2076 5049 ln
2107 5011 2206 5049 ms.
2244 4992 2482 5068 Martin.,
2507 4994 2802 5068 latinorum.
2836 4993 3362 5068 loco‘translatorum.

1910 5063 1989 5142 (γ’)
2035 5069 2151 5142 Par.
2182 5083 2275 5134 pro
2308 5067 2516 5134 proprio
2539 5080 2632 5142 suo
2662 5066 2806 5142 ﬁlio:
2836 5063 2974 5118 haud
3000 5068 3132 5142 satis
3157 5065 3432 5142 distincte.

1838 5134 2093 5198 Nonnulli
2122 5153 2252 5192 mss.
2298 5137 2630 5208 proyroprio
2670 5137 2781 5207 [ilio
2806 5151 2955 5188 suum
3003 5138 3190 5208 ﬁlium.
3238 5134 3438 5190 Obser-

1841 5225 1927 5265 vat
1953 5211 2243 5266 Faustinus
2283 5208 2372 5262 hic
2402 5207 2620 5261 Paulum
2650 5208 2892 5260 alludere
2914 5207 2978 5261 ad
3005 5207 3106 5264 ista
3127 5207 3261 5262 Gen.
3292 5221 3433 5269 xxii,

1844 5284 1940 5340 ης
1982 5281 2136 5336 Nunc
2165 5281 2396 5351 cognovi,
2421 5281 2540 5347 quia
2578 5281 2720 5334 times
2747 5279 2931 5351 Deum.
2968 5291 3014 5332 et
3039 5297 3136 5333 non
3165 5277 3436 5351 pepercisti

1841 5357 2024 5410 dilecto
2079 5355 2187 5421 ﬁlio
2208 5349 2316 5416 tuo,
2361 5361 2412 5404 et
2441 5351 2588 5406 Isaac
2611 5352 2830 5422 figuram
2861 5350 3022 5406 fuisse
3052 5353 3140 5405 ﬁlii
3167 5349 3286 5404 Dei:
3323 5349 3437 5418 ple-

1841 5430 2047 5483 niorem
2078 5436 2258 5480 autem
2289 5436 2450 5494 atque
2485 5424 2862 5494 perfectiorem
2894 5425 3116 5478 veritate
3147 5425 3257 5492 ipsa
3295 5424 3436 5474 Iutu-

1841 5516 1955 5554 ram
1991 5499 2157 5552 fuisse
2180 5501 2422 5565 ﬁguram.
2467 5499 2510 5550 si
2555 5495 2703 5550 Isaac
2749 5511 2909 5549 vrrus
2949 5495 3084 5549 ﬁlius
3115 5510 3143 5547 a
3171 5504 3320 5565 patre
3341 5507 3441 5547 suo

1841 5571 2138 5637 Abraham,
2182 5564 2238 5623 et
2281 5569 2421 5624 filius
2447 5583 2554 5622 non
2579 5582 2738 5623 verus
2790 5582 2818 5620 a
2870 5565 2979 5621 Deo
3033 5574 3184 5636 patre
3227 5564 3442 5620 oblatus

1839 5641 2021 5700 fuerit.

1917 5715 1992 5789 (g)
2029 5711 2258 5789 _Supple,
2291 5713 2550 5789 vocabulo.
2579 5711 2914 5789 Quamquam
2972 5708 3298 5780 proprietatis
3334 5723 3442 5789 vox

1841 5780 2257 5854 ita‘c'ollocii'tur,
2308 5797 2365 5840 ut
2412 5785 2550 5856 ﬁlius
2596 5781 2922 5854 proprietatis
2971 5789 3277 5853 opponatur
3319 5780 3449 5849 ﬁliis

1841 5858 2161 5933 adoptionis.
