3988 6332
612 306 715 368 198

1812 305 2063 365 SANC'I'I
2101 302 2360 364 HILARII
2394 305 2707 368 EPISCOPI
3748 318 3816 377 l95

611 430 873 502 Loquitur
915 428 1030 485 bare
1055 426 1293 493 interim,
1321 425 1564 497 loquitur
1598 425 1754 493 plane
1788 443 1885 497 per
1933 427 2201 483 adventus
2232 424 2280 485 Α
2310 443 2536 499 nagoga.
2568 429 2653 483 cui
2682 425 3144 484 immortalitatem
3192 424 3323 482 ﬁdes
3351 425 3465 483 hinc
3497 427 3702 485 confessa
3737 436 3817 488 red-

621 529 700 582 sui
721 527 1011 597 prophetas
1036 539 1099 580 ac
1125 523 1361 596 prtevios
1387 524 1502 594 ipse
1532 523 1646 591 ille,
1683 523 1771 592 qui
1817 533 2003 592 postea
2031 524 2135 578 erit
2158 523 2210 578 in

610 621 687 694 (α)
720 620 1037 677 antichristo
1082 619 1389 674 locuturus:
1436 617 1731 673 salutarem
1771 617 1893 674 ﬁdei
1916 617 2215 674 confessio—

542 770 549 775 ,
614 728 736 769 nem
791 713 873 766 his
922 711 1268 766 tentamentis
1309 710 1462 765 novis
1493 710 1836 781 inquietaris,
1885 719 1945 765 ut
1976 710 2211 780 primum

607 804 950 879 conscientige
977 809 1201 867 nostrre,
1228 802 1305 874 (l)
1332 801 1406 874 (b)
1437 800 1559 873 quia
1594 802 1666 856 ita
1691 802 1993 868 credimus,
2017 801 2214 857 intellio

606 898 840 968 gentiam
890 894 986 950 ﬁlii
1015 893 1275 950 naturalis
1316 895 1543 959 avellat;
1596 894 1797 951 deinde
1843 896 2017 965 ipsum
2059 894 2211 962 illud,

608 989 752 1058 quod
780 986 854 1062 (ε)
893 986 1358 1062 adoptivum'erit.
1407 987 1677 1057 reliquum
1705 1002 1899 1043 nomen
1943 987 2210 1043 excludat.

609 1082 739 1137 Nam
772 1098 895 1138 cum
936 1082 1129 1152 quibus
1151 1080 1296 1150 (seu,
1328 1081 1380 1134 in
1409 1097 1628 1151 quarunt
1670 1077 1942 1151 sententia)
1964 1089 2213 1136 creatura

608 1183 691 1229 est
717 1174 990 1238 Christus,
1020 1186 1244 1228 necesse
1262 1180 1346 1230 est
1374 1182 1432 1226 ιιι
1461 1188 1583 1227 cum
1615 1170 1698 1226 his
1724 1171 2075 1227 antichristus
2099 1172 2215 1241 ipse

610 1276 681 1321 Sil.
709 1266 990 1330 Christus;
1021 1264 1143 1334 quia
1173 1264 1263 1318 ﬁlii
1296 1262 1683 1335 proprietatem
1710 1270 1955 1318 creatura
1988 1277 2097 1316 non
2128 1265 2217 1316 ha-

611 1362 751 1425 beat,
780 1369 835 1413 et
858 1359 951 1414 Dei
982 1373 1040 1413 se
1069 1358 1161 1412 ille
1203 1359 1368 1412 tilium
1398 1357 1719 1412 mentiatur:
1749 1364 1806 1411 et
1832 1370 1926 1425 per
1953 1354 2054 1409 hoc
2076 1353 2156 1426 (ά)
2181 1368 2215 1409 a

610 1453 805 1524 quibus
841 1450 929 1507 hic
972 1451 1065 1507 Dei
1108 1450 1249 1506 ﬁlius
1293 1450 1406 1521 jam
1453 1459 1699 1521 negatur,
1734 1449 1806 1505 ab
1852 1449 1936 1505 his
1963 1447 2046 1519 (2)
2086 1455 2215 1502 tunc

611 1547 856 1603 Christus
885 1544 978 1600 ille
1004 1543 1279 1599 credatur.

680 1641 772 1697 47.
814 1638 895 1693 Ad
920 1639 1190 1693 sanitatem
1217 1637 1512 1692 merendam
1540 1635 1668 1706 ﬁdes
1691 1635 1790 1705 ﬁlii
1817 1633 1916 1690 Dei
1937 1632 2212 1704 prweaigio

610 1744 792 1788 lttr.-
817 1732 986 1798 Quas,
1008 1743 1128 1796 oro,
1160 1743 1305 1799 apes,
1336 1728 1514 1785 inanis
1548 1728 1716 1797 furor,
1745 1728 1990 1797 expetis?
2016 1728 2082 1782 Et
2107 1741 2214 1798 qua

2319 522 2551 579 biberet.
2582 523 2647 578 Et
2672 537 2793 578 cum
2816 523 2909 578 ille
2934 523 3172 578 incertus
3194 522 3482 577 etiamnum
3515 527 3817 596 respondisset,

2321 616 2449 685 Quis
2474 627 2568 684 est,
2599 615 2840 681 Domine,
2868 625 2923 671 ut
2949 616 3155 672 credam
3175 615 3229 671 in
3255 632 3369 670 eum
3411 615 3567 688 (Ibid.
3593 618 3699 688 '56)?
3721 620 3824 691 igno-

2318 712 2589 765 rationem
2619 710 2759 779 ejus,
2790 725 2950 782 quem
2982 720 3103 779 post
3134 708 3417 763 oculorum
3449 705 3522 780 (4)
3543 713 3825 779 recuperatio—

2318 816 2440 855 nem
2494 808 2660 856 tanla:
2708 801 2832 856 fidei
2876 800 3237 871 intelligentia
3277 799 3653 865 munerabatur,
3691 804 3826 860 nolens

2318 910 2558 962 manere,
2590 896 2658 949 ita
2682 896 2754 949 ait
2780 914 2791 947 :
2824 892 2893 948 Et
2928 894 3099 949 vidisti
3136 910 3270 959 eunt,
3300 903 3348 948 et
3374 894 3459 964 qui
3486 903 3628 948 tecum
3648 896 3823 967 loquitur,

2314 988 2426 1056 ipse
2451 997 2524 1042 est
2566 987 2726 1059 (Ibid.
2748 987 2863 1060 57).
2904 986 3174 1058 Numquid
3203 987 3274 1043 ab
3322 986 3424 1042 hoc
3465 990 3595 1043 sicut
3624 1003 3649 1042 tt
3679 992 3828 1045 ceteris

2320 1079 2604 1144 Dominus.
2637 1080 2730 1151 qui
2770 1082 2998 1136 orabant
3026 1083 3308 1147 sanitates,
3346 1080 3705 1136 confessionem
3747 1081 3827 1136 ﬁdei

2316 1171 2381 1226 ad
2405 1173 2632 1228 salutem
2657 1172 2968 1230 merendam
3003 1172 3085 1246 (ὸ)
3116 1174 3383 1244 reposcit?
3415 1172 3527 1227 Non
3553 1172 3830 1243 utiquetum

2318 1265 2434 1321 hinc
2476 1266 2589 1337 jam
2622 1267 2691 1323 ad
2720 1283 2925 1323 caecum
2963 1267 3230 1323 videntem
3274 1268 3485 1323 locutus
3510 1268 3708 1332 est;sctl
3725 1268 3778 1322 ob
3797 1269 3831 1322 id

2317 1368 2545 1426 tantum,
2570 1366 2628 1414 ut
2650 1359 3002 1429 responderet
3024 1359 3116 1416 ille
3138 1376 3151 1413 :
3177 1357 3345 1415 Credo
3368 1357 3577 1413 Domine
3601 1357 3830 1427 (lbid.38);

2315 1452 2439 1523 quia
2469 1453 2842 1521 reSponsionis
2863 1453 2997 1508 fides
3024 1468 3131 1507 non
3165 1453 3431 1509 caecitatis
3450 1453 3702 1507 sanitatem
3738 1461 3833 1507 esset

2321 1546 2575 1613 allatura,
2625 1545 2692 1616 (fi
2740 1546 2834 1602 sed
2875 1546 3021 1603 vita}.
3064 1545 3136 1603 Et
3160 1546 3411 1602 virtutem
3449 1545 3572 1601 dicti
3603 1545 3734 1615 hujus
3750 1543 3834 1598 dili-

2313 1651 2504 1712 genter
2546 1650 2920 1697 retractemus.
2951 1642 3247 1712 lnterrogat
3275 1640 3549 1702 Dominus,
3580 1637 3645 1693 Tu
3667 1638 3834 1692 «edicit:

2317 1738 2484 1808 ﬁlium
2516 1736 2655 1793 Dei?
2681 1739 2738 1795 Si
2767 1741 2953 1809 utique
2981 1739 3092 1793 sola
3135 1736 3335 1793 Christi
3373 1735 3739 1807 qualisruntque
3752 1748 3838 1787 cott-

610 1825 801 1880 salutis
847 1834 951 1878 ture
998 1821 1190 1876 ﬁducia
1233 1830 1538 1876 creaturam
1580 1836 1701 1877 esse
1727 1821 2003 1877 Christum
2036 1821 2207 1892 potius

2323 1832 2486 1886 fessio
2530 1830 2650 1887 ﬁdei
2683 1840 2829 1888 esset
2871 1831 3301 1895 consummatio;
3348 1831 3547 1885 dictum
3589 1828 3759 1891 fuisset,
3785 1826 3837 1879 Tu

607 1936 765 1991 quam
800 1919 966 1974 ﬁlium
993 1918 1311 1989 blaSphcmO
1327 1933 1425 1974 ore
1450 1918 1778 1974 contendis?
1803 1919 2133 1988 Oportuerat
2160 1927 2211 1972 te

607 2031 669 2068 υς
697 2011 992 2085 Evangeliis
1004 2026 1164 2068 nosse
1183 2027 1245 2067 ac
1264 2022 1448 2068 tenere
1467 2010 1590 2066 ﬁdei
1613 2011 1769 2081 hujus
1789 2019 2209 2067 sacramentum.

610 2108 741 2164 Nam
771 2124 893 2162 cum
929 2107 1188 2161 Dominus
1217 2105 1389 2176 possit
1422 2106 1626 2168 omnia,
1654 2114 1832 2159 tamen
1879 2105 1931 2160 in
1962 2119 2210 2174 unoquo-

607 2216 714 2272 que
752 2215 963 2265 eorum,
1005 2198 1096 2270 qui
1139 2199 1365 2253 orabant
1413 2198 1746 2268 operationis
1777 2213 1889 2252 sua:
1934 2197 2208 2262 effectum,

609 2292 858 2349 meritum
890 2307 1013 2348 esse
1041 2292 1211 2345 voluit
1232 2289 1610 2347 confessionis.
1644 2291 1828 2361 Neque
1856 2290 2001 2347 enim
2033 2291 2082 2346 ei
2107 2293 2213 2345 vir-

607 2398 797 2454 tutem,
825 2389 913 2458 qui
948 2388 1035 2443 Dei
1068 2386 1252 2443 Virtus
1278 2395 1386 2451 est,
1411 2385 1682 2440 confessio
1704 2387 1911 2440 orantis
1933 2384 2169 2439 addebat
2193 2402 2208 2443 :

606 2482 701 2536 sed
749 2481 873 2535 fidei
919 2488 1038 2536 erat
1069 2478 1371 2550 pricmium,
1416 2481 1519 2533 hoc
1563 2480 1778 2534 mereri.
1808 2478 2057 2551 Namque
2086 2495 2208 2535 cum

607 2576 870 2630 lllartham
895 2582 1170 2643 rogantem
1195 2589 1291 2644 pro
1309 2572 1514 2627 Lazaro
1537 2570 1902 2642 interrogavit,
1918 2587 1985 2627 an
2010 2586 2105 2628 eos
2121 2572 2213 2642 qtti

612 2671 665 2725 in
719 2684 777 2724 se
819 2668 1178 2724 credidissent
1218 2667 1355 2722 mori
1405 2683 1509 2721 non
1553 2666 1803 2723 crederet
1839 2668 1890 2720 in
1921 2676 2206 2735 :eternum,

613 2762 685 2834 (θ)
716 2760 783 2814 ad
814 2759 899 2814 illa
932 2759 1282 2815 conscientiae
1313 2773 1425 2812 suae
1459 2757 1619 2813 ﬁdem
1643 2758 1858 2813 elocuta
1883 2768 1968 2814 est
1992 2758 2206 2827 dicens,

614 2851 819 2923 Utique,
847 2849 1088 2921 Domine,
1126 2866 1220 2922 ego
1269 2850 1466 2905 credidi
1502 2853 1623 2923 quia
1650 2862 1705 2905 tu
1730 2868 1783 2907 es
1807 2851 2040 2907 Christus
2066 2852 2209 2921 ﬁlius

612 2947 727 3012 Dei,
758 2946 846 3018 qui
875 2949 927 3000 in
946 2943 1082 2999 hunc
1107 2944 1356 2998 mundum
1377 2945 1554 3000 uenisti
1599 2942 1777 3017 (Joan.
1808 2960 1886 3007 χι,
1919 2945 2048 3016 17);
2078 2960 2210 3001 con-

607 3031 772 3097 fessio
796 3040 911 3095 hiec
947 3038 1222 3095 ietcrnitas
1261 3048 1366 3106 est,
1400 3048 1454 3095 et
1476 3039 1609 3095 ﬁdes
1653 3039 1757 3095 ista
1800 3054 1907 3095 non
1954 3039 2204 3095 moritur.

607 3135 812 3191 Martha
834 3134 1133 3204 deprecans
1150 3132 1330 3189 fratris
1357 3135 1438 3188 sui
1462 3134 1646 3198 vitam,
1677 3134 2001 3205 interrogata
2025 3150 2091 3190 an
2131 3135 2206 3189 ita

602 3230 867 3293 crederet,
908 3201 991 3282 ita
1019 3226 1268 3282 credidit.
1312 3227 1507 3295 Quam,
1548 3242 1701 3299 rogo,
1732 3227 1818 3282 vel
1853 3201 2021 3299 atquo
2041 3228 2208 3283 vitam
2239 3219 2286 3284 C
2317 3201 2524 3299 8".“an

608 3330 885 3392 exspectat
928 3319 1031 3374 hoc
1060 3319 1353 3388 denegans,
1387 3335 1507 3375 cum
1538 3321 1653 3374 sola
1674 3320 1745 3374 sit
1776 3320 1885 3375 vita
1914 3321 1992 3376 sic
2021 3323 2211 3378 crede-

607 3413 707 3468 re?
734 3413 979 3483 Magnum
1026 3422 1111 3469 est
1140 3416 1283 3469 enim
1317 3410 1438 3466 ﬁdei
1481 3410 1642 3481 hujus
1695 3421 2118 3481 sacramentum,
2154 3425 2212 3471 et

610 3505 849 3576 perfecta
873 3504 1232 3561 confessionis
1260 3505 1416 3560 istius
1443 3504 1717 3560 beatitudo
1743 3513 1848 3561 est.

677 3598 768 3656 48.
812 3601 894 3654 Ad
922 3601 1140 3655 salutent
1178 3601 1367 3654 animte
1406 3599 1583 3654 eadem
1606 3618 1639 3654 tt
1689 3616 1823 3655 circa
1850 3605 1967 3675 jam
2011 3602 2244 3669 vidente,

608 3694 1006 3764 postulutur.-—-
1042 3693 1197 3748 Circo
1236 3708 1263 3745 a
1292 3691 1573 3749 nativitate
1621 3694 1882 3749 Dominus
1915 3694 2092 3751 visum
2124 3699 2210 3753 in-

600 3788 860 3850 dulserat,
888 3797 942 3841 ct
967 3797 1172 3840 naturae
1210 3783 1466 3841 damnum
1507 3796 1712 3840 naturae
1741 3787 2002 3843 Dominus
2047 3789 2207 3862 169

598 3882 974 3940 cxemerat.Et
995 3881 1117 3953 quia
1142 3896 1318 3937 eiectis
1346 3882 1431 3938 hic
1453 3881 1518 3937 ad
1544 3881 1768 3953 gloriam
1794 3882 1889 3939 Dei
1912 3891 2068 3939 natus
2094 3883 2214 3941 fue-

605 3987 711 4045 rat,
745 3990 801 4033 ut
830 3977 884 4033 in
906 3976 1110 4033 Christi
1137 3994 1301 4048 opere
1335 3976 1428 4032 Dei
1452 3991 1587 4049 opus
1612 3987 1792 4047 posset
1817 3979 2066 4050 intelligi,
2101 3994 2208 4035 non

601 4078 911 4141 exspectata
941 4071 1009 4126 ab
1050 4086 1116 4127 eo
1157 4071 1256 4126 fuit
1300 4069 1435 4126 ﬁdes
1473 4071 1862 4127 confessionis:
1912 4073 2006 4129 sed
2035 4074 2208 4145 quiin

602 4165 835 4235 receptis
887 4163 1061 4221 oculis
1110 4171 1389 4221 auctorem
1422 4166 1552 4220 tanti
1596 4166 1697 4223 sibi
1726 4168 1970 4224 muneris
1993 4169 2206 4225 nescie-

609 4257 722 4322 bat,
755 4256 954 4313 meruit
990 4257 1093 4313 hoc
1113 4268 1301 4328 postea
1342 4268 1399 4313 ut
1430 4257 1587 4313 ﬁdem
1617 4258 1869 4314 disceret.
1905 4260 2019 4315 Non
2062 4264 2205 4317 enim

597 4352 856 4405 excitatis
895 4350 1145 4421 depulsio
1191 4353 1314 4407 vita:
1368 4351 1729 4407 mter-nitatem
1785 4352 2064 4408 alferebat.
2125 4354 2207 4411 0b

601 4444 743 4515 quod
773 4444 1029 4500 Dominus
1070 4445 1180 4515 jam
1219 4459 1433 4511 sanum,
1463 4453 1518 4499 et
1548 4444 1618 4499 de
1664 4459 1930 4515 synagoga
1972 4445 2204 4515 ejectum

598 4540 890 4610 interrogat
916 4540 1099 4596 dicens
1132 4538 1243 4593 :Tu
1282 4538 1446 4593 credis
1470 4538 1523 4590 in
1572 4536 1737 4605 ﬁlium
1770 4536 1866 4591 Dei
1911 4537 2089 4609 (Joan.
2121 4557 2198 4609 ix,

595 4633 727 4704 55)?
752 4632 833 4689 Ne
860 4632 1116 4688 damnum
1163 4632 1266 4688 sibi
1291 4638 1504 4702 putaret
1528 4644 1669 4696 esse,
1703 4628 1785 4701 (5)
1815 4644 1876 4685 se
1905 4644 2094 4689 carere
2115 4649 2201 4707 sy-

667 4774 745 4847 (Ι)
778 4776 892 4844 Qua
922 4775 992 4847 ita
1014 4774 1287 4847 credimus.

666 4842 751 4916 (2')
794 4842 923 4902 Tum
954 4844 1189 4901 Christus
1210 4845 1296 4898 ille
1324 4842 1573 4916 credetur.

667 4850 728 4916 (2
794 4850 923 4902 Tum
954 4850 1189 4901 Christus
1210 4850 1296 4898 ille
1324 4850 1573 4898 credetur.

667 4850 751 4988 (El
782 4918 851 4974 Se
899 4934 1072 4971 carere
1102 4932 1441 4988 synagogam.
1476 4914 1530 4969 ιιι
1561 4914 1662 4970 ltoc
1685 4913 1949 4985 siquidem
1982 4919 2191 4987 codice,

594 4986 736 5044 nam
757 4988 969 5043 Putrem
993 5004 1158 5059 supra
1180 5005 1236 5043 n.
1267 4986 1363 5055 ΑΗ,
1394 5003 1484 5041 nec
1499 4996 1666 5041 careat
1689 4988 1943 5057 virtutem,
1971 4991 2065 5045 lib.
2100 5009 2198 5063 Vll,

687 5130 740 5199 tt)
780 5128 955 5185 Vetus
969 5127 1139 5183 codex
1169 5124 1322 5199 Colb.
1346 5124 1670 5191 antichristo,
1700 5124 1905 5199 omisso
1930 5125 2006 5182 in.

687 5130 740 5199 α)
780 5130 955 5185 Vetus
969 5130 1139 5183 codex
1169 5130 1322 5181 Colb.
1346 5130 1670 5191 anticltiisto,
1700 5130 1905 5180 omisso
1930 5130 2006 5182 in.

664 5130 741 5280 ξύ)
784 5200 1069 5280 Bad.,_E_t_'.
1098 5197 1322 5280 ctlsips.
1369 5212 1492 5280 cum
1523 5195 1794 5280 nonnullis
1829 5212 1960 5254 mss.
2004 5199 2200 5280 quaita

593 5269 869 5335 credimus.
922 5271 1113 5328 Melius
1160 5270 1286 5326 Par.
1330 5278 1451 5341 post
1493 5269 1816 5341 retusuores
1862 5269 2192 5341 mss-(quia.

595 5349 859 5406 Redditur
884 5347 1027 5400 enim
1062 5341 1199 5398 ratio
1225 5357 1320 5396 cur
1336 5338 1596 5395 diabolus
1626 5354 1732 5394 non
1789 5341 1971 5396 statim
2022 5338 2197 5398 tentet

596 5426 812 5491 eripere
841 5414 1057 5491 Christo
1103 5413 1196 5468 ﬁlii
1222 5411 1595 5491 nometi,_qnia
1632 5410 1883 5491 nimirum
1908 5412 1983 5468 ita
2020 5412 2187 5468 ﬁxum

594 5482 749 5547 ea”...
783 5498 962 5545 nostra
990 5488 1096 5542 title
1119 5502 1241 5540 etilli
1279 5498 1401 5538 esse
1431 5482 1622 5547 ﬁlium,
1653 5491 1710 5537 ut
1736 5482 1805 5537 ab
1838 5484 1938 5539 hac
1965 5495 2187 5541 senten-

597 5570 666 5618 tia
698 5562 879 5617 statim
906 5559 1089 5613 divelli
1117 5573 1214 5612 nos
1234 5570 1389 5626 posse
1416 5552 1685 5623 desperet.

2314 1926 2492 1981 credis
2533 1927 2584 1980 in
2622 1926 2938 1980 Christum?
2981 1925 3086 1982 Sed
3141 1924 3265 1994 quia
3305 1920 3574 1979 haereticis
3622 1914 3738 1991 perte
3762 1933 3839 1972 otii-

2315 2022 2473 2076 nihus
2503 2021 2605 2076 hoc
2643 2036 2838 2076 nomen
2868 2022 2919 2075 in
2948 2035 3043 2076 ore
3081 2028 3227 2076 esset
3253 2017 3515 2083 futurum,
3556 2023 3608 2072 ut
3640 2013 3837 2070 Christum

2312 2114 2723 2181 conﬁterentur,
2762 2122 2817 2169 et
2839 2114 3005 2168 ﬁlium
3029 2122 3205 2168 tamen
3229 2122 3485 2183 negarent
3504 2128 3518 2175 ;
3539 2110 3586 2164 id
3610 2104 3841 2179 quodllhri-

2314 2219 2398 2266 sto
2440 2208 2716 2280 preprium
2756 2218 2838 2264 est
2859 2209 2924 2263 ad
2948 2207 3107 2263 ﬁdem
3141 2206 3405 2277 poscitur,
3440 2204 3491 2261 id
3519 2212 3614 2270 est,
3639 2211 3690 2256 ut
3708 2198 3841 2254 credi-

2317 2305 2475 2360 lurin
2496 2304 2588 2359 Dei
2613 2303 2798 2358 ﬁlium.
2824 2302 3133 2359 Credidisse
3162 2311 3343 2357 autem
3377 2302 3433 2357 in
3468 2300 3558 2355 Dei
3594 2297 3736 2352 filium
3756 2289 3841 2360 quid

2315 2396 2546 2468 proﬁcit,
2576 2397 2621 2452 si
2653 2396 2909 2453 credatur
2950 2395 3005 2450 in
3047 2404 3383 2460 creaturam;
3415 2408 3536 2457 cum
3558 2408 3585 2445 a
3604 2388 3734 2444 nobis
3756 2384 3842 2439 [idus

2317 2492 2369 2546 in
2392 2491 2627 2556 Christo,
2661 2506 2769 2545 non
2790 2498 3057 2545 creatura:
3090 2488 3207 2553 Dei,
3234 2485 3329 2540 sed
3352 2486 3448 2542 lilii
3484 2476 3775 2555 postuletur?

2385 2628 2479 2685 49.
2515 2628 2709 2685 Filium
2731 2627 2830 2685 Dei
2851 2629 3105 2684 da’tuones
3128 2643 3227 2682 non
3253 2622 3698 2682 nescierunt—An
3712 2631 3764 2671 ne
3779 2613 3844 2666 llll'

2313 2723 2399 2796 jus
2425 2720 2663 2798 nominis
2697 2723 3086 2794 proprietatem
3123 2720 3401 2776 diemones
3456 2706 3848 2772 nescierunthi-

2313 2832 2476 2887 gnum
2508 2816 2649 2872 enim
2696 2826 2783 2871 est
2827 2814 3110 2870 haereticos
3141 2813 3369 2885 nonjam
3394 2798 3846 2899 apostolicisdoclri-

2320 2907 2426 2972 nis,
2462 2906 2556 2962 sed
2587 2904 2889 2961 dwmonuni
2923 2905 2999 2977 (g)
3028 2920 3123 2959 ore
3181 2903 3459 2959 convinci.
3494 2898 3846 2956 Clanianteutm.

2314 3010 2367 3054 et
2388 3012 2533 3069 sznpc
2559 2998 2795 3054 clamant
2825 3016 2837 3053 :
2864 2999 3002 3066 Quid
3023 2996 3148 3052 mihi
3168 3008 3214 3051 et
3237 2997 3326 3054 tibi
3346 2994 3602 3064 est,Jesu,
3629 2990 3696 3061 ﬁli
3711 2986 3780 3041 Dei
3798 2981 3848 3034 ul-

2315 3093 2497 3148 tissimi
2521 3091 2697 3165 (Luc.,
2727 3108 2843 3160 Vlll,
2875 3091 3014 3164 28)?
3042 3090 3230 3146 Invitis
3263 3089 3464 3165 veritas
3490 3084 3669 3142 eliruit
3689 3075 3847 3135 confes-

2545 3229 2559 3250 ,
2602 3196 2658 3243 et
2684 3196 2891 3242 natura!
2941 3194 3260 3257 potestatem
3314 3191 3547 3239 testatur
3592 3174 3726 3233 dolor
3765 3168 3853 3222 obc-

2316 3281 2518 3339 diendi.
2543 3280 2756 3337 Virtute
2804 3283 3113 3344 vincuntur,
3137 3295 3257 3335 cum
3302 3291 3555 3350 possessa
3584 3271 3668 3328 ditt
3688 3274 3855 3334 corl‘ora

2313 3374 2612 3430 deserunt:
2642 3374 2900 3430 honorem
2956 3372 3213 3440 reddunt,
3242 3372 3369 3426 dum
3406 3377 3648 3425 naturam
3674 3358 3741 3435 (Ῑι)
3766 3370 3854 3410 (ου’

2317 3476 2558 3529 Illentur.
2592 3469 2682 3524 Dei
2733 3485 2795 3526 se
2856 3470 2993 3524 inter
3037 3467 3153 3523 llLCC
3185 3467 3351 3522 ﬁlium
3381 3464 3630 3520 Christus
3656 3467 3703 3514 et
3738 3462 3855 3523 opere

2316 3574 2544 3618 testatur
2583 3571 2637 3618 et
2659 3563 2896 3617 nomine.
2926 3560 3077 3618 Unde
3103 3561 3194 3617 tibi
3222 3561 3362 3617 inter
3384 3558 3523 3615 istas
3551 3546 3850 3610 conﬁtentium

2314 3655 2619 3709 daemonum
2651 3669 2830 3721 voces,
2863 3670 2895 3710 ο
2923 3653 3197 3723 bmrctice,
3233 3653 3295 3727 (ξ)
3345 3668 3550 3708 nomen
3579 3644 3854 3706 creaturae!

2314 3747 2643 3820 indulgentia
2672 3747 3015 3820 adoptionis?

2385 3892 2475 3947 50.
2498 3890 2674 3948 Judwi
2695 3892 2865 3961 ﬁlium
2896 3888 2994 3946 Dei
3019 3890 3277 3947 Christum
3296 3888 3547 3950 scierunt,
3573 3885 3662 3942 etsi
3684 3880 3860 3955 quiest“

2318 3984 2553 4041 Christus
2570 3986 2876 4040 nescierunt.
2897 3985 3077 4040 Ariani
3096 3985 3150 4038 in
3162 3985 3428 4040 Christum
3456 3972 3858 4038 contumeliosum

2314 4093 2470 4148 quam
2497 4077 2767 4133 Judtei.—
2787 4077 2927 4146 Quid
2963 4077 3034 4133 sit
3069 4075 3341 4145 Christus,
3382 4075 3575 4134 abhis
3606 4071 3776 4129 saltem
3800 4056 3862 4130 iui

2327 4174 2486 4248 17o
2513 4172 2764 4229 nesciunt
2792 4171 2974 4238 disce;
3003 4180 3061 4227 ut
3109 4171 3445 4242 impietatem
3494 4180 3639 4226 tuam
3686 4152 3864 4232 ipsuma

2316 4267 2679 4339 ignorantium
2705 4265 3009 4321 necessaria
3025 4263 3289 4335 professio
3304 4274 3525 4336 arguat.
3543 4260 3764 4327 Namque
3778 4260 3863 4305 cum

2312 4361 2485 4417 Judaei
2513 4358 2792 4416 Christum
2822 4374 3146 4431 corporeum
3178 4360 3480 4422 nescirent,
3511 4357 3711 4413 scirent
3734 4354 3866 4403 tamen

2311 4473 2436 4513 eum
2464 4456 2555 4527 qui
2598 4454 2850 4511 Christus
2878 4465 3023 4511 esset
3061 4468 3184 4511 esse
3225 4454 3396 4509 ﬁlium
3432 4452 3577 4518 Dei;
3621 4461 3732 4504 cum
3760 4435 3867 4495 falsis

2311 4550 2578 4606 adversus
2629 4564 2752 4604 eum
2788 4548 3012 4603 testibus
3034 4548 3162 4604 ‘sinc
3195 4547 3297 4603 ulla
3324 4546 3580 4603 Veritatis
3627 4533 3868 4600 assertione

2309 4651 2612 4708 uterentur,
2641 4639 2897 4695 sacerdos
2922 4655 3044 4696 eum
3074 4642 3145 4695 ita
3178 4641 3480 4710 interrogat
3507 4653 3523 4692 :
3566 4626 3645 4691 re
3691 4649 3737 4687 es
3762 4621 3870 4682 Clin"

2227 4810 2283 4872 Β
2306 4797 2368 4872 lrl‘:
2392 4780 2484 4844 57,
2517 4788 2572 4862 et
2592 4776 2742 4872 alibi.
2789 4777 2894 4872 Si'c‘
2931 4793 3107 4872 gra‘Jce
3145 4779 3197 4833 τί
3235 4778 3443 4856 ὑστερῶ
3470 4794 3486 4844 ;
3517 4772 3684 4830 latine
3708 4772 3871 4840 ριιοίιυθ

2310 4853 2534 4909 Plautus
2554 4853 2604 4904 in
2634 4850 2796 4905 Curc.
2828 4849 2894 4904 Id
2922 4848 3059 4918 quod
3084 4866 3223 4915 amo,
3256 4848 3433 4905 careo.

2408 4925 2462 4991 4)
2491 4922 2949 4991 Reciperationem.

2408 4925 2462 4991 4)
2491 4923 2748 4991 Recipere:

2382 4923 2461 5069 la)
2486 4993 2748 5067 Poposcit.

2306 5128 2586 5187 linendum
2658 5144 2780 5185 cum
2839 5129 3231 5201 antiquioribus
3295 5128 3592 5198 credatur,
3641 5113 3875 5182 subaudilo

2304 5212 2657 5355 "ﬁguli?!th
2684 5287 2813 5330 mss.
2837 5273 2993 5330 Colb.
3022 5284 3076 5330 et
3110 5273 3296 5331 Germ.
3343 5272 3401 5328 ln
3430 5271 3563 5330 aliis
3587 5282 3715 5329 vero
3738 5259 3876 5321 libris.

2303 5352 2357 5399 at
2383 5345 2496 5398 illa.

2375 5415 2455 5489 (f)
2476 5414 2628 5489 Lips.
2667 5424 2722 5471 et
2752 5414 2903 5484 Par.,
2932 5417 3022 5472 sed
3051 5417 3223 5471 vitam.

2475 5476 2714 5560 Ιιειίιιες.
2773 5490 2858 5542 vel
2891 5476 2973 5544 ἐχ
3025 5488 3368 5544 librariorum
3421 5488 3610 5560 lapsu,
3658 5496 3801 5560 more.
3829 5476 3879 5560 Al

2296 5554 2449 5632 editi,
2493 5559 2735 5614 clamore.
2768 5560 2890 5616 Mox
2932 5563 2984 5615 in
3039 5576 3142 5615 nis.
3177 5560 3295 5616 Vat.
3327 5561 3455 5619 bas.
3486 5554 3645 5632 'quid
3684 5554 3810 5611 nobis
3846 5554 3877 5600 el

672 5637 749 5704 (ο)
792 5633 845 5687 ιιι
875 5643 979 5704 est,
1011 5633 1122 5700 ipsa
1166 5624 1255 5683 illa
1303 5626 1608 5704 adoptionis
1631 5624 1865 5704 conditio
1915 5626 2098 5694 faciat,
2134 5632 2193 5682 ut
2294 5630 2402 5685 tibi.

672 5645 749 5704 (ο)
792 5645 845 5687 to
875 5645 979 5694 est,
1011 5645 1122 5700 Ipsa
1166 5645 1255 5683 ttta
1303 5645 1608 5752 θαυῖιιυηιδ
1631 5645 1865 5680 commto
1915 5645 1975 5679 tat

600 5722 723 5761 eum
750 5704 910 5757 etiam
939 5703 1104 5757 ﬁlium
1136 5717 1242 5754 non
1274 5713 1393 5754 eSse
1433 5696 1569 5752 acile
1594 5696 1975 5753 concedamus.

670 5778 751 5848 (ά)
794 5774 1080 5848 Exemplar
1127 5769 1290 5848 Caro.
1315 5768 1436 5848 quia
1460 5764 1879 5848 Tumutns.
1913 5767 2035 5848 Vat.
2072 5767 2189 5848 bas.

600 5837 744 5905 Deiri
759 5846 920 5919 ﬁlius.
944 5837 1068 5916 illo:
1093 5842 1298 5912 aliquot
1317 5837 1432 5909 alii,
1455 5837 1688 5895 Christus
1708 5838 1794 5896 ille
1809 5840 2058 5898 creditur.
2088 5841 2193 5900 lle-

2370 5699 2669 5776 (hilﬁnrms.
2693 5702 2815 5757 Vat'.
2841 5703 2953 5758 bas.
2988 5714 3041 5759 et
3067 5704 3250 5770 Μαι-1.,
3276 5714 3533 5760 naturam
3558 5701 3694 5776 Dei._
3806 5766 3815 5776 ι

2371 5773 2432 5845 (ί)
2463 5774 2623 5847 Editi,
2657 5776 2927 5847 pt'tl’tiumis
2966 5792 3149 5830 nomen
3178 5786 3434 5833 creatura:
3455 5786 3513 5834 et
3542 5771 3879 5847 indulgentiam

2298 5844 2621 5915 adeptionis:
2653 5845 3050 5919 refragantibus
3081 5863 3212 5905 mss.
