3988 6332
134 342 219 420 197

1290 356 1379 417 DE
1418 354 1797 418 TIllNiTATE
1832 350 2036 416 LIBER
2078 356 2189 416 Vli.

3309 352 3415 416 £98

128 489 222 535 stus
242 474 379 548 ﬁlius
419 473 498 546 (τι)
526 472 791 531 Benedicti
808 470 1027 550 (Mam,
1071 480 1190 542 xtv,
1219 472 1314 549 6i)
1335 475 1360 530 ἲ
1383 472 1704 531 Saeramen-
1732 479 1778 539 Α
1809 471 1931 529 audi
1956 474 2099 530 enim
2119 471 2265 529 inter
2284 484 2458 529 saevas
2487 469 2665 528 crucis
2694 469 2970 527 custodias
2990 468 3146 545 172
3159 470 3417 529 Romamn

129 584 224 629 tum
252 571 577 636 nescientes,
610 577 853 624 naturam
882 578 1059 624 tamen
1089 583 1192 623 non
1227 568 1496 640 ignorant.
1525 568 1714 639 Neque

128 667 448 735 interrogant
477 678 544 717 an
572 660 820 719 Christus
862 662 957 718 Dei
1001 661 1141 717 ﬁlius
1170 663 1260 730 sit,
1289 661 1383 719 sed
1432 677 1498 717 an
1529 662 1617 718 hic
1645 661 1718 717 sit

127 753 358 812 Christus
384 753 528 809 ﬁlius
560 753 675 809 Dei.
705 752 878 810 Error
905 754 958 809 in
987 753 1205 810 homine
1231 762 1333 821 est,
1366 768 1472 809 non
1520 753 1574 809 in
1619 751 1717 809 Dei

128 846 241 904 ﬁlio.
282 845 421 927 Nam
452 861 558 903 non
588 845 733 918 quod
763 846 1011 903 Christus
1064 846 1160 904 Dei
1194 847 1335 902 ﬁlius
1374 848 1445 903 sit
1494 846 1719 918 ambigi-

130 953 235 997 tur:
263 948 426 1011 atque
476 939 548 997 ita
592 940 721 995 dum
772 942 1136 1012 interrogatur
1170 954 1238 995 an
1286 938 1376 995 hic
1416 940 1505 1005 sit,
1536 950 1717 994 tamen

129 1033 255 1101 quod
275 1030 525 1089 Christus
553 1032 624 1088 sit
654 1032 747 1089 Dei
781 1031 924 1088 ﬁlius
949 1047 1055 1087 non
1089 1042 1332 1104 negatur.
1366 1032 1431 1087 Et
1458 1046 1561 1102 qua
1596 1040 1717 1086 tan-

133 1128 262 1197 dem,
286 1144 443 1201 rogo,
465 1136 522 1183 tu
570 1127 713 1183 istud
747 1127 853 1184 ﬁde
897 1127 1155 1199 deneges,
1179 1127 1324 1198 quod
1359 1142 1427 1191 ne
1457 1126 1557 1199 ipsi
1599 1125 1719 1196 qui-

127 1218 234 1277 dem
265 1230 461 1293 negant
492 1220 582 1291 qtti
610 1220 859 1278 nesciunt
878 1220 901 1274 ?
921 1219 1054 1278 Cum
1098 1219 1243 1277 enim
1274 1218 1518 1292 perlecta
1545 1219 1723 1276 scien-

128 1313 187 1371 tia
212 1313 300 1381 sit,
325 1312 598 1369 Christum
627 1313 721 1370 Dei
766 1312 934 1369 filium
963 1322 1090 1370 ante
1137 1315 1334 1370 saecula
1384 1321 1719 1378 manentem,

126 1406 273 1464 etiam
310 1422 377 1463 ex
408 1405 623 1478 virgine
670 1421 836 1463 nosse
866 1416 1050 1462 natum
1076 1422 1092 1474 ;
1124 1405 1227 1479 ipsi
1257 1422 1495 1479 quoque,
1528 1405 1621 1479 qui
1652 1405 1721 1462 de

129 1500 277 1556 Maria
333 1509 518 1556 natum
566 1501 836 1566 nesciunt,
886 1499 983 1556 Dei
1016 1508 1195 1565 tamen
1246 1500 1413 1554 ﬁlium
1446 1514 1567 1555 esse
1613 1512 1721 1555 non

126 1593 383 1650 nesciunt.
418 1595 485 1649 Et
509 1594 632 1650 vide
655 1594 708 1649 in
736 1593 878 1665 quod
913 1603 985 1661 te,
1010 1592 1261 1666 negando
1287 1592 1459 1648 ﬁlittm
1488 1592 1604 1661 Dei,
1629 1591 1725 1648 Ju-

126 1684 279 1741 daica:
326 1685 621 1756 impietatis
648 1688 987 1742 consortium
1042 1686 1330 1742 miscuisti.
1364 1686 1537 1755 Quam
1579 1687 1722 1742 enim

126 1776 194 1834 illi
220 1776 586 1833 damnationis
634 1776 691 1833 in
723 1793 847 1835 eum
871 1793 1089 1835 causam
1122 1779 1408 1836 attulerint
1435 1788 1722 1846 testantur,

126 1869 359 1926 dicentes
390 1867 494 1926 :Et
514 1871 796 1925 secundum
826 1871 988 1942 legem
1026 1872 1173 1926 debet
1212 1870 1365 1939 mori,
1398 1871 1639 1943 quoniam
1663 1871 1725 1943 ﬁ-
1753 1881 1800 1945 ι

128 1965 241 2018 lium
266 1963 363 2018 Dei
396 1979 452 2018 se
473 1963 594 2037 fecit
621 1961 830 2037 (Joan.,
853 1981 963 2033 xxx,
998 1966 1075 2038 7).
1106 1966 1265 2023 Anne
1291 1982 1400 2023 non
1435 1967 1537 2024 hoc
1558 1970 1721 2024 etiam

127 2055 295 2128 impia:
317 2066 422 2112 tuae
456 2057 607 2112 vocis
623 2056 970 2129 opprobrium
993 2068 1100 2128 est,
1134 2059 1212 2132 (ι)
1239 2061 1317 2133 (b)
1340 2076 1437 2116 cur
1464 2074 1523 2117 se
1553 2060 1722 2117 ﬁlium

126 2151 287 2218 dicat,
331 2167 488 2223 quem
541 2159 599 2208 tu
640 2167 764 2209 esse
829 2166 1046 2210 asseras
1084 2156 1432 2211 creaturam?
1465 2154 1580 2223 ille,
1630 2154 1726 2212 Dei

128 2243 422 2301 Conmendo
443 2260 502 2300 se
531 2243 860 2310 ﬁlium,reus
883 2247 1074 2302 mortis
1098 2247 1272 2303 abhis
1297 2248 1573 2318 iudicatur
1602 2264 1615 2301 :
1644 2256 1720 2317 tu,

125 2351 243 2394 eum
275 2339 369 2395 Dei
403 2338 571 2395 ﬁlium
602 2340 869 2411 negando,
899 2356 1084 2413 qtuero
1132 2343 1256 2413 quid
1308 2342 1518 2415 iudices
1539 2345 1564 2397 't
1595 2342 1728 2400 Pro-

127 2430 280 2488 fessio
296 2432 443 2489 enim
465 2433 583 2505 ejus
606 2433 678 2489 ita
703 2433 928 2503 Judzeis,
952 2444 1013 2491 ut
1039 2434 1136 2491 tibi
1156 2436 1425 2508 dESpiicet.
1446 2438 1727 2509 interrogo

123 2540 181 2580 an
207 2524 444 2583 diversa:
469 2527 538 2583 ab
559 2528 638 2583 eis
662 2530 954 2585 sententiae
978 2544 1223 2597 maneas,
1247 2546 1275 2586 a
1304 2531 1499 2603 quibus
1518 2548 1623 2589 non
1646 2532 1726 2589 di-

126 2636 304 2677 versus
354 2623 434 2679 sis
458 2623 770 2680 voluntate?
816 2625 1014 2683 Eadem
1057 2627 1201 2683 enim
1255 2629 1424 2684 ﬁlium
1481 2630 1571 2686 Dei
1601 2646 1725 2686 eum

122 2728 234 2770 esse
261 2715 544 2786 impietate
575 2727 630 2771 tu
655 2716 915 2790 denegas.
957 2719 1041 2775 Illi
1077 2728 1255 2776 tamen
1285 2735 1351 2777 eo
1375 2721 1602 2779 crimine
1625 2722 1731 2778 mi-

124 2820 263 2869 nore.
285 2807 438 2880 quod
453 2809 715 2866 nesciunt.
732 2809 990 2867 Nesciunt
1008 2812 1149 2868 enim
1164 2811 1230 2870 de
1251 2812 1413 2869 Maria
1431 2814 1728 2885 Chrismm,

129 2900 213 2957 sed
241 2897 526 2959 Christum
551 2903 645 2960 Dei
672 2903 837 2961 ﬁlium
870 2922 991 2963 esse
1016 2924 1121 2963 non
1145 2909 1442 2980 ambigunt.
1482 2910 1562 2965 Tu
1603 2913 1730 2982 quia

123 2988 397 3049 Christum
426 3010 534 3049 non
563 3006 717 3065 potes
763 3000 974 3054 nescire
1003 2997 1070 3053 de
1116 2998 1302 3067 Maria,
1345 2996 1619 3056 Christum
1644 3009 1729 3058 ta—

123 3100 235 3141 men
266 3086 369 3141 Dei
395 3086 569 3143 ﬁlium
609 3103 731 3146 esse
772 3104 878 3146 non
907 3091 1195 3163 praedicas.
1245 3093 1380 3162 Illis,
1412 3095 1463 3150 in
1496 3110 1562 3151 eo
1587 3096 1731 3167 quod

124 3180 395 3257 nesciunt,
437 3188 616 3251 potest
639 3180 816 3238 adhuc
839 3183 892 3239 in
920 3191 1037 3239 tuto
1060 3186 1207 3242 Salus
1237 3201 1359 3242 esse
1380 3188 1425 3242 si
1454 3187 1680 3244 credant
1714 3206 1729 3244 :

122 3268 211 3325 tibi
227 3266 352 3343 jam
385 3274 566 3329 omnia
596 3275 778 3331 clausa
807 3285 935 3333 sunt
965 3277 1031 3331 ad
1061 3279 1314 3346 salutem,
1346 3279 1414 3352 (c)
1447 3282 1536 3352 qui
1569 3296 1733 3354 negas
1760 3283 1807 3347 C

120 3366 256 3434 quod
282 3367 546 3437 ignorare
573 3369 684 3439 iam
720 3388 826 3426 non
860 3379 1035 3442 potes.
1056 3371 1173 3428 Non
1204 3373 1348 3429 enim
1381 3376 1596 3446 ignoras
1615 3392 1735 3433 esse

122 3460 282 3516 ﬁlium
324 3462 429 3519 Dei
455 3479 471 3529 ;
498 3479 672 3537 usque
718 3465 857 3523 adeo
885 3478 941 3523 ut
982 3468 1290 3540 adoptionis
1320 3487 1515 3528 nomen
1544 3472 1740 3529 indul-

120 3566 266 3621 geas,
292 3564 354 3609 ttt
388 3564 693 3612 creaturam
721 3571 1194 3631 connuncupatam
1229 3562 1393 3617 lilium
1430 3564 1737 3623 mentiaris.

116 3643 379 3704 Naturam
412 3659 591 3707 autem
620 3663 878 3723 quantum
904 3655 957 3709 in
997 3662 1050 3710 te
1078 3665 1162 3727 est
1188 3655 1466 3725 auferens,
1496 3658 1741 3717 auferres

119 3755 337 3811 quoque
367 3742 416 3797 si
446 3743 539 3799 tibi
570 3744 763 3803 liceret
804 3754 859 3802 et
886 3761 1108 3805 nomen.
1141 3747 1245 3804 Sed
1275 3749 1399 3823 quia
1447 3750 1500 3806 id
1537 3767 1644 3807 non
1677 3750 1742 3808 li-

120 3842 222 3902 cet,
250 3845 508 3892 naturam
540 3835 617 3911 (d)
642 3840 844 3913 nomini
870 3856 978 3897 non
1000 3842 1301 3916 relinquis:
1328 3859 1398 3902 ne
1423 3846 1568 3919 quod
1600 3847 1742 3905 ﬁlius

119 3923 339 3992 dicitur,
378 3944 545 3986 verus
580 3932 673 3988 Dei
701 3932 842 3989 ﬁlius
870 3936 963 3992 sit.

194 4022 405 4096 1715
418 4022 436 4077 ι
448 4020 731 4079 .Christum
745 4042 858 4082 vere
868 4027 1035 4097 ﬁlium
1050 4025 1148 4084 Dei
1161 4029 1471 4101 conﬁtentur
1482 4028 1740 4105 Apostoli.

122 4112 498 4172 —llabueras
521 4117 575 4171 in
592 4115 933 4176 confessione
950 4134 1159 4187 eorum,
1180 4123 1396 4192 quibus,
1415 4122 1745 4183 desaeviente

124 4218 291 4262 vento
323 4217 387 4265 et
429 4209 645 4265 turbato
698 4210 854 4278 mari,
881 4212 932 4268 in
960 4213 1113 4269 verbi
1137 4212 1292 4285 jussu
1335 4223 1456 4272 erat
1495 4216 1744 4272 restituta

123 4304 496 4375 tranquillitas
512 4347 527 4370 ,
557 4313 616 4361 ut
642 4314 696 4361 et
717 4314 771 4362 tu
794 4322 981 4363 verum
1002 4307 1099 4364 Dei
1119 4308 1285 4365 ﬁlium
1308 4306 1664 4377 conﬁtereris,
1690 4317 1747 4367 et

120 4410 312 4454 eorum
343 4415 479 4455 voce
496 4402 754 4456 utereris:
790 4399 920 4457 Vere
942 4401 1082 4473 ﬁlius
1108 4401 1208 4458 Dei
1229 4411 1304 4458 est
1349 4400 1589 4473 (Matth.,
1629 4418 1739 4470 xw,

118 4489 235 4563 33).
254 4491 375 4548 Sed
401 4500 456 4549 te
478 4494 707 4549 saeviens
730 4493 950 4567 spiritus
979 4494 1033 4549 in
1067 4494 1404 4566 naufragium
1433 4496 1556 4550 vitae
1579 4494 1743 4566 rapit,

120 4591 172 4637 et
201 4583 420 4641 mentis
450 4595 558 4640 tua:
605 4586 842 4642 motibus
898 4595 1168 4658 tamquam
1198 4586 1465 4644 ﬁuctuoso
1495 4587 1627 4643 mari
1656 4586 1745 4643 in-

120 4678 399 4734 cumbens
422 4677 662 4749 procella
696 4678 1024 4735 dominatur.

187 4768 285 4825 5‘2.
312 4768 613 4839 Conﬁtetur
634 4781 682 4826 et
708 4771 798 4843 qui
827 4772 1156 4841 cruciﬁxcrat
1186 4770 1447 4827 Centurio.
1475 4803 1548 4814 —
1568 4770 1625 4829 Si
1648 4770 1744 4828 tibi

118 4857 237 4917 hrec
267 4862 650 4934 navigantium
680 4879 745 4920 ex
792 4879 859 4919 eo
890 4863 1097 4920 incerta
1139 4863 1274 4920 ﬁdes
1306 4863 1595 4932 videbitur,
1618 4863 1744 4937 quia

119 4954 538 5011 existimabitur
587 4971 708 5012 esse
752 4958 1185 5028 Apostolorum;
1233 4956 1362 5012 mihi
1412 4967 1592 5013 tamen
1642 4955 1743 5013 etsi

121 5050 313 5108 minus
343 5062 576 5123 pra-stat
602 5053 999 5121 admirationis,
1029 5054 1152 5125 plus
1180 5063 1356 5108 tamen
1382 5051 1537 5107 aﬁ'ert
1556 5062 1744 5108 aucto-

121 5146 327 5203 ritatis.
341 5146 735 5204 Verumtamen
757 5148 921 5205 etiam
949 5146 1193 5219 gentium
1215 5146 1270 5202 in
1291 5161 1361 5202 eo
1379 5144 1541 5201 ﬁdem
1566 5159 1744 5212 sume;

1767 4686 1822 4748 D

1816 565 2052 623 cohortis.
2068 566 2363 624 edomitum
2388 567 2451 622 ad
2472 568 2629 623 ﬁdem
2651 565 2891 622 militem.
2911 566 3174 637 Loquitur
3186 582 3419 638 namque

1816 662 2119 731 conSpeetis
2172 671 2333 717 tanta:
2387 661 2603 715 virtutis
2657 659 3065 730 operationibus
3120 661 3413 715 centurio:

1825 751 1954 809 Vere
1975 751 2075 809 Dei
2095 755 2236 826 ﬁlius
2262 751 2371 809 erat
2396 755 2489 810 iste
2512 752 2755 828 (Matth.,
2785 767 2956 818 xxvn,
2981 752 3096 824 54).
3128 751 3261 820 Hoc,
3295 760 3420 824 post

1818 851 2077 907 emissum
2102 852 2369 922 spiritum,
2413 850 2700 907 discissum
2745 849 2932 921 templi
2964 849 3162 914 velum,
3192 857 3246 905 et
3273 856 3419 904 mota

1820 952 1988 1013 terra,
2015 954 2069 1001 et
2095 947 2260 1001 scissa
2310 961 2464 1011 saxa,
2508 954 2561 999 et
2590 944 2840 1014 sepulcra
2896 940 3158 1012 patentia,
3192 951 3247 997 et
3276 956 3419 997 mor-

1824 1039 1899 1095 tui
1930 1050 2275 1111 resurgentes
2326 1044 2613 1103 testantur,
2637 1046 2693 1092 et
2733 1038 2895 1091 Itemo
2921 1034 3136 1105 gentilis
3181 1033 3421 1104 perﬁdia:

1820 1134 2111 1191 conﬁtetur
2130 1153 2145 1194 :
2163 1135 2382 1191 virtutis
2408 1143 2649 1190 naturam
2672 1131 2916 1204 agnoscit
2938 1132 2989 1187 in
3008 1130 3197 1202 gestis,
3217 1137 3423 1185 natura:

1822 1229 2106 1286 veritatem
2139 1227 2430 1300 proﬁtetur
2455 1227 2508 1282 in
2534 1225 2775 1282 nomine.
2796 1222 2971 1280 Tanta
2998 1223 3135 1279 ratio
3155 1220 3422 1288 veritatis,

1824 1329 1882 1378 et
1909 1330 2052 1377 tanta
2081 1320 2164 1377 vis
2191 1320 2311 1376 ﬁdei
2335 1331 2436 1386 est,
2459 1318 2710 1375 utvineat
2736 1318 3067 1373 voluntatem
3087 1314 3202 1372 veri
3234 1328 3426 1371 neces-

1824 1412 1977 1482 sitas,
2001 1422 2055 1468 et
2076 1412 2349 1469 CitriStum
2380 1411 2664 1467 Dominum
2698 1410 2887 1483 gloria:
2930 1417 3151 1465 mternae
3181 1423 3308 1466 vere
3330 1406 3426 1465 Dei

1826 1504 1996 1565 ﬁlium
2022 1524 2165 1575 esse,
2190 1522 2290 1563 nec
2313 1505 2402 1579 qui
2425 1504 2772 1563 cruciﬁxerat
2800 1501 3113 1577 denegaret.

2126 1664 2482 1743 ινδ-ιτα.
2517 1666 2725 1723 LIBER
2749 1663 3110 1750 suerit-tus.

1830 1784 1895 1847 In
1923 1790 2137 1846 exordio
2174 1792 2452 1863 exponitur
2480 1786 2598 1844 libri
2634 1788 2792 1863 hujus
2824 1787 3145 1859 prtestantia,
3171 1785 3427 1842 scribendi

1897 1898 2099 1951 caustc,
2144 1881 2458 1938 Arianorum
2485 1881 2739 1954 vafrities,
2779 1882 2866 1953 qui
2914 1878 3015 1934 huc
3054 1896 3215 1952 usque
3243 1879 3426 1935 delusa

1896 1975 1969 2029 sit
1990 1991 2051 2029 ac
2070 1975 2278 2047 repulsa
2296 2018 2311 2042 ,
2334 1975 2642 2030 aduersandi
2671 1974 2743 2029 eis
2775 1974 3068 2040 discrimen,
3104 1990 3167 2028 ne
3193 1972 3429 2027 uidelicet

1897 2066 2085 2122 Arium
2115 2071 2392 2139 confutatis
2418 2067 2669 2134 Sabellio,
2697 2084 2758 2122 ac
2803 2084 2981 2121 rursus
3010 2066 3298 2122 Sabellium
3327 2067 3427 2123 im-

1899 2175 2139 2233 pugnans
2174 2157 2401 2214 Photino
2433 2164 2605 2229 favere
2632 2159 2904 2224 videatur;
2935 2167 2984 2213 et
3024 2158 3077 2213 in
3116 2174 3221 2212 rem
3246 2156 3431 2213 Eccle-

1899 2252 1992 2311 sia:
2017 2251 2274 2323 quomodo
2304 2267 2358 2307 se
2384 2250 2602 2305 invicem
2636 2249 2814 2317 Arius,
2850 2248 3130 2316 Sabellius,
3153 2265 3215 2303 ac
3251 2247 3432 2303 Photi-

1902 2362 2000 2400 nus
2027 2346 2233 2399 vincant
2267 2355 2359 2400 aut
2390 2346 2679 2400 vincantur.
2716 2345 2917 2413 Quibus
2960 2343 3174 2399 breviter
3204 2344 3432 2415 explica-

1903 2415 1999 2505 tis,
2029 2456 2146 2494 eum
2164 2482 2177 2506 ,
2210 2440 2298 2507 qui
2322 2455 2437 2494 vere
2462 2455 2527 2495 ea:
2555 2446 2743 2495 natura
2765 2438 2906 2508 ﬁlius
2929 2434 3027 2493 Dei
3049 2448 3143 2501 est,
3168 2454 3279 2493 vere
3306 2453 3436 2508 quo-

1902 2547 2001 2603 que
2035 2549 2125 2603 per
2151 2542 2409 2600 naturam,
2442 2530 2586 2586 salva
2624 2533 2777 2586 unius
2808 2540 2855 2585 et
2886 2547 2989 2585 non
3029 2529 3309 2603 singularis
3335 2526 3437 2585 Dei

1903 2623 2029 2695 ﬁde,
2056 2623 2227 2680 Deum
2252 2643 2359 2680 esse
2379 2624 2762 2695 comprobatur,
2787 2634 2842 2679 ut
2863 2633 2978 2697 pote
3004 2625 3088 2679 cui
3111 2621 3209 2679 Dei
3229 2640 3435 2692 nomen,

1902 2718 2145 2773 nativitas
2174 2735 2239 2774 ex
2263 2718 2393 2788 Deo,
2427 2719 2603 2773 divina
2633 2735 2748 2772 cum
2778 2727 2962 2773 natura
2976 2726 2995 2783 ‘,
3026 2728 3132 2772 tum
3173 2725 3431 2788 potestas,

1904 2826 1967 2866 ac
1985 2810 2200 2882 denique
2222 2812 2343 2883 quia
2367 2828 2422 2867 se
2442 2811 2553 2882 ipse
2580 2806 2747 2865 Deum
2764 2810 3085 2882 proﬁteatur.
3118 2809 3440 2881 Quamquam

1904 2902 2093 2974 fatetur
2120 2903 2378 2973 Hilarius,
2420 2921 2535 2958 cum
2558 2914 2856 2977 argumento
2884 2920 2948 2958 ea:
2989 2904 3251 2957 nativitate
3282 2903 3441 2973 petito

1903 2995 1976 3048 ita
1996 3010 2229 3049 connexa
2251 3012 2356 3050 esse
2376 3006 2580 3062 caztera,
2608 3004 2665 3049 ut
2693 2995 2905 3050 seorsitn
2932 2996 3143 3049 tractari
3168 3005 3438 3066 nequeant.

1835 3087 1910 3141 Ac
1955 3087 2121 3157 primo
2159 3087 2364 3159 quidem
2393 3092 2538 3161 ponit
2563 3129 2577 3154 ,
2611 3097 2852 3141 naturam
2884 3088 2959 3141 rei
3000 3087 3209 3141 nomine
3236 3101 3441 3158 semper

1903 3181 2234 3253 signiﬁcari,
2275 3182 2376 3237 nisi
2424 3182 2622 3238 ratione
2665 3182 2986 3249 adiectorum
3028 3179 3363 3235 adventitium
3393 3186 3441 3235 et

1910 3295 2012 3333 non
2042 3279 2309 3352 praprium
2353 3297 2459 3337 esse
2487 3280 2741 3334 iudicetur
2778 3294 2799 3334 :
2840 3278 2903 3333 de
2932 3274 3074 3332 Filio
3104 3287 3272 3331 autem
3292 3278 3366 3332 ita
3408 3293 3443 3332 a

1911 3369 2116 3429 Joanne
2144 3373 2284 3441 dici,
2315 3380 2372 3430 et
2408 3374 2547 3429 Dens
2587 3380 2702 3428 erat
2731 3371 3006 3435 Verbum,
3051 3379 3099 3426 et
3140 3387 3174 3425 a
3216 3368 3438 3440 Thema,

1914 3462 2174 3523 Dominus
2205 3482 2358 3521 meus
2392 3478 2447 3522 et
2476 3466 2617 3522 Deus
2645 3481 2799 3522 meus
2820 3507 2836 3531 ,
2868 3474 2919 3518 ut
2957 3464 3037 3518 ha:
3074 3463 3446 3537 appellationes

1915 3559 2069 3615 etiam
2096 3574 2159 3612 ea:
2191 3558 2483 3630 adjunctis,
2512 3573 2685 3612 veram
2713 3558 2763 3612 in
2789 3574 2846 3611 eo
2880 3554 2975 3609 Dei
3005 3564 3247 3609 naturam
3273 3556 3450 3621 expri-

1914 3659 2079 3705 mant.
2114 3647 2213 3704 Cui
2240 3667 2379 3717 vero,
2414 3667 2517 3705 non
2545 3667 2691 3705 secus
2729 3666 2789 3703 ac
2819 3646 3009 3715 Patri,
3039 3657 3236 3703 naturw
3263 3648 3450 3703 divina:

1922 3745 2195 3816 proprium
2235 3761 2440 3811 nomen,
2472 3743 2624 3797 unius
2664 3750 2737 3797 est
2781 3757 2895 3795 cum
2934 3742 3047 3810 ipso
3086 3750 3288 3795 natura:
3328 3756 3347 3795 :
3387 3756 3451 3795 ac

1920 3839 2137 3909 proinde
2165 3839 2274 3911 ipse
2298 3854 2414 3893 cum
2444 3836 2600 3892 Patre
2634 3853 2738 3891 non
2767 3835 2870 3889 duo
2893 3834 3013 3901 Dii,
3047 3835 3138 3891 sed
3177 3852 3309 3891 unus
3347 3845 3445 3891 est.

1918 3933 2120 3990 Leviter
2157 3934 2240 3988 hic
2269 3933 2476 4004 attingit
2509 3931 2690 3999 Verbi,
2719 3930 3003 4004 Sapientia:
3024 3946 3086 3984 ac
3116 3929 3331 3986 Virtutis
3362 3946 3452 3986 σου
3482 3960 3487 3963 -

1861 4018 1865 4022 ’
1920 4030 2185 4102 gnomina,
2214 4045 2373 4098 eaque
2403 4024 2547 4082 Filio
2570 4036 2747 4097 aptata
2773 4042 2882 4082 esse
2906 4024 3153 4092 declarat,
3180 4033 3235 4079 ut
3264 4025 3318 4079 in
3340 4020 3451 4078 Pa-

1920 4133 1995 4176 tre
2013 4122 2202 4189 absque
2231 4121 2340 4176 ulla
2370 4120 2812 4190 ipsius'divisione
2839 4127 2927 4174 aut
2956 4118 3305 4175 demutatione
3332 4115 3453 4174 sub.-

1916 4215 2096 4270 sistcre
2121 4215 2441 4275 ostendatur.

1850 4305 2075 4382 Subjicit
2104 4307 2290 4363 deinde
2323 4324 2427 4363 non
2452 4308 2623 4363 minus
2646 4323 2740 4382 per
2759 4323 2814 4362 se
2838 4322 2946 4363 esse
2974 4315 3174 4374 nolunt,
3199 4316 3322 4361 nato
3342 4322 3455 4363 eam

1916 4400 2083 4455 inesse
2122 4411 2359 4455 naturam
2385 4416 2450 4456 ea:
2480 4416 2581 4472 qua
2607 4399 2835 4455 subsistit
2861 4414 2880 4454 :
2902 4415 2994 4455 nec
3024 4398 3248 4453 dubitari
3281 4415 3455 4472 posse,

1921 4497 2046 4568 quin
2071 4512 2137 4552 ea:
2168 4494 2277 4552 Deo
2303 4506 2455 4552 natus
2475 4497 2541 4552 sit
2569 4496 2827 4561 Christus,
2849 4510 3000 4563 quem
3023 4493 3085 4549 ob
3106 4493 3206 4550 hoc
3232 4495 3458 4550 maxime

1920 4588 2207 4659 interﬁcere
2234 4588 2466 4643 uolebant
2503 4585 2681 4643 Judaei
2704 4630 2718 4655 ,
2750 4587 2875 4656 quia
2902 4586 3178 4657 proprium
3226 4587 3330 4642 sibi
3363 4601 3459 4657 pa-

1926 4690 2063 4737 trem
2089 4680 2304 4737 dicebat
2334 4681 2524 4747 Deum,
2556 4678 2823 4752 azqualem
2855 4694 2915 4735 se
2944 4679 3149 4737 faciens
3174 4678 3306 4734 Deo.
3339 4678 3461 4734 Na»-

1924 4774 2095 4829 tivitas
2129 4783 2329 4842 autem,
2358 4774 2488 4830 sicut
2514 4784 2562 4829 et
2597 4772 2899 4846 wqualitas,
2927 4789 3018 4829 nec
3044 4773 3214 4829 solum
3244 4773 3458 4847 patitur,

1922 4882 2015 4921 nec
2038 4865 2317 4920 diversum.

1851 4958 1937 5015 Ea:
1957 4976 2014 5014 eo
2034 4960 2148 5027 ipso
2174 4972 2430 5025 sermone,
2455 4972 2602 5027 quem
2625 4964 2750 5011 tunc
2773 4954 3008 5012 Christus
3030 4958 3099 5012 ad
3116 4958 3330 5016 Judazos
3357 4957 3457 5015 Ita-

1925 5051 2056 5117 buit,
2070 5050 2209 5105 illius
2239 5066 2303 5105 ea:
2321 5048 2429 5104 Deo
2452 5050 2764 5105 nativitatem
2782 5049 2998 5106 simulet
3016 5063 3244 5123 paterna,
3264 5064 3462 5109 naturae

1921 5145 2169 5200 mtitatcm
2206 5143 2545 5200 demonstrari
2569 5143 2809 5217 pluribus
2833 5145 3016 5200 evincit
3048 5162 3071 5203 :
3105 5156 3309 5204 natura:
3335 5147 3457 5220 qui-

190 5307 280 5383 (l)
306 5306 431 5364 Cur
448 5323 503 5364 se
521 5307 691 5379 ﬁlium
717 5306 817 5365 Dei
842 5307 1001 5363 dicat.

1866 5452 1960 5535 est,
1985 5460 2074 5535 qui
2102 5467 2367 5535 peccatum
2395 5458 2763 5535 cognovit,_nec
2790 5458 3047 5535 cognitum
3075 5456 3386 5535 conﬁtetur:
3413 5471 3470 5522 et

1865 5531 2007 5600 hoc.
2038 5534 2160 5605 (tota
2204 5532 2461 5604 confessio
2511 5531 2702 5586 ενιόνίδ
2740 5532 3000 5605 Proici“?
3044 5542 3117 5585 ⁸⁸⁸
3165 5531 3469 5605 άεδίηθηίίίῖ

1867 5622 1968 5662 nec
1998 5602 2210 5660 veniam
2246 5602 2511 5672 meretur,
2535 5606 2626 5675 qui
2666 5617 2695 5657 a
2728 5602 2945 5671 peccato
2971 5602 3223 5661 desinere
3267 5602 3470 5665 renuit.

1867 5677 2005 5734 Vide
2030 5686 2290 5733 annotata
2317 5675 2385 5731 ad
2412 5690 2563 5730 num.
2597 5678 2650 5739 8,
2683 5683 2842 5729 tract.
2876 5689 2956 5740 ps.
2983 5687 3110 5731 cn.

1940 5750 2022 5824 (tl)
2048 5751 2139 5806 Sic
2166 5762 2303 5824 mss.
2332 5756 2391 5802 ttt
2418 5746 2936 5824 superiusnnumﬁﬁ
2954 5764 2971 5802 :
2989 5746 3053 5824 δῇ
3075 5751 3359 5824 nouercae
3381 5768 3477 5809 ηο.

1870 5817 2177 5905 minibus,si
2200 5829 2442 5905 naturam
2461 5817 2722 5877 vocabulis
2745 5834 2851 5876 non
2873 5818 3126 5893 intelligo.
3151 5820 3301 5882 Editi
3321 5840 3477 5896 vero,

1871 5904 2114 5953 naturam
2152 5890 2398 5949 nominis.

195 5470 275 5543 (α)
316 5468 385 5526 in
414 5468 563 5540 prius
591 5468 847 5543 vulgatis,
869 5465 970 5524 Dei
1021 5461 1499 5543 benedictl._A_best
1524 5478 1627 5521 vox
1657 5461 1759 5543 Dei

125 5557 154 5599 a
188 5537 337 5599 mss.
374 5537 437 5597 et
459 5558 485 5594 a
516 5537 714 5613 graeco?
747 5540 1059 5598 Judteorum
1107 5555 1264 5597 error
1305 5537 1433 5595 hinc
1458 5544 1681 5594 notatur
1709 5537 1764 5593 in

125 5619 298 5685 laetu.
320 5630 444 5668 non
474 5613 525 5669 in
544 5613 669 5685 jure
699 5613 890 5670 fuisse.

203 5684 284 5760 (b)
306 5685 398 5760 ita
429 5679 562 5741 mss:
590 5686 660 5741 At
678 5685 1016 5753 excusi,cum
1039 5699 1094 5740 se
1121 5682 1290 5755 ﬁlium
1310 5679 1408 5738 Dei
1436 5681 1593 5747 dicat,
1615 5697 1765 5755 quem

129 5767 185 5813 tu
210 5758 431 5814 asseris
460 5767 769 5813 creaturam.

206 5828 290 5903 (c)
321 5828 479 5903 picti
505 5828 665 5903 hujus
692 5829 833 5903 ratio
861 5828 1183 5903 petendan
1212 5834 1367 5887 tract.
1374 5826 1536 5903 _psal.
1563 5836 1765 5903 csxgtv,

135 5896 297 5960 nubi.
328 5902 394 5970 ὃ,
429 5900 517 5960 ubi
550 5896 694 5961 inter
718 5901 823 5961 alia
862 5896 987 5960 haec
1019 5899 1292 5961 habenttJr
1318 5914 1338 5959 :
1363 5896 1532 5958 Extra
1570 5896 1771 5957 ueniant
