3988 6332
609 322 715 381 199

1805 314 2054 376 SANCTI
2087 314 2343 372 HILARII
2383 313 2694 374 EPISCOPI

3740 318 3815 377 900

685 439 801 496 dem
824 435 1228 504 unitatent,dum
1256 441 1497 509 operatur
1523 432 1661 506 quod
1682 430 1861 490 Pater.
1887 434 2007 488 dum
2038 433 2210 488 omnia
2238 438 2288 499 Α
2315 433 2530 489 currerit
2566 431 2818 487 Hilarius.
2859 428 3012 487 Liber
3036 429 3269 501 superior
3311 446 3472 488 verum
3501 433 3662 503 ﬁlium,
3681 435 3747 490 hic
3761 456 3818 494 os-

688 532 963 600 eademque
985 530 1144 599 facit,
1178 528 1299 582 dum
1338 544 1442 582 una
1468 527 1731 598 utriusque
1758 526 1811 580 in
1842 518 2056 581 mortuis
2084 527 2208 580 vivi-

684 625 903 696 ﬁcandis
930 632 1151 696 potestas
1174 664 1189 689 ,
1224 639 1357 677 unus
1386 623 1571 688 honor,
1603 637 1708 674 una
1732 621 1944 692 injuria,
1972 620 2097 674 dunt
2126 621 2214 675 de-

686 720 837 788 nique
878 732 1023 771 omne
1055 714 1318 788 judicium
1349 714 1531 781 habet;
1571 713 1886 768 nativitatem
1917 729 2063 779 vero,
2092 714 2212 766 dum

688 810 854 878 ﬁlium
882 824 990 863 sese
1018 809 1241 863 vocitare
1269 822 1373 862 non
1413 806 1626 868 desinit,
1678 810 1801 858 dum
1826 804 1899 858 ita
1936 805 2040 876 agit
2076 803 2214 875 quod

689 899 846 955 Pater
865 941 882 967 ,
914 909 967 954 nt
993 910 1160 955 tamen
1191 916 1293 954 non
1321 898 1389 954 ab
1414 913 1473 953 se
1497 938 1512 965 ,
1543 898 1616 951 ita
1644 898 1839 964 eadem,
1872 905 1927 951 ut
1950 905 2117 969 tamen
2143 895 2214 951 si-

684 992 907 1059 militer,
936 994 1008 1047 ita
1046 992 1299 1062 judicium
1322 1007 1471 1045 omne
1500 990 1679 1054 habet,
1711 999 1765 1043 ut
1796 1000 1964 1044 tamen
1992 1006 2026 1043 a
2057 986 2216 1042 Patre

685 1086 753 1140 sit
778 1095 1069 1155 acceptum.
1106 1083 1259 1150 Quod
1287 1083 1490 1152 quidem
1516 1083 1851 1155 conﬁrmatur
1886 1092 1991 1136 tant
2021 1098 2085 1137 ea:
2110 1079 2211 1136 Ju-

684 1178 917 1234 dworutn
952 1178 1310 1250 intelligentia,
1335 1178 1422 1245 qui
1451 1176 1709 1231 Christum
1738 1177 1816 1232 his
1849 1177 1997 1231 dictis
2024 1193 2075 1231 se
2104 1191 2217 1231 vere

689 1270 787 1327 Dei
825 1271 994 1343 ﬁlium
1035 1287 1243 1343 vereque
1270 1268 1440 1324 Deum
1487 1270 1770 1342 pradicare
1810 1270 2211 1336 intellexerunt,

688 1372 797 1418 tum
823 1379 886 1417 ea:
913 1363 1076 1429 ipsius
1102 1361 1293 1417 Christi
1320 1362 1579 1433 responsis
1604 1402 1618 1426 ,
1647 1361 1831 1432 quibus
1856 1378 1955 1415 non
1992 1378 2046 1415 se
2083 1361 2217 1415 male

684 1457 1000 1513 intellectum
1045 1458 1261 1522 retulit,
1304 1456 1393 1511 sed
1428 1455 1599 1526 inique
1637 1470 1739 1508 non
1778 1454 2058 1521 creditum,
2101 1469 2217 1508 cum

683 1551 937 1606 dictorum
955 1550 1112 1621 ﬁdem
1134 1566 1293 1619 Opera
1318 1550 1567 1620 facerent.

611 1640 883 1698 Postremo
909 1660 973 1698 ea:
991 1644 1074 1712 iis,
1100 1642 1458 1715 qutcChristus
1484 1660 1515 1696 a
1543 1641 1788 1716 Philippo
1809 1652 1865 1696 ut
1886 1641 2098 1697 Patrem
2120 1640 2218 1695 sibi

691 1737 984 1793 ostenderet
1009 1748 1221 1810 rogatus
1248 1738 1527 1809 peroravit,
1557 1736 1668 1807 ipse
1692 1753 1746 1790 se
1769 1747 1815 1790 et
1845 1751 1908 1789 ea:
1934 1733 2092 1789 Patre
2126 1750 2220 1788 na-

687 1841 817 1899 tum,
842 1842 890 1887 et
918 1832 1070 1887 unius
1100 1831 1426 1905 ejusdemque
1450 1846 1564 1884 cum
1590 1846 1649 1885 eo
1680 1842 1881 1885 natura:
1906 1828 2093 1884 diserte
2117 1828 2215 1882 do-

683 1939 797 1980 cere
816 1924 1219 1979 demonstratur.

684 2102 735 2157 1.
778 2099 881 2155 Hic
930 2102 1055 2156 liber
1093 2099 1439 2175 superioribus
1492 2112 1719 2172 prmtat.
1771 2100 2039 2158 Scribendi
2086 2117 2213 2156 cau-

608 2211 699 2249 ste.
756 2193 1132 2250 Hmreticorum
1187 2196 1462 2250 subtilitas.
1495 2195 1865 2271 —Seplimus
1915 2194 2000 2249 hic
2057 2195 2215 2249 nobis

606 2288 895 2345 adversum
923 2303 1075 2344 novae
1104 2289 1375 2344 luereseos
1401 2303 1654 2344 vesanam
1691 2288 2051 2343 temeritatem
2078 2286 2216 2343 liber

606 2384 861 2441 scribitur
890 2401 903 2438 :
937 2382 1151 2439 expleris
1181 2382 1397 2452 quidem
1426 2382 1791 2438 anterioribus
1829 2399 2055 2437 numero
2086 2397 2215 2451 pos-

607 2477 778 2533 terior
796 2519 810 2542 ,
834 2475 931 2533 sed
960 2476 1027 2532 ad
1058 2476 1309 2549 perfectae
1335 2476 1457 2531 ﬁdei
1478 2490 1876 2531 sacramentum
1909 2475 2216 2547 intelligen-

606 2567 735 2624 dum
767 2578 859 2622 aut
890 2569 1134 2638 primus,
1165 2577 1257 2621 aut
1286 2567 1573 2621 maximus.
1610 2566 1664 2622 In
1705 2583 1813 2638 quo
1846 2584 1952 2622 non
1996 2569 2215 2639 ignora-

607 2677 730 2717 mus
757 2678 916 2733 quam
940 2661 1162 2717 diflieile
1182 2671 1345 2733 atque
1376 2658 1602 2716 arduum
1634 2662 1735 2716 iter
1761 2662 2021 2718 doctrinm:
2044 2677 2212 2718 evan-

613 2753 804 2825 geliea:
834 2752 1180 2809 scandamus.
1212 2753 1258 2808 A
1285 2769 1392 2825 qtto
1421 2754 1669 2824 quamvis
1696 2748 1773 2826 (α)
1803 2754 2034 2809 conscia:
2062 2753 2213 2808 inﬁr-

605 2846 808 2902 mitatis
849 2853 1048 2902 nostra:
1079 2845 1434 2917 trepidatione
1473 2862 1815 2912 revocemur;
1867 2858 2043 2902 tamen
2087 2846 2213 2903 ﬁdei

608 2949 744 2995 testu
800 2939 1047 3005 incitati,
1119 2949 1175 2995 et
1233 2938 1608 2994 hzeretieorum
1665 2938 1847 2995 furore
1909 2941 2209 3009 commoti,

602 3036 657 3089 'et
698 3032 941 3104 periculo
985 3034 1345 3104 ignorantium
1381 3032 1719 3102 perturbati,
1761 3048 1882 3103 qua:
1928 3032 2070 3102 loqui
2102 3047 2208 3087 non

601 3128 888 3197 audemus,
933 3126 1095 3183 silere
1153 3143 1259 3182 non
1310 3141 1645 3198 possumus:
1696 3127 1978 3197 utriusque
2019 3125 2212 3181 discri-

603 3221 764 3275 minis
814 3217 889 3292 (b)
930 3231 1077 3275 metu
1119 3218 1359 3283 subditi,
1404 3235 1472 3275 ne
1511 3218 1782 3274 destituta:
1826 3218 2074 3273 veritatis
2117 3233 2208 3274 rea

603 3313 656 3367 in
704 3312 862 3368 nobis
908 3312 979 3366 sit
1019 3320 1112 3365 aut
1157 3311 1493 3366 taciturnitas
1523 3353 1540 3380 ,
1588 3319 1683 3367 aut
1735 3311 2066 3382 prtedicatio.
2119 3310 2206 3366 In-

601 3404 948 3461 credibilibus
973 3404 1173 3460 etenim
1211 3419 1271 3459 se
1293 3405 1534 3474 corrupti
1566 3406 1762 3477 ingenii
1801 3406 2010 3461 artibus
2046 3404 2204 3479 175

602 3499 859 3556 lneretiea
898 3498 1167 3555 subtilitas
1211 3502 1528 3572 circumegit
1563 3520 1575 3556 :
1623 3501 1852 3569 primum
1885 3513 1943 3555 ιιι
1987 3501 2056 3572 (c)
2104 3500 2203 3555 ﬁtt-

598 3603 750 3665 geret
781 3593 1122 3664 religionem,
1165 3592 1359 3649 deinde
1392 3606 1448 3648 ut
1475 3595 1715 3650 omnium
1746 3594 2072 3665 simplicium
2099 3609 2201 3649 au-

598 3687 739 3742 rium
768 3686 1114 3741 securitatem
1140 3686 1321 3741 verbis
1352 3685 1594 3755 falleret,
1627 3697 1737 3743 tum
1771 3699 2032 3757 praeterea
2062 3696 2120 3742 ut
2142 3702 2203 3743 se

597 3777 902 3850 prudentia:
924 3778 1106 3834 szeculi
1135 3787 1434 3849 eoaptarel,
1461 3791 1739 3850 postremo
1765 3788 1822 3833 ut
1850 3780 2095 3834 veritatis
2122 3779 2205 3834 in-

597 3870 944 3945 telligentiam
973 3886 1071 3942 per
1094 3872 1328 3942 speciem
1360 3871 1439 3944 (d)
1464 3871 1623 3927 edita:
1653 3871 1880 3926 rationis
1910 3879 2199 3928 averteret.

593 3964 726 4022 Nam
764 3972 1059 4037 protestata
1086 3967 1164 4039 (in
1195 3966 1413 4037 epistola
1437 3966 1526 4021 lib.
1570 3983 1622 4022 tv
1647 3976 1697 4021 et
1719 3982 1771 4021 v1
1821 3966 2008 4037 relata)
2031 3966 2199 4021 Deum

594 4075 804 4125 unum,
846 4060 1069 4114 mentita
1106 4059 1362 4129 pietatem
1417 4068 1533 4126 est;
1587 4060 1825 4130 professa
1875 4074 2063 4115 rursus
2106 4059 2201 4116 Dei

595 4150 790 4219 ﬁlium,
825 4150 1103 4207 audientes
1127 4149 1317 4207 fefellit
1340 4151 1393 4207 in
1423 4153 1676 4218 nomine;
1700 4152 1887 4207 dicens
1913 4153 2074 4208 etiam
2093 4169 2199 4209 non

596 4241 765 4299 fuisse
796 4252 920 4299 ante
949 4259 1110 4315 quam
1143 4244 1379 4300 nascitur
1401 4286 1415 4309 ,
1447 4244 1635 4299 mundi
1668 4244 1951 4314 sapientiae
1984 4246 2202 4302 satisfe-

594 4337 699 4404 cit;
745 4336 1187 4394 indemutabilem
1231 4351 1451 4408 quoque
1494 4348 1548 4393 et
1596 4339 1976 4409 incorporeum
2028 4339 2198 4395 Deum

593 4431 875 4498 conﬁtens,
909 4431 1245 4487 nativitatem
1279 4431 1463 4487 Deiex
1498 4431 1608 4487 Deo
1650 4447 1746 4502 per
1785 4431 2203 4488 demonstratio-

591 4541 714 4582 nem
764 4524 1004 4582 subdolae
1053 4523 1284 4581 rationis
1326 4524 1560 4579 exclusit
1605 4542 1618 4577 :
1664 4524 1864 4579 nestris
1911 4524 2198 4581 adversum

588 4636 687 4677 nos
717 4636 812 4676 usa
843 4618 1103 4677 doctrinis
1128 4662 1141 4686 ,
1194 4629 1247 4674 et
1286 4618 1545 4674 Ecclesiae
1576 4617 1679 4674 ﬁde
1722 4629 1909 4675 contra
1940 4620 2196 4677 Ecclesia:

588 4714 750 4771 ﬁdem
797 4729 1083 4786 pugnans,
1117 4711 1439 4785 gravissimo
1486 4712 1775 4768 adversum
1819 4728 1917 4768 nos
1964 4713 2050 4769 vel
2111 4730 2193 4769 re-

588 4807 902 4878 sponsionis
924 4807 1010 4862 vel
1040 4805 1239 4861 silentii
1281 4805 1523 4875 periculo
1548 4815 1862 4876 comparato
1888 4849 1902 4873 ,
1935 4806 2063 4862 dum
2096 4822 2193 4879 per

586 4916 648 4957 ea
676 4916 796 4972 qua:
823 4916 928 4955 non
959 4909 1244 4972 negantur,
1274 4913 1336 4954 ea
1364 4899 1619 4970 praedicat
1646 4916 1764 4972 qu
1793 4912 2080 4971 negantur.

661 4991 718 5046 ‘2.
754 4992 893 5057 Quid
933 4991 1149 5065 epistola
1186 5008 1279 5047 sua
1310 4992 1551 5047 tentarint
1582 4993 1830 5065 ingerere.
1860 4992 1961 5060 Qui
1990 4994 2063 5048 eis
2111 5010 2197 5049 oc-

659 5131 1019 5206 (a)_Nonnull_i
1051 5146 1185 5188 mss.
1220 5135 1550 5206 conscientia:
1578 5135 1879 5201 inﬁrmitate
1915 5144 2106 5189 nostra
2146 5144 2196 5190 et

590 5202 949 5277 trepidatione.
984 5202 1349 5277 Praeferebant
1384 5223 1595 5277 quoque
1625 5207 1753 5261 editi
1786 5249 1799 5267 ,
1846 5208 2188 5262 conscientiae.

590 5274 786 5349 Verius
798 5274 1169 5349 castigatiores
1195 5291 1325 5330 mss.
1350 5274 1589 5342 censet—te,
1614 5280 1804 5349 supple
1820 5278 1937 5345 sibi,
1960 5294 2082 5343 cett,
2105 5295 2190 5334 eu~

586 5346 1500 5419 juscousciisumus.Qualoquendi
1532 5346 1803 5406 rationein
1840 5351 1973 5419 psal.
2003 5352 2187 5415 vaitt,

591 5433 741 5489 num.
774 5418 865 5481 15,
897 5426 1093 5489 θξειθι.
1128 5420 1410 5473 consciwin
1426 5437 1478 5475 se
1509 5423 1686 5476 salutis
1709 5418 1918 5489 ﬁducia.
1946 5423 2055 5478 Nec
2076 5422 2191 5478 dis-

589 5488 754 5559 plicet
775 5504 895 5542 eum
927 5486 1089 5544 Cot'b.
1119 5506 1148 5544 a
1178 5490 1348 5559 prima
1372 5508 1553 5561 manu,
1589 5486 1801 5549 conscii.

662 5580 737 5650 (b)
769 5578 931 5646 Editi,
958 5583 1116 5636 metui
1140 5583 1329 5638 subditi
1358 5601 1377 5639 :
1405 5585 1794 5643 reluctantibus
1822 5602 1953 5645 mss.
1982 5587 2190 5645 Deinde

586 5664 726 5706 unus
755 5667 787 5706 e
810 5650 931 5707 Vat.
963 5669 1026 5708 ne
1051 5656 1115 5708 de
1140 5655 1464 5713 destitutione
1484 5659 1733 5715 veritatis.

657 5741 734 5817 (c)
768 5744 888 5800 Vat.
920 5746 1036 5802 bas.
1066 5762 1169 5803 ms.
1200 5750 1470 5822 ingereret.

659 5836 740 5911 (ά)
770 5838 1056 5912 Exemplar
1080 5843 1295 5901 Martin.
1327 5847 1584 5904 meditata:
1608 5848 1843 5905 rationis.

2240 1879 2291 1940 B

2236 3270 2283 3335 ϐ
2314 3233 2438 3304 quia
2480 3232 2773 3287 secundum
2806 3248 2900 3299 ea,
2930 3248 3051 3303 qua:
3096 3233 3368 3289 anteriore
3413 3232 3547 3287 libro
3567 3229 3690 3286 edita
3713 3234 3827 3287 sunt,

2315 528 2473 582 tendit
2501 524 2664 579 Deum
2688 540 2958 580 verutn.—
2975 523 3041 579 Et
3072 522 3286 594 quidem
3310 525 3510 580 ceteris
3529 528 3818 597 superioribus

2318 619 2472 675 libris
2500 619 2807 673 admonitos
2829 633 2857 669 a
2888 615 3043 672 nobis
3072 616 3309 686 legentes
3336 617 3666 682 meminimus,
3697 632 3740 672 ut
3765 630 3821 676 lo-

2317 712 2421 767 tius
2444 710 2796 781 blasphemia:
2820 708 2894 783 (e)
2919 708 3212 765 editionem
3241 718 3625 780 pertractantes,
3641 712 3821 766 animad-

2315 813 2589 859 verterent
2610 819 2715 858 non
2735 802 2882 858 aliud
2905 802 3161 865 laborari,
3180 817 3337 874 quam
3362 811 3418 857 ut
3443 803 3670 859 Dominus
3690 818 3823 861 noster

2314 896 2476 954 .lesus
2501 897 2746 952 Chrisms
2773 911 2945 966 neque
2978 895 3070 950 Dei
3105 895 3245 950 ﬁlius
3274 911 3444 966 neque
3475 896 3602 951 Deus
3624 911 3721 952 esse
3741 912 3824 953 cre-

2315 989 2494 1057 datur,
2526 989 2652 1044 dutn
2684 989 2731 1044 ei
2754 988 3027 1044 concessis
3055 996 3260 1043 tantum
3288 1003 3355 1044 ex
3374 987 3589 1058 quadam
3607 988 3824 1060 adoptione

2318 1084 2647 1150 nominibus,
2670 1092 2722 1138 et
2752 1083 2846 1137 Dei
2879 1093 3068 1139 natura
3097 1095 3321 1153 negatur
3349 1091 3402 1138 et
3432 1082 3518 1137 ﬁlii
3547 1100 3559 1137 :
3588 1097 3690 1138 cum
3711 1094 3750 1137 et
3771 1085 3826 1137 in-

2318 1177 2661 1234 detnutahilis
2685 1186 2849 1249 atque
2877 1177 3228 1249 incorporeus
3249 1176 3412 1243 Deus,
3439 1175 3584 1232 sicuti
3606 1187 3650 1233 et
3673 1185 3754 1241 est,
3775 1177 3828 1231 id-

2317 1271 2463 1327 circo
2487 1270 2807 1338 afﬁrmatur,
2841 1288 2910 1327 ne
2940 1271 3110 1328 Filius
3139 1282 3295 1326 natus
3320 1288 3388 1328 ex
3423 1271 3528 1327 Deo
3551 1273 3642 1336 sit;
3665 1280 3711 1326 et
3729 1271 3827 1325 Deus

2319 1372 2474 1435 pater
2508 1364 2577 1419 ob
2609 1364 2659 1419 id
2694 1374 2897 1419 tantum
2929 1365 2981 1423 in
3021 1364 3365 1420 confessiotie
3391 1363 3528 1419 Deus
3553 1380 3670 1419 unus
3694 1364 3761 1427 sit,
3785 1380 3828 1419 ne

2320 1460 2373 1514 in
2406 1459 2510 1514 ﬁde
2539 1467 2723 1513 nostra
2756 1458 2899 1513 Deus
2921 1458 3169 1515 Christus
3198 1460 3270 1514 sit
3298 1476 3310 1512 :
3340 1460 3462 1530 quia
3489 1474 3579 1514 nec
3605 1459 3829 1513 nativitatis

2321 1552 2734 1624 intelligentiam
2759 1561 2945 1607 natura
2972 1551 3330 1621 incorporalis
3356 1551 3609 1618 admittat,
3631 1550 3763 1605 etDei
3784 1566 3827 1605 et

2322 1646 2433 1701 Deo
2471 1646 2629 1701 ﬁdem
2662 1662 2799 1699 unus
2843 1654 3054 1701 tantum
3097 1646 3251 1701 nobis
3291 1646 3433 1699 Deus
3476 1648 3524 1699 in
3567 1646 3827 1698 confessione

2322 1738 2602 1795 dissolvat.
2633 1737 2740 1796 Sed
2763 1739 3131 1808 superioribus
3148 1738 3259 1809 jam
3290 1738 3483 1793 libellis
3509 1736 3719 1792 fallacem
3733 1738 3827 1791 hanc

2322 1847 2511 1888 eorum
2539 1843 2702 1903 atque
2733 1833 2973 1887 inutilem
3004 1830 3440 1901 praedicationem
3461 1846 3523 1886 ex
3547 1830 3651 1899 lege
3673 1845 3725 1884 ac
3744 1845 3827 1897 pro-

2317 1925 2495 1999 phetis
2516 1926 2797 1991 docentes,
2822 1941 2941 1980 eam
2971 1924 3341 1995 responsionis
3368 1923 3586 1981 formam
3608 1923 3825 1989 tenuimus,

2316 2036 2437 2092 quas
2474 2021 2525 2076 in
2554 2020 2667 2077 Deo
2705 2036 2770 2077 ex
2798 2020 2912 2077 Deo
2956 2021 3250 2090 prmdicato
3273 2061 3290 2087 ,
3334 2028 3391 2076 et
3416 2034 3519 2075 uno
3549 2019 3648 2074 Deo
3672 2033 3721 2072 ac
3745 2031 3829 2072 tero

2316 2113 2565 2185 professo
2585 2155 2600 2180 ,
2636 2127 2809 2184 neque
2854 2114 2904 2167 in
2933 2114 3091 2168 unius
3120 2112 3234 2168 veri
3275 2111 3369 2168 Dei
3401 2116 3590 2168 unione
3610 2112 3827 2169 deﬁceret,

2317 2223 2492 2277 neque
2523 2206 2589 2261 ad
2638 2205 2798 2261 ﬁdem
2841 2205 2939 2260 Dei
2968 2206 3191 2273 alterius
3236 2205 3550 2270 excederet;
3582 2205 3829 2271 damacque
3920 2276 3921 2281 γ

2316 2300 2593 2356 solitarius
2616 2298 2771 2353 nobis
2801 2299 2943 2354 Deus
2967 2298 3020 2353 in
3044 2297 3406 2360 confessione.
3437 2311 3601 2368 neque
3621 2293 3708 2349 duo
3728 2302 3827 2347 sunt.
3920 2324 3921 2329 η

2317 2394 2387 2449 Et
2429 2394 2567 2449 inter
2606 2394 2757 2459 haec,
2806 2409 2970 2448 unum
3011 2376 3205 2463 neque.
3233 2392 3481 2464 negando
3524 2407 3677 2461 neque
3712 2386 3828 2443 conli-

2317 2485 2520 2555 tendo,
2570 2486 2691 2542 fidei
2739 2484 2815 2560 (f)
2867 2496 3182 2542 conservata
3231 2484 3493 2556 perfectio
3522 2492 3632 2547 est,
3671 2482 3766 2536 dum
3796 2486 3830 2534 et

2315 2580 2460 2651 quod
2508 2596 2669 2634 unttm
2703 2589 2829 2634 sunt
2872 2578 3105 2635 refertur
3130 2578 3197 2632 ad
3237 2589 3525 2647 utrumque
3548 2619 3562 2643 ,
3597 2585 3645 2632 et
3669 2584 3829 2643 uterque

2316 2688 2424 2729 non
2458 2689 2595 2727 unus
2635 2681 2738 2730 est.
2771 2672 2883 2727 Hoc
2907 2673 3072 2743 igitur
3102 2671 3356 2742 perlecta:
3396 2670 3515 2725 ﬁdei
3544 2665 3829 2725 indissolubilc

2317 2776 2711 2822 sacramentum
2743 2763 3071 2836 evangelicis
3105 2776 3267 2836 atque
3297 2762 3607 2836 apostolicis
3640 2757 3829 2814 doctrinis

2315 2859 2614 2915 absoluturi
2635 2902 2650 2927 ,
2683 2875 2788 2915 non
2829 2859 2973 2914 aliud
3006 2859 3238 2931 primunt
3271 2858 3555 2914 debuimus
3577 2898 3590 2921 ,
3619 2870 3747 2927 quam
3767 2850 3827 2905 Dei

2316 2952 2485 3007 ﬁlium
2510 2967 2648 3008 verte
2666 2953 2959 3008 nativitatis
2975 2953 3358 3007 subsistentem
3382 2951 3621 3025 176(g)
3651 2959 3826 3002 naturam

2315 3046 2606 3116 cegnitioni
2638 3046 2970 3102 audientium
2996 3047 3273 3111 intimare;
3295 3063 3471 3117 neque
3496 3045 3685 3100 alittnde
3701 3049 3766 3095 ant
3786 3052 3828 3092 ex

2316 3138 2487 3195 nihilo
2513 3181 2527 3205 ,
2578 3138 2672 3194 sed
2702 3156 2766 3194 ex
2817 3139 2929 3195 Deo
2959 3156 3080 3195 esse
3128 3139 3293 3194 lilium
3342 3138 3685 3194 manili-stare.
3724 3128 3829 3201 Quod

2314 3326 2511 3397 ambigi
2545 3342 2649 3381 non
2675 3335 2871 3395 potest,
2902 3328 3030 3397 quin
3053 3335 3303 3382 cessante
3332 3324 3630 3396 adoptionis
3655 3319 3828 3379 nomine,

2310 3436 2470 3475 verus
2514 3420 2654 3476 ﬁlius
2694 3436 2761 3476 ex
2794 3421 3015 3477 veritate
3048 3421 3347 3476 nativitatis
3390 3422 3499 3475 sit:
3532 3418 3604 3492 (h)
3648 3433 3700 3473 ea
3736 3426 3831 3468 nunc

2311 3528 2527 3584 quoque
2554 3530 2622 3569 ex
2653 3512 2962 3584 Evangeliis
2992 3513 3319 3584 proferimus
3344 3556 3360 3581 ,
3400 3522 3462 3569 ut
3493 3512 3606 3584 quia
3635 3510 3749 3564 ﬁlius
3771 3519 3833 3558 νε-

2308 3619 2402 3659 rus
2430 3614 2538 3671 est,
2566 3620 2729 3660 verus
2758 3620 2972 3676 quoque
3001 3604 3146 3660 Deus
3180 3621 3306 3660 esse
3330 3612 3583 3659 noscatur
3609 3621 3621 3658 :
3649 3602 3745 3673 quia
3770 3611 3831 3651 nc-

2308 3711 2414 3767 que
2449 3712 2609 3754 verus
2634 3695 2781 3752 ﬁlius
2822 3697 2926 3752 erit
2949 3738 2964 3763 ,
2999 3698 3098 3753 nisi
3132 3713 3291 3753 verus
3322 3705 3380 3754 et
3407 3697 3548 3753 Deus
3579 3707 3676 3760 eSt;
3710 3702 3832 3760 neque

2308 3803 2469 3844 verus
2497 3788 2664 3855 Dens,
2694 3788 2793 3844 nisi
2822 3805 2984 3846 verus
3012 3802 3064 3844 et
3096 3787 3241 3844 ﬁlius
3266 3801 3370 3845 est.
3914 3790 3915 3855 ι

2378 3804 2469 3844 rus
2498 3800 2664 3855 Deus,
2694 3800 2793 3844 ntst
2822 3805 2984 3846 verus
3012 3802 3064 3844 et
3096 3800 3241 3844 tiltns
3266 3801 3370 3845 est.

2378 3883 2430 3937 5.
2472 3881 2728 3936 Ηωνεδὶηι
2770 3900 2923 3937 unam
2973 3886 3247 3955 confutatis
3276 3884 3361 3939 via:
3396 3884 3529 3956 fugit
3566 3800 3916 3955 suspicioneWJ

2306 3976 2535 4031 ulterius.
2576 3974 2855 4045 Sabellius,
2887 3977 3066 4043 Arius,
3100 3976 3327 4042 llebion,
3364 3978 3630 4033 Photinus.
3657 3967 3832 4026 -ΝίΙιίῙ

2307 4065 2558 4123 humanm
2625 4077 2829 4124 natura:
2876 4070 3092 4141 gravius
3154 4080 3238 4125 est
3286 4071 3507 4140 periculi
3575 4061 3833 4125 conscientia
3912 4094 3913 4141 ξ

2307 4157 2453 4230 (nam
2501 4174 2564 4214 ea
2595 4175 2717 4231 qua:
2747 4171 2841 4216 aut
2882 4161 3126 4231 ignorata
3171 4174 3265 4219 aut
3296 4165 3576 4233 repentina
3602 4169 3736 4223 sunt,
3771 4159 3833 4207 h3-

2307 4249 2435 4305 bent
2493 4250 2705 4322 quidem
2745 4254 3105 4310 miserabilem
3138 4259 3482 4312 securitatem
3503 4298 3518 4323 ,
3547 4254 3635 4312 sed
3667 4266 3754 4308 non
3778 4249 3834 4300 ba-

2306 4340 2436 4397 bent
2473 4354 2673 4399 metum
2725 4344 2885 4401 futuri
2916 4346 2937 4422 )
2972 4366 2985 4403 :
3017 4347 3139 4420 quia
3173 4365 3278 4405 non
3308 4350 3496 4423 ignaro
3522 4343 3830 4405 accidentium.

2304 4434 2547 4491 anxietas
2586 4435 2699 4507 ipsa
2741 4454 2898 4509 poena
2930 4441 3167 4512 patiendi
3217 4452 3324 4499 est.
3357 4443 3476 4500 Non
3506 4460 3600 4514 ego
3640 4451 3752 4494 nunc
3772 4446 3835 4486 na-

2304 4539 2426 4581 vem
2458 4542 2488 4581 e
2515 4538 2674 4598 portu
2705 4531 2857 4587 solvo
2883 4532 3143 4606 naufragii
3175 4534 3415 4607 ignarus,
3454 4550 3620 4607 neque
3646 4527 3834 4586 itcrim‘o

2308 4622 2530 4679 infestos
2560 4623 2622 4698 (i)
2646 4626 2861 4684 nescius
2890 4627 3191 4684 latronibus
3212 4630 3382 4686 saltus
3401 4674 3417 4700 ,
3452 4645 3550 4687 nec
3574 4628 3733 4699 Libya:
3753 4634 3835 4672 are-
3908 4694 3909 4697 η

2303 4732 2399 4775 nas
2440 4720 2678 4776 incertus
2706 4721 3027 4793 scorpiones
3058 4723 3256 4794 ubique
3285 4736 3339 4781 et
3380 4724 3593 4795 astiidcs
3628 4730 3674 4775 et
3701 4710 3833 4771 basili-
3908 4706 3909 4771 l

2298 4824 2419 4865 scos
2447 4810 2638 4867 adesse
2662 4822 3005 4870 transcurro:
3033 4814 3164 4870 nihil
3193 4816 3543 4873 sollicitudini
3574 4827 3711 4872 mete.
3738 4799 3832 4858 nihil

2300 4906 2646 4961 conscientiae
2678 4915 2855 4962 vacat.
2890 4908 3000 4964 Sub
3028 4911 3244 4979 specula
3275 4913 3419 4966 enim
3451 4909 3674 4965 omnium
3703 4904 3830 4956 ltmt'c-
3906 4960 3907 4965 η

2304 4997 2534 5052 ticorum
2575 4998 2642 5053 ad
2687 4999 3001 5055 occasiones
3033 5001 3368 5074 singulorum
3418 5003 3684 5059 verborum
3720 4995 3762 5049 in
3794 5001 3834 5039 05
3906 4992 3907 5041 l

2369 5135 2442 5208 (ε)
2461 5135 2527 5211 in
2548 5137 2740 5194 codice
2764 5139 2882 5193 Vat.
2908 5140 3021 5195 bas.
3048 5142 3298 5211 adjicitur
3318 5143 3425 5210 hic,
3450 5158 3620 5197 eorum
3642 5155 3657 5194 :
3683 5145 3729 5194 et
3746 5143 3833 5188 mox

2297 5207 2589 5313 pols‘tqDlgus
2614 5226 2722 5313 esst:
2749 5213 3023 5313 creldatur‘.r
3041 5207 3422 5313 subjicitupiex'
3456 5212 3581 5268 Deo.
3753 5288 3790 5313 Μ
3826 5286 3833 5297 ι
3904 5230 3905 5313 χ

2368 5279 2422 5350 (f
2438 5279 2456 5351 )
2491 5281 2779 5351 Exemplar
2825 5284 2939 5338 bas.
2981 5284 3099 5340 Vat.
3134 5279 3257 5340 cum
3302 5287 3454 5341 Mart.
3486 5286 3833 5351 consummant:

2294 5345 2566 5427 minusad
2594 5345 2726 5408 rem.
2760 5354 2860 5427 lla,
2894 5371 3015 5427 pag.
3046 5359 3146 5412 127
3172 5358 3300 5412 edit.
3325 5357 3525 5414 Veron.
3554 5361 3600 5412 in
3631 5351 3748 5408 notis
3764 5345 3833 5427 υἱ)-

2292 5424 2626 5496 servavimus
2670 5424 2906 5481 verbum,
2932 5424 3279 5496 consummet,
3335 5432 3454 5485 loco
3496 5433 3754 5486 conserui.
3797 5424 3832 5469 θη

2293 5494 3041 5585 ms;ngtln-zsecuudiseuris
3065 5494 3495 5585 substitutum.‘
3902 5532 3903 5585 ι

2366 5565 2443 5691 (i)
2473 5566 3026 5651 Editiusnbsistentem
3077 5582 3303 5629 natura:
3332 5572 3697 5630 reluctantibus
3736 5574 3829 5618 mss.

2367 5638 2384 5691 ί
2440 5648 2450 5691 ι
2482 5640 2674 5691 EXCIISI
2704 5656 2817 5691 eam
2849 5658 2869 5691 :
2901 5643 3233 5691 Castimmlnr
3269 5661 3334 5691 ex
3375 5660 3504 5691 mss-
3539 5643 3647 5691 Mox
3690 5638 3797 5691 )larl
3819 5669 3829 5687 ο

2367 5638 2450 5713 (lt)
2482 5638 2674 5696 Exeusi
2704 5656 2817 5694 eam
2849 5658 2869 5695 :
2901 5643 3233 5713 eaStigantur
3269 5661 3335 5701 ex
3375 5660 3504 5699 mss.
3539 5643 3647 5713 blox
3690 5638 3830 5711 Mart.

2293 5709 2639 5785 Ρνοῖεναηιηδρ
2681 5727 2785 5785 ιιριι
2816 5708 3150 5785 proferimus.
3183 5715 3375 5772 Pustca
3405 5731 3472 5771 ex
3496 5708 3640 5769 Colb.
3664 5708 3832 5785 rcpgtli'

2294 5779 2436 5861 imi?)
2463 5791 2520 5861 3“
2547 5784 2667 5861 ’Μία
2695 5779 2856 5861 ﬁlius,
2889 5779 2978 5841 ubi
3011 5796 3167 5861 antea
3202 5787 3478 5861 legebatur
3506 5796 3558 5841 ut
3593 5784 3672 5855 qui
3705 5779 3829 5849 ﬁlius.
3899 5800 3901 5857 Α

2365 5852 2432 5927 (i)
2460 5853 2519 5911 In
2545 5852 2671 5913 Solis
2693 5854 2874 5925 editis,
2898 5859 3149 5916 nesciens.
