3988 6332
181 356 282 415 9.01

1376 351 1467 410 DE
1508 349 1883 410 TRINITATE
1924 351 2129 412 LIBER
2167 352 2278 413 VII.

3376 358 3483 418 209.

183 486 358 527 meum
408 470 753 542 pendentium
798 469 988 538 loquor
1013 510 1028 537 ,
1074 477 1127 524 et
1166 481 1328 524 omne
1357 470 1627 525 sermonis
1675 469 1776 525 mei
1806 481 1859 543 Α
1954 472 2007 528 4.
2029 473 2265 528 Veritatis
2291 472 2384 528 vis.
2414 471 2643 528 Ecclesia
2664 473 2885 530 sinusuo
2908 481 3076 531 tenere
3095 492 3268 533 omnes
3297 495 3490 552 perop-

182 562 280 618 iter
304 575 397 619 aut
419 566 678 636 angustiis
707 571 1058 634 praeruptum,
1090 570 1182 616 aut
1207 559 1377 617 foveis
1401 561 1652 629 incisum,
1680 568 1775 614 aut

182 656 385 728 laqueis
427 667 750 728 praetensum
782 664 884 711 est.
929 653 1047 710 Jam
1087 652 1227 724 quod
1260 652 1486 708 arduum
1531 668 1594 709 ac
1632 652 1775 708 diffi-

179 749 277 806 cile
303 749 395 818 sit,
431 749 606 805 minus
631 764 975 822 conqueror:
1009 764 1114 804 non
1144 747 1279 803 meis
1318 745 1484 814 enim,
1518 745 1614 803 sed
1650 759 1776 817 apo-

179 845 382 902 stolicis
426 845 630 903 seando
669 845 946 917 gradibus.
1002 842 1132 900 Mihi
1192 858 1320 899 vero
1369 851 1464 898 aut
1513 842 1775 914 angustiis

181 940 253 1014 (a)
292 941 583 1009 decedere,
619 951 711 999 aut
736 943 790 999 in
817 941 1031 998 defossa
1061 939 1320 1006 incidere,
1352 949 1443 994 aut
1468 939 1637 1011 plagis
1659 938 1776 994 illa-

180 1035 358 1106 queari
384 1080 398 1104 ,
434 1050 650 1108 semper
693 1035 746 1092 in
793 1034 1032 1107 periculo
1059 1075 1074 1102 ,
1113 1048 1334 1105 semper
1380 1034 1432 1088 in
1475 1039 1620 1088 metu
1667 1040 1769 1088 est.

178 1128 543 1186 Pnedicaturo
582 1129 730 1187 enim
767 1128 1062 1185 secundum
1104 1127 1276 1199 legem
1306 1135 1361 1183 et
1390 1129 1682 1198 prophetas
1721 1133 1776 1182 et

177 1225 466 1295 Apostolos
497 1240 661 1280 unum
704 1224 894 1292 Deum,
919 1223 1072 1281 adest
1101 1223 1230 1279 mihi
1257 1222 1525 1279 Sabellius
1550 1265 1565 1290 ,
1601 1230 1775 1278 totum

175 1330 258 1374 me
279 1319 380 1373 sub
400 1317 546 1374 verbi
568 1317 726 1389 hujus
750 1317 1083 1390 professione
1113 1325 1384 1389 tamquam
1403 1316 1774 1374 desideratum

176 1411 351 1468 cibum
392 1426 578 1468 morsu
615 1411 915 1468 suavissimo
942 1419 1314 1466 transvorans.
1357 1410 1654 1481 Negautem
1683 1424 1773 1465 me

177 1522 388 1563 rursum
419 1515 607 1564 contra
633 1506 926 1563 Sahellium
960 1521 1122 1561 unum
1158 1506 1324 1562 Deum
1350 1547 1366 1575 ,
1413 1513 1468 1561 et
1503 1506 1769 1561 confiten-

182 1608 285 1657 tem
317 1616 506 1657 verum
529 1600 694 1656 Deum
711 1600 802 1654 Dei
829 1599 1017 1669 filium,
1044 1606 1322 1670 exspectat
1351 1613 1489 1654 nova
1517 1597 1742 1655 haeresis
1760 1639 1774 1665 ,

175 1705 229 1749 ut
257 1710 288 1749 a
323 1709 411 1750 me
440 1694 576 1750 duos
601 1693 734 1750 deos
765 1703 954 1766 arguat
994 1692 1295 1766 praedicari.
1339 1691 1531 1746 Natum
1563 1706 1777 1762 quoque

177 1788 266 1844 Dei
291 1788 462 1844 filium
491 1803 557 1844 ex
587 1787 750 1843 Maria
774 1787 1006 1854 dicturo,
1033 1786 1238 1842 Hebion
1263 1784 1339 1856 (b)
1369 1785 1512 1856 quod
1539 1785 1780 1841 estPho-

1879 576 1970 620 tat.
1992 565 2077 620 Ea:
2095 567 2222 639 ipsis
2236 565 2512 621 ltwresibus
2526 567 2863 638 raguoscitur.
2875 565 2991 624 Una
3009 577 3103 624 est.
3122 568 3198 624 De
3213 571 3487 626 hwresibus

1877 679 1929 717 se
1945 661 2156 716 invicem
2173 661 2485 717 vincentibus
2501 663 2814 734 triumphum
2827 663 3066 736 agit.Sed
3081 674 3287 733 eam,ut
3303 681 3486 738 spero,

1878 757 2120 813 Ecclesia
2146 757 2410 812 doctrinae
2430 771 2543 812 suae
2569 757 2766 823 lucem,
2799 759 2958 814 etiam
2984 759 3358 831 imprudentiae
3383 775 3487 816 sae-

1878 849 1986 906 culi
2017 849 2269 918 invehet,
2301 858 2358 906 ut
2385 849 2510 906 licet
2539 849 2664 905 fidei
2715 861 3112 908 sacramentum
3160 869 3266 909 non
3316 851 3490 908 susei—

1880 943 2011 1015 piat,
2061 951 2240 999 tamen
2291 942 2575 999 adversum
2632 942 2919 1001 haereticos
2976 945 3258 1002 veritatem
3305 959 3488 1001 sacra-

1880 1041 2106 1096 ruentia
2137 1041 2294 1099 nobis
2324 1040 2592 1111 intelligat
2640 1039 2943 1112 praedicari.
2971 1041 3159 1112 Magna
3209 1040 3356 1098 enim
3401 1041 3488 1096 vis

1881 1143 1964 1191 est
1987 1134 2254 1202 veritatis,
2288 1149 2408 1206 quae
2434 1149 2556 1190 cum
2583 1149 2680 1205 per
2706 1149 2766 1190 se
2794 1132 2874 1206 (It)
2901 1135 3125 1205 intelligi
3155 1135 3354 1206 possit,
3387 1151 3485 1207 per

1881 1243 1943 1284 ea
1973 1239 2151 1284 tamen
2177 1229 2290 1298 ipsa
2312 1243 2433 1299 quae
2462 1228 2510 1283 ei
2553 1226 2912 1282 adversantur
2943 1227 3122 1283 elucet
3152 1245 3166 1282 :
3200 1238 3258 1283 ut
3303 1228 3355 1282 in
3384 1243 3484 1284 na-

1884 1333 2000 1379 tura
2037 1338 2131 1379 sua
2164 1321 2458 1377 immobilis
2493 1337 2753 1391 manens,
2786 1321 3094 1376 firmitatem
3125 1331 3329 1377 naturae
3374 1337 3486 1379 suae

1881 1417 2126 1490 quotidie
2146 1415 2274 1472 dum
2304 1426 2601 1472 attentatur
2627 1417 2890 1488 acquirat.
2925 1416 3036 1471 lloc
3057 1417 3202 1472 enim
3232 1417 3488 1473 Ecclesiae

1884 1512 2161 1584 prOpriutn
2193 1519 2309 1578 est,
2341 1521 2400 1567 ut
2422 1519 2549 1566 tunc
2579 1511 2797 1577 vincat,
2822 1526 2943 1567 cum
2977 1509 3213 1579 laeditur,
3247 1519 3374 1565 tunc
3402 1509 3486 1565 in-

1885 1608 2156 1680 telligatur
2177 1624 2297 1664 cum
2322 1607 2584 1678 arguitur,
2611 1615 2738 1663 tunc
2765 1606 3004 1663 obtineat
3031 1621 3153 1663 cum
3196 1605 3486 1664 deseritur.

1883 1701 2086 1758 Omnes
2115 1701 2332 1773 quidem
2367 1701 2457 1756 illa
2485 1716 2670 1758 secum
2719 1710 2880 1771 atque
2925 1700 3065 1756 intra
3113 1716 3174 1756 se
3222 1699 3286 1773 (ἰ)
3330 1699 3493 1756 vellet

1886 1812 2130 1863 manere,
2151 1811 2249 1852 nec
2281 1811 2348 1853 ex
2380 1795 2840 1868 tranquillissimis
2870 1795 3076 1850 sinibus
3104 1794 3218 1851 suis
3240 1794 3378 1851 alios
3397 1803 3492 1850 aut

177 1883 318 1939 tinus
347 1883 594 1950 assistit,
624 1884 1002 1939 auctoritatem
1049 1881 1314 1938 mendacii
1346 1882 1429 1936 sui
1470 1896 1533 1937 ex
1571 1880 1776 1952 profes-
1809 1897 1857 1958 Β
1885 1890 2142 1961 abjicere,
2171 1899 2264 1946 aut
2288 1891 2538 1961 perdere,
2562 1890 2688 1945 dum
2718 1889 2924 1960 indigni
2954 1888 3092 1944 ﬁunt
3114 1897 3274 1944 tanta:
3305 1887 3493 1947 matris

177 1979 342 2035 sionis
364 1979 592 2034 veritate
613 1987 944 2048 sumpturus.
974 1977 1048 2033 De
1076 1977 1288 2033 caeteris
1307 1985 1478 2045 taceo,
1499 1975 1578 2049 (1)
1599 1975 1687 2047 qui
1710 1977 1779 2032 ab

178 2073 426 2130 omnibus
457 2087 580 2130 esse
621 2081 773 2129 extra
823 2072 1124 2128 Ecclesiam
1165 2087 1273 2127 non
1302 2072 1637 2142 ignorantur.
1669 2071 1780 2126 lloc

186 2183 312 2224 vero
336 2169 645 2223 damnatum
691 2177 744 2223 et
789 2167 1058 2238 ahjectum
1106 2167 1230 2222 licet
1296 2169 1633 2238 frequenter,
1687 2164 1779 2222 sed

187 2261 257 2334 (ε)
278 2263 538 2318 internum
559 2261 719 2317 hodie
734 2261 908 2318 adhuc
935 2261 1134 2317 malum
1157 2270 1260 2317 est.
1289 2260 1456 2330 lmpie
1485 2260 1685 2316 multos
1714 2260 1779 2315 ad

179 2355 335 2412 anius
387 2355 480 2412 Dei
527 2356 916 2427 professionem
980 2356 1186 2413 Galatia
1239 2356 1319 2430 (ά)
1366 2357 1607 2412 nutrivit.
1643 2357 1781 2412 Male

181 2450 337 2523 177
379 2450 433 2506 in
471 2458 642 2507 totum
669 2467 808 2524 pene
852 2450 1038 2508 orbem
1089 2467 1226 2524 quos
1271 2462 1430 2522 negat
1456 2451 1598 2508 duos
1647 2451 1780 2509 deos

176 2544 507 2600 Alexandria
529 2545 598 2617 (e)
634 2544 874 2616 proutlit.
905 2543 1178 2601 Pestifere'
1197 2555 1382 2601 natum
1412 2544 1596 2602 .lesum
1617 2543 1778 2601 Chri-

175 2646 316 2694 stum
343 2654 416 2693 ex
441 2637 599 2693 Maria
629 2637 905 2694 Pannonia
941 2636 1013 2712 (f)
1045 2638 1304 2696 defendit.
1338 2639 1405 2695 Et
1437 2638 1676 2695 Ecclesia
1709 2639 1782 2694 in-

177 2742 257 2789 ter
287 2733 409 2790 haec
441 2734 770 2804 periclitatur
804 2734 1088 2790 veritatem
1122 2750 1228 2792 non
1273 2744 1458 2792 tenere
1503 2751 1597 2806 per
1627 2749 1778 2800 vera,

175 2825 302 2883 dum
342 2841 409 2882 ea
434 2827 482 2882 ei
508 2827 574 2882 ad
604 2825 1055 2900 irreligiositatem
1088 2829 1405 2900 ingeruntur
1428 2873 1444 2899 ,
1469 2829 1664 2900 quibus
1695 2847 1784 2887 re-

178 2923 305 2996 ligio
348 2932 404 2980 et
445 2925 835 2993 confirmatur,
880 2937 933 2984 et
977 2927 1211 2998 deperit.
1257 2927 1374 2984 Non
1417 2929 1560 2985 enim
1613 2946 1776 2986 unum

178 3016 349 3073 Deum
403 3017 488 3088 pie
539 3033 821 3089 possumus
871 3020 1202 3091 praedicare,
1243 3022 1289 3078 si
1339 3023 1510 3078 solum
1553 3023 1780 3095 (supple,

179 3109 565 3180 praedicamus)
599 3128 611 3164 :
645 3111 765 3180 quia
798 3127 904 3167 non
952 3113 1055 3169 erit
1083 3113 1224 3169 Deus
1266 3113 1408 3170 filius
1455 3116 1506 3170 in
1549 3115 1777 3172 solitarii

179 3203 307 3261 ﬁde.
342 3206 416 3262 At
445 3221 572 3262 vero
605 3205 700 3262 Dei
729 3205 932 3275 ﬁlium,
961 3207 1100 3264 sicut
1136 3218 1239 3277 est,
1268 3209 1437 3266 Deum
1485 3211 1782 3282 praedican-

1886 1985 2230 2042 habitaculo:
2261 1986 2357 2043 sed
2397 1985 2800 2042 discedentibus
2846 2001 2911 2040 ex
2966 2000 3028 2040 ea
3081 1983 3376 2052 haereticis,
3405 1982 3492 2040 vel

1882 2078 2128 2150 abjectis,
2158 2090 2416 2152 quantum
2449 2077 2967 2136 amittitoccasionis
2996 2077 3288 2149 largiendis
3322 2091 3386 2132 ex
3429 2089 3491 2132 se

1883 2174 2094 2240 salutis,
2121 2183 2326 2228 tantum
2359 2172 2428 2246 (j)
2451 2173 2766 2244 adsequitur
2787 2172 2855 2230 ad
2887 2172 3046 2228 fidem
3083 2170 3403 2244 expetendae
3425 2171 3494 2228 de

1883 2284 1943 2324 se
1963 2267 2330 2325 beatitudinis.
2387 2266 2654 2339 Cognosci
2696 2267 2840 2323 enim
2890 2266 2992 2322 hoc
3021 2281 3085 2322 ex
3119 2265 3250 2336 ipsis
3279 2265 3498 2321 haereti-

1883 2379 2071 2420 corum
2113 2362 2308 2418 studiis
2338 2363 2803 2432 promptissimum
2837 2371 2940 2418 est.
2968 2359 3210 2433 Namque
3240 2377 3362 2416 cum
3393 2361 3494 2418 Ec-

1883 2460 2048 2517 clesia
2078 2476 2107 2514 a
2139 2459 2367 2514 Domino
2395 2458 2661 2520 instituta,
2683 2467 2737 2513 et
2759 2457 2827 2514 ab
2853 2457 3124 2528 Apostolis
3151 2457 3491 2524 confirmata,

1885 2571 1990 2612 una
2023 2555 2261 2611 omnium
2289 2554 2393 2622 sit,
2425 2569 2490 2610 ex
2527 2570 2630 2624 qua
2674 2568 2733 2609 se
2775 2551 3113 2608 diversarum
3157 2553 3494 2623 impietatum

1884 2651 2071 2706 furens
2094 2651 2254 2723 178
2273 2664 2428 2705 error
2443 2647 2754 2709 absciderit;
2785 2662 2881 2702 nec
2902 2647 3084 2718 negari
3105 2647 3296 2717 possit,
3321 2662 3385 2702 ex
3420 2647 3499 2702 vi-

1887 2744 1961 2799 tio
2009 2742 2083 2815 (Is)
2140 2743 2295 2798 malae
2359 2740 2724 2812 intelligentia:
2759 2782 2773 2805 ,
2825 2739 2946 2796 fidei
2993 2739 3266 2796 exstitisse
3331 2739 3497 2796 dissi-

1885 2835 2032 2891 dium
2057 2877 2072 2900 ,
2113 2835 2240 2890 dum
2282 2833 2425 2906 quod
2476 2833 2707 2904 legitur,
2742 2831 2924 2888 sensui
2976 2832 3154 2902 patius
3193 2840 3496 2902 eoaptatur,

1885 2947 2046 3003 quam
2079 2930 2294 2986 lectioni
2346 2945 2536 2985 sensus
2566 2929 2907 2998 obtemperat
2941 2946 2952 2979 :
2999 2936 3176 2982 tamen
3217 2926 3342 2982 dum
3372 2927 3496 2983 -sibi

1885 3033 2070 3096 partes
2099 3024 2323 3095 singulae
2350 3023 2731 3089 adversantur,
2766 3037 2872 3076 non
2904 3020 3076 3076 solum
3109 3021 3250 3085 suis,
3275 3022 3369 3078 sed
3403 3021 3500 3079 ad-

1887 3115 2215 3171 versantium
2267 3124 2350 3170 est
2402 3113 2747 3185 intelligenda
2779 3113 3072 3178 doctrinis;
3133 3121 3188 3168 ut
3227 3112 3354 3169 dum
3402 3113 3499 3170 ad-

1887 3225 2102 3266 versum
2136 3225 2296 3265 uuam
2339 3224 2458 3264 eam
2487 3223 2679 3264 omnes
2708 3216 2834 3262 sunt
2857 3207 3259 3277 ,impiissimum
3313 3217 3492 3266 tamen

181 3308 257 3356 tes
287 3342 304 3369 ,
337 3299 712 3372 periclitamur
735 3301 812 3373 (in
854 3302 1134 3360 hominum
1172 3303 1596 3378 existimatione)
1624 3305 1784 3363 fidem
1813 3307 1858 3370 C
1891 3320 2130 3362 errorem
2159 3304 2401 3360 omnium
2433 3320 2526 3374 per
2553 3303 2604 3358 id
2625 3300 2767 3373 quod
2798 3302 2912 3358 sola
2939 3310 3024 3357 est
3051 3312 3212 3374 atque
3240 3317 3342 3357 una
3368 3318 3500 3360 con-

181 3391 271 3450 Dei
344 3393 507 3449 uuius
552 3410 657 3450 non
715 3404 898 3452 tenere
945 3415 959 3452 :
1011 3405 1065 3452 et
1128 3396 1368 3468 ejusdem
1420 3398 1645 3470 periculi
1699 3415 1787 3456 res

179 3498 261 3545 est
287 3489 372 3561 (2)
406 3487 486 3564 (gi
517 3506 684 3546 unum
715 3507 931 3562 negare,
963 3491 1116 3562 cujus
1155 3499 1238 3548 est
1263 3500 1317 3547 et
1338 3493 1638 3550 solitarium
1660 3509 1790 3550 eon-

181 3583 348 3642 fiteri.
381 3583 448 3640 Et
469 3583 585 3641 haec
604 3585 819 3656 quidem
844 3587 1027 3641 mundi
1057 3586 1218 3642 stulta
1240 3601 1344 3641 non
1374 3587 1632 3653 sentiunt,
1658 3587 1784 3643 dum

183 3677 266 3735 his
294 3694 476 3751 neque
504 3679 559 3735 in
589 3695 695 3736 non
728 3680 847 3736 solo
868 3679 1157 3753 significari
1187 3695 1326 3738 unus
1351 3679 1583 3752 videtur,
1613 3698 1789 3755 neque

186 3771 237 3828 in
266 3788 378 3830 uno
406 3788 512 3830 non
541 3773 688 3830 solus
721 3773 966 3847 intelligi.

284 3911 339 3982 1)
365 3911 493 3982 quia
518 3911 582 3966 ab
608 3911 864 3968 omnibus.

258 3911 339 4056 £1;
365 3911 493 3982 quia
518 3911 582 3966 ab
608 3911 864 3968 omnibus.

279 3983 316 4037 εδ.
365 3983 440 4039 ita
474 3984 610 4040 liber
640 3996 847 4051 noster,
875 3992 934 4040 ut
971 3993 1088 4040 erat
1129 3983 1182 4039 in
1219 3983 1490 4056 prioribus
1538 3982 1792 4041 editioni-

187 4054 288 4111 bus
314 4054 330 4123 ς
362 4072 524 4111 unum
556 4073 887 4128 nonnegare,
920 4066 975 4112 ut
1002 4056 1054 4112 in
1080 4054 1353 4128 postrema
1381 4056 1641 4124 habetur,
1673 4056 1790 4112 nul-

285 4189 337 4264 ῃ)
363 4189 618 4256 Bad.,Er.
634 4198 687 4247 et
707 4190 923 4262 quidam
947 4205 1077 4247 mss.
1096 4191 1348 4264 angustiis
1365 4189 1619 4257 decidere,
1643 4187 1792 4264 L_i_ps.

189 4270 244 4318 et
263 4261 395 4334 Par.
417 4264 473 4317 in
497 4261 749 4334 angustiis
771 4263 1002 4334 decidere
1024 4279 1042 4318 :
1066 4261 1398 4334 castigantur
1419 4278 1484 4317 ex
1513 4277 1643 4317 mss.
1670 4261 1789 4316 Vat.

189 4333 335 4400 bas.,
364 4333 550 4402 Carn.,
574 4333 769 4400 Mart.,
801 4333 963 4390 Corb.
996 4345 1102 4391 etc.

264 4405 342 4478 (b)
364 4405 575 4477 Lipsius
595 4418 732 4477 post.
758 4406 846 4461 Er.
871 4408 1060 4478 quiest.
1085 4406 1432 4464 Recemiores
1451 4421 1580 4463 mss.
1606 4406 1694 4478 qui
1720 4414 1786 4460 et.

189 4478 261 4536 At
279 4477 611 4535 vetustiores
635 4494 756 4552 cum
778 4477 907 4552 Bad.
939 4479 1074 4547 quod
1093 4490 1187 4546 est,
1213 4481 1362 4552 quasi
1395 4482 1492 4534 hoc
1521 4488 1611 4552 est.
1645 4477 1789 4552 Pho-

191 4552 363 4606 tinum
409 4560 585 4604 autem
623 4551 744 4606 ideo
787 4551 1080 4607 ilebionem
1111 4550 1296 4618 vocat,
1327 4567 1432 4606 non
1481 4550 1642 4606 modo
1668 4551 1788 4622 quia

191 4622 446 4677 haeresim
477 4622 622 4677 illius
649 4622 930 4677 suscitavit
957 4665 970 4685 ,
1004 4623 1096 4679 sed
1127 4635 1178 4678 et
1209 4627 1329 4694 quia
1359 4625 1450 4678 lib.
1496 4639 1531 4688 ι,
1568 4624 1618 4677 in
1642 4637 1794 4692 argu-

191 4705 380 4749 mento
408 4694 568 4762 hujus
616 4695 760 4758 lihri,
784 4695 853 4749 de
878 4694 1118 4750 l-lehione
1157 4694 1420 4766 agendum
1459 4696 1558 4750 sibi
1598 4709 1794 4764 prepo-

193 4776 402 4821 suerat.
434 4766 586 4838 Unde
614 4778 668 4820 et
699 4767 892 4838 librum
921 4767 1150 4838 primum
1185 4779 1312 4821 ante
1353 4772 1492 4822 hunc
1519 4767 1790 4838 composi-

194 4849 330 4900 tum,
363 4848 418 4893 et
445 4837 660 4893 Photini
700 4822 946 4893 Itzet'esitit
983 4838 1189 4893 Hilario
1217 4848 1326 4893 tum
1358 4841 1591 4909 ignotam
1623 4822 1791 4893 fuisse
1817 4822 1874 4883 Ῑ)

194 4912 356 4966 nobis
378 4909 546 4965 videri
572 4909 682 4980 jant
717 4914 1154 4979 praemonuitnus.
1190 4911 1315 4964 Post
1339 4926 1505 4981 pauca
1544 4910 1598 4964 in
1617 4911 1796 4980 vulga-

196 4982 267 5036 tis
295 4997 357 5035 ετ
387 4985 703 5052 professione
730 4983 978 5050 veritatis,
1010 4983 1098 5037 ubi
1125 4997 1189 5036 ex
1223 4998 1352 5037 mss.
1381 4983 1684 5038 restitutum
1711 4989 1794 5036 est

195 5071 262 5109 ex
292 5053 622 5126 professionis
642 5056 867 5126 veritate.

271 5124 350 5197 (τ)
381 5127 536 5180 Solus
566 5125 733 5180 codex
767 5125 886 5180 Val.
914 5124 1027 5180 bas.
1059 5125 1314 5180 internum
1341 5125 1473 5179 illud
1498 5127 1686 5179 adhuc.

274 5199 358 5270 (ά)
387 5197 638 5253 Marcello
670 5198 918 5252 videlicet
945 5199 1171 5270 {Ancyrae
1211 5198 1262 5251 in
1300 5198 1510 5270 Galatia
1535 5199 1791 5270 epi~c0po

196 5267 536 5340 praestejitore
558 5284 621 5324 ac
648 5271 921 5339 magistro.
953 5267 1138 5338 Neque
1163 5271 1306 5324 enim
1329 5269 1397 5323 ad
1426 5267 1582 5323 aliud
1601 5267 1790 5322 referri

198 5351 408 5408 queunt
436 5342 552 5396 haec
581 5341 889 5412 Hieronymi
917 5341 993 5412 de
1019 5341 1216 5410 Script.
1241 5341 1376 5396 ecel.
1409 5342 1461 5394 in
1499 5341 1746 5395 Marcello
1773 5356 1789 5394 ε

201 5412 318 5467 Sed
343 5423 387 5466 et
422 5413 659 5468 Hilarius
687 5411 901 5484 septimo
931 5411 1195 5467 adversum
1224 5414 1442 5468 Arianos
1465 5413 1593 5467 libro
1629 5412 1794 5465 nomi-

201 5487 290 5539 nis
319 5487 424 5558 ejus
446 5487 592 5556 quasi
613 5483 840 5558 hmretici
868 5487 1091 5539 meminit
1116 5501 1134 5538 .'
1156 5485 1244 5540 ubi
1271 5485 1626 5556 Hier0nynttts
1654 5483 1792 5537 Maro

201 5556 401 5612 eelltim
435 5559 503 5611 ita
549 5556 712 5612 dubio
741 5559 925 5627 procul
967 5558 1249 5620 intellexit,
1283 5564 1340 5612 ut
1360 5560 1521 5612 etiam
1551 5571 1796 5610 nomina-

201 5638 327 5683 tum
349 5631 639 5699 scripserit,
675 5630 930 5684 memoria
962 5629 1177 5684 forsitan
1209 5633 1277 5682 ita
1306 5639 1649 5699 suggerente.

284 5699 359 5770 (e)
388 5697 537 5766 Ario,
564 5703 637 5756 uti
667 5715 854 5756 omnes
875 5699 1076 5764 vident,
1104 5713 1357 5756 auctore:
1379 5697 1478 5770 qui
1504 5702 1638 5754 tins
1662 5697 1794 5754 deos

203 5770 262 5828 in
295 5773 474 5828 orbem
498 5773 726 5837 invexit,
751 5789 871 5828 cum
892 5772 1104 5827 Patrem
1129 5772 1296 5828 Deum
1315 5788 1377 5828 ac
1400 5771 1591 5827 Filium
1623 5770 1790 5825 Deum

203 5842 396 5900 dicens
421 5855 473 5900 et
523 5846 742 5908 colens,
775 5855 1062 5916 utrumque
1111 5844 1337 5900 diversae
1367 5845 1682 5916 substantiae
1706 5859 1796 5916 as-

205 5918 381 5972 seruit
400 5937 412 5973 :
429 5916 709 5988 iactitabat
724 5927 902 5972 tamen
923 5915 987 5972 se
1009 5933 1173 5974 unum
1199 5917 1420 5974 omnino
1441 5915 1607 5973 Deum
1634 5915 1792 5983 velle,

648 6017 926 6080 Parnoc.
1004 6015 1087 6079 X.

1890 3400 2046 3456 lutet.
2103 3397 2352 3455 [heretici
2399 3397 2560 3470 igitur
2605 3412 2795 3453 omnes
2841 3407 3029 3453 contra
3059 3395 3357 3452 Ecclesiam
3409 3413 3503 3455 ve-

1893 3495 2048 3551 niunt
2078 3513 2090 3550 :
2125 3493 2218 3550 sed
2242 3493 2368 3549 dum
2399 3492 2642 3548 Ῐιωι-οιίεἰ
2673 3507 2862 3548 omnes
2892 3508 2951 3547 se
2984 3489 3214 3548 invicem
3251 3493 3499 3562 vincunt,

1894 3589 2027 3644 nihil
2052 3596 2230 3644 tamen
2263 3587 2366 3643 sibi
2397 3596 2636 3643 vincunt.
2663 3586 2899 3642 Victoria
2933 3587 3075 3642 enim
3126 3603 3311 3644 eorum
3335 3631 3350 3657 ,
3397 3587 3500 3643 Ec-

1893 3684 2073 3741 clesiae
2104 3681 2408 3754 triumphus
2435 3697 2498 3737 ex
2514 3680 2765 3736 omnibus
2791 3689 2896 3748 est,
2923 3679 3001 3753 (ὃ)
3033 3679 3159 3737 dum
3190 3697 3256 3738 eo
3277 3681 3502 3738 haeresis

1895 3785 2080 3834 contra
2106 3775 2330 3832 alteram
2364 3784 2585 3846 pugnat,
2613 3775 2754 3846 quod
2786 3775 2837 3832 in
2869 3774 3063 3834 haeresi
3111 3779 3277 3836 altera
3315 3779 3502 3838 Eccle-

1896 3911 2000 3968 lius
2024 3913 2248 3984 periculi
2271 3927 2358 3968 res
2386 3922 2554 3970 esset.

1973 3983 2051 4058 (3)
2080 3983 2219 4040 Dum
2245 3984 2300 4040 in
2327 4000 2406 4040 eo.

1901 4185 2037 4242 duos
2065 4198 2283 4256 negare.
2319 4181 2475 4256 [inde
2525 4182 2857 4253 Augustinus
2913 4194 3098 4243 contra
3145 4185 3493 4248 Maximinum

1899 4258 2115 4313 Arianae
2143 4255 2306 4313 Sectae
2333 4255 2594 4312 fautorem
2624 4256 2716 4311 lib.
2762 4272 2804 4323 ι,
2837 4273 2889 4313 c.
2919 4259 2945 4314 1
2982 4277 2994 4313 :
3031 4259 3129 4315 Ubi
3155 4263 3276 4328 gisti
3297 4282 3328 4318 a
3353 4266 3494 4321 vobis

1899 4346 2060 4384 unum
2094 4328 2255 4402 Deum
2290 4329 2428 4383 coli:
2470 4344 2779 4398 consequens
2800 4339 2873 4384 est
2895 4373 2907 4394 ,
2934 4331 3168 4402 inquam,
3200 4345 3257 4388 ut
3287 4348 3496 4392 autnon

1897 4403 2074 4477 colatis
2102 4400 2362 4456 Christum
2391 4443 2404 4467 ,
2435 4412 2522 4454 aut
2572 4417 2676 4455 non
2707 4417 2865 4456 unum
2918 4400 3087 4459 Deum
3135 4407 3314 4461 colatis
3334 4451 3349 4477 ,
3406 4408 3496 4466 sed

1897 4475 2047 4529 duos.

1970 4545 2040 4624 (Γ)
2085 4545 2218 4601 Puta
2265 4561 2360 4616 per
2402 4543 2696 4624 l‘hotiuum
2753 4545 3104 4624 Sirmiensem
3133 4550 3442 4624 episcopum
3477 4594 3493 4619 ,

1899 4617 2053 4688 cujus
2082 4634 2236 4674 error
2265 4633 2368 4672 non
2395 4618 2452 4690 in
2477 4634 2542 4690 eo
2562 4617 2648 4671 hic
2671 4623 2922 4688 ponitur,
2955 4623 3095 4690 quod
3125 4617 3395 4679 Christum
3425 4617 3490 4681 ex

1901 4690 2066 4765 Maria
2098 4701 2280 4746 natum
2313 4688 2721 4765 defendat,_sed
2763 4690 2906 4760 quod
2937 4688 3314 4765 temporariam
3346 4698 3492 4752 illam

1902 4763 2236 4817 nativitatem
2265 4767 2434 4815 solam
2465 4761 2741 4829 praedii-et.

1973 4833 2050 4908 (g)
2083 4833 2224 4888 Etliti
2254 4842 2480 4912 excepto
2509 4833 2629 4887 Par.
2655 4849 2814 4886 unum
2848 4832 3014 4890 Deum
3061 4854 3267 4912 negare.
3301 4840 3494 4898 Verius

1899 4906 2022 4982 Par.
2055 4921 2175 4960 cunt
2211 4906 2508 4982 potioribus
2538 4920 2667 4982 mss.
2698 4922 2855 4982 unum
2882 4925 2982 4962 non
3005 4906 3221 4982 negare:
3262 4914 3363 4970 hoc
3384 4927 3488 4981 est,

1897 4978 1989 5046 qui
2020 4994 2181 5053 unum
2215 4977 2433 5053 Arianis
2481 4978 3031 5053 praedicantihttsnon
3068 4977 3235 5053 itcgat
3264 5027 3278 5048 ,
3309 4977 3488 5041 statim

1894 5065 2018 5176 1eum
2047 5049 2234 5104 iisdem
2273 5047 2485 5102 videtur
2530 5048 2739 5118 facere,
2781 5059 2835 5104 et
2875 5049 3013 5108 Filio
3037 5047 3369 5113 divinitatem
3397 5074 3495 5114 att-

1918 5137 2058 5176 erre.

1918 5137 2058 5177 erre.

1972 5193 2053 5265 (It)
2085 5193 2202 5267 Ep,
2244 5191 2392 5262 Lips.
2421 5193 2641 5267 el~Par.
2684 5193 2905 5267 intelligi
2931 5212 3030 5250 non
3059 5201 3252 5265 possit:
3278 5201 3415 5257 male
3441 5213 3496 5258 et.

1896 5264 2093 5336 praeter
2117 5264 2277 5318 fident
2331 5279 2460 5318 mss.
2495 5264 2665 5319 Porro
2694 5268 2834 5335 quod
2854 5264 2965 5322 'hic
2992 5264 3065 5323 de
3092 5272 3316 5327 veritate
3342 5314 3354 5334 .
3388 5273 3492 5329 hoc

1902 5353 2024 5411 mox
2055 5336 2255 5411 clarius
2274 5337 2354 5411 de
2385 5336 2624 5411 Ecclesia
2667 5337 2996 5411 affirmatur,
3031 5353 3083 5394 ut
3121 5357 3236 5411 quze
3281 5360 3380 5397 non
3409 5363 3493 5400 so-

1901 5410 2132 5482 luntsuis
2151 5451 2166 5475 ,
2193 5408 2283 5482 sed
2309 5410 2692 5482 adversantium
2719 5421 2793 5464 est
2827 5408 3158 5482 intelligenda
3186 5415 3453 5472 doctrinis.

2057 5479 2177 5535 Vat.
2208 5481 2318 5560 bas.
2353 5481 2580 5560 tussuult
2604 5498 2824 5536 munere.
2850 5482 2968 5537 Mox
2996 5479 3098 5538 Soli
3122 5485 3274 5554 editi,
3296 5488 3497 5560 aliquos

1902 5551 2155 5624 abjicere:
2181 5551 2574 5624 refragantibus
2611 5569 2740 5608 mss.

1977 5622 2044 5695 ti)
2071 5622 2422 5697 Martinianus
2450 5627 2620 5680 codex
2643 5667 2656 5686 .
2687 5627 3031 5697 consequitur.
3059 5626 3184 5684 Par.
3209 5645 3330 5686 cum
3362 5652 3492 5693 mss.

1903 5696 2057 5752 Colb.
2083 5709 2132 5751 et
2151 5695 2335 5780 Germ.
2359 5714 2420 5751 ca:
2441 5699 2686 5768 sequitur.
2714 5695 2916 5756 Deinde
2937 5701 3099 5755 (lori).
3126 5705 3495 5780 expendentltc,

1903 5784 2010 5824 non
2039 5770 2352 5840 expeteudw.

1979 5840 2054 5913 (Ιί)
2091 5844 2144 5923 in
2175 5856 2313 5923 "iss.-
2335 5841 2588 5923 bas._.\:at.
2619 5853 2674 5898 et
2703 5841 2876 5923 Mart._
2886 5846 3021 5900 male
3035 5847 3319 5923 intellecta!
3345 5853 3503 5923 ﬁdei:

1905 5911 2179 5983 corrupte.
2217 5911 2428 5968 Videsis
2452 5913 2544 5969 lib.
2578 5931 2636 5983 ιι,
2670 5931 2820 5973 num.
2846 5917 2918 5987 5;
2952 5927 3007 5974 et
3034 5921 3127 5976 lib.
3164 5937 3202 5990 ι,
3254 5940 3309 5980 n.
3345 5911 3432 5981 ⁷18.

2951 6016 2992 6079 ’1
