3988 6332
244 320 351 381 209

246 439 368 510 ﬁde.
402 437 625 493 Thomas
659 437 821 496 Deum
861 447 1048 494 natura
1086 438 1378 510 proﬁtetur.
1411 435 1595 508 Neque
1627 436 1722 492 Itoe
1750 453 1843 491 no-
1873 437 1931 499 Α

245 549 361 587 men
391 541 594 586 recusat
623 531 876 588 Christus.
907 563 978 572 ———
1008 532 1075 587 Et
1096 529 1372 586 videamus
1399 544 1465 585 an
1499 529 1638 584 hanc
1666 529 1844 584 Evan-

244 626 457 697 gelistte
496 626 958 697 przedieationem,
1009 624 1240 694 apostoli
1293 624 1518 680 Thomte
1573 621 1842 679 confessio

242 729 629 792 consequatur,
661 736 784 776 eum
852 721 946 788 ait,
998 720 1249 774 Dominus
1288 737 1428 775 meus
1458 729 1502 774 et
1531 718 1673 774 Deus
1699 734 1843 773 meus

243 813 440 888 (Joan.
471 831 540 871 xx
568 857 582 879 ,
610 814 735 885 28).
770 815 912 870 Dens
961 815 1120 885 igitur
1164 829 1292 869 suus
1334 823 1438 883 est,
1469 829 1629 884 quem
1673 815 1842 869 Deum

240 908 551 963 conﬁtetur.
579 907 641 962 Et
664 919 812 963 certe
834 907 1036 964 dictum
1063 923 1170 963 non
1198 907 1480 978 ignorabat
1509 923 1540 963 a
1572 909 1799 962 Domino
1827 927 1839 961 :

243 1001 406 1068 Audi,
429 1000 621 1069 Israel,
666 1001 920 1058 Dominus
953 1003 1088 1058 Deus
1119 1013 1237 1057 tuus
1278 1020 1411 1057 unus
1447 1013 1520 1058 est
1554 1002 1732 1077 (Deut.
1764 1019 1839 1068 Vt,

239 1095 300 1169 4)
335 1116 349 1149 :
383 1106 436 1152 et
461 1097 732 1168 quomodo
757 1099 1050 1169 apostolica
1077 1097 1210 1154 ﬁdes
1231 1097 1843 1169 principalisimmemor

240 1189 488 1246 estfacta
510 1191 768 1260 mandati,
799 1201 856 1246 ut
880 1190 1040 1266 184
1073 1192 1240 1247 Deum
1261 1191 1533 1247 Christum
1557 1195 1844 1248 conﬁtere-

240 1292 354 1350 tur,
391 1301 512 1340 cum
547 1287 598 1340 in
645 1284 805 1342 unius
831 1287 928 1342 Dei
956 1295 1101 1342 esset
1145 1288 1486 1344 confessione
1521 1286 1846 1342 vivendum?

240 1378 352 1435 Sed
385 1372 678 1449 Apostolus
711 1380 876 1435 totius
905 1379 1234 1436 sacramenti
1277 1379 1435 1436 ﬁdem
1469 1395 1563 1450 per
1594 1381 1843 1436 virtutem

239 1473 657 1530 resurrectionis
682 1473 986 1545 intelligens
1006 1517 1020 1538 .
1053 1489 1176 1531 cum
1220 1475 1528 1546 frequenter
1555 1475 1797 1531 audisset
1830 1493 1842 1529 :

238 1565 361 1639 Ego
411 1579 456 1636 et
505 1569 668 1624 Pater
720 1587 877 1625 unum
926 1581 1260 1639 sumus;et:
1297 1571 1484 1627 Omnia
1527 1589 1642 1643 qua:
1672 1571 1848 1627 Patris

234 1671 382 1729 sunt,
417 1678 527 1717 mea
573 1673 722 1730 sunt;
755 1674 852 1722 et:
887 1663 1002 1738 Ego
1042 1668 1095 1720 in
1141 1664 1335 1734 Patre,
1387 1677 1435 1720 et
1465 1665 1624 1722 Pater
1670 1667 1724 1720 in
1770 1684 1848 1722 me

240 1755 429 1828 (Joan.
464 1774 518 1825 x,
551 1759 654 1825 50;
689 1775 798 1825 xvt,
830 1761 932 1826 15;
963 1777 1072 1825 xw,
1107 1761 1200 1833 il)
1237 1762 1379 1832 :jam
1408 1763 1523 1818 sine
1555 1762 1675 1818 ﬁdei
1705 1762 1849 1833 peri-

1456 317 1543 374 DE
1584 314 1960 374 TRlNlTATE
2005 315 2210 374 LIBER
2249 315 2360 374 Vll.

3441 320 3548 380 9.10

2029 436 2116 490 15.
2141 433 2299 490 Pater
2327 445 2371 491 et
2399 435 2540 507 ﬁlius
2566 453 2699 493 unus
2728 445 2926 494 tantum
2957 448 3030 494 est
3056 436 3217 495 Deus.
3247 471 3318 482 —
3343 439 3550 498 Nomen

1948 530 2110 602 igitur
2136 541 2364 599 naturte,
2392 530 2514 587 ﬁdei
2539 540 2736 589 nostra:
2763 549 2869 589 non
2896 533 3098 590 deserit
3131 534 3544 605 professionem.

1946 623 2152 681 Nomen
2203 624 2366 690 enim,
2414 624 2559 696 quod
2611 641 2724 680 rem
2776 641 3208 698 unamquamque
3255 627 3548 700 signiﬁcat,

1947 733 2061 773 rem
2092 733 2304 790 quoque
2331 718 2576 790 ejusdem
2621 721 2839 790 generis
2888 721 3125 776 ostendit
3154 740 3167 777 :
3201 732 3255 778 et
3283 722 3394 793 jam
3439 740 3548 780 non

1949 827 2036 867 res
2065 811 2184 868 dote
2225 822 2371 878 sunt,
2405 812 2502 868 St‘d
2549 827 2636 868 res
2679 814 2892 884 generis
2949 813 3192 884 ejusdem
3244 823 3348 870 est.
3379 815 3551 873 Filius

1948 921 2181 976 namque
2212 907 2307 961 Dei
2332 907 2474 961 Deus
2499 914 2612 972 est;
2639 906 2742 962 hoc
2764 906 2906 962 enim
2936 908 3093 980 185
3116 906 3450 979 signiﬁcatur
3478 924 3546 966 ex

1949 1001 2188 1056 nomine.
2224 999 2338 1055 Non
2384 1001 2520 1054 duos
2567 999 2702 1056 deos
2731 1010 3090 1056 eonnumerat
3121 1016 3314 1057 nomen
3343 1018 3546 1070 unum;

1947 1094 2070 1164 quia
2095 1094 2250 1149 unius
2285 1103 2444 1164 atque
2473 1093 2833 1149 indifferentis
2860 1103 3063 1149 natura:
3092 1092 3172 1167 (d)
3204 1112 3368 1151 unum
3407 1097 3548 1152 Deus

1948 1202 2143 1242 nomen
2187 1196 2290 1242 est.
2319 1186 2453 1244 Cum
2492 1188 2636 1243 enim
2677 1196 2732 1242 et
2770 1187 2931 1244 Pater
2974 1189 3113 1244 Deus
3154 1200 3269 1255 est,
3297 1199 3350 1243 et
3382 1189 3550 1246 Filius

1948 1282 2090 1337 Dens
2116 1291 2220 1346 est,
2255 1293 2307 1336 et
2337 1282 2614 1352 proprium
2644 1289 2854 1337 natura:
2875 1281 3073 1337 dixitne
3105 1298 3299 1339 nomen
3324 1284 3376 1338 in
3404 1293 3554 1338 utro-

1947 1390 2054 1445 que
2086 1376 2189 1442 sit;
2223 1387 2455 1445 uterque
2485 1390 2649 1429 unum
2679 1383 2808 1429 sunt
2836 1392 2850 1427 :
2875 1373 2996 1444 quia
3027 1389 3148 1429 cum
3179 1375 3548 1432 subsistatFi-

1949 1466 2053 1521 lius
2081 1482 2145 1522 ex
2168 1467 2446 1522 nativitate
2472 1467 2540 1541 (e)
2562 1477 2792 1534 naturae,
2819 1465 2898 1538 (1)
2922 1468 3180 1522 unitatem
3211 1476 3389 1524 tamen
3421 1483 3554 1523 con-

1949 1571 2131 1618 servat
2175 1563 2228 1618 in
2276 1563 2491 1619 nomine
2522 1583 2535 1618 :
2568 1579 2668 1620 nec
2697 1562 2764 1617 ad
2795 1561 3189 1633 professionem
3221 1561 3386 1618 duum
3418 1562 3552 1618 den-

1948 1670 2066 1710 rum
2108 1641 2357 1711 nativitas
2382 1656 2503 1712 Filii
2525 1656 2862 1712 credentium
2896 1655 3057 1711 ﬁdem
3084 1657 3249 1728 cogit.
3305 1672 3428 1728 qua:
3450 1656 3554 1711 Pa-

1951 1757 2088 1805 trem
2114 1758 2170 1805 et
2191 1749 2409 1818 Filium,
2444 1761 2501 1805 ut
2535 1751 2694 1806 unius
2724 1759 2951 1819 natura),
2981 1751 3050 1805 ita
3085 1751 3243 1806 unius
3271 1750 3554 1821 proﬁtetur

235 1851 365 1905 culo
414 1860 619 1906 naturte
672 1868 867 1908 nomen
918 1855 1201 1909 confessus
1247 1865 1330 1910 est
1369 1873 1383 1910 :
1433 1855 1558 1926 quia
1589 1855 1658 1909 ab
1688 1858 1843 1910 unius

1954 1852 2006 1897 et
2036 1845 2290 1898 nominis.
2322 1845 2413 1899 Est
2447 1846 2623 1907 itaque
2655 1845 2748 1900 Dei
2781 1843 2893 1900 ﬁlio
2922 1843 2990 1915 (f)
3024 1859 3219 1900 nomen
3257 1859 3322 1900 ex
3356 1846 3554 1901 nativi-

235 1943 334 1999 Dei
379 1946 545 2014 patris
578 1945 916 2016 professione
962 1947 1151 2018 religio
1197 1963 1302 2003 non
1352 1947 1627 2003 excideret
1676 1947 1843 2004 Deum

234 2037 486 2093 confessa
514 2037 611 2093 Dei
644 2037 838 2106 ﬁlium,
859 2053 980 2094 cum
1007 2040 1056 2094 in
1084 2040 1193 2095 ﬁlio
1217 2040 1310 2097 Dei
1341 2057 1446 2095 non
1479 2041 1579 2096 nisi
1608 2051 1844 2111 paterna:

240 2144 447 2190 natura:
476 2134 676 2189 veritas
704 2133 1050 2202 crederetur;
1087 2150 1187 2190 nec
1226 2136 1328 2191 sub
1357 2135 1580 2191 alterius
1613 2136 1706 2192 Dei
1739 2137 1842 2193 im-

241 2224 331 2295 pia
386 2225 727 2283 confessione
784 2227 918 2283 ﬁdes
967 2238 1175 2284 naturre
1223 2231 1622 2300 periclitaretur
1661 2231 1840 2300 unius,

235 2319 366 2388 quia
394 2334 498 2376 non
530 2319 752 2375 alterius
774 2319 870 2376 Dei
914 2329 1159 2376 maturam
1203 2321 1437 2391 perfecta
1472 2323 1565 2378 Dei
1594 2324 1845 2379 nativitas

230 2411 532 2468 attulisset.
588 2412 886 2468 Veritatem
950 2415 1111 2485 igitur
1161 2417 1461 2487 evangelici
1516 2420 1842 2476 sacramenti

230 2505 476 2562 Thomas
506 2506 816 2578 intelligens
840 2547 857 2574 ,
890 2507 1176 2563 Dominum
1206 2523 1360 2564 suum
1392 2523 1446 2566 et
1476 2511 1643 2567 Deum
1687 2528 1842 2568 suum

230 2613 366 2656 esse
391 2597 673 2655 confessus
705 2609 807 2655 est.
837 2599 953 2655 Non
997 2600 1083 2655 hic
1112 2601 1335 2658 honoris
1361 2612 1443 2659 est
1488 2620 1684 2662 nomen
1705 2649 1719 2672 ,
1747 2606 1841 2662 sed

228 2704 452 2751 naturae
474 2693 746 2750 confessio
771 2705 854 2752 est
887 2716 900 2751 :
933 2697 1091 2752 rebus
1115 2699 1258 2753 enim
1286 2698 1418 2770 ipsis
1446 2709 1608 2772 atque
1635 2701 1844 2756 virtuti-

227 2789 331 2846 bus
365 2789 534 2846 Deum
557 2789 807 2846 credidit.
831 2791 894 2846 Et
925 2791 1182 2848 Dominus
1208 2794 1557 2864 professionis
1580 2796 1738 2866 hujus
1760 2811 1847 2853 re-

226 2883 498 2956 ligionem
531 2899 636 2941 n0n
671 2886 892 2941 honoris
914 2901 1034 2943 esse
1059 2887 1276 2956 docuit,
1311 2889 1404 2945 sed
1439 2889 1596 2956 ﬁdei,
1622 2891 1842 2958 dicens,

229 2978 383 3044 Quia
408 2977 582 3032 uidisti
608 2977 706 3051 (a),
741 2979 1006 3034 credidisti
1036 2997 1054 3035 :
1085 2980 1217 3036 beati
1246 2982 1333 3051 qui
1355 3000 1459 3036 non
1500 2983 1736 3038 viderunt
1755 3027 1770 3051 ,
1799 2995 1846 3041 et

222 3071 566 3126 crediderunt
591 3069 772 3145 (Joan.
803 3088 904 3140 xx,
926 3072 1042 3145 29).
1073 3073 1273 3129 Videas
1296 3075 1439 3130 enim
1465 3075 1702 3133 Thomas
1723 3093 1841 3136 cre-

227 3166 401 3222 didit.
427 3166 533 3224 Sed
562 3167 690 3238 quid
723 3166 954 3223 credidit
976 3169 1220 3239 qnteris?
1247 3169 1314 3225 Et
1341 3171 1466 3240 quid
1498 3171 1642 3227 aliud
1669 3173 1844 3229 credi-

1953 1946 2080 1993 tate.
2135 1938 2231 1993 llic
2260 1938 2402 1994 enim
2435 1939 2591 1993 nobis
2637 1937 2904 1994 secundus
2935 1937 3000 1993 ad
3033 1939 3554 1994 demonstrationem

1947 2030 2148 2100 gradus
2189 2040 2307 2096 est,
2366 2040 2424 2086 ut
2468 2031 2612 2086 Deus
2664 2031 2735 2085 sit
2779 2045 2844 2086 ex
2893 2030 3189 2086 nativitate.
3215 2030 3552 2102 Quamquam

1948 2125 2078 2180 mihi
2109 2124 2284 2179 adhuc
2313 2124 2379 2179 de
2405 2123 2737 2195 proprietate
2779 2125 3016 2180 nominis
3061 2125 3298 2195 supersit
3325 2135 3545 2194 aposto-

1947 2233 2048 2288 lica
2077 2231 2372 2288 auctoritas
2403 2248 2416 2284 :
2442 2229 2536 2285 scd
2567 2231 2783 2284 interim
2815 2227 3183 2300 evangelicum
3206 2228 3382 2299 placet
3409 2238 3552 2285 trae—

1949 2337 1997 2383 ta
2007 2343 2062 2383 re
2092 2340 2418 2382 sermonem.

2021 2420 2109 2475 M.
2163 2417 2333 2474 Filius
2369 2427 2424 2473 ut
2467 2427 2617 2474 natus
2663 2434 2728 2474 ex
2765 2416 2912 2483 Deo,
2944 2414 3044 2472 Dei
3086 2425 3327 2472 naturam
3374 2414 3546 2469 habet.

1951 2514 2115 2570 Nasci
2146 2524 2193 2570 et
2214 2523 2434 2584 coeptum
2452 2530 2558 2570 esse
2580 2529 2681 2568 non
2704 2513 2860 2568 idem.
2891 2542 2963 2554 ——
2987 2511 3057 2568 Et
3085 2511 3314 2582 primum
3343 2523 3549 2581 qumro,

1947 2627 2110 2684 quam
2158 2611 2411 2666 nativitas
2458 2608 2556 2665 ﬁlii
2601 2619 2806 2665 naturae
2849 2609 3145 2665 novitatem
3192 2606 3429 2676 potuerit
3474 2607 3558 2661 in-

1947 2704 2124 2769 ferre,
2157 2720 2224 2759 ne
2248 2704 2388 2759 Deus
2410 2703 2513 2759 sit?
2540 2702 2914 2774 Intelligentire
2946 2701 3088 2758 istud
3134 2700 3382 2756 humanae
3425 2715 3554 2756 seno

1947 2816 2040 2857 sus
2071 2799 2344 2868 excludit,
2375 2807 2432 2854 ut
2459 2799 2659 2870 aliquid
2710 2814 2740 2853 a
2774 2806 2962 2853 natura
2995 2796 3220 2868 originis
3271 2811 3386 2851 suze
3434 2810 3557 2850 nas-

1946 2895 2122 2951 eemlo
2151 2896 2421 2950 diversum
2454 2895 2524 2949 sit
2562 2911 2574 2947 :
2627 2893 2732 2949 nisi
2781 2893 2921 2949 forte
2948 2892 3092 2963 quod
3133 2908 3199 2948 ex
3239 2900 3554 2946 naturarum

1947 2989 2262 3046 diversitate
2291 2998 2633 3058 conceptum,
2668 3002 2865 3043 novum
2915 2986 3117 3059 aliquid
3149 2984 3228 3059 (ῃ)
3277 2985 3328 3040 in
3379 3000 3439 3040 se
3470 2987 3552 3052 (et

1948 3084 2019 3138 ita
2049 3083 2118 3137 sit
2145 3082 2360 3153 generis
2387 3082 2689 3151 utriusque,
2713 3079 2857 3151 quod
2899 3089 3146 3136 neutrum
3174 3078 3269 3151 sit)
3293 3077 3474 3133 veniat
3495 3078 3551 3132 in

1947 3178 2144 3245 vitam;
2172 3176 2316 3249 quod
2346 3177 2398 3230 in
2425 3173 2710 3247 pecoribus
2733 3189 2797 3230 ac
2820 3173 3006 3228 bestiis
3029 3173 3285 3229 usitatum
3313 3179 3416 3227 est.
3439 3170 3550 3226 Sed

223 3260 307 3318 dit
359 3277 524 3331 quam
579 3260 853 3332 professus
897 3271 981 3317 est
1037 3280 1049 3317 :
1104 3261 1355 3317 Dominus
1395 3280 1536 3319 meus
1585 3275 1635 3320 et
1702 3256 1914 3321 DeusC
1947 3289 2010 3329 ea
2054 3273 2166 3337 ipsa
2219 3271 2430 3327 novitas
2485 3285 2592 3326 non
2645 3270 2820 3335 inest,
2875 3269 2980 3324 nisi
3013 3283 3078 3324 ex
3131 3267 3380 3323 cennatis
3429 3282 3556 3337 pro-

222 3371 385 3410 meus
404 3353 516 3428 (b)?
547 3355 930 3411 Resurrexisse
961 3357 1104 3411 enim
1137 3372 1233 3427 per
1259 3373 1318 3413 se
1339 3375 1405 3414 ex
1427 3359 1654 3415 mortuis
1684 3360 1737 3416 in
1766 3361 1840 3416 vi-

226 3459 370 3512 tam.
390 3451 492 3535 nisi
518 3450 611 3507 Dei
639 3460 827 3508 natura
861 3467 966 3507 non
997 3453 1204 3522 potuit:
1229 3464 1282 3508 et
1312 3454 1534 3510 creditae
1561 3454 1840 3526 religionis

224 3549 372 3606 fides
407 3550 509 3606 hoc
529 3559 612 3606 est
641 3550 901 3621 professa,
929 3551 1072 3622 quod
1099 3552 1241 3608 Deus
1274 3562 1378 3609 est.
1405 3554 1561 3609 Anne
1591 3569 1720 3626 ergo
1744 3569 1842 3610 no-

224 3663 361 3703 men
396 3645 493 3702 Dei
525 3661 633 3702 non
666 3655 870 3702 naturze
895 3663 985 3703 res
1015 3647 1438 3717 existimabitur,
1463 3664 1583 3704 cum
1632 3649 1842 3719 profes-

222 3739 310 3795 sio
350 3739 593 3796 nominis
622 3739 782 3796 ﬁdem
831 3748 1038 3796 naturae
1083 3741 1305 3796 credita:
1350 3742 1420 3797 sit
1457 3743 1676 3798 secuta?
1705 3743 1838 3799 Nam

223 3834 424 3905 utique
454 3833 742 3905 religiosus
767 3834 906 3889 ﬁlius
933 3875 945 3896 ,
980 3842 1034 3890 et
1064 3835 1155 3905 qui
1188 3850 1295 3890 non
1325 3836 1658 3891 voluntatem
1684 3852 1839 3892 suam

223 3931 321 3987 sed
355 3929 481 4001 ejus
511 3930 604 4000 qui
635 3945 696 3987 se
723 3933 947 3986 miserat
977 3929 1207 3995 faceret,
1241 3939 1296 3986 et
1320 3931 1409 4002 qui
1441 3947 1546 3987 non
1577 3932 1838 3989 honorem

221 4039 397 4082 suum
431 4022 526 4080 sed
550 4023 668 4094 ejus
691 4039 722 4080 a
749 4039 856 4095 quo
880 4033 1105 4078 venerat
1133 4032 1420 4094 qumreret,
1453 4023 1714 4080 honorem
1743 4026 1841 4080 bu-

217 4121 312 4191 jus
347 4121 406 4175 in
451 4135 512 4175 se
543 4120 775 4175 nominis
827 4130 1169 4186 recusasset;
1204 4135 1271 4175 ne
1316 4120 1459 4191 quod
1509 4119 1623 4191 ipse
1675 4138 1837 4178 unum

223 4212 407 4269 Deum
440 4212 834 4283 prtedicaverat
863 4255 877 4277 ,
907 4212 1227 4268 solveretur.
1261 4213 1365 4270 Sed
1388 4230 1516 4270 vere
1542 4225 1596 4271 et
1618 4224 1841 4287 aposto-

223 4305 350 4362 lica:
388 4305 513 4361 ﬁdei
543 4307 854 4378 mysterium
884 4305 1230 4373 conﬁrmans,
1253 4317 1309 4363 et
1333 4316 1538 4363 natura:
1569 4307 1624 4363 in
1655 4323 1714 4365 se
1745 4325 1840 4380 pa-

225 4407 410 4456 terna:
467 4414 664 4455 nomen
719 4414 1041 4470 agnoscens,
1089 4400 1278 4455 beatos
1324 4413 1448 4455 esse
1489 4399 1703 4468 docuit,
1751 4403 1844 4474 qui

224 4508 357 4548 eum
383 4491 457 4566 (ε)
484 4506 543 4547 se
571 4502 937 4562 resurgentem
955 4508 987 4548 e
1014 4494 1240 4548 mortuis
1254 4508 1359 4548 non
1379 4493 1656 4563 vidissent,
1673 4496 1844 4552 Deum

227 4595 424 4642 tamen
457 4600 553 4657 per
583 4586 994 4643 resurrectionis
1020 4586 1428 4659 intelligentiam
1463 4588 1842 4647 credidissent.

303 4726 397 4800 (1)
430 4724 690 4782 Uuitateut
719 4734 885 4781 (auten
913 4734 1130 4781 uatum.

1949 3366 2270 3439 prietatibus
2340 3364 2443 3421 sub
2510 3363 2820 3420 diversitate
2897 3372 3131 3417 naturae:
3204 3371 3260 3416 et
3326 3360 3558 3416 diversi-

1951 3466 2125 3519 tatem
2174 3462 2255 3534 (h)
2324 3475 2511 3516 eorum
2578 3459 2828 3514 nativitas
2873 3474 2980 3514 non
3003 3456 3224 3524 intulit,
3280 3455 3374 3510 sed
3398 3469 3529 3510 acce

1948 3556 2065 3628 pit,
2127 3555 2254 3610 dum
2306 3553 2358 3608 id
2416 3561 2596 3622 tenet,
2632 3551 2774 3624 quod
2825 3567 2893 3607 ex
2939 3561 3168 3620 utroque
3231 3548 3332 3604 sibi
3384 3563 3551 3604 unum

1948 3659 2050 3707 est.
2087 3649 2153 3705 Et
2186 3664 2310 3705 cum
2341 3648 2455 3704 haec
2485 3649 2538 3703 in
2587 3647 2670 3703 his
2700 3645 3076 3716 corporalibus
3118 3643 3298 3699 causis
3338 3650 3394 3698 et
3440 3656 3558 3713 pas-

1949 3741 2195 3799 sionibus
2222 3742 2295 3798 ita
2343 3741 2485 3805 sint;
2519 3741 2641 3812 quis
2684 3754 2818 3811 rogo
2845 3737 3000 3793 furor
3044 3745 3166 3803 est,
3217 3735 3555 3792 nativitatem

1945 3836 2205 3907 nnigeniti
2235 3836 2327 3892 Dei
2357 3834 2425 3890 ad
2453 3835 2778 3906 degenerem
2801 3849 2866 3888 ex
2903 3833 3014 3887 Deo
3039 3831 3244 3886 referre
3272 3838 3552 3886 naturam:

1942 3947 2065 3988 cum
2091 3930 2340 3985 nativitas
2382 3944 2488 3984 non
2509 3928 2610 3983 nisi
2633 3943 2696 3982 ex
2733 3925 3061 3996 proprietate
3103 3934 3311 3979 natura:
3357 3923 3463 3990 sit;
3497 3931 3555 3977 et

1939 4025 2051 4096 jam
2084 4025 2336 4081 nativitas
2359 4039 2464 4079 non
2489 4023 2612 4088 erit,
2645 4022 2688 4077 si
2719 4019 3024 4093 proprietas
3067 4028 3274 4073 natura:
3319 4017 3372 4071 in
3404 4017 3551 4071 nati-

1945 4121 2110 4176 vitate
2135 4135 2242 4176 non
2276 4119 2480 4174 fuerit?
2512 4118 2648 4173 lliuc
2672 4118 2762 4173 ille
2791 4115 2966 4172 omnis
2987 4125 3151 4169 aestus
3175 4122 3231 4169 et
3259 4111 3410 4168 furor
3433 4121 3542 4181 est,

1944 4223 2002 4270 ut
2025 4214 2078 4268 in
2110 4213 2221 4269 ﬁlio
2252 4213 2342 4268 Dei
2368 4227 2475 4269 non
2505 4211 2755 4267 nativitas
2798 4210 2867 4265 sit
2893 4251 2908 4274 ,
2941 4207 3038 4264 sed
3061 4205 3266 4262 ereatio
3292 4221 3307 4272 ;
3343 4216 3400 4260 ut
3437 4221 3548 4262 non

1945 4316 2151 4364 naturae
2177 4324 2290 4365 suae
2317 4308 2578 4379 originem
2603 4305 2906 4362 subsistens
2946 4310 3163 4368 teneat,
3187 4301 3282 4357 sed
3314 4300 3549 4356 alienam

1946 4420 1978 4461 a
2010 4404 2120 4460 Deo
2155 4404 2223 4460 de
2273 4419 2382 4461 non
2435 4401 2769 4459 exstantibus
2814 4407 3025 4455 sumat:
3074 4397 3200 4469 quia
3254 4395 3550 4453 secundum

1949 4499 2090 4571 quod
2122 4501 2225 4557 ait:
2259 4498 2322 4573 (i)
2372 4498 2522 4567 Quod
2563 4498 2626 4552 de
2670 4512 2824 4552 carne
2864 4494 3129 4560 nascitur,
3176 4506 3296 4546 caro
3345 4500 3457 4556 est;
3504 4499 3553 4544 et

1949 4593 2085 4664 quod
2112 4592 2175 4649 de
2200 4591 2440 4664 spiritus,
2495 4590 2681 4663 spiritu
2709 4598 2782 4646 est
2812 4586 2990 4659 (Joan.
3025 4600 3104 4654 nt,
3135 4583 3224 4654 6),
3255 4582 3379 4656 quia
3407 4581 3552 4638 Deus

303 4871 389 4945 (a)
417 4870 522 4927 Hic
547 4870 907 4942 expunximus
929 4886 1026 4936 me,
1058 4869 1380 4927 auctoritate
1401 4875 1646 4926 veterum
1677 4867 1845 4925 libro-
1870 4867 1925 4930 D
1950 4867 2284 4941 intelligenda
2305 4868 2543 4945 nativitas
2562 4884 2589 4945 :_
2610 4866 2776 4945 et_lib.
2801 4880 3087 4933 vnt,num.
3111 4863 3215 4945 18;
3239 4880 3331 4918 nec
3357 4879 3448 4934 per
3469 4879 3554 4919 sa-

228 4962 395 5091 nna.)
427 5013 713 5087 Antiquior
761 5014 932 5072 codex
980 5012 1136 5072 Coll).
1169 5030 1294 5072 eum
1321 5014 1506 5072 Germ.
1536 5011 1678 5069 Deus
1707 5029 1848 5068 meus

229 5108 285 5146 88
313 5103 397 5146 ιιι.

309 5161 390 5235 (ε)
425 5159 754 5216 Particulam
812 5163 866 5215 in
920 5160 1008 5215 hic
1068 5160 1490 5232 prmtermittunt
1511 5158 1852 5214 vetustiores

230 5235 388 5290 libri.

311 5307 403 5375 (α)
425 5305 487 5360 In
509 5319 640 5361 mss.
669 5303 824 5360 Mart.
854 5313 909 5360 et
933 5303 1090 5361 Corb.
1132 5321 1293 5360 unum
1324 5303 1418 5359 Dei
1441 5318 1661 5360 nomen:
1686 5302 1847 5360 male.

235 5379 342 5435 llic
377 5377 519 5432 Deus
541 5376 929 5438 materialiter.
960 5387 1018 5432 ut
1047 5377 1230 5441 aiunt,
1263 5377 1512 5432 sumitur.

311 5451 397 5522 (e)
423 5449 764 5522 Vocabulum
794 5459 996 5503 natura:
1024 5450 1074 5522 in
1110 5450 1256 5517 prius
1280 5448 1513 5522 vulgatis
1532 5449 1842 5518 interpunc-

237 5520 399 5580 lione
437 5520 694 5578 dividitur
721 5521 788 5575 ab
817 5520 1160 5576 antecedenti
1201 5535 1363 5589 voce,
1395 5521 1846 5592 conjungiturque

235 5613 372 5653 cum
420 5594 792 5663 snbsequenti.
845 5592 1338 5660 Internunctionem
1385 5604 1696 5654 mutamus.
1733 5601 1844 5646 tum

235 5669 372 5740 quia
406 5667 542 5721 alias
573 5664 1016 5740 retnotior_esset
1043 5666 1298 5740 particula
1343 5675 1546 5730 tamen,
1580 5675 1690 5719 tum
1721 5665 1844 5734 quia

237 5736 510 5806 fret-luens
535 5746 618 5791 est
643 5738 781 5808 apud
812 5736 1067 5791 Hilarium
1092 5739 1330 5792 nativitas
1359 5746 1555 5791 natura:
1573 5778 1588 5804 ,
1621 5751 1717 5808 pro
1745 5751 1843 5789 na-

238 5812 466 5882 tivitate
497 5807 760 5874 naturali,
798 5818 868 5882 ut
897 5808 1079 5882 videre
1107 5818 1189 5865 est
1233 5812 1285 5864 in
1334 5810 1420 5864 his
1446 5825 1597 5868 num.
1641 5807 1712 5882 2}
1739 5826 1751 5861 :
1779 5809 1845 5882 At

239 5878 368 5937 vero
396 5892 450 5936 ut
476 5883 528 5938 in
559 5890 741 5936 natura
787 5881 902 5935 licet
950 5878 1045 5935 Dei
1066 5923 1081 5952 ,
1118 5889 1316 5937 natura:
1342 5891 1509 5936 tamen
1540 5896 1604 5934 ere
1649 5879 1755 5932 Deo
1783 5878 1849 5933 sit

1955 4936 2273 4996 crumentum
2309 4940 2702 5010 dispensationis
2729 4955 2888 4992 unum
2916 4948 3067 5005 sunt,
3108 4936 3199 4992 sed
3227 4953 3315 5003 per
3353 4945 3552 5010 natura:

1955 5012 2286 5068 nativitatem.
2325 5008 2514 5067 ln‘ms.
2566 5013 2719 5066 Mart.
2744 5026 2849 5066 vox
2879 5019 3078 5064 natura:
3098 5023 3312 5064 rursum
3337 5008 3546 5078 repeti-

1956 5094 2042 5141 tur
2072 5094 2191 5152 post
2221 5085 2468 5139 unitatem
2497 5093 2684 5138 tamen.

2028 5157 2099 5229 (f)
2125 5157 2178 5212 In
2202 5156 2595 5229 recentioribus
2623 5156 2900 5229 dumtaxat
2928 5167 3272 5229 mss.‘verum
3291 5167 3506 5229 nomen.

2133 5229 2388 5284 Erasmus
2410 5243 2510 5301 pro
2530 5228 2584 5282 in
2611 5244 2698 5301 se,
2713 5224 2970 5301 malebat
2984 5226 3126 5301 insit.
3158 5224 3369 5292 Lipsius
3390 5223 3550 5279 dein-

1953 5295 2185 5372 de'legit
2212 5343 2226 5364 .
2261 5310 2306 5356 et
2329 5295 2466 5370 quod
2494 5299 2598 5372 ita.
2620 5298 2804 5372 addito
2833 5299 2992 5372 quod.
3025 5295 3086 5352 In
3119 5302 3413 5372 vetustiore
3441 5311 3546 5353 ms.

1956 5363 2165 5442 Remig.
2195 5363 2463 5428 omittitur
2483 5371 2681 5441 aliquid
2706 5371 2759 5425 in
2786 5363 2856 5425 se:
2896 5368 2952 5424 ln
3002 5363 3251 5442 ms._Vat.
3283 5367 3397 5442 bas.
3454 5382 3548 5423 ex-

1937 5443 2080 5509 "stat.
2107 5439 2305 5517 aliquid
2329 5455 2513 5514 prwter
2533 5439 2632 5500 ista
2657 5445 2722 5499 sit
2743 5442 2960 5515 generis,
2983 5450 3089 5497 etc.
3119 5439 3226 5496 Pro
3249 5449 3299 5497 et
3317 5440 3410 5506 ita,
3435 5454 3549 5495 ma-

1951 5518 2035 5588 gis
2069 5518 2302 5584 placeret
2323 5559 2337 5582 ,
2369 5527 2423 5571 ut
2451 5517 2541 5571 ita.

2025 5589 2106 5660 (It)
2136 5588 2193 5645 lo
2227 5606 2328 5646 ms.
2384 5592 2501 5645 bas.
2522 5588 2644 5646 Vat.
2687 5605 2862 5645 eorum
2895 5601 3130 5641 morum:
3159 5583 3506 5660 interpolatio
3531 5626 3547 5650 ,

1955 5657 2109 5732 cujus
2138 5663 2256 5717 loco
2300 5661 2606 5732 intelligere
2632 5670 2715 5719 est
2761 5676 2938 5716 eorum
2979 5675 3254 5729 pecorum,
3287 5673 3316 5713 a
3352 5657 3551 5729 quibus

1951 5735 2072 5790 scil.
2103 5743 2279 5791 exstat
2310 5735 2577 5791 nativitas.
2878 5783 2883 5787 .
3099 5775 3115 5802 ι.
3242 5801 3245 5802 ν
3417 5768 3422 5802 τ

1951 5807 2107 5931 Βω
2134 5807 2297 5864 Solus
2343 5805 2511 5863 codex
2555 5805 2677 5861 Vat.
2729 5804 2844 5862 bas.
2879 5815 3000 5862 cum
3045 5804 3199 5862 Mart.
3237 5801 3325 5859 hic
3367 5801 3553 5870 addit,

2006 5896 2224 5931 ommus.

2006 5896 2224 5933 ommus.
