3988 6332
465 306 567 367 2H

1691 296 1935 366 SANCTI
1980 294 2231 366 llll..\iill
2273 304 2577 367 EPISL’DPI

3656 320 3750 380 ςειι

472 429 698 499 spiritus
724 428 839 495 est,
892 440 995 480 non
1027 422 1332 497 ambiguum
1382 424 1454 483 sit
1504 425 1745 483 nascenti
1793 422 2068 482 diversum
2094 427 2144 487 A
2174 428 2374 479 nostra:
2399 424 2598 497 judicia
2629 440 2750 481 eum
2777 424 2998 483 humani
3029 443 3218 484 sensus
3242 432 3495 504 opinione
3530 452 3754 495 commu-

472 528 636 593 atque
666 519 897 575 alieuu‘m
924 517 1125 590 aliquid
1150 517 1219 575 ab
1244 534 1310 573 eo
1339 522 1405 575 es
1434 532 1541 592 quo
1568 519 1647 595 (a)
1674 528 1834 577 natus
1863 520 1931 575 sit
1961 534 2065 576 non

473 613 671 669 inesse.
705 610 960 666 Nativitas
992 609 1152 679 igitur
1203 609 1296 667 Dei
1329 610 1493 667 Deum
1524 613 1733 685 perﬁcit
1766 656 1781 679 ,
1814 620 1869 669 ιιι
1925 608 2068 669 Dens

473 714 579 763 non
610 710 817 776 cceptus
842 704 1174 775 intelligatur
1203 702 1363 779 188
1390 718 1509 761 esse
1536 748 1551 771 ,
1581 705 1674 761 sed
1723 712 1881 761 natus
1906 724 1919 761 :
1942 704 2066 777 quia

470 798 705 871 emptum
733 804 857 856 esse
877 841 891 865 ,
918 804 1092 867 potest
1123 810 1229 854 non
1259 795 1310 853 id
1341 788 1512 869 ipsum
1541 800 1661 854 esse
1684 798 1825 868 quod
1873 798 2019 853 nasci
2052 841 2067 866 ,

464 894 594 951 dum
617 909 777 951 omne
803 894 1041 963 emplum
1073 902 1167 949 aut
1194 898 1258 950 es
1285 888 1455 949 nihilo
1485 895 1538 949 in
1580 888 1779 964 aliquid
1806 890 2027 948 exsistit
2052 932 2068 957 ,

471 999 561 1045 aut
582 1000 650 1043 ex
676 987 782 1043 alio
810 987 864 1042 in
889 986 1034 1042 aliud
1069 986 1275 1058 proﬁcit
1300 990 1353 1042 et
1379 984 1605 1054 desinit;
1631 990 1691 1040 ut
1716 1000 1780 1041 ex
1806 993 1947 1039 terra
1978 997 2073 1038 au-

471 1088 615 1146 rum,
645 1090 701 1135 ut
733 1086 797 1134 ex
844 1079 1033 1135 solidis
1062 1076 1262 1148 liquida
1284 1121 1299 1144 ,
1333 1088 1385 1134 ut
1422 1090 1486 1134 ex
1522 1075 1727 1147 frigidis
1774 1075 2067 1141 ferventia,

471 1178 529 1231 ilt
555 1176 622 1230 es
650 1175 786 1230 albis
813 1176 1062 1246 punicea,
1095 1180 1151 1228 ut
1178 1188 1242 1228 ex
1268 1171 1423 1244 aquis
1450 1172 1761 1234 animantia,
1789 1180 1846 1225 ut
1866 1185 1931 1225 ex
1955 1168 2072 1223 ina-

471 1270 634 1326 nimis
656 1271 915 1325 vit-entia:
949 1268 1042 1325 Dei
1071 1278 1246 1325 autem
1280 1266 1419 1326 ﬁlius
1441 1286 1616 1341 neque
1638 1280 1703 1325 ex
1733 1269 1901 1325 nihilo
1932 1269 2072 1324 Deus

473 1362 806 1433 capitesse,
840 1358 933 1416 sed
990 1366 1148 1417 natus
1174 1366 1291 1428 est;
1342 1364 1516 1433 neque
1563 1358 1705 1417 aliud
1745 1359 1944 1432 aliquid
1977 1358 2073 1415 iuit

476 1462 601 1510 ante
627 1460 786 1527 quam
814 1450 958 1509 Deus
981 1460 1063 1509 est
1093 1448 1378 1527 (aLessct).
1402 1450 1577 1522 Atque
1602 1453 1672 1509 ita
1702 1454 1791 1525 qui
1822 1455 1873 1508 in
1906 1452 2073 1508 Deum

474 1558 633 1605 natus
661 1549 765 1613 est,
800 1556 899 1603 nec
941 1544 1102 1618 cmpit
1132 1547 1273 1619 quod
1306 1549 1446 1603 Deus
1484 1552 1567 1603 est
1601 1545 1678 1620 (Ι)
1710 1545 1787 1620 (b)
1822 1560 1921 1601 nec
1948 1560 2075 1619 pro-

471 1640 621 1698 fecit.
653 1640 827 1697 Tenet
876 1640 1060 1712 itaque
1117 1639 1367 1695 nativitas
1421 1650 1538 1694 eam
1570 1654 1638 1694 ex
1682 1648 1785 1710 qua
1838 1639 2076 1695 substitit

474 1738 747 1799 naturain,
774 1742 829 1789 et
857 1732 997 1788 ﬁlius
1025 1732 1117 1788 Dei
1148 1736 1255 1788 non
1286 1730 1431 1788 aliud
1457 1742 1619 1804 quam
1650 1728 1792 1804 quod
1822 1731 1963 1788 Deus
1991 1738 2077 1788 est

476 1824 745 1883 Subsislil.

551 1919 638 1975 ιδ.
674 1916 848 1973 Natus
865 1930 983 1973 sere
1000 1932 1066 1972 ea:
1092 1916 1201 1972 Deo
1240 1925 1313 1973 est
1332 1959 1349 1986 ,
1377 1917 1462 1972 cui
1489 1913 1627 1971 Deus
1649 1923 1722 1971 est
1748 1922 1893 1988 pater
1911 1914 1959 1970 ei
1992 1917 2076 1971 cui

477 2026 592 2070 cum
620 2013 726 2069 Deo
751 2010 1040 2085 aquatius.
1092 2004 1394 2085 )Equatifas
1438 2026 1527 2066 nec
1567 2011 1663 2066 soli
1707 2011 1944 2082 competit
1987 2026 2077 2064 nec

480 2108 709 2165 diversis.
743 2139 814 2151 --
842 2108 926 2179 (Ξ)
961 2112 1066 2164 Aut
1106 2109 1332 2181 quisque
1378 2106 1501 2163 hinc
1547 2105 1801 2179 ambigll,
1848 2102 2020 2162 discat
2046 2121 2078 2162 a

480 2203 684 2260 Iudicis
726 2202 1134 2275 intelligentiam
1182 2212 1422 2267 naturas,
1450 2201 1533 2258 vel
1567 2201 1745 2273 potius
1786 2208 2082 2272 cognoscat

481 2300 550 2354 ab
575 2299 869 2371 Evangelio
910 2298 1193 2355 veritatem
1240 2296 1565 2364 nativitatis,
1602 2297 1655 2351 in
1683 2307 1792 2362 quo
1819 2296 2081 2365 scriptum

481 2404 585 2461 est,
619 2393 840 2466 Propter
879 2393 975 2448 hoc
1000 2392 1168 2465 magis
1209 2391 1507 2459 quterebaut
1544 2398 1657 2444 eum
1685 2384 1859 2443 Iudici
1882 2386 2083 2457 interﬁ—

482 2502 628 2556 cere,
655 2489 897 2559 quoniam
943 2501 1044 2541 non
1086 2488 1259 2542 solum
1304 2485 1531 2540 solvebat
1572 2482 1835 2539 sabbatum
1860 2523 1876 2548 ,
1904 2481 1993 2537 sed
2037 2490 2087 2537 et

483 2579 620 2654 quod
643 2582 907 2652 proprium
939 2579 1035 2637 tibi
1063 2588 1268 2652 patrem
1301 2579 1499 2633 dicebat
1525 2572 1695 2630 Deum
1714 2618 1729 2642 ,
1756 2575 2004 2640 (aqualem
2033 2588 2087 2629 se

488 2673 683 2745 faciens
716 2671 826 2727 Deo
849 2670 1030 2744 (Ioan.
1064 2687 1117 2739 v,
1149 2669 1266 2744 itl).
1310 2670 1425 2726 Non
1457 2682 1635 2737 nunc,
1669 2677 1727 2723 ut
1779 2672 1833 2723 in
1874 2666 2089 2724 eteteris

488 2764 667 2833 solet,
709 2764 1021 2820 Iudaeorum
1064 2778 1244 2820 sermo
1271 2763 1341 2818 ab
1376 2761 1460 2818 bis
1499 2761 1676 2817 dictus
1704 2762 1963 2817 refertur:
1995 2776 2090 2817 ex-

492 2859 687 2930 positio
714 2857 890 2929 potius
919 2857 1037 2913 hac
1066 2857 1425 2929 Evangelista:
1454 2865 1557 2921 est,
1586 2870 1804 2911 causam
1833 2856 2089 2911 demons-

489 2956 681 3011 trantis
706 2960 806 3010 cur
843 2955 1130 3011 Daminum
1171 2952 1479 3010 interﬁcere
1507 2951 1680 3008 Iudaei
1708 2951 1927 3008 vellent.
1961 2951 2093 3007 Cc‘s—

488 3060 570 3105 sat
598 3050 694 3123 (at.
718 3050 921 3120 cesset)
960 3064 1088 3121 ergo
1117 3062 1214 3120 per
1248 3047 1581 3119 impietatem
1607 3046 2092 3117 blasphemantium

490 3143 697 3199 vitiaste
735 3143 1105 3215 intelligentiae
1154 3142 1473 3207 excusatio;
1522 3157 1644 3197 eum
1700 3155 1796 3212 per
1852 3140 2093 3212 Apostoii

2172 514 2258 572 nia
2290 519 2416 583 sint,
2452 526 2508 572 ιιι
2536 526 2588 574 et
2614 512 2864 575 nativitas
2895 524 3099 576 natura:
3142 518 3339 581 habeat
3364 528 3715 598 mqualitatem
3737 577 3751 601 ,

2172 608 2227 665 et
2257 600 2345 664 ulli
2377 606 2657 679 tequaiitas
2687 620 2795 678 est,
2823 628 3000 684 neque
3040 614 3194 690 187
3235 620 3472 677 alienum
3498 618 3691 696 aliquid
3729 600 3755 683 a

2173 706 2231 759 Se
2261 702 2430 775 possit
2451 719 2569 760 csse
2590 748 2605 773 ,
2632 708 2731 761 nec
2774 706 2977 774 solum;
3011 718 3187 767 tamen
3216 726 3282 769 ex
3322 715 3455 785 ipsis
3484 706 3640 774 dictis
3666 718 3754 775 do-

2174 797 2388 853 minicis
2418 796 2574 869 hujus
2597 814 2810 872 quoque
2830 805 3094 858 sermonis
3116 807 3284 861 nostri
3305 802 3438 863 iides
3457 804 3757 869 afﬁrmanda

2173 896 2277 951 est,
2307 902 2376 945 ne
2403 892 2678 946 temeritas
2707 890 3136 963 contradicendi,
3160 896 3262 955 Sub
3283 898 3529 957 libertate
3548 904 3757 963 diversa:

2175 982 2259 1057 (5)
2293 985 2343 1040 in
2368 986 2676 1041 numinibus
2703 986 3101 1061 intelligentim,
3135 990 3213 1064 (ἁ)
3252 994 3446 1051 audeat
3478 995 3757 1068 professio-

2175 1076 2335 1133 nibus
2381 1076 2544 1133 diviui
2595 1076 2662 1135 de
2694 1094 2755 1134 se
2799 1081 3093 1137 testimonii
3138 1086 3427 1142 contraire.
3477 1080 3757 1158 Respondit

2176 1172 2320 1228 enim
2354 1172 2647 1230 Dominus:
2699 1168 2819 1230 Non
2849 1184 3016 1246 potest
3056 1174 3226 1234 Filias
3253 1180 3316 1235 ab
3345 1199 3399 1236 se
3430 1186 3601 1254 facere
3624 1184 3756 1255 quiri-

2176 1280 2328 1335 quam
2346 1308 2362 1332 ,
2389 1267 2492 1321 nisi
2516 1265 2655 1335 quod
2678 1266 2859 1323 viderit
2882 1258 3093 1324 Patrem
3114 1272 3422 1344 facientem:
3445 1293 3759 1350 quiscumque

2177 1358 2308 1412 enim
2329 1356 2419 1412 ille
2443 1360 2603 1430 facit,
2651 1362 2826 1414 eadem
2866 1370 2913 1415 et
2939 1356 3108 1418 Filius
3148 1365 3275 1435 facit
3311 1366 3561 1423 similiter.
3619 1366 3760 1425 Pater

2178 1452 2313 1506 enim
2344 1450 2515 1523 diligit
2543 1448 2733 1507 Filium
2753 1496 2766 1519 ,
2812 1461 2857 1508 et
2889 1454 3061 1510 omnia
3088 1450 3403 1514 demonstrat
3443 1462 3489 1516 ei
3510 1479 3629 1533 qua:
3667 1465 3762 1534 ipse

2180 1544 2304 1616 facit
2321 1559 2340 1597 :
2365 1549 2416 1597 et
2456 1545 2657 1618 majora
2685 1543 2871 1598 harum
2915 1550 3072 1616 opera
3114 1538 3474 1606 demonstrabit
3498 1555 3574 1620 ei,
3608 1548 3666 1610 ut
3692 1573 3763 1610 ros

2178 1634 2525 1690 admiremini.
2556 1634 2704 1692 Sicut
2731 1636 2867 1691 enim
2890 1632 3049 1692 Pater
3071 1640 3291 1696 suscitat
3327 1652 3558 1700 mortuos
3585 1657 3633 1701 et
3648 1647 3764 1705 riti-

2179 1727 2321 1798 flcat,
2351 1742 2425 1783 sic
2448 1735 2493 1781 et
2518 1726 2692 1783 Filius
2714 1736 2840 1800 quos
2867 1729 2976 1785 imit
3014 1732 3256 1803 bivi/icat.
3293 1733 3405 1790 Nec
3450 1736 3583 1793 enim
3623 1726 3765 1796 Pater

2103 1826 2153 1889 Β
2171 1820 2376 1892 judicat
2405 1836 2728 1892 quemquam,
2758 1824 2848 1879 scd
2888 1838 3037 1880 omne
3055 1827 3316 1899 judicium
3353 1828 3492 1886 dedit
3522 1826 3662 1888 Filia
3684 1879 3696 1901 ,
3718 1846 3765 1891 ut

2179 1928 2355 1969 omnes
2403 1916 2742 1985 honori/irent
2789 1915 2987 1973 Filium
3015 1921 3146 1974 sicut
3168 1920 3509 1994 honorificam
3547 1920 3763 1984 Patrem.

2185 2010 2257 2082 (ε)
2289 2008 2392 2074 Qui
2420 2023 2523 2064 non
2568 2008 2880 2078 honori/iuit
2924 2009 3154 2079 Filium,
3202 2026 3305 2068 non
3334 2010 3644 2088 Itonoriﬂcat
3674 2016 3765 2074 Pa-

2182 2112 2328 2167 trem,
2352 2104 2441 2173 qui
2466 2102 2605 2157 misit
2624 2103 2772 2159 illum
2792 2102 2958 2178 (Ibid.
2986 2105 3076 2173 19,
3107 2113 3157 2161 et
3183 2106 3367 2183 seqq).
3395 2110 3768 2184 Propositionis

2183 2193 2403 2266 quidem
2431 2194 2565 2251 ordo
2601 2194 2653 2250 id
2683 2197 2957 2268 exigebat,
2993 2204 3051 2253 ut
3092 2200 3301 2272 singula
3332 2214 3561 2276 qua-que
3586 2208 3770 2277 genera

2184 2289 2522 2361 singularum
2552 2298 3015 2364 quarumcumque
3062 2306 3347 2350 cauSarttm
3390 2307 3772 2368 pertractaren-

2187 2390 2303 2449 tur;
2355 2390 2414 2437 ιιι
2434 2383 2558 2455 quia
2600 2381 2769 2438 Deum
2816 2394 2939 2441 esse
2985 2384 3268 2442 Dominum
3312 2390 3556 2444 noetrum
3604 2389 3772 2448 Iesum

2187 2475 2464 2533 Christum
2497 2476 2589 2534 Dei
2616 2478 2809 2543 filium,
2845 2479 3085 2548 nomine,
3120 2482 3421 2549 nativitate,
3448 2492 3663 2551 natura,
3690 2496 3773 2558 po-

2193 2582 2426 2643 testate,
2466 2572 2804 2646 professione
2844 2570 2913 2649 (Ι)
2944 2577 3358 2648 didicissemus,
3401 2580 3774 2637 demonstratio

2196 2681 2380 2728 nostra
2405 2674 2603 2753 gradus
2640 2673 2884 2745 singulos
2913 2673 3284 2746 dispositionis
3334 2678 3624 2748 praposita:
3673 2688 3778 2749 per-

2194 2774 2473 2823 curreret:
2498 2765 2593 2820 sed
2624 2766 2917 2822 nativitatis
2962 2767 3013 2822 id
3039 2774 3225 2825 natara
3256 2780 3361 2824 nan
3415 2771 3642 2841 patitur,
3673 2787 3776 2843 quia:

2196 2860 2248 2916 in
2281 2874 2339 2917 se
2366 2871 2421 2916 et
2453 2870 2647 2917 nomen
2668 2904 2682 2930 ,
2706 2872 2760 2919 et
2796 2868 3045 2918 naturam
3066 2904 3080 2930 ,
3108 2871 3163 2919 et
3202 2871 3524 2933 potestatem
3549 2908 3564 2934 ,
3594 2866 3646 2921 et
3672 2878 3777 2936 pro.

2196 2953 2489 3011 fessionem
2517 2954 2629 3009 sula
2662 2954 3057 3028 complectitur.
3097 2955 3226 3013 Sine
3250 2955 3334 3013 his
3360 2958 3506 3013 enim
3547 2956 3777 3014 nativilas

2197 3056 2308 3102 non
2335 3047 2432 3103 erit
2459 3062 2473 3114 ;
2503 3048 2625 3119 quia
2655 3048 2707 3103 in
2750 3060 2809 3103 se
2836 3044 2952 3104 haec
2979 3050 3160 3104 omnia
3196 3051 3473 3111 maceth
3499 3048 3774 3107 contineat.

2202 3138 2354 3197 llanc
2381 3141 2542 3213 igitur
2570 3150 2896 3210 tractantes,
2941 3142 3227 3198 incidimus
3271 3143 3324 3198 tu
3357 3144 3476 3200 eam
3510 3146 3773 3202 necessita-

490 3236 867 3293 auctoritatem
887 3277 901 3301 ,
930 3236 1031 3291 sub
1057 3234 1455 3306 signiﬁcatione
1484 3233 1810 3299 nativitatis,
1844 3235 2092 3305 proprie-
2122 3229 2169 3295 C
2201 3234 2308 3288 teth
2330 3276 2345 3301 ,
2374 3240 2435 3288 ιιι
2460 3235 2708 3304 superius
2734 3244 3158 3291 commemorata
3180 3232 3247 3292 ad
3274 3232 3522 3295 ortlinem
3542 3246 3778 3295 tractatus

490 3336 575 3383 tas
606 3329 870 3383 naturalis
892 3338 1107 3382 ostensa
1131 3330 1233 3383 sit:
1266 3326 1475 3382 Patrem
1501 3334 1647 3379 suum
1671 3325 1873 3381 dicebat
1900 3325 2090 3393 Deum,

489 3425 735 3495 (squalent
758 3439 811 3476 se
838 3423 1032 3493 faciens
1056 3421 1185 3476 Deo.
1215 3421 1373 3477 Anne
1417 3421 1679 3475 naturalis
1710 3420 1960 3475 nativitas
1988 3435 2094 3475 unn

490 3526 599 3583 est,
641 3516 727 3570 ubi
755 3532 849 3586 per
877 3529 1075 3569 nomen
1111 3516 1277 3584 patris
1327 3513 1550 3583 proprii,
1581 3518 1788 3567 natura:
1816 3512 2095 3581 ttit‘lualilas

489 3605 941 3664 detunnstratur?
966 3605 1083 3661 Non
1111 3606 1255 3661 enim
1289 3604 1581 3675 stultigitur
1605 3632 1621 3670 ι
1651 3604 1779 3672 quin
1814 3603 2097 3670 aequalitas

491 3700 626 3756 nihil
654 3698 884 3756 ὤσει-ιιι.
913 3697 1046 3765 Quis
1074 3704 1236 3768 porro
1277 3696 1578 3761 dubitabit,
1613 3695 1744 3766 quin
1777 3692 2096 3751 iudiﬂ'ereu-

494 3802 603 3848 tem
632 3800 876 3847 naturam
924 3789 1175 3846 nativitas
1205 3788 1614 3860 consequatur?
1639 3788 1773 3844 illnc
1812 3789 1960 3844 enim
2011 3798 2095 3845 est

490 3885 608 3941 sola
637 3884 725 3941 illa
751 3899 873 3957 qua:
902 3898 1030 3940 vere
1048 3895 1173 3940 esse
1200 3883 1374 3954 possit
1399 3882 1707 3953 aequalitas:
1738 3883 1863 3953 quia
1889 3892 2097 3939 naturas

492 3978 857 4049 tequalitatem
880 3980 995 4034 sola
1024 3979 1194 4050 possit
1214 3983 1474 4050 praestare
1496 3975 1770 4033 nativitas.
1790 3976 2096 4049 Equalitas

487 4091 622 4133 vero
648 4090 939 4148 numquam
982 4076 1055 4132 ibi
1095 4089 1217 4132 esse
1238 4075 1519 4140 credetur,
1562 4075 1655 4130 ubi
1691 4075 1819 4131 unio
1847 4084 1962 4131 est:
1996 4089 2097 4131 nec

491 4168 566 4243 (ε)
600 4178 778 4226 tamen
806 4170 915 4226 illic
944 4169 1267 4240 reperietur,
1301 4167 1392 4223 ubi
1437 4164 1642 4223 (ἥσει-ι.
1672 4166 1750 4223 Its
1783 4163 2095 4223 similitudi-

491 4263 580 4317 nis
608 4261 889 4332 tequalitas
929 4275 1031 4317 nec
1058 4259 1411 4316 solitudinem
1446 4259 1641 4325 habet,
1667 4274 1767 4316 nec
1808 4257 2096 4315 diversita-

491 4361 640 4410 tem:
686 4355 810 4425 quia
838 4354 1018 4408 omnis
1057 4351 1342 4424 equalitas
1392 4367 1493 4409 nec
1537 4352 1751 4409 divorsa
1778 4392 1796 4421 ,
1834 4367 1937 4410 nec
1975 4352 2094 4408 sola

566 4545 658 4600 16.
681 4542 812 4599 Filii
841 4541 1079 4598 ttativitas
1113 4550 1163 4598 et
1193 4557 1310 4597 cum
1349 4539 1513 4596 Patre
1532 4539 1800 4612 inqualitas
1844 4556 1909 4596 ea:
1931 4541 2094 4613 ipsius

2196 3320 2397 3395 proprii
2427 3322 2646 3381 differre
2675 3338 2779 3381 non
2812 3326 2991 3383 liceat.

2273 3420 2362 3474 1'1:
2388 3417 2626 3474 Christus
2654 3438 2687 3475 a
2711 3420 2914 3476 luditis
2935 3426 3206 3479 accusatus
3235 3432 3283 3479 et
3312 3432 3551 3482 naturam
3578 3435 3623 3481 et
3658 3428 3782 3480 ttuli-

2197 3514 2406 3567 oitatem
2449 3526 2597 3568 suam
2648 3517 2878 3586 exponit.
2928 3515 3118 3572 Christi
3165 3514 3329 3574 sirius
3382 3514 3446 3574 de
3493 3520 3778 3593 cognitione.

2202 3605 2341 3674 Quid
2368 3605 2478 3660 lucc
2507 3608 2747 3678 cognitio.
2781 3638 2853 3650 —-
2876 3607 3236 3680 neapondehs
3273 3612 3417 3667 enim
3452 3611 3692 3668 Dominus
3714 3611 3781 3666 ad

2197 3698 2436 3763 Iudmos,
2466 3699 2611 3771 quod
2642 3710 2766 3755 eum
2793 3701 3098 3758 interﬁcere
3127 3703 3199 3759 ob
3231 3706 3331 3759 hoc
3362 3705 3534 3778 magis
3564 3704 3777 3771 vellent,

2196 3793 2323 3865 quia
2356 3803 2561 3864 patrem
2591 3808 2747 3851 suum
2773 3795 2960 3851 dicens
2983 3795 3150 3851 Deunt
3168 3839 3184 3865 ,
3209 3798 3474 3868 aettualein
3500 3804 3560 3855 se
3587 3796 3682 3854 Deo
3706 3798 3780 3854 fc-

2198 3890 2402 3957 cisset,
2430 3904 2594 3945 omne
2621 3897 3018 3946 sacratuentum
3054 3892 3178 3948 ﬁdei
3209 3900 3441 3962 nostra,
3465 3894 3588 3949 dum
3617 3892 3781 3964 impiis

2198 3990 2389 4037 earum
2418 3983 2654 4038 motibus
2683 3983 3044 4052 contradicit,
3079 3987 3351 4057 exposuit.-
3392 3976 3608 4044 Dixerat
3646 3984 3774 4042 enim

2197 4075 2489 4145 superius,
2525 4089 2684 4144 cum,
2738 4078 3032 4149 paralytico
3087 4089 3279 4134 curato
3304 4123 3320 4147 ,
3366 4081 3550 4136 violati
3591 4079 3773 4137 sabbati

2198 4184 2327 4226 reus
2354 4170 2520 4227 etiam
2549 4172 2739 4227 mortis
2764 4172 2967 4242 judicio
2980 4174 3439 4243 constitueretur,
3478 4173 3632 4230 Pater
3652 4188 3773 4228 ιιιιιιι

2197 4277 2359 4334 usque
2383 4262 2553 4317 adhuc
2572 4273 2845 4334 operatur,
2883 4274 2932 4318 et
2953 4280 3044 4336 ego
3072 4277 3259 4336 operor
3287 4265 3469 4338 (Joan.
3501 4280 3553 4335 ν,
3588 4258 3690 4338 l7).
3710 4264 3773 4320 ιςι

2198 4353 2324 4409 hinc
2348 4355 2526 4410 amnis
2553 4355 2955 4412 accendebatur
2986 4356 3215 4423 invidia,
3255 4359 3396 4429 quod
3419 4372 3480 4416 se
3510 4359 3618 4416 Deo
3651 4366 3771 4415 etze-

2195 4456 2417 4518 quasset
2464 4448 2672 4519 paterni
2702 4450 2939 4504 numinis
2983 4452 3355 4521 usurpatione.
3389 4449 3591 4507 Valens
3620 4453 3772 4520 itaque

2199 4550 2255 4596 et
2279 4540 2615 4597 nativitatem
2646 4556 2801 4597 suam
2837 4543 3195 4614 conﬁrmare,
3227 4551 3282 4598 et
3310 4553 3519 4601 naturas
3546 4546 3769 4601 virtutem

495 4642 666 4696 dictis.
699 4638 998 4694 Divinitatis
1026 4635 1221 4692 Christi
1247 4636 1450 4693 diversa
1474 4645 1777 4707 argumenta
1801 4636 1954 4690 simul
1977 4652 2093 4707 ρετ·
2119 4626 2175 4688 D
2198 4638 2462 4708 proﬁteri,
2491 4640 2597 4695 ait:
2624 4637 2747 4695 Non
2764 4648 2929 4711 potest
2953 4640 3230 4712 quidquam
3251 4644 3422 4714 facere
3444 4643 3509 4698 ab
3530 4659 3583 4698 se
3604 4640 3770 4705 Filius,

494 4741 801 4789 tractantur.
829 4761 901 4773 —-
937 4730 1270 4803 Quamquam
1317 4731 1479 4803 igitur
1518 4728 1679 4802 hujus
1724 4729 2093 4802 intelligentia:

491 4902 500 4931 ι
682 4852 792 4926 Nec
814 4868 1031 4955 profecit
1056 4867 1195 4943 quod
1214 4867 1357 4927 Deus
1385 4876 1480 4927 est.

491 4962 499 5013 ξ
586 4942 641 5017 2,
677 4942 778 4998 Aut
807 4948 1094 5013 quisquam.

488 4962 499 5013 ξ
565 4942 643 5017 (2)
677 4942 778 4998 Aut
807 4942 1094 5013 quisquam.

561 5059 640 5149 (α)
669 5057 1205 5149 Inmumdsit‘.‘
1223 5056 1953 5149 itec't’iujsﬂmssajatus‘sit;
1979 5059 2081 5115 hoc

492 5127 636 5194 enim
668 5131 735 5187 de
771 5127 910 5184 Filio
928 5128 1293 5200 praedicatur.
1325 5128 1527 5184 Eodem
1562 5135 1880 5200 argumento
1916 5129 2075 5186 Faus-

495 5210 640 5263 tinus
663 5214 784 5273 cap.
818 5202 873 5265 εἰ,
907 5194 1197 5273 Quomodo,
1221 5200 1428 5273 inquit,
1463 5212 1566 5273 non
1602 5194 1750 5273 cirrus
1787 5199 1949 5273 Deus
1973 5212 2079 5273 est,

489 5280 580 5351 qui
608 5268 757 5333 verus
781 5280 853 5351 est
885 5268 1067 5351 ﬁlius?
1091 5280 1148 5351 et
1174 5268 1503 5351 Augustinus
1526 5272 1720 5351 Callet.
1739 5280 1878 5351 Δ(ειιιιι
1905 5272 2080 5351 μειιί-

490 5341 663 5411 ἰιιιιιο,
696 5360 750 5401 ιι.
788 5346 855 5400 14
881 5361 896 5397 :
934 5341 1148 5413 Nonest
1174 5354 1317 5396 verus
1342 5341 1510 5413 ﬁlius,
1542 5343 1586 5397 si
1614 5344 1751 5413 quod
1779 5355 1850 5400 est
1894 5343 2081 5410 Pater,

492 5428 696 5475 nonest
744 5415 956 5471 Filias:
985 5412 1131 5483 quod
1174 5412 1408 5468 maxime
1453 5415 1505 5466 in
1552 5417 1714 5469 rebus
1756 5416 2084 5482 spiritalibus

492 5505 680 5546 verum
701 5503 824 5544 esse
847 5495 990 5543 recte
1006 5482 1100 5539 hic
1132 5493 1281 5539 notat
1312 5482 1566 5538 Hilarius.
1598 5484 1871 5541 Interdum
1903 5488 2081 5542 tamen

493 5560 680 5619 Ariani
725 5560 1001 5614 Christum
1031 5569 1220 5612 verum
1255 5555 1347 5610 Dei
1384 5554 1552 5609 ﬁlium
1595 5558 1918 5611 conﬁtentes
1942 5588 1958 5621 ι
1993 5566 2085 5612 ve-

2196 4734 2294 4788 nisi
2314 4734 2451 4805 quod
2480 4733 2661 4789 viderit
2685 4730 2896 4788 Patrem
2947 4734 3215 4805 facientem
3242 4732 3433 4808 (Ibid.,
3484 4734 3595 4810 l9).
3626 4734 3769 4791 Exor-

2268 4872 2349 4949 (5)
2377 4852 2444 4970 Ι
2466 4862 2779 4930 nominibus.

2183 5055 2326 5183 Dgus
2347 5064 2421 5109 est
2449 5053 2689 5180 ρνῗβείιε
2722 5051 2867 5125 quod
2899 5061 2954 5108 et
2986 5052 3041 5108 in
3076 5062 3356 5125 postrema
3385 5055 3518 5112 edit.
3554 5054 3668 5112 Par.
3699 5062 3769 5109 re-

2183 5140 2222 5183 o
2259 5139 2423 5182 suum
2455 5138 2513 5182 es
2546 5165 2559 5178 .
3594 5172 3597 5173 ν

2183 5138 2423 5200 positum
2455 5138 2559 5182 εει.

2259 5172 2714 5273 ξέῖὗὲέξίιιέηιεη
2736 5196 2798 5273 in
2817 5210 2919 5251 ms.
2954 5196 3227 5273 bas._V_at.
3258 5198 3377 5255 Mox
3405 5214 3529 5273 cum
3559 5172 3677 5255 mss.
3704 5192 3768 5251 le-

2185 5258 2361 5342 gimus
2392 5270 2476 5344 ubi
2500 5267 2673 5344 differt
2704 5266 2802 5344 ,_itl
2841 5279 2956 5332 cet,
3005 5258 3096 5325 ubi
3124 5270 3487 5344 discrepantia
3525 5281 3643 5336 est,
3676 5282 3763 5323 nou

2188 5339 2310 5400 cum
2342 5340 2503 5395 editis
2525 5340 2611 5395 ubi
2631 5339 2864 5408 differat.

2264 5411 2343 5485 (ti)
2370 5413 2431 5485 in
2460 5412 2779 5485 quihusdam
2804 5424 2935 5485 mss.
2960 5412 3200 5485 gaudeat.

2257 5482 2332 5554 (ἐ)
2361 5483 2522 5550 Editi,
2558 5484 2659 5551 Qui
2702 5496 2805 5537 non
2834 5482 3177 5554 honoriﬁcam
3214 5483 3416 5540 Filium
3437 5530 3449 5551 ,
3479 5490 3580 5543 itan
3621 5486 3762 5539 Itona-

2184 5556 2488 5629 riﬁcant...,
2517 5568 2690 5626 neque
2704 5569 2824 5629 cum
2856 5566 3011 5610 sacro
3036 5566 3212 5619 textu.
3243 5566 3420 5626 neque
3462 5573 3582 5614 cum
3620 5556 3756 5619 mss,

494 5644 616 5688 rum
660 5629 832 5685 Deum
885 5627 1180 5698 negabant,
1236 5627 1311 5681 uti
1361 5632 1576 5682 constat
1614 5642 1692 5699 ex
1748 5629 1839 5683 lib.
1893 5640 2083 5684 contra
2188 5625 2575 5699 nequeﬁsecum
2607 5625 2707 5697 ipsi
2734 5625 2871 5680 iut'ra
2905 5629 3331 5685 consentientes.

502 5700 856 5771 Auxentium,
890 5697 1022 5753 u.’7
1051 5709 1104 5754 et
1129 5700 1215 5764 15,
1247 5713 1459 5754 necnon
1505 5711 1572 5751 ex
1611 5697 1705 5753 lib.
1753 5706 1768 5755 ι
1798 5700 2083 5771 Augustini

474 5776 687 5831 cutura
720 5770 1143 5825 Maximittumc.
1175 5772 1230 5827 6.

574 5843 651 5917 (b)
677 5842 768 5900 Sic
789 5840 1025 5914 pmiores
1053 5857 1183 5901 mss.
1211 5844 1279 5907 At
1301 5840 1459 5916 Bad.,
1485 5840 1641 5914 Er.et
1660 5844 1809 5918 Lips.
1833 5858 1928 5909 nec
1947 5841 2088 5927 quod

2258 5698 2331 5770 (ι)
2358 5698 2447 5754 Sic
2478 5698 2598 5753 Par.
2633 5712 2777 5770 _cunt
2816 5699 3282 5768 perstantioribus
3333 5710 3463 5757 mss.
3500 5701 3615 5759 Vat.
3640 5699 3761 5770 itast.

2191 5762 2374 5837 sint,
2405 5769 2585 5833 Colb.,
2616 5762 2945 5839 Carn.,'etc.
2976 5772 3478 5831 Atcumuonnutlis
3501 5774 3613 5829 aliis
3647 5762 3758 5829 Bai.

2205 5853 2261 5901 et
2282 5845 2373 5906 Er.
2403 5843 2772 5915 decuissemus.
2806 5842 2955 5919 Lips.
2979 5842 3266 5913 decutiunt.
3421 5841 3428 5851 '
3696 5844 3699 5849 ’

3930 832 3933 887 4

3932 894 3933 949 1

3932 980 3933 1023 i

3932 1084 3933 1129 ἡ

3932 1264 3933 1311 i
