3988 6332
207 324 315 379 213
1425 300 1514 366 DE
1558 297 1937 366 TRiNITATE
1969 297 2178 364 LIBER
2212 303 2322 364 VII.
3411 307 3518 366 214

206 438 353 494 dium
383 389 1074 506 responsloms’adversum
1101 427 1412 486 Iudaeorum
1440 421 1664 495 impiam
1697 433 1814 476 mo-
1838 421 1888 483 Α
1915 417 2161 478 vinitatis
2185 419 2472 478 veritatem
2507 419 2565 476 in
2589 418 2751 480 Patre
2775 426 2830 478 et
2850 419 2993 479 Filio
3019 423 3326 490 contuetur,
3353 423 3517 480 abso.

208 541 319 587 tum
344 573 358 597 ,
388 544 486 602 per
508 543 666 600 quem
698 540 868 598 usque
895 524 962 581 ad
987 523 1317 580 voluntatem
1343 514 1633 574 inferendae
1663 525 1810 570 mcr-
1914 515 2244 573 tutissimum
2283 521 2713 584 sacramentum,
2753 515 2914 588 ιω
2952 525 3016 573 nt
3050 517 3244 574 eadem
3272 516 3521 574 faciemlo

211 621 282 678 tis
305 619 726 692 esagitabat’tttir
747 659 763 686 ,
785 623 1028 688 aptatum
1057 614 1218 688 188
1247 620 1349 667 est.
1375 609 1509 666 Nam
1530 603 1597 663 ad
1626 606 1811 663 violati
1911 608 2080 665 Filius
2127 608 2378 664 similiter
2420 607 2614 676 faciat,
2644 615 2702 664 et
2744 609 2996 666 similiter
3040 609 3294 668 faciendo
3319 610 3514 667 eadem

205 709 416 771 sabbati
439 712 709 783 objectum
731 710 834 766 sibi
857 717 1063 765 reatum
1087 707 1331 774 dixerat,
1361 702 1522 759 Pater
1544 719 1685 758 meus
1717 717 1810 756 us-

205 825 300 882 que
316 807 488 864 adhuc
512 814 753 878 operatur
774 849 789 873 ,
831 815 880 860 et
903 819 995 876 ego
1016 818 1196 873 operor
1219 819 1238 857 :
1269 808 1328 854 ut
1371 811 1661 868 usurpasse
1703 796 1808 853 hoc

203 918 267 960 ex
293 902 619 958 auctoritate
663 898 1063 970 intelligeretur
1091 895 1168 970 (a)
1194 892 1461 964 exempli;
1495 893 1807 964 significans

203 1004 385 1053 tamen
417 996 520 1051 hoc
543 1037 556 1061 ,
588 993 730 1066 quod
755 995 869 1064 ipse
891 999 1105 1062 ageret.
1134 989 1306 1044 Patris
1335 1001 1456 1044 esse
1477 997 1614 1055 cpus
1642 984 1804 1041 intel-

202 1088 473 1164 ligendum
500 1131 515 1156 ,
565 1086 690 1161 quia
724 1087 840 1158 ipse
871 1085 924 1140 in
956 1099 1016 1140 se
1063 1089 1383 1154 operaretur
1411 1086 1692 1151 operante.
1740 1079 1807 1133 Et

199 1199 418 1241 rursum
450 1182 744 1238 adversum
770 1193 889 1235 eam
930 1176 1214 1242 invidiam,
1246 1187 1350 1244 qua
1392 1189 1451 1228 se
1487 1187 1583 1242 per
1627 1183 1804 1241 pater-

204 1293 332 1332 num
377 1289 576 1332 nomen
610 1274 721 1329 Deo
748 1278 1116 1342 cxmquasset,
1151 1268 1268 1323 hmc
1310 1267 1574 1324 subdidit:
1606 1267 1800 1332 Anien,

196 1383 347 1423 amen
377 1368 493 1422 dico
522 1367 684 1432 vobis,
717 1381 817 1419 non
848 1373 1010 1434 potest
1051 1361 1225 1416 Filius
1251 1360 1312 1414 alt
1340 1377 1394 1414 se
1445 1363 1616 1433 facere
1645 1360 1800 1431 quid-

198 1475 374 1531 quam,
415 1459 515 1514 nisi
559 1457 702 1530 quod
729 1457 912 1511 viderit
959 1454 1166 1509 Patrem
1213 1454 1502 1522 facientem.
1534 1453 1611 1508 Ne
1642 1453 1804 1523 igitur

198 1554 504 1625 exaequatio
535 1552 626 1607 illa
658 1567 757 1624 per
783 1565 982 1606 nomen
1015 1559 1368 1618 naturamque
1391 1547 1483 1601 lilii
1517 1546 1677 1601 fidem
1707 1563 1804 1601 na.

199 1648 423 1702 tivitatis
450 1644 722 1710 auferret;
745 1645 821 1700 ait
849 1642 1046 1698 Filium
1077 1641 1146 1696 ab
1173 1655 1232 1697 se
1255 1641 1431 1696 facere
1457 1639 1588 1695 nihil
1620 1655 1798 1710 posse,

198 1741 298 1796 nisi
331 1739 478 1812 quod
509 1739 724 1794 Patrem
757 1737 1043 1794 facientem
1077 1736 1320 1790 vidisset.
1353 1735 1420 1790 Et
1461 1744 1520 1790 ut
1555 1743 1800 1792 maneret

1913 703 2022 760 sint
2049 702 2169 775 ipsa
2197 699 2269 775 (e)
2293 715 2414 772 qua:
2442 701 2633 758 faciat:
2664 702 2791 773 quia
2828 703 2932 760 sub
2967 719 3072 761 una
3102 705 3206 761 hac
3242 704 3522 777 signiﬁca-

1909 798 2059 853 tione
2082 805 2349 854 testentur
2378 804 2433 853 et
2459 796 2712 853 similiter
2741 797 2882 854 facta
2929 801 3268 858 nativitatem
3287 839 3306 868 ,
3339 807 3397 858 et
3419 813 3514 856 eno

1912 891 2038 948 dem
2072 892 2210 947 facta
2241 895 2510 946 naturam.

1983 986 2070 1042 19.
2112 985 2496 1041 Demanstratio
2537 997 2750 1055 cperunt
2779 986 3099 1043 nativitatem
3133 988 3346 1061 ingerit,
3387 1004 3494 1044 non

1906 1079 2299 1151 ignorationem.
2331 1076 2385 1132 Ν
2388 1088 2540 1133 οεινω
2559 1078 2683 1149 ﬁdei
2710 1081 2982 1135 instructio
3000 1090 3093 1136 est.
3129 1080 3270 1136 Velle
3295 1083 3517 1153 quid.»

1907 1169 2081 1227 Tenet
2120 1170 2304 1240 itaque
2345 1173 2718 1241 responsionis
2743 1172 3032 1228 dominicae
3068 1172 3202 1228 ordo
3229 1173 3518 1230 ecclesias-

1908 1264 2028 1320 ticae
2057 1264 2178 1320 ﬁdei
2208 1266 2474 1336 integrum
2513 1265 2760 1321 ordinem
2783 1307 2799 1334 ,
2833 1277 2892 1322 ut
2923 1282 3021 1323 nec
3047 1267 3324 1323 discernat
3351 1278 3512 1324 natu.

1905 1371 2045 1422 ram,
2074 1368 2128 1411 et
2155 1355 2422 1427 signiﬁcet
2453 1358 2813 1414 nativitatem.
2836 1357 2950 1415 Hoc
2975 1376 3207 1432 namque
3227 1360 3470 1433 sequitur
3496 1380 3512 1418 :

1905 1447 2068 1504 Pater
2097 1451 2232 1503 enim
2253 1449 2422 1522 diligit
2453 1449 2678 1520 Filium,
2709 1461 2756 1507 et
2780 1455 2958 1509 Omnia
2985 1455 3304 1511 demonstrat
3323 1457 3371 1510 ei
3394 1471 3510 1526 qua:

1903 1542 2013 1613 ipse
2039 1543 2197 1613 facit;
2227 1553 2274 1598 et
2301 1547 2501 1618 majora
2543 1545 2728 1599 horum
2757 1562 2915 1617 opera
2941 1547 3310 1603 demonstrabit
3343 1551 3412 1614 ei,
3457 1558 3512 1604 ut

1904 1649 1993 1690 vos
2018 1637 2362 1691 admiremini.
2395 1635 2544 1693 Sicut
2580 1639 2715 1693 enim
2756 1638 2912 1696 Pater
2939 1642 3152 1697 suscitat
3194 1651 3424 1699 mortuos
3465 1649 3514 1698 et

1905 1728 2146 1798 viviﬁcat,
2176 1729 2252 1783 sic
2278 1739 2326 1783 et
2355 1727 2528 1784 Filius
2547 1747 2677 1802 quos
2716 1733 2821 1788 suit
2855 1734 3079 1804 ainiﬁcat
3109 1732 3334 1806 (Ibidem
3365 1735 3439 1791 ΞΟ
3462 1745 3511 1791 et

199 1833 456 1889 salutaris
485 1832 538 1887 in
566 1831 725 1887 Patre
755 1840 812 1886 et
842 1829 981 1885 Filio
1007 1825 1368 1885 confessionis
1399 1839 1602 1885 nostrai
1631 1829 1800 1895 ordo;
1832 1835 1882 1904 Β
1905 1821 1968 1875 21
1993 1818 2034 1893 ).
2059 1819 2216 1877 Anne
2241 1820 2639 1879 demonstratio
2658 1839 2882 1896 operum
2909 1826 3057 1882 aliud
3083 1827 3170 1883 hic
3199 1827 3355 1884 nobis
3376 1843 3518 1900 pm.

203 1935 456 1983 naturam
477 1925 776 1981 nativitatis
798 1923 1054 1990 ostendit,
1079 1938 1200 1994 quae
1220 1929 1540 1993 potestatem
1567 1921 1806 1979 efﬁcien-

201 2020 254 2077 di
285 2035 395 2078 non
418 2035 512 2092 per
543 2021 876 2076 incrementa
897 2018 1226 2074 indultarum
1267 2017 1333 2074 ad
1388 2018 1810 2089 unumquodque

210 2125 346 2184 opus
372 2114 562 2168 virium
592 2119 864 2179 sumeret,
897 2109 990 2168 sed
1013 2111 1081 2167 de
1103 2109 1412 2182 cognitione
1433 2120 1806 2182 praesumeret:

210 2213 562 2277 praesumeret
585 2216 766 2263 autem
807 2221 915 2261 non
952 2205 1021 2261 de
1065 2205 1248 2276 aliquo
1287 2205 1466 2276 operis
1512 2205 1810 2276 corporalis

203 2299 473 2371 exemplo,
497 2297 772 2370 utaliquid
798 2299 942 2369 prius
964 2298 1128 2354 Pater
1155 2299 1356 2354 faceret
1375 2297 1440 2354 ad
1470 2298 1547 2371 (it)
1574 2299 1646 2365 id,
1664 2296 1810 2368 quod

203 2403 390 2464 postea
415 2391 586 2447 Filius
633 2393 870 2448 facturus
895 2400 1075 2450 esset:
1122 2391 1218 2448 sed
1248 2406 1371 2448 cum
1413 2401 1599 2447 natura
1627 2391 1727 2448 Dei
1752 2392 1810 2448 in

203 2495 454 2542 naturam
487 2485 578 2542 Dei
610 2485 977 2553 substitisset,
1012 2485 1064 2540 id
1087 2494 1204 2554 est,
1231 2501 1296 2541 ex
1323 2485 1486 2542 Patre
1520 2485 1686 2542 Filius
1714 2500 1811 2542 ηαδ

200 2589 282 2636 tus
306 2589 496 2648 esset;
524 2597 619 2653 per
644 2579 858 2638 virtutis
883 2596 947 2636 ac
976 2589 1185 2636 naturae
1206 2580 1261 2636 in
1291 2595 1352 2638 se
1403 2589 1644 2652 pateram
1666 2595 1798 2637 con-

199 2676 487 2732 scientiam
514 2676 645 2732 nihil
669 2676 736 2734 ab
757 2691 834 2744 se,
867 2677 970 2733 nisi
992 2677 1135 2749 quod
1165 2677 1378 2734 Patrem
1401 2677 1687 2735 facientem
1712 2679 1803 2734 via

199 2769 414 2838 disset,
463 2767 658 2826 Filium
710 2769 890 2828 facere
941 2786 1100 2842 posse
1146 2779 1374 2826 testatos
1416 2781 1552 2828 est:
1603 2781 1807 2828 etcum

201 2865 514 2936 unigenitus
545 2867 690 2922 Deus
723 2875 959 2937 paterna;
987 2864 1200 2922 virtutis
1238 2865 1640 2936 Operationibus
1677 2881 1810 2938 ope~

198 2969 453 3026 raretur,
504 2967 713 3015 tantum
761 2960 863 3015 sibi
917 2959 984 3013 ad
1039 2957 1346 3014 faciendum
1404 2968 1804 3029 praesumeret,

199 3061 463 3122 quantum
488 3052 539 3106 in
559 3051 889 3107 conscientia
913 3065 1008 3106 sua
1033 3061 1212 3117 esset,
1246 3051 1659 3122 inseparabilem
1686 3067 1716 3106 a
1748 3063 1808 3108 se

203 3145 294 3202 Dei
328 3147 505 3216 patris
529 3181 544 3212 ,
575 3159 734 3217 quam
761 3160 860 3218 per
895 3145 1186 3216 legitimam
1233 3145 1566 3199 nativitatem
1597 3142 1810 3201 obtine»

1916 1926 1998 1973 ter
2036 1925 2196 1988 quam
2229 1917 2528 1974 nativitatis
2568 1917 2730 1976 ﬁdem
2771 1920 2988 1993 ingerit,
3029 1929 3090 1978 ut
3127 1921 3516 1980 subsistentem

1913 2015 2105 2071 Filium
2129 2030 2193 2070 ex
2223 2015 2550 2082 subsistente
2573 2018 2684 2075 Deo
2712 2028 2863 2089 patre
2889 2020 3210 2076 credamus?
3235 2019 3348 2076 Nisi
3376 2019 3518 2076 forte

1912 2123 2009 2180 per
2058 2107 2453 2179 ignorationem
2507 2099 2812 2167 credendus
2861 2123 2946 2169 est
2995 2113 3310 2185 unigenitus
3370 2114 3517 2171 Deus

1912 2201 2157 2258 doctrina
2187 2201 2668 2260 demonstrationis
2697 2206 2946 2276 eguisse;
2975 2206 3072 2262 sed
3106 2208 3384 2264 temeritas
3412 2207 3517 2262 im—

1911 2296 2014 2366 piae
2058 2294 2218 2366 hujus
2255 2295 2672 2353 existimationis
2711 2313 2820 2354 non
2851 2299 3171 2356 admittitur.
3204 2299 3324 2357 Non
3367 2301 3514 2357 enim

1912 2388 2096 2446 doceri
2133 2397 2256 2460 eget
2283 2390 2363 2462 (l)
2391 2388 2462 2463 (f)
2495 2391 2585 2463 qui
2632 2391 2892 2464 quidquid
2928 2391 3207 2449 docendus
3245 2393 3315 2448 sit
3354 2391 3512 2448 sciat.

1911 2483 2042 2540 Nam
2073 2494 2258 2555 postea
2289 2498 2449 2555 quam
2474 2484 2587 2540 ait:
2613 2483 2776 2541 Pater
2804 2485 2976 2558 diligit
3006 2484 3231 2556 Filium,
3256 2496 3307 2541 et
3335 2487 3512 2542 omnia

1911 2578 2228 2634 demonstrat
2269 2580 2315 2634 si
2340 2593 2456 2649 quia
2494 2579 2604 2652 ipse
2646 2580 2769 2652 facit
2799 2598 2820 2635 .-
2849 2588 2911 2635 ut
2944 2579 3263 2636 ostenderet
3297 2593 3518 2636 omnem

1910 2669 2052 2728 hanc
2070 2673 2246 2728 Patris
2265 2672 2781 2730 demonstrationem
2805 2673 2928 2730 ﬁdei
2952 2681 3152 2729 nostra:
3172 2687 3296 2730 esse
3313 2672 3521 2730 docui.

1911 2781 2060 2834 nam,
2082 2774 2142 2821 ut
2166 2766 2376 2823 scilicet
2398 2776 2453 2824 et
2477 2767 2638 2824 Pater
2659 2766 2817 2823 nobis
2844 2769 2898 2822 in
2921 2767 3270 2824 confessione
3296 2773 3522 2824 essetet

1910 2859 2103 2926 Filius,
2140 2869 2196 2915 et
2228 2875 2296 2916 ne
2320 2875 2424 2930 qua
2469 2859 2557 2915 hic
2585 2861 2856 2931 ignoratio
2885 2859 2939 2915 in
2971 2860 3111 2916 Filio
3138 2868 3323 2932 posset
3348 2859 3515 2916 intel-

1911 2954 2021 3026 ligi,
2069 2958 2154 3011 cui
2196 2955 2358 3011 Pater
2395 2967 2559 3029 opera
2599 2957 2804 3025 omnia,
2834 2971 2954 3028 quas
2993 2959 3113 3028 ipse
3149 2957 3374 3025 faceret,
3414 2956 3515 3012 de-

1909 3056 2272 3116 monstraret;
2301 3051 2557 3104 continuo
2578 3049 2656 3104 ait
2679 3066 2693 3105 ε
2716 3049 2786 3103 Et
2804 3053 3008 3118 maiora
3027 3052 3213 3106 horum
3238 3067 3396 3120 opera
3419 3049 3514 3104 deo

1909 3143 2213 3196 monstrabit
2258 3143 2326 3208 ei,
2368 3152 2423 3196 ut
2468 3156 2557 3196 vos
2598 3143 2948 3198 admiremini.
2993 3143 3141 3199 Sicut
3177 3143 3316 3198 enim
3355 3139 3518 3198 Βίτων

200 3237 327 3306 bat,
363 3253 522 3308 posse
565 3246 833 3294 naturam.
877 3238 995 3294 Non
1023 3239 1165 3293 enim
1212 3238 1586 3307 corporalibus
1630 3238 1805 3294 modis
1832 3245 1875 3309 ί]
1908 3236 2120 3292 suscitat
2152 3245 2383 3291 mortuos
2417 3246 2464 3292 et
2491 3237 2734 3308 vivificat,
2767 3239 2843 3292 sic
2876 3247 2924 3292 et
2953 3235 3125 3292 Filius
3151 3251 3277 3310 quos
3305 3236 3414 3292 salt
3441 3235 3519 3291 oi-

201 3329 272 3405 (c)
305 3333 456 3388 Deus
481 3331 650 3398 videt,
679 3332 775 3388 sed
807 3332 957 3388 visus
981 3332 1031 3387 ei
1081 3330 1259 3387 omnis
1287 3330 1343 3386 in
1376 3331 1570 3387 virtute
1598 3342 1806 3388 naturai

201 3435 302 3481 est.

273 3520 368 3574 18.
400 3519 539 3574 [tum
565 3535 746 3576 sanest
783 3534 948 3576 OINIA
985 3519 1139 3590 facit,
1168 3535 1270 3575 non
1308 3520 1441 3574 alius
1470 3520 1634 3586 ;dttm
1663 3533 1803 3576 sm-

203 3631 401 3680 u'rstt,
447 3617 587 3671 alius
612 3626 706 3671 est.
759 3646 828 3657 —
856 3616 1099 3686 Denique
1140 3615 1403 3684 subjecit:
1442 3613 1631 3670 Omnia
1669 3617 1805 3695 epim

204 3726 540 3782 quacumque
567 3711 693 3781 facit
722 3709 880 3766 Pater
903 3752 916 3777 ,
945 3712 1118 3766 eadem
1146 3719 1194 3765 et
1222 3706 1395 3764 Filius
1422 3710 1546 3780 facit
1571 3709 1806 3766 similiter

201 3801 484 3876 (Ibidem).
505 3803 760 3858 Similiter
787 3803 918 3858 illud
948 3803 1014 3859 ad
1037 3801 1486 3874 signiﬁcationem
1511 3802 1806 3858 nativitatis

199 3898 400 3968 adjecit
424 3918 439 3954 :
477 3900 650 3953 omnia
676 3913 807 3953 vero
829 3907 886 3955 et
915 3903 1092 3953 eadem
1121 3898 1190 3952 ad
1218 3898 1566 3954 ostendenda)
1598 3907 1805 3954 naturai

198 3993 485 4055 veritatem
517 3992 732 4048 locutus
766 4001 867 4046 est.
900 3991 959 4046 In
992 3991 1076 4046 his
1100 3992 1274 4058 enim,
1308 4003 1432 4062 qua:
1460 3999 1516 4046 et
1540 4005 1807 4062 quiscum-

197 4101 293 4155 que
316 4096 376 4141 et
405 4086 585 4140 eadem
625 4093 788 4153 sunt,
825 4100 927 4140 nec
970 4085 1258 4141 diversitas
1287 4091 1467 4156 potest
1502 4099 1654 4155 esse,
1706 4098 1806 4142 nec

205 4179 285 4250 (ά)
309 4179 608 4247 reliquum.
641 4180 818 4250 Atque
842 4179 912 4233 ita
942 4181 992 4234 in
1025 4187 1213 4234 natura
1237 4177 1426 4233 eadem
1448 4189 1562 4243 est,
1593 4180 1682 4234 cui
1710 4195 1803 4234 ea-

201 4272 325 4328 dem
351 4270 538 4328 omnia
570 4286 728 4341 pcsse
761 4279 962 4327 natura:
997 4272 1086 4328 sit.
1123 4269 1221 4328 Ubi
1265 4287 1392 4326 vero
1436 4272 1670 4327 similiter
1710 4283 1806 4345 per

201 4363 404 4420 Filium
437 4364 626 4421 eadem
657 4365 838 4419 omnia
871 4365 1040 4432 fiunt,
1081 4364 1382 4420 similitudo
1409 4379 1635 4434 operum
1677 4365 1808 4422 solii

204 4458 453 4513 tudinem
499 4459 776 4528 operantis
806 4457 1067 4512 exclusit:
1101 4467 1161 4511 ut
1187 4457 1364 4512 omnis
1395 4474 1514 4528 quae
1541 4457 1699 4514 Pater
1725 4458 1805 4513 fa-

201 4548 298 4613 cit,
327 4549 524 4605 eadem
553 4550 734 4604 omnia
776 4547 1027 4604 similiter
1055 4546 1218 4605 faciat
1245 4555 1298 4605 et
1344 4547 1534 4606 Filius.
1574 4549 1698 4607 iiarc
1725 4557 1808 4607 est

1908 3329 2098 3399 viﬁcat.
2129 3329 2532 3385 Demonstratio
2551 3345 2680 3402 ergo
2705 3329 2868 3385 futuri
2891 3330 3074 3401 operis
3094 3345 3205 3386 non
3236 3331 3516 3400 ignoratur

1907 3439 1937 3480 a
1966 3425 2124 3492 Filio,
2153 3423 2239 3481 cui
2271 3422 2374 3480 hoc
2402 3422 3024 3491 demonstrandumest,
3051 3431 3110 3478 ut
3133 3421 3384 3493 exemplo
3415 3434 3513 3491 pit-

1908 3528 2080 3576 terna:
2111 3529 2321 3574 natura:
2347 3526 2595 3574 mortuos
2621 3515 2880 3573 viviﬁcet.
2909 3517 2985 3571 Ea
3007 3516 3152 3572 enim
3179 3515 3397 3572 Patrem
3418 3511 3516 3568 de.

1907 3623 2334 3671 monstraturum
2380 3612 2520 3669 Filio
2567 3611 2725 3680 dicit,
2768 3627 2889 3682 qua:
2931 3610 3198 3666 orirentur
3242 3625 3257 3664 :
3293 3617 3348 3664 et
3394 3620 3517 3677 qua

1908 3707 2097 3764 eadem
2147 3715 2331 3763 essent
2376 3705 2488 3773 illa,
2538 3717 2662 3760 mox
2712 3702 2896 3759 docuit
2932 3718 2947 3756 :
2979 3702 3131 3758 Sicut
3178 3701 3317 3757 enim
3355 3698 3516 3755 Pater

1907 3800 2118 3857 suscitat
2144 3807 2373 3854 mortuos
2399 3804 2448 3852 et
2472 3796 2716 3867 uiuiﬁcat,
2735 3796 2810 3851 sic
2836 3803 2884 3850 et
2906 3792 3076 3848 Filius
3102 3808 3229 3862 quos
3250 3791 3360 3846 uult
3385 3791 3516 3846 uiri-

1908 3894 2030 3964 βοαί
2067 3890 2258 3964 (Ibid.,
2290 3887 2404 3961 21).
2437 3888 2730 3959 Equuata
2758 3886 2929 3942 virtus
2958 3893 3046 3942 est
3071 3897 3166 3956 per
3193 3893 3403 3940 natura:
3429 3881 3514 3938 in-

1908 3987 2188 4043 dissimilis
2236 3985 2524 4039 unitatem.
2574 3983 2644 4038 Et
2687 3981 3082 4037 demonstratio
3121 3992 3348 4049 operum
3400 3991 3511 4032 non

1909 4080 2264 4152 ignorationis
2294 4076 2580 4134 instructio
2609 4065 2714 4144 est,
2743 4075 2840 4131 sed
2867 4085 3069 4130 nostris
3089 4073 3212 4128 fidei
3238 4088 3254 4128 :
3282 4087 3402 4144 quae
3433 4069 3516 4144 (a)

1910 4189 2016 4230 non
2041 4173 2178 4228 Filio
2200 4169 2479 4228 scientiam
2502 4170 2892 4241 ignoratorum,
2915 4165 3012 4222 sed
3035 4165 3193 4221 nobis
3215 4162 3516 4221 confessio-

1911 4283 2033 4324 nem
2060 4265 2361 4322 nativitatis
2391 4263 2615 4332 invexit,
2640 4261 2970 4318 c0nilrmans
2995 4270 3114 4315 eam
3149 4267 3245 4329 per
3267 4255 3342 4321 id,
3367 4253 3514 4327 quod

1910 4362 2013 4419 sibi
2059 4359 2241 4416 omnia
2279 4368 2466 4415 essent
2502 4357 2872 4412 demonstrata
2917 4368 3037 4426 qua:
3080 4359 3284 4421 posset.
3328 4348 3516 4420 Neque

1911 4457 2052 4513 enim
2083 4470 2190 4512 non
2222 4455 2677 4525 circumspectum
2705 4465 2766 4506 se
2797 4448 3042 4506 cmlestis
3065 4459 3248 4502 sermo
3281 4445 3412 4517 egit,
3445 4459 3521 4502 ne

1911 4552 2052 4610 forte
2081 4551 2314 4608 diversae
2345 4556 2553 4605 natura:
2576 4544 2902 4620 significatio
2928 4542 3030 4598 sub
3060 4538 3350 4596 occasione
3377 4536 3512 4594 dicti

202 4656 352 4697 verae
407 4641 702 4697 nativitatis
742 4640 1091 4711 intelligentia
1115 4684 1130 4707 ,
1183 4649 1238 4696 et
1267 4639 1392 4697 ﬁdei
1427 4655 1660 4711 nostrae,
1689 4660 1808 4715 qua:
1834 4657 1886 4718 D
1914 4647 2150 4719 ambigui
2181 4645 2523 4715 subreperet.
2553 4641 2932 4697 Demonstrata
2969 4633 3129 4710 190
3153 4631 3299 4690 enim
3332 4629 3380 4687 ei
3413 4640 3514 4703 po-

203 4749 267 4792 ex
303 4745 514 4792 natura:
540 4729 738 4792 divinae
781 4735 1020 4804 unitate,
1049 4735 1208 4793 unius
1237 4735 1701 4810 indiﬂ‘erentisque
1723 4738 1807 4794 di-

274 4877 362 4952 (l)
396 4877 495 4945 Qui
521 4877 667 4947 quid.

277 5014 365 5084 (a)
393 5013 638 5070 Christus
660 5015 1066 5072 ostenditse‘ex
1097 5013 1416 5070 auctoritate
1443 5011 1678 5084 exempli
1707 5007 1807 5084 ha-

204 5083 427 5142 berent
449 5098 572 5157 agat
600 5088 739 5158 quod
780 5087 936 5142 Pater
957 5129 972 5154 ,
1002 5088 1126 5142 dum
1159 5089 1265 5152 ait,
1300 5104 1399 5141 non
1441 5094 1603 5158 potest
1635 5083 1806 5158 Filius

204 5159 267 5230 ab
287 5176 345 5214 se
371 5155 537 5225 facere
562 5155 842 5230 quidquam
861 5160 958 5214 nisi
988 5160 1189 5225 uiderit,
1221 5168 1353 5227 etc.,
1381 5155 1517 5214 sicut
1543 5155 1809 5230 significat

206 5225 356 5285 Patri
388 5225 596 5301 sibique
648 5225 808 5286 unam
845 5239 900 5286 et
928 5246 1269 5286 communem
1317 5225 1438 5285 esse
1475 5225 1667 5300 agendi
1699 5228 1808 5281 vir-

208 5309 382 5358 tutem
407 5345 421 5368 ,
469 5318 590 5357 cum
621 5303 840 5372 adjicit,
892 5303 1046 5356 Pater
1076 5320 1212 5356 meus
1240 5319 1397 5371 usque
1425 5302 1576 5355 modo
1619 5315 1806 5368 opera-

207 5383 315 5446 tur,
348 5381 395 5428 et
422 5389 512 5446 ego
532 5387 739 5446 operor.
772 5373 947 5430 Prima
986 5373 1236 5446 induendi
1265 5376 1474 5446 ratione
1511 5387 1571 5428 se
1599 5379 1806 5438 natum,

207 5443 381 5516 altera
408 5443 465 5516 se
492 5445 735 5516 ejusdem
767 5461 888 5502 cum
912 5443 1072 5501 Patre
1101 5451 1304 5501 naturm
1331 5445 1509 5500 docet.

282 5515 365 5588 (ὁ)
397 5512 648 5573 Voculam
681 5518 737 5571 id
776 5518 1069 5589 adjecimus
1097 5533 1162 5573 ex
1191 5533 1321 5573 mss.
1352 5517 1582 5572 Mentem
1626 5512 1813 5589 Hilarii

209 5585 475 5643 illustrant
513 5585 972 5660 Augustinivbrha
998 5599 1184 5644 contra
1214 5590 1391 5645 Serm.
1425 5591 1617 5660 Arian.
1640 5604 1689 5642 c.
1716 5585 1808 5660 14,

212 5661 302 5711 ubi
339 5661 410 5713 ait
439 5659 634 5716 Filium
667 5675 771 5716 nun
803 5660 980 5717 facere
1013 5663 1113 5716 nisi
1156 5661 1294 5726 quod
1327 5659 1501 5715 videl:
1537 5659 1654 5730 quia
1681 5659 1812 5712 videt

211 5747 266 5786 se
297 5734 494 5806 exipso
531 5733 754 5803 faciendi
796 5735 980 5788 habere
1010 5735 1316 5806 potentiam,
1350 5748 1551 5806 ecquo
1580 5747 1633 5806 se
1659 5731 1814 5806 ridet

1916 4742 2022 4796 tius
2047 4753 2214 4811 cpera
2244 4737 2420 4793 Patris
2458 4749 2582 4792 esse
2615 4735 2691 4790 ait
2721 4731 2826 4804 (lt),
2853 4745 3016 4802 quam
3045 4729 3117 4785 ad
3143 4727 3518 4800 operationem

1910 5023 2070 5084 terms
2088 5008 2478 5084 conscientiam.
2507 5007 2573 5064 ν.
2596 5007 2696 5084 lib.
2730 5008 2797 5084 de
2827 5008 3034 5084 Synod.
3067 5025 3122 5065 n.
3155 5008 3247 5066 75.

1986 5082 2056 5154 (e)
2087 5082 2201 5138 Vox
2239 5079 2408 5149 Deus,
2441 5096 2559 5152 qum
2594 5079 2649 5136 in
2680 5075 2910 5154 vulgatis
2948 5081 3166 5150 deerat,
3217 5075 3518 5136 restituitur

1912 5171 1976 5210 8X
2003 5169 2134 5210 mss.

1985 5227 2067 5296 (d)
2096 5226 2149 5280 id
2177 5233 2293 5294 est,
2321 5238 2420 5280 nec
2445 5223 2736 5294 quidquam
2766 5225 2909 5294 quod
2950 5241 3057 5281 non
3085 5223 3347 5281 indultum
3370 5261 3387 5291 ,
3415 5213 3514 5279 sed

1914 5299 2089 5353 adhuc
2121 5298 2282 5353 veluti
2304 5304 2568 5352 retentum
2600 5296 2669 5350 sit
2694 5305 2747 5352 et
2787 5308 3142 5352 reservatum.

1991 5369 2060 5442 (e)
2091 5365 2384 5442 Exemplar
2410 5370 2568 5442 Carn.
2600 5365 2935 5442 quazjaciant
2963 5385 2981 5423 :
3009 5368 3169 5442 male.

1991 5372 2038 5442 (e
2091 5372 2384 5439 Exemplar
2410 5372 2568 5423 Carn.
2600 5384 2715 5436 quin
2743 5372 2935 5436 faciant
2963 5385 2981 5423 :
3009 5372 3169 5423 male.

1989 5372 2219 5518 (fg‘Bad.
2262 5440 2666 5518 quicquidquis.
2710 5439 2802 5496 Er.
2832 5438 3073 5518 quiquid
3100 5438 3239 5518 Aquis.
3282 5435 3518 5494 Sustulit

1920 5509 2117 5570 deinde
2147 5509 2293 5584 Lips.
2326 5509 2459 5582 quis.
2495 5511 2687 5568 Verius
2719 5509 2849 5567 mss.
2879 5509 2963 5578 qui
2988 5509 3259 5581 qttidquid.

1991 5579 2241 5660 (g)__Puta'.
2261 5579 2648 5640 demonstratio
2672 5599 2916 5656 cperunt.
2945 5579 3048 5640 Pro
3069 5579 3182 5654 qua:
3202 5595 3325 5650 non,
3353 5579 3521 5640 habet

1921 5657 2030 5712 ms.
2059 5657 2174 5711 Vat.
2208 5659 2323 5712 bas.
2352 5673 2532 5728 neque.

1997 5730 2078 5799 (lt)
2108 5729 2164 5784 in
2193 5722 2512 5801 quibusdam
2542 5742 2672 5783 mss.
2700 5742 2982 5798 perperam
3011 5727 3100 5782 hic
3125 5723 3388 5781 additura
3409 5722 3522 5779 Do-

217 5799 498 5858 ezsistendi
527 5799 712 5859 habere
742 5815 976 5860 naturam
994 5799 1019 5860 τ’
1054 5804 1185 5860 nihil
1217 5807 1359 5860 enim
1390 5799 1531 5858 aliud
1574 5803 1673 5858 sibi
1702 5801 1817 5856 vult
1920 5805 2060 5857 mino
2083 5817 2102 5855 :
2128 5799 2250 5857 cum
2297 5799 2521 5856 verbum
2556 5801 2629 5855 ait
2674 5801 2740 5855 ad
2767 5801 3048 5858 caelestem
3077 5812 3384 5855 sermonem
3426 5811 3516 5852 re-

218 5874 369 5950 quod
396 5876 477 5932 hic
519 5877 832 5948 subjicitur,
874 5894 964 5958 per
985 5878 1188 5934 virtutis
1228 5893 1289 5932 ac
1317 5887 1512 5933 natura:
1540 5875 1593 5931 in
1642 5891 1695 5932 se
1720 5889 1815 5945 pa-

1916 5874 2140 5930 feratur.
