3988 6332
504 267 614 329 915

1740 259 1988 319 SANCTI
2028 259 2281 320 “HJARH
2324 259 2631 322 EPISCOPI
3671 277 3752 333 illi

497 406 693 452 eorum
730 398 978 447 naturam
1006 388 1221 446 virtutis
1249 387 1519 459 adjectam
1551 402 1566 442 :
1611 393 1670 442 ut
1712 384 2114 443 demonstratio
2143 383 2190 446 Α
2219 399 2381 457 quam
2413 393 2474 440 ut
2497 395 2553 442 et
2577 383 2656 460 (c)
2687 394 2845 442 natus
2869 399 3014 455 esse,
3039 399 3140 444 ncc
3171 394 3350 444 tamen
3373 385 3611 448 differens
3628 392 3755 450 doce.

502 487 621 561 ipsa
649 485 942 544 nativitatis
967 501 1086 543 esse
1113 485 1413 542 substantia
1441 484 1756 549 doceretur.
1787 482 1872 538 cui
1903 496 2000 553 per
2027 481 2112 538 di-

502 581 796 638 lecﬁonem
827 579 1022 643 Patris.
1053 595 1278 648 Operum
1307 588 1680 650 paternorum,
1714 593 1835 648 qua:
1865 592 1960 648 per
1987 591 2111 633 eum

506 671 648 730 efﬁci
680 671 864 740 vellet,
897 679 1043 728 esset
1071 680 1305 727 connata
1333 673 1591 743 cognitio.
1625 671 1794 727 Porro
1823 681 2006 727 autem
2042 687 2111 726 ne

503 781 604 839 per
629 765 1110 822 demonstrationis
1141 765 1564 837 professiOnem,
1610 765 1910 836 ignorantis
1951 765 2005 820 in
2045 778 2111 819 eo

501 869 712 917 naturae
753 858 1043 915 diversitas
1070 860 1415 925 crederetur;
1444 874 1506 914 ea
1549 861 1662 930 ipsa
1695 856 1772 931 (a)
1799 873 1918 929 qua:
1949 858 2114 927 proti-

503 961 644 1010 tetur
669 951 1118 1016 demonstranda,
1153 966 1261 1007 non
1305 952 1496 1008 nescit.
1525 950 1709 1021 USqtte
1736 945 1873 1005 adeo
1906 965 2011 1004 tton
2043 947 2110 1004 de

502 1049 739 1119 exempli
790 1046 1114 1102 auctoritate
1147 1055 1400 1117 gesturus
1445 1052 1548 1110 est,
1590 1053 1647 1099 ut
1693 1041 1932 1099 viviﬁcet
1973 1054 2110 1112 quos

501 1144 650 1201 velit.
687 1143 841 1200 Velle
887 1143 1032 1200 enim
1079 1153 1285 1198 natura:
1327 1143 1546 1198 libertas
1583 1149 1689 1209 est,
1719 1156 1840 1213 qua:
1877 1139 1943 1194 ad
1985 1154 2108 1210 per-

499 1240 662 1298 fecue
709 1240 925 1296 virtutis
972 1237 1359 1294 beatitudinem
1405 1253 1525 1294 cum
1580 1235 1788 1294 arbitrii
1831 1236 2108 1292 voluntate

500 1333 782 1390 subsistat.

573 1428 667 1485 20.
697 1428 969 1483 Judicium
1010 1443 1158 1482 omne
1203 1427 1382 1482 datum
1421 1435 1665 1481 naturam
1703 1436 1750 1480 et
1792 1424 2109 1479 nativitatem

502 1522 706 1594 probat.
750 1521 1021 1576 Judicium
1055 1523 1256 1589 datum,
1292 1531 1344 1574 ut
1377 1520 1589 1575 honoris
1615 1520 1681 1574 sit
1715 1518 2006 1590 wqualitas.
2036 1545 2108 1557 —

497 1617 580 1676 Ac
609 1633 680 1675 ne
706 1619 986 1688 deinceps,
1019 1615 1164 1688 quod
1185 1630 1323 1686 quos
1352 1613 1468 1668 vult
1498 1613 1757 1679 viviﬁcat,
1787 1627 1893 1666 non
1916 1610 2109 1666 nativi-

504 1712 634 1768 tatis
665 1710 943 1767 videretur
974 1709 1028 1766 in
1058 1724 1118 1766 se
1147 1708 1353 1764 habere
1385 1716 1627 1763 naturam
1651 1749 1666 1775 ,
1693 1705 1788 1762 sed
1829 1719 1935 1761 non
1967 1715 2106 1760 natae

2215 488 2385 536 retur.

2288 574 2380 630 2-1.
2416 573 2545 629 Tota
2575 574 2638 630 de
2666 572 2810 629 Filio
2849 575 2979 647 ﬁdes
3007 577 3207 630 eruitur
3245 593 3308 632 ex
3336 578 3579 648 pradictis
3605 580 3756 640 Christi

2215 670 2396 725 verbis.
2422 701 2492 712 -——
2521 670 2679 726 Pater
2708 670 2871 742 igitur
2901 687 3072 741 usque
3100 671 3261 727 modo
3283 683 3545 754 operatur,
3567 687 3613 732 et
3635 679 3757 751 ιθι

2217 761 2388 817 Filius
2415 772 2693 834 operatur.
2722 763 2897 819 llahes
2927 773 3132 820 natura:
3159 765 3398 832 nomina,
3426 782 3540 822 cum
3562 777 3610 824 et
3636 769 3761 827 Pater

2215 866 2472 926 operatur
2511 865 2565 912 et
2605 857 2764 912 lilius.
2808 856 3051 929 Intelligo
3089 867 3144 913 et
3180 868 3427 914 naturam
3460 861 3536 932 (ά)
3569 861 3667 929 Dei,
3689 879 3761 934 per

2215 955 2376 1022 quam
2420 951 2562 1007 Deus
2593 961 2873 1022 operatur,
2908 962 3246 1023 operantem.
3288 953 3368 1009 Ac
3407 969 3472 1010 ne
3509 954 3633 1010 forte
3658 955 3764 1013 duas

2215 1046 2565 1117 Operationes
2593 1055 2906 1102 naturarum
2939 1047 3286 1104 dissimilium
3313 1049 3582 1105 existimes
3603 1049 3764 1106 intelli-

2213 1137 2451 1210 gendas;
2500 1149 2774 1196 memento
2813 1140 2882 1196 de
2931 1154 3079 1196 cmco
3127 1141 3331 1198 dictum
3374 1141 3533 1199 fuisse
3563 1161 3575 1197 :
3603 1143 3692 1200 Sed
3726 1156 3764 1199 ut

2215 1231 2611 1305 manifesteutur
2658 1250 2814 1305 Opera
2863 1232 2961 1288 Dei
3003 1236 3056 1289 in
3099 1251 3156 1290 eo
3195 1249 3213 1294 ε
3250 1253 3331 1291 me
3378 1248 3565 1307 oportet
3604 1242 3765 1312 operari

2213 1343 2369 1400 opera
2414 1331 2530 1402 ejus
2573 1329 2659 1398 qui
2702 1344 2782 1383 me
2815 1329 2950 1382 misit
2990 1327 3171 1402 (Joan.
3216 1347 3292 1397 ιχ,
3333 1331 3412 1402 5).
3451 1330 3508 1388 In
3549 1348 3610 1387 eo
3646 1349 3764 1404 ergo,

2213 1421 2357 1492 quod
2387 1431 2645 1491 Operatur
2673 1421 2867 1489 Filius,
2895 1438 3034 1493 opus
3065 1423 3242 1479 Patris
3269 1433 3391 1480 cst:
3421 1434 3472 1480 et
3503 1441 3624 1496 opus
3650 1427 3764 1495 Filii,

2213 1531 2350 1586 opus
2385 1516 2477 1572 Dei
2506 1525 2611 1572 est.
2655 1515 2722 1571 Et
2751 1516 2819 1573 de
2854 1517 3115 1589 operibus
3154 1534 3390 1590 sequens
3433 1520 3600 1576 adhuc
3625 1536 3768 1578 sermo

2213 1619 2318 1665 est.
2348 1609 2572 1665 Interim
2599 1625 2745 1666 nunc
2770 1610 2909 1666 nihil
2929 1611 3073 1666 aliud
3099 1611 3305 1669 studuit
3329 1614 3622 1684 responsio,
3642 1629 3768 1684 quam

2213 1713 2273 1759 ut
2301 1719 2462 1768 omne
2503 1719 2641 1775 opus
2683 1704 2912 1762 referret
2955 1705 3022 1761 ad
3063 1717 3381 1777 utrumque;
3415 1708 3486 1780 (ε)
3536 1709 3770 1779 utriusque

503 1804 689 1876 potius
720 1803 1005 1874 potestatis
1025 1803 1150 1874 jure
1177 1803 1507 1868 subsistere;
1538 1800 1797 1856 continuo
1825 1799 2058 1870 subjecit
2092 1817 2104 1853 :
2141 1801 2187 1861 Β
2215 1809 2399 1856 autem
2426 1809 2616 1854 natura
2640 1799 3006 1855 nondiﬁ‘erret
3027 1800 3306 1872 operandi,
3337 1817 3461 1858 eum
3490 1803 3540 1858 in
3561 1817 3638 1869 eo,
3659 1803 3770 1874 quod

505 1895 622 1951 Nec
643 1895 778 1950 enim
802 1893 962 1949 Pater
976 1894 1187 1968 judicat
1206 1910 1529 1965 quemquam,
1557 1893 1648 1948 sed
1682 1908 1831 1947 omne
1847 1891 2109 1967 judicium

504 1992 646 2047 dedit
677 1989 820 2046 Filio
851 1990 1159 2063 (lbid.,22).
1191 1989 1260 2046 Et
1291 1991 1344 2044 in
1375 2003 1461 2056 eo,
1491 1987 1634 2059 quod
1663 2002 1822 2042 omne
1842 1985 2109 2057 judicium

499 2087 687 2144 datum
723 2095 828 2154 est,
882 2094 936 2141 et
986 2093 1177 2140 natura
1227 2093 1283 2140 et
1333 2083 1590 2138 nativitas
1637 2081 2049 2137 demonstratur
2093 2097 2106 2136 :

502 2182 630 2254 quia
657 2190 712 2238 et
737 2179 920 2237 omnia
951 2179 1154 2236 habere
1193 2178 1309 2234 sola
1340 2188 1534 2234 natura
1566 2177 1740 2248 possit
1771 2174 2108 2243 indifferens,

500 2289 680 2346 neque
706 2273 965 2330 nativitas
992 2270 1194 2343 aliquid
1226 2271 1399 2342 possit
1421 2269 1640 2336 habere,
1666 2269 1773 2325 nisi
1799 2268 1986 2324 datum
2015 2268 2106 2324 sit.

501 2365 700 2422 Datum
727 2373 908 2422 autem
935 2379 1100 2420 omne
1119 2363 1384 2433 judicium
1412 2373 1530 2429 est;
1553 2360 1677 2436 quia
1709 2360 1944 2417 viviﬁcat
1972 2375 2111 2432 quos

503 2460 643 2517 vult.
676 2459 860 2532 Neque
885 2458 1197 2528 ademptum
1227 2455 1374 2512 Patri
1404 2455 1666 2526 judicium
1698 2462 1874 2525 potest
1899 2451 2109 2520 videri,

505 2569 630 2612 cum
661 2554 780 2624 ipse
818 2565 929 2608 non
955 2550 1162 2621 judicet
1187 2569 1200 2603 :
1224 2549 1349 2620 quia
1381 2546 1503 2603 Filii
1527 2547 1790 2619 judicium
1815 2562 1876 2600 ex
1904 2544 2112 2615 judicio

505 2650 579 2706 sit
613 2656 876 2720 paterno;
909 2646 978 2701 ab
1007 2661 1075 2702 eo
1097 2645 1242 2702 enim
1277 2644 1462 2700 datum
1503 2657 1664 2699 omne
1696 2641 1962 2714 judicium
2003 2650 2109 2700 est.

504 2741 614 2800 Sed
647 2741 759 2797 dati
783 2739 970 2811 judicii
1006 2754 1168 2795 causa
1191 2753 1298 2794 non
1325 2737 1486 2793 tacita
1513 2745 1616 2792 est.
1643 2736 1901 2810 Sequitur
1927 2738 2071 2793 enim
2095 2756 2108 2791 :

504 2834 614 2892 Sed
645 2833 907 2910 judicium
930 2849 1078 2888 omne
1104 2832 1244 2887 dedit
1271 2830 1444 2895 Filio,
1477 2841 1531 2885 ut
1557 2847 1730 2887 onmes
1775 2830 2113 2900 honoriﬁcent

506 2929 560 2985 F
563 2929 735 2996 ilium,
757 2929 889 2984 sicut
911 2925 1256 2997 honorificam
1277 2924 1506 2980 Patrem.
1544 2923 1644 2990 Qui
1673 2939 1776 2978 non
1805 2923 2113 2993 honoriﬁcat

502 3021 723 3087 Filium,
741 3039 843 3076 non
861 3018 1380 3090 honoriﬁcatPatrem
1392 3019 1479 3090 qui
1494 3018 1629 3072 misit
1642 3018 1811 3086 illum(
1821 3015 1957 3072 Ibid.
1969 3017 2082 3088 ,25)
2095 3059 2108 3074 .

505 3115 642 3186 Quid
658 3115 710 3189 (l
723 3116 740 3186 )
754 3114 939 3186 igitur,
954 3113 1393 3182 oro,dere|ictum
1414 3120 1497 3168 est
1513 3111 1856 3180 suSpicionis,
1872 3120 1964 3166 aut
1984 3109 2112 3181 quid

2217 1907 2387 1964 usque
2414 1893 2590 1948 adhuc
2634 1893 2796 1949 Pater
2819 1903 3098 1965 operatur,
3138 1905 3397 1966 operatur
3423 1904 3478 1952 et
3506 1895 3660 1962 Filius
3685 1914 3697 1950 :
3721 1911 3772 1951 ne

2215 1985 2306 2057 qui
2337 1984 2590 2042 dominus
2629 1987 2838 2043 sabbati
2877 1997 2958 2043 est
3001 1987 3277 2060 (dominus
3318 1998 3402 2046 est
3421 1989 3562 2045 enim
3600 1990 3770 2046 sabbati

2215 2079 2356 2135 ﬁlius
2386 2078 2621 2135 hominis
2656 2121 2671 2147 ,
2716 2078 2846 2134 Luc.
2878 2095 2954 2148 vr,
3003 2080 3058 2152 5)
3087 2125 3102 2150 ,
3141 2082 3302 2152 impie
3342 2082 3558 2152 operari
3587 2083 3770 2138 sabbato

2214 2172 2550 2241 crederetur,
2575 2171 2728 2244 cujus
2749 2188 2886 2244 opus
2905 2187 3001 2244 per
3017 2172 3316 2230 nativitatis
3340 2185 3590 2232 naturam
3606 2176 3771 2246 paterni

2215 2267 2268 2324 in
2298 2283 2356 2325 se
2380 2269 2561 2340 operis
2590 2277 2737 2324 esset
2770 2269 3084 2326 auctoritas.
3113 2269 3231 2327 Non
3258 2271 3604 2328 confunditur
3629 2273 3774 2342 itaque

2215 2371 2307 2417 aut
2336 2362 2587 2418 aboletur
2618 2372 2832 2429 natura,
2862 2378 2932 2419 ne
2959 2363 3101 2420 ﬁlius
3128 2365 3197 2420 sit
3228 2382 3240 2418 :
3268 2379 3370 2421 nec
3395 2375 3576 2422 tamen
3597 2380 3772 2420 rursum

2215 2453 2474 2512 adimitur
2514 2465 2728 2526 natura,
2760 2472 2829 2512 ne
2867 2457 3012 2514 Deus
3049 2458 3139 2514 sit.
3174 2457 3283 2514 Nec
3321 2458 3687 2515 discernuntur
3715 2457 3774 2512 di-

2216 2548 2497 2616 versitate,
2528 2566 2598 2607 ne
2624 2566 2789 2607 unum
2818 2551 2929 2607 sint
2956 2569 2969 2606 :
2999 2568 3174 2625 neque
3201 2552 3344 2625 quod
3376 2569 3542 2610 unum
3570 2561 3711 2617 sunt,
3735 2553 3775 2606 id

2219 2651 2404 2715 potest
2430 2652 2692 2714 praestare
2721 2643 2789 2717 (f)
2815 2660 2883 2701 ne
2911 2653 3138 2718 uterque
3167 2646 3256 2704 sit.
3293 2648 3356 2703 Et
3384 2649 3617 2719 primum
3642 2647 3776 2702 ﬁlium

2220 2748 2512 2806 cognosce,
2541 2752 2665 2791 cum
2688 2736 2918 2793 dicitur:
2950 2737 3072 2794 Non
3095 2748 3258 2812 potest
3280 2737 3329 2792 F
3333 2742 3458 2797 ilius
3484 2741 3546 2796 ab
3571 2757 3620 2796 se
3645 2745 3779 2812 facere

2216 2827 2518 2898 quidquam,
2552 2830 2651 2883 nisi
2675 2831 2813 2901 quod
2850 2831 3034 2886 viderit
3083 2831 3296 2889 Patrem
3331 2837 3605 2906 facientem
3628 2834 3776 2909 (locis.

2218 2939 2272 2990 v,
2305 2923 2418 2994 19).
2447 2922 2628 2981 Habes
2650 2925 2987 2982 nativitatem
3019 2927 3136 2995 lilii,
3167 2943 3285 2999 qute
3312 2931 3380 2984 ab
3411 2944 3474 2985 se
3495 2930 3623 2986 nihil
3645 2927 3779 3000 possit

2219 3015 2421 3083 facere,
2453 3017 2556 3074 nisi
2586 3017 2784 3074 videat.
2817 3019 2874 3075 In
2906 3035 2972 3076 eo
2998 3030 3201 3088 autem,
3232 3021 3378 3093 quod
3409 3022 3480 3078 ab
3501 3038 3559 3080 se
3581 3022 3697 3077 nihil
3715 3035 3780 3092 po-

2219 3118 2344 3178 test,
2376 3111 2814 3168 innascibilitatis
2840 3112 3029 3169 adimit
3059 3129 3339 3182 errorem;
3371 3116 3442 3172 ab
3463 3131 3523 3173 se
3545 3116 3778 3174 enimnon

499 3211 768 3282 reliquum
785 3217 871 3265 est
892 3207 957 3263 ad
975 3208 1305 3276 impietatem
1323 3205 1649 3264 occasionis?
1671 3204 1944 3259 Palernon
1957 3204 2108 3278 judi-
2137 3211 2181 3274 ο
2216 3213 2394 3276 potest
2416 3220 2576 3276 posse
2603 3207 2855 3263 nativitas
2879 3225 2893 3262 :
2917 3208 3058 3281 quod
3084 3220 3264 3266 autem
3294 3211 3465 3280 videt,
3489 3214 3564 3286 (g)
3583 3211 3779 3268 consciae

501 3314 587 3360 cat
600 3321 924 3376 quemquam,
939 3304 1028 3358 sed
1043 3319 1192 3357 omne
1202 3301 1460 3375 judicium
1472 3299 1610 3354 dedit
1627 3297 1786 3354 Filio.
1801 3297 1996 3354 Judicii
2010 3313 2078 3353 au
2091 3326 2108 3338 -

503 3405 616 3454 tem
661 3397 773 3452 dati
797 3412 862 3453 ea
899 3411 1060 3452 causa
1089 3405 1192 3459 est,
1223 3407 1281 3449 ut
1307 3393 1474 3450 Filius
1499 3395 1762 3463 exequati
1793 3392 2014 3448 honoris
2045 3392 2112 3447 ad

502 3489 720 3547 Patrem
745 3490 838 3558 sit,
867 3498 922 3546 et
945 3489 1332 3546 inhonoriﬁcus
1358 3488 1495 3545 Filio
1521 3487 1911 3544 inhonoriﬁcus
1931 3499 1984 3546 et
2013 3489 2112 3546 Pa-

502 3579 574 3640 tri
615 3583 710 3638 sit.
750 3584 816 3638 Et
843 3583 1117 3654 quomodo
1154 3591 1280 3654 post
1309 3581 1424 3638 haec
1455 3581 1775 3653 intelligitur
1815 3582 2111 3639 nativitatis

505 3675 728 3734 diﬂerre
749 3689 961 3744 natura,
992 3692 1152 3748 quam
1183 3692 1289 3731 non
1319 3675 1494 3732 solum
1518 3674 1594 3748 (b)
1617 3675 1882 3746 operatio,
1911 3677 2104 3744 virtus,

503 3770 705 3839 honor,
752 3770 849 3827 sed
897 3773 1061 3826 etiam
1098 3770 1430 3825 contumelia
1481 3770 1660 3840 negati
1708 3768 1932 3825 honoris
1966 3784 2110 3825 exm-

501 3863 676 3936 quat?
704 3863 849 3920 Niltil
877 3863 1044 3936 igitur
1073 3864 1242 3926 aliud,
1274 3879 1433 3934 quam
1465 3873 1868 3920 sacramentum
1899 3862 2111 3918 nativi-

503 3957 654 4024 tatis,
679 3973 860 4014 sermo
879 3973 1022 4014 nunc
1042 3957 1242 4013 divinae
1258 3956 1631 4028 responsionis
1653 3955 1909 4012 ostendit.
1927 3955 2110 4028 Neque

502 4051 664 4111 aliter
715 4054 890 4126 potuit
937 4063 1030 4108 aut
1084 4052 1276 4110 debuit
1317 4050 1492 4108 Filius
1530 4069 1560 4106 a
1608 4051 1768 4108 Patre
1814 4051 2107 4123 distingui,

2217 3299 2272 3354 in
2298 3315 2358 3356 se
2379 3311 2584 3356 natura:
2605 3303 2943 3373 signiﬁcatur
2962 3306 3192 3376 agnitio.
3217 3305 3287 3362 Et
3308 3307 3361 3362 in
3385 3324 3454 3365 eo
3477 3325 3614 3366 nunc
3632 3322 3780 3364 veram

2216 3393 2313 3449 Dei
2350 3409 2621 3466 cognosce
2665 3405 2912 3452 naturam
2947 3417 2961 3453 :
2995 3397 3340 3468 Quacumque
3377 3404 3515 3458 enim
3551 3404 3635 3459 ille
3665 3403 3780 3474 facit,

2216 3486 2391 3542 eadem
2427 3497 2476 3543 et
2503 3485 2678 3544 Filius
2710 3491 2836 3562 facit
2873 3493 3110 3547 similiter
3139 3492 3412 3567 (Ibidem).
3445 3496 3523 3571 (It)
3558 3497 3676 3553 Post
3709 3510 3783 3549 na-

2218 3591 2353 3638 tura:
2391 3591 2574 3639 autem
2615 3584 2894 3651 virtutem,
2929 3597 3137 3642 naturai
3178 3605 3272 3660 per
3299 3590 3349 3646 id
3378 3589 3784 3647 intlissimilisin-

2218 3677 2402 3748 tellige
2427 3678 2691 3734 unitatem
2724 3695 2738 3733 :
2772 3677 2842 3735 Ut
2866 3697 3040 3738 omnes
3067 3682 3410 3754 honori/irent
3448 3683 3660 3749 Filiam.
3680 3684 3784 3740 sicut

2219 3771 2562 3841 honoriﬁcam
2583 3771 2794 3830 Patrem
2818 3778 2907 3848 qui
2934 3779 3072 3834 misit
3102 3779 3250 3852 illum
3279 3779 3328 3854 (1
3339 3780 3476 3849 bid.,
3509 3783 3622 3853 23).
3646 3781 3713 3837 Ac
3733 3791 3786 3833 ne

2218 3871 2272 3922 te
2299 3874 2506 3921 naturae
2530 3867 2710 3923 unitas
2737 3869 2790 3924 in
2822 3871 3049 3927 solitarii
3072 3873 3271 3929 unione
3300 3874 3609 3942 contineat;
3639 3887 3788 3929 sacra-

2219 3967 2460 4015 mentum
2483 3959 2536 4015 in
2558 3975 2624 4016 eo
2647 3961 2770 4018 lidei
2793 3962 2940 4020 disce
2973 3983 2984 4018 :
3013 3965 3116 4034 Qui
3143 3983 3246 4021 non
3267 3967 3577 4040 Itonoriﬁcat
3597 3966 3786 4031 Filium,

2221 4069 2323 4107 non
2354 4052 2664 4127 honorificat
2695 4053 2907 4112 Patrem
2925 4058 3012 4130 qui
3042 4059 3179 4116 misit
3198 4059 3344 4116 illum
3375 4059 3647 4135 (Ibidem).
3674 4059 3788 4118 Con-

578 4214 659 4287 (ι)
694 4214 856 4270 Deest
886 4212 1066 4286 igitur.
1110 4211 1276 4268 Paulo
1305 4219 1448 4283 post,
1478 4214 1567 4264 aut
1589 4207 1713 4280 quid
1739 4209 1998 4274 relictum;
2039 4224 2102 4266 ac
2131 4207 2350 4277 deinde,
2389 4210 2548 4269 Pater
2593 4231 2695 4270 non
2723 4215 2945 4286 iudicat,
2987 4227 3036 4274 et
3073 4235 3223 4276 omne
3234 4221 3500 4292 judicium
3526 4221 3658 4278 dedit
3679 4220 3785 4292 ﬁlio.

497 4355 505 4366 '
573 4352 651 4424 (a)
681 4350 741 4406 In
769 4366 902 4424 mss.
932 4349 1293 4424 Carn.,Corb.
1317 4357 1379 4424 _et
1405 4347 1683 4424 nonnullis
1705 4347 1848 4411 aliis,
1875 4363 1990 4419 qua:
2010 4364 2113 4404 non

497 4419 823 4498 profitetur:
850 4421 991 4498 Mo_x_
1018 4423 1074 4498 in
1115 4421 1430 4498 vetustiore
1472 4419 1634 4498 Colb.
1689 4435 1952 4498 gessurtts,
2003 4435 2112 4476 non

497 4490 756 4568 gesturus.
788 4493 944 4568 Quod
977 4493 1066 4547 hic
1096 4491 1295 4547 dicitur
1321 4490 1538 4568 :_l_lsque
1566 4490 1700 4544 adeo
1721 4507 1823 4545 non
1853 4492 1918 4544 de
1940 4507 2110 4568 egerm-

496 4562 574 4641 pli
601 4567 907 4641 auctoritate
925 4574 1161 4641 gesturus
1188 4573 1281 4625 est,
1308 4562 1524 4641 videtur
1547 4577 1783 4641 pugnare
1807 4577 1927 4616 cum
1951 4563 2108 4641 dictis

499 4635 654 4694 hum.
700 4639 787 4702 l7,
822 4635 1126 4693 ubi‘Filius
1152 4635 1418 4690 asseritur
1446 4650 1510 4688 ea:
1544 4636 1848 4688 auctoritate
1887 4636 2107 4703 exempli

495 4713 754 4766 virtutem
793 4710 987 4780 agendi
1028 4722 1345 4780 usurpasse.
1375 4705 1446 4761 At
1489 4715 1718 4780 uterque
1765 4705 1916 4761 locus
1953 4707 2106 4780 facile

497 4778 850 4848 conciliatur,
873 4796 996 4836 cum
1028 4779 1332 4846 auctoritas,
1357 4794 1509 4834 num.
1542 4778 1629 4843 l7,
1667 4787 1870 4832 tantum
1886 4778 2051 4847 geniti
2076 4795 2102 4832 a

497 4855 748 4925 genitore
790 4854 1053 4925 originem
1104 4861 1282 4925 sonet,
1329 4851 1416 4906 hic
1463 4849 1844 4925 vernusuliditi
1885 4851 2104 4925 domino

497 4921 797 4983 éxltibitam
845 4921 1186 4980 servitutem.
1243 4922 1540 4993 Utrumque
1583 4921 1714 4976 illud
1762 4921 1937 4976 eidem
1987 4921 2105 4976 loco

496 4997 837 5066 reSpOﬂtlellS
882 4996 1212 5066 Augustinus
1251 5005 1444 5050 contra
1478 4995 1658 5050 Serm.
1705 4993 1888 5066 Arian.
1931 5007 1981 5046 c.
2009 4994 2102 5059 Ξῖ),

497 5063 886 5141 εἰς’θχριὶοειιε
931 5063 1043 5141 Nec
1080 5063 1252 5121 Filius
1290 5084 1321 5121 a
1350 5083 1405 5141 se
1440 5076 1604 5138 potest
1645 5065 1945 5141 quidquam,
1986 5067 2106 5141 quia

499 5159 594 5196 nec
618 5135 728 5212 ipse
756 5158 788 5194 a
812 5140 1107 5209 semetipso,
1137 5154 1240 5192 non
1269 5140 1407 5210 quod
1441 5135 1494 5192 in
1521 5136 1756 5193 omnibus
1786 5147 1967 5192 nutum
2000 5135 2107 5189 Pa-

501 5216 596 5268 tris
625 5220 897 5284 exspectet.

567 5305 642 5378 (b)
671 5305 1023 5361 Martinianus
1044 5319 1147 5359 ms.
1182 5303 1411 5378 Operatio
1441 5301 1660 5378 virtutis.
1689 5300 1956 5378 yat._bas.
1981 5317 2106 5371 ape-

492 5371 848 5432 rat'aa'virtutis
871 5378 1037 5432 honor
1066 5393 1084 5430 :
1118 5377 1454 5447 perturbate.
1489 5371 1831 5447 Filius_Patri
1855 5387 2110 5447 exAzeqtta~

493 5457 583 5506 tur
610 5449 946 5517 Operatione,
982 5443 1334 5504 dum'eadem
1361 5445 1488 5501 facit
1518 5459 1639 5517 quae
1668 5444 1858 5517 Pater;
1887 5443 2105 5517 virtute,

496 5519 627 5592 dum
651 5515 755 5583 ita,
790 5529 848 5574 ttt
876 5521 1055 5585 Pater,
1091 5535 1228 5592 quos
1255 5519 1368 5592 vult
1398 5516 1672 5584 viviﬁcat;
1707 5515 1950 5583 honore,
1982 5515 2112 5570 dum

500 5591 572 5647 ab
599 5592 850 5647 omnibus
878 5605 961 5648 est
991 5589 1460 5648 honoriﬁcandus.

573 5688 647 5760 (c)
677 5688 842 5752 Editi,
884 5699 1036 5744 natus
1078 5699 1228 5745 esset.
1270 5689 1338 5743 Λι
1373 5688 1426 5743 in
1467 5685 1926 5760 plerisquenmss.
1956 5693 2108 5760 natus

495 5755 638 5816 essef
660 5761 860 5815 Deinde
886 5761 940 5818 in
973 5762 1249 5826 euntibus,
1289 5776 1378 5813 nec
1403 5755 1584 5822 tamen
1612 5755 1966 5826 indi/ferens:
1995 5755 2108 5812 for-

497 5833 637 5889 sitan
668 5829 933 5891 sincerius
965 5848 1060 5904 per
1087 5823 1466 5890 ltellcnismutn
1497 5829 1699 5888 Ililariu
1732 5823 1841 5888 non
1877 5829 2106 5888 inusita-

2221 4362 2370 4437 tum...
2386 4353 2599 4426 Quippe
2638 4357 2824 4437 l.ib._t_l_e
2850 4360 3057 4437 Synod.
3084 4378 3138 4418 n.
3166 4364 3256 4430 75,
3289 4364 3523 4435 legimus
3555 4382 3641 4433 per
3673 4364 3788 4437 simi-

2219 4425 2487 4480 litudinem
2514 4425 2617 4508 tigri
2638 4425 2979 4508 indi/ferentis
3000 4425 3253 4497 essenlite,
3281 4425 3377 4505 pro
3409 4455 3503 4508 per
3529 4425 3791 4508 similitudi-

2217 4513 2337 4579 nem
2364 4515 2468 4582 non
2491 4499 2774 4582 differentis
2802 4508 3059 4582 assentiar.
3092 4507 3208 4582 Alia
3238 4499 3552 4579 hujusinodi
3573 4506 3790 4579 exempla

2217 4570 2268 4622 in
2301 4570 2492 4626 eodem
2525 4573 2663 4628 libro
2693 4584 2748 4628 et
2775 4576 2900 4630 alibi
2932 4578 3172 4649 reperire
3203 4587 3306 4635 est.

2290 4665 2366 4735 (ιι)
2407 4665 2749 4723 Desideratur
2776 4669 2874 4724 Dei
2917 4672 2968 4725 in
3011 4687 3112 4727 ms.
3144 4672 3264 4727 Vat.
3302 4673 3422 4729 bas.
3457 4673 3538 4731 Ex
3575 4675 3790 4731 subnexo

2135 4771 2184 4830 D
2213 4733 2511 4807 Scriptura:
2543 4740 2665 4795 loco
2693 4742 2892 4812 pendet
2922 4742 3078 4813 hujus
3120 4747 3513 4816 pr0positionis
3547 4747 3789 4818 probatio.

2284 4832 2352 4904 (ε)
2385 4831 2740 4907 Martinianus
2771 4851 2875 4892 ms.
2907 4839 3174 4906 utriusque
3203 4841 3340 4894 enim
3369 4851 3557 4897 natura
3588 4858 3684 4896 non
3705 4838 3791 4907 dif-

2211 4903 2367 4980 ferret
2395 4921 2570 4975 opera.
2605 4906 2837 4980 Lipsiet
2869 4909 2992 4964 Par.
3024 4903 3289 4980 utriusque
3325 4913 3459 4966 enim
3501 4926 3682 4969 natura
3706 4903 3790 4965 non

2210 4973 2694 5116 ZLIZI'Ztquerando.
2729 4978 2964 5038 Verbum
2995 4973 3227 5050 differret
3255 4985 3462 5055 regitur
3483 5001 3512 5041 a
3542 4983 3791 5057 particulis

2287 5141 2355 5220 (f)
2382 5141 2438 5196 ld
2469 5153 2586 5220 est,
2607 5161 2676 5202 ne
2704 5155 2931 5219 uterque
2959 5150 3240 5220 proprium
3269 5151 3572 5208 exsistendi
3599 5149 3792 5208 modum

2217 5210 2413 5270 habeat
2441 5217 2509 5271 ab
2537 5210 2715 5274 altero
2742 5210 3074 5277 distinctum:

2288 5306 2386 5391 (g).
2412 5309 2564 5391 Apud
2613 5311 2770 5391 ΒΜ..
2802 5314 3138 5391 conscientia.
3187 5315 3360 5391 Apud
3394 5317 3544 5391 Lips.
3596 5328 3648 5373 et
3685 5315 3789 5370 Par.

2214 5381 2438 5463 censcia.
2483 5381 2542 5436 In
2580 5399 2683 5439 ms.
2731 5383 2894 5463 Carn.
2939 5381 3282 5463 conscientite.
3317 5381 3512 5463 Verius
3557 5391 3647 5446 Er.
3686 5401 3789 5463 cum

2219 5450 2492 5534 plerisque
2524 5470 2654 5510 mss.
2685 5458 2950 5534 _conscite._
2973 5458 3257 5534 Sic___tnox,
3299 5462 3519 5516 conscire
3553 5457 3789 5534 potestatis

2218 5522 2327 5608 licet?
2347 5539 2445 5577 vox
2467 5535 2585 5608 est
2602 5537 2668 5608 et.
2684 5528 2838 5583 initio
2862 5530 3020 5601 hujus
3047 5531 3192 5608 libri,
3217 5522 3432 5587 conscia:
3453 5522 3788 5604 inﬁrmitatis:

2217 5593 2434 5650 demum
2468 5599 2520 5652 itt
2549 5599 2690 5655 Psal.
2720 5593 3001 5669 intrauit.
3038 5602 3124 5669 15,
3157 5593 3377 5660 conscire
3405 5607 3456 5659 in
3488 5593 3542 5659 δέ
3567 5605 3754 5659 salutis.

2221 5760 2233 5772 Ο
2289 5689 2371 5762 (It)
2401 5690 2566 5775 Etliti,
2604 5706 2931 5775 peritarum.
2974 5695 3198 5775 Rectius
3241 5713 3380 5775 mss:
3415 5709 3550 5772 post,
3595 5695 3786 5775 supple.

2210 5768 2320 5842 iam
2363 5768 2640 5836 cognitam,
2689 5769 2934 5839 proximo
2970 5769 3088 5826 scil.
3135 5769 3258 5828 loco
3295 5787 3308 5826 :
3343 5768 3680 5842 Quacumque
3717 5768 3785 5838 fa-

2209 5832 2298 5905 cit,
2325 5832 2431 5890 etc.
