3988 6332
161 317 264 375 ς,ΞΠ

1402 320 1489 377 DE
1520 321 1894 380 TRINITATE
1927 321 2130 379 LIBER
2169 322 2279 380 Vll.

3356 322 3462 380 218

163 431 307 492 clusa
336 439 464 488 sunt
493 432 677 489 omnia
703 433 990 491 adversum
1016 434 1259 492 ltmretici
1289 435 1488 494 luroris
1519 438 1753 510 ingenia.
1783 441 1834 502 Α
1862 438 2022 495 Patre
2053 453 2216 495 unum
2245 439 2334 507 sit,
2366 449 2421 496 et
2448 437 2524 514 (c)
2565 453 2730 496 unum
2761 452 2821 494 se
2851 437 3155 510 proﬁtendo
3198 453 3322 497 cum
3355 439 3461 496 Pa-

163 528 326 588 Filius
369 537 473 593 est,
517 529 642 600 quia
683 529 751 585 ab
777 544 836 586 se
867 529 998 585 nihil
1037 539 1216 602 potest
1253 551 1267 586 :
1304 531 1446 588 Deus
1488 542 1594 599 cst,
1633 533 1757 604 quia

162 635 513 695 quaecumque
541 620 701 677 Pater
744 620 905 688 facit,
935 632 991 678 ct
1022 623 1135 694 ipse
1162 623 1351 680 eadem
1381 623 1512 681 facit
1542 643 1555 680 :
1590 643 1753 682 unum

161 725 302 780 sunt,
353 715 478 786 quia
523 723 837 786 exchuatur
884 716 934 770 iit
988 717 1210 782 honore,
1259 717 1557 790 eademque
1604 719 1751 787 facit,

160 825 263 865 non
289 807 394 864 alia
427 826 442 863 :
474 823 582 864 non
605 819 687 866 est
713 819 868 880 pater
897 810 1044 882 ipse,
1076 813 1198 883 quia
1228 813 1423 870 missus
1449 823 1554 870 est.
1584 815 1754 873 llabet

158 905 315 977 igitur
347 903 453 962 lioc
492 908 816 962 sacramenti
850 907 963 963 sola
1008 907 1280 976 nativitas,
1313 918 1370 966 ut
1415 912 1750 983 complecta-

158 1007 240 1054 tur
260 997 314 1054 in
337 1013 397 1054 se
421 1007 474 1054 et
497 1013 715 1066 nomen,
740 1009 794 1055 et
817 1009 1082 1068 naturam,
1102 1011 1156 1058 et
1177 1012 1520 1074 potestatem,
1545 1017 1599 1061 et
1625 1023 1748 1076 pro-

158 1091 442 1148 fessionem
472 1109 486 1147 :
512 1092 635 1162 quia
664 1093 911 1150 universa
951 1096 1105 1169 192
1143 1097 1394 1153 nativitas
1429 1113 1534 1155 non
1575 1108 1753 1173 potest

155 1201 256 1242 non
285 1184 340 1241 in
371 1200 434 1241 ea
465 1199 586 1242 esse
615 1195 828 1255 natura,
855 1189 995 1250 unde
1028 1201 1296 1247 nascatur.
1321 1191 1436 1248 Non
1466 1193 1626 1251 aﬁ‘ert
1652 1211 1746 1251 ex-

154 1279 287 1335 terni
313 1279 530 1350 generis
559 1280 915 1337 substantiam
949 1299 963 1339 :
991 1284 1114 1355 quia
1145 1300 1211 1340 ex
1235 1300 1342 1340 uno
1366 1302 1471 1342 non
1504 1289 1751 1346 subsistit

153 1373 406 1429 alienum.
434 1371 588 1440 Quod
614 1381 794 1431 autem
819 1375 1055 1432 alienum
1083 1392 1112 1432 a
1142 1393 1203 1434 se
1234 1395 1339 1434 non
1364 1388 1465 1448 est,
1501 1381 1549 1436 id
1581 1398 1743 1437 unum

151 1474 231 1522 est
252 1481 455 1537 genere
485 1479 690 1522 natura:
716 1487 728 1522 :
760 1476 815 1523 et
841 1469 1099 1540 quidquid
1126 1487 1288 1527 unum
1322 1484 1402 1528 est
1431 1489 1526 1544 per
1551 1476 1746 1531 nativi-

152 1548 332 1630 tatem,
369 1577 476 1617 non
507 1560 671 1618 habet
710 1563 1090 1631 solitudinem;
1123 1568 1247 1638 quia
1281 1577 1335 1623 et
1363 1569 1598 1626 solitudo
1635 1571 1745 1628 sin-

148 1656 349 1728 gularis
374 1666 480 1723 est,
503 1665 558 1712 et
585 1657 884 1715 nativitatis
904 1669 990 1717 est
1020 1659 1198 1718 unitas
1227 1662 1294 1718 ad
1322 1673 1632 1738 utrumque.

211 1749 303 1805 22.
363 1750 674 1807 Arianorum
717 1754 846 1824 fides
891 1755 1124 1826 ipsorum
1173 1759 1456 1831 cognitioni
1503 1763 1734 1818 adversa.

1863 541 1962 602 tre,
2018 547 2128 589 non
2172 541 2350 589 tamen
2380 532 2460 606 (1)
2495 531 2573 606 (d)
2604 541 2664 589 ut
2701 532 2851 589 solus
2885 541 3090 589 tantum
3140 541 3303 604 atque
3347 535 3462 606 ipso

1861 636 2014 698 pater
2046 627 2357 684 intellectus
2399 627 2611 684 amittat
2639 642 2762 684 esse
2787 627 2928 698 quod
2968 625 3110 682 ﬁlius
3135 637 3241 682 est.
3271 627 3462 684 Testa-

1862 730 1946 778 tur
1981 722 2126 778 enim
2170 722 2402 793 primum
2445 731 2650 776 natura:
2699 721 2972 786 virtutem,
3004 735 3125 777 cum
3155 720 3224 776 de
3268 721 3458 777 ovibus

1857 815 1969 871 suis
1994 815 2069 870 ait
2100 835 2112 871 :
2150 814 2262 870 Nec
2293 817 2563 887 quisquam
2592 815 2670 888 (Ξ)
2700 815 2864 887 rapiet
2903 831 2992 870 eas
3036 815 3098 870 de
3139 830 3296 869 mantt
3338 832 3449 871 mea

1857 910 2023 986 (Ibid.
2054 910 2170 984 28).
2195 910 2440 968 Consciae
2467 913 2750 985 potestatis
2773 912 2888 969 haec
2909 927 3011 968 vox
3034 921 3138 980 est,
3163 913 3456 983 impertur-

1858 1007 1998 1064 batur
2025 1008 2240 1062 virtutis
2269 1007 2573 1063 libertatem
2605 1023 2703 1078 per
2733 1007 2806 1077 id,
2839 1006 2982 1078 quod
3019 1023 3178 1064 nemo
3215 1021 3346 1064 oves
3385 1007 3455 1064 de

1855 1115 2020 1156 manu
2051 1117 2148 1157 sua
2177 1101 2429 1172 abripiat,
2473 1101 2741 1158 conﬁteri.
2784 1103 2853 1158 At
2890 1116 3020 1157 vero
3063 1111 3122 1158 ut
3169 1102 3222 1158 in
3262 1111 3452 1158 natura

1852 1193 1980 1250 licet
2007 1195 2125 1263 Dei,
2156 1207 2363 1252 naturae
2392 1205 2568 1252 tamen
2597 1211 2662 1250 ex
2696 1197 2807 1252 Deo
2837 1194 2909 1250 sit
2939 1195 3284 1265 intelligenda
3315 1196 3454 1252 nati-

1853 1287 2029 1352 vitas;
2063 1289 2290 1358 subjecit
2320 1305 2334 1342 :
2367 1288 2525 1344 Pater
2550 1290 2687 1359 quod
2706 1289 2846 1345 dedit
2866 1289 2994 1344 mihi
3022 1293 3193 1364 majus
3231 1300 3305 1344 est
3345 1306 3454 1344 ont-

1851 1382 2190 1454 nibus(lbid.,
2218 1381 2330 1454 i9).
2350 1383 2465 1438 Non
2489 1384 2721 1439 occultat
2741 1399 2804 1439 ex
2830 1383 2990 1440 Patre
3008 1398 3129 1439 esse
3151 1399 3210 1439 se
3233 1391 3450 1440 natum:

1848 1476 1992 1548 quod
2039 1478 2180 1533 enim
2227 1493 2256 1532 a
2301 1477 2459 1534 Patre
2497 1479 2726 1550 accepit,
2761 1478 2915 1551 193
2948 1480 3115 1553 majus
3161 1487 3238 1533 est
3284 1479 3448 1532 omni-
3507 1515 3513 1521 .

1849 1570 1963 1626 bus.
1997 1569 2073 1643 (5)
2108 1570 2180 1643 (ε)
2211 1572 2278 1627 Et
2316 1571 2404 1644 qui
2449 1572 2678 1642 accepit,
2715 1581 2800 1627 est
2843 1571 2895 1626 in
2936 1587 3002 1627 eo
3049 1570 3192 1642 quod
3232 1570 3445 1641 accepit

1849 1666 2143 1734 nascendo,
2177 1681 2284 1722 non
2312 1676 2527 1737 postea;
2561 1675 2616 1723 et
2646 1678 2827 1722 tamen
2852 1682 2919 1722 ex
2946 1667 3056 1722 alio
3075 1674 3179 1734 est,
3207 1665 3335 1722 dum
3361 1680 3451 1722 ac-

1846 1761 2006 1830 cepit.
2041 1759 2146 1817 Sed
2173 1762 2260 1832 qui
2287 1778 2352 1816 ex
2381 1762 2508 1828 alio,
2537 1763 2766 1833 accepit,
2801 1776 2868 1818 ne
2891 1761 3034 1816 aliud
3066 1761 3192 1833 quid
3224 1761 3438 1833 potius,

150 1844 336 1900 Christi
367 1855 611 1915 potestas,
636 1849 878 1903 nativitas
904 1866 968 1906 ea:
1003 1850 1128 1915 Deo.
1163 1861 1349 1908 natura
1377 1855 1550 1910 divina
1577 1867 1622 1910 et
1654 1873 1741 1912 ea:-
1773 1854 1820 1915 B
1846 1864 1899 1913 et
1927 1873 2034 1912 non
2068 1858 2119 1912 in
2144 1856 2262 1926 ejus
2287 1855 2688 1928 intelligeretur
2713 1865 2901 1912 natura
2929 1871 2958 1910 a
2991 1870 3098 1927 quo
3119 1855 3330 1927 acccpit
3356 1871 3451 1913 ex-

147 1938 373 1993 sistentia
399 1938 452 1993 in
483 1939 681 2005 Patre;
702 1957 905 1997 manus.
939 1974 1009 1983 —-
1041 1944 1107 2000 Et
1133 1959 1296 2017 super
1324 1945 1427 2002 ltoc
1453 1989 1467 2013 ,
1498 1947 1573 2020 (a)
1602 1949 1741 2004 adsit

147 2031 246 2086 sibi
283 2030 482 2086 divinae
509 2032 576 2089 de
600 2047 660 2090 se
692 2036 974 2091 sententia:
1006 2038 1396 2094 testimonium.
1429 2042 1519 2094 Ait
1549 2041 1691 2096 enim
1720 2058 1734 2096 :

152 2123 250 2191 Qui
277 2135 394 2180 sunt
421 2142 484 2182 ea:
507 2126 688 2182 ovibus
713 2132 838 2184 meis
858 2169 873 2198 ,
899 2145 1070 2185 vacem
1095 2147 1260 2186 meam
1299 2133 1538 2198 audiunt,
1575 2143 1622 2189 et
1647 2151 1739 2206 ego

149 2221 263 2274 noui
290 2237 397 2286 eas,
420 2230 466 2276 et
489 2231 771 2293 sequuntur
798 2240 896 2289 tne,
927 2235 972 2279 et
999 2241 1088 2297 ego
1111 2226 1266 2281 vitam
1287 2228 1529 2282 wterttam
1553 2228 1620 2282 do
1641 2229 1734 2297 eis,

142 2321 193 2368 et
219 2329 321 2369 non
347 2313 421 2386 (b)
441 2317 637 2388 perierit
666 2316 720 2372 in
748 2320 1138 2392 sempiternum,
1159 2337 1250 2374 nec
1271 2324 1543 2393 quisquam
1570 2326 1736 2394 rapiet

140 2423 222 2464 eas
249 2411 314 2463 de
353 2425 510 2463 manu
553 2426 685 2464 mea.
727 2409 885 2466 Pater
918 2414 1053 2483 quod
1083 2414 1225 2468 dedit
1267 2415 1410 2480 nti/ti,
1457 2421 1628 2492 majus
1663 2425 1736 2472 est

141 2499 392 2569 omnibus,
418 2519 564 2558 nemo
591 2505 777 2576 poterit
801 2520 987 2576 rapere
1008 2506 1070 2561 de
1093 2523 1250 2561 manu
1279 2509 1442 2579 patris
1471 2510 1589 2565 ntei.
1621 2509 1735 2582 Ego

139 2602 180 2649 et
196 2592 352 2650 Pater
371 2611 533 2649 unum
553 2611 729 2651 sumus
758 2595 938 2670 (Joan.
973 2613 1027 2665 x,
1051 2597 1144 2666 27,
1164 2609 1208 2653 et
1230 2600 1732 2674 seqq.).Quis,rogo,

138 2687 544 2760 intelligentiam
582 2701 819 2746 nostram
847 2703 1038 2762 stupor
1078 2692 1286 2750 hebetis
1310 2695 1510 2751 mentis
1540 2697 1734 2753 obtun-

136 2780 224 2852 dit,
265 2791 324 2837 ut
374 2781 492 2838 haec
533 2784 586 2839 in
627 2799 848 2840 sensum
893 2795 1137 2841 nostrum
1171 2796 1276 2842 tam
1309 2789 1556 2846 absolute
1590 2790 1730 2848 dicta

136 2888 232 2929 non
258 2874 536 2930 subeant?
562 2875 671 2931 Aut
699 2878 819 2948 quis
842 2878 1208 2936 inﬁrmitatem
1240 2880 1528 2938 humanam
1554 2894 1734 2940 tumor

135 2968 287 3024 animi
335 2968 623 3025 insolentis
665 2970 861 3038 illudit,
896 2981 952 3027 ut
997 2972 1089 3029 Dei
1131 2975 1491 3044 cognitionem
1536 2993 1602 3033 ex
1647 2977 1731 3034 liis

133 3061 327 3133 adepti,
371 3064 536 3119 Deum
571 3075 758 3134 putent
799 3081 904 3122 non
951 3067 1004 3122 in
1046 3066 1132 3124 his
1161 3067 1566 3141 intelligendum
1608 3088 1730 3130 esse

134 3155 318 3225 quibus
369 3157 620 3225 cognitus
647 3159 770 3214 est?
802 3161 908 3214 Aut
941 3159 1089 3216 enim
1126 3161 1229 3216 alia
1272 3171 1399 3217 sunt
1439 3163 1729 3237 Evangelia

134 3249 455 3321 proferenda
501 3267 619 3322 quze
649 3251 880 3310 doceant

137 3343 471 3417 (Evangelia)
503 3345 826 3413 docuerunt,
870 3364 966 3405 cur
1006 3366 1111 3407 non
1151 3352 1224 3408 ita
1251 3355 1522 3411 credimus
1549 3367 1603 3412 ut
1632 3357 1728 3413 d0—

133 3440 344 3496 cemur?
375 3441 528 3508 Quod
560 3442 606 3496 si
634 3458 702 3497 ex
739 3443 822 3500 his
854 3452 1059 3500 tantum
1088 3457 1300 3522 sumpta
1333 3452 1572 3522 cognitio
1599 3463 1717 3519 est;

131 3547 218 3590 cur
241 3550 356 3592 non
404 3535 602 3592 exinde
649 3536 781 3594 ﬁdes
809 3539 900 3607 sit,
945 3540 1088 3596 unde
1128 3544 1405 3614 cognitio?
1449 3547 1556 3602 Sed
1599 3561 1721 3603 cum

131 3626 255 3683 ﬁdes
280 3628 586 3700 cognitioni
615 3645 736 3686 esse
766 3631 993 3688 adversa
1027 3633 1332 3706 detegitur;
1357 3637 1468 3708 jam
1501 3655 1605 3694 non
1635 3655 1728 3696 co-

130 3722 384 3791 gnitionis
415 3721 551 3780 ﬁdes
579 3722 690 3790 illa,
723 3725 818 3780 sed
841 3725 1084 3782 criminis
1107 3736 1210 3793 est,
1237 3729 1592 3802 irreligiosam
1620 3734 1721 3790 sibi

131 3814 279 3873 ﬁdem
311 3816 581 3874 adversus
625 3818 943 3892 religionem
983 3822 1246 3880 confessa:
1283 3827 1607 3897 cognitionis
1637 3844 1726 3885 as-

131 3927 365 3971 sumens.
412 3914 730 3988 Unigenitus
778 3919 938 3991 igitur
987 3921 1128 3978 Deus
1175 3932 1380 3982 naturze
1423 3927 1569 3983 inse
1610 3944 1724 3985 sute

129 4012 398 4078 conscius,
432 4012 726 4070 nativitatis
757 4016 991 4085 propria:
1025 4018 1388 4076 inenarrabile
1414 4037 1727 4080 sacramen-

130 4111 255 4172 tum,
274 4104 344 4160 ad
383 4103 506 4161 ﬁdei
535 4113 714 4162 tamen
739 4119 940 4163 nostra:
961 4110 1381 4180 confessionem,
1405 4127 1606 4184 quanta
1634 4133 1729 4186 po-

130 4205 228 4255 test
253 4199 552 4256 verborum
591 4200 931 4259 absolutione
957 4204 1224 4275 signiﬁcat
1255 4224 1267 4260 :
1298 4215 1355 4260 ut
1384 4218 1437 4263 et
1461 4219 1616 4265 natus
1643 4211 1727 4268 in-

131 4297 422 4370 telligatur,
463 4305 520 4354 et
558 4297 612 4354 in
654 4297 749 4355 Dei
787 4308 976 4356 natura
1016 4315 1138 4358 esse
1176 4301 1450 4375 credatur,
1501 4315 1557 4362 et
1601 4321 1722 4363 cum

193 4461 273 4534 (1)
306 4460 383 4534 Ut
411 4475 547 4516 unus
575 4459 736 4516 solus.

196 4533 278 4609 (a)
305 4533 491 4605 Rapit.

1844 1953 2071 2017 sistere;
2103 1952 2179 2006 ait
2208 1969 2220 2005 :
2251 1949 2420 2006 Nemo
2447 1953 2637 2022 poterit
2665 1968 2845 2019 rapere
2870 1953 2933 2006 de
2953 1968 3113 2007 manu
3140 1954 3303 2023 patris
3327 1952 3446 2008 mei.

1844 2045 1921 2101 De
1952 2061 2116 2100 manu
2143 2060 2239 2101 sua
2272 2060 2434 2100 nemo
2462 2047 2604 2116 rapit
2629 2064 2642 2100 :
2667 2045 2792 2115 quia
2815 2061 2845 2099 a
2877 2044 3037 2100 Patre
3062 2045 3204 2115 quod
3224 2056 3305 2100 est
3333 2059 3450 2102 om-

1842 2141 2002 2196 nibus
2030 2139 2202 2210 majus
2231 2140 2458 2210 accepit.
2489 2139 2628 2206 Quid
2655 2139 2759 2195 sibi
2787 2139 2903 2194 vult
2937 2149 3043 2195 tam
3070 2139 3286 2196 diversa
3320 2155 3446 2212 pro-

1840 2233 2038 2300 fessio,
2069 2243 2125 2289 ut
2153 2249 2369 2290 rursum
2399 2233 2467 2289 de
2496 2249 2657 2289 manu
2698 2235 2869 2305 patris
2909 2233 2996 2288 sui
3037 2248 3196 2290 nemo
3234 2234 3448 2306 rapiat?

1840 2329 1965 2385 Filii
1997 2343 2188 2384 manus
2220 2339 2326 2394 est,
2355 2344 2475 2398 qua:
2505 2329 2716 2399 accepit
2742 2343 2771 2383 a
2809 2328 3001 2395 Patre;
3032 2328 3214 2384 Patris
3253 2345 3446 2387 manus

1838 2432 1944 2492 est,
1970 2439 2090 2496 qua:
2129 2422 2280 2479 dedit
2305 2422 2444 2479 Filio
2475 2440 2488 2477 :
2519 2431 2574 2478 et
2597 2421 2875 2494 quomodo
2912 2421 3057 2494 quod
3084 2438 3192 2478 non
3232 2424 3447 2495 rapitur

1838 2517 1907 2572 de
1931 2532 2093 2572 manu
2115 2514 2263 2582 Filii,
2289 2531 2395 2571 non
2419 2516 2628 2584 rapitur
2648 2515 2715 2571 de
2741 2531 2902 2570 manu
2925 2515 3140 2572 Patris?
3160 2516 3446 2584 Quomodo

1836 2609 1881 2664 si
1905 2609 2123 2680 quaeris,
2152 2608 2393 2678 intellige
2423 2625 2435 2662 :
2461 2605 2574 2678 Ego
2600 2616 2647 2661 et
2674 2605 2833 2661 Pater
2858 2624 3020 2662 unum
3045 2624 3221 2664 sumus
3259 2606 3440 2681 (Joan.

1837 2720 1894 2772 x,
1927 2701 2040 2776 50).
2067 2700 2257 2758 Manus
2289 2701 2432 2770 Filii,
2459 2717 2655 2757 manus
2681 2701 2858 2756 Patris
2887 2709 2992 2758 est.
3025 2700 3143 2758 Non
3171 2702 3315 2758 enim
3343 2701 3443 2758 de-

1833 2812 2060 2875 generat
2085 2817 2182 2874 per
2211 2801 2548 2858 nativitatem
2579 2808 2790 2865 natura,
2822 2814 2890 2854 ne
2917 2799 3105 2855 eadem
3134 2800 3205 2856 sit
3232 2820 3244 2854 :
3270 2816 3444 2872 neque

1835 2912 2048 2952 rursum
2077 2896 2201 2967 quia
2229 2893 2420 2950 cadent
2451 2901 2535 2948 est
2571 2891 2986 2962 intelligentiam
3025 2891 3324 2948 nativitatis
3361 2891 3446 2949 ol-

1831 2990 2022 3056 tendit,
2053 2988 2178 3061 quia
2208 2987 2458 3043 nativitas
2479 2985 2609 3041 niltil
2635 2985 2688 3040 in
2725 2999 2786 3040 se
2807 2983 3318 3040 admittitalienum.
3369 2983 3439 3040 Ut

1831 3099 1962 3142 vero
2010 3099 2106 3154 per
2129 3082 2468 3153 corporalem
2495 3078 2941 3150 signiﬁcationem
2967 3077 3222 3132 virtutem
3264 3078 3439 3148 possis

1831 3175 2077 3249 ejusdem
2102 3190 2261 3232 nosse
2290 3183 2515 3239 natura),
2544 3181 2967 3228 commemorata
2995 3179 3078 3226 est
3101 3171 3222 3226 Filii
3249 3185 3440 3226 manus

925 3274 940 3311 :
981 3266 1073 3310 aut
1111 3258 1154 3312 si
1202 3256 1270 3315 de
1316 3261 1426 3315 Deo
1473 3262 1584 3317 sola
1628 3265 1727 3318 ista
1755 3255 1798 3318 C
1835 3284 2026 3326 manus
2055 3268 2262 3334 Patris;
2291 3268 2415 3339 quia
2457 3277 2649 3322 natura
2681 3275 2737 3320 et
2772 3265 2942 3318 virtus
2984 3263 3163 3319 Patris
3192 3263 3262 3336 (ι’)
3293 3271 3438 3320 esset

1833 3362 1888 3418 in
1930 3361 2090 3418 Filio.
2138 3362 2424 3417 Postremo
2465 3369 2524 3414 ιιι
2567 3374 2664 3430 per
2703 3367 3104 3413 sacramentum
3146 3357 3441 3413 nativitatis

1831 3456 2116 3512 veritatem
2161 3463 2370 3509 natura:
2417 3451 2778 3508 inditl‘erentis
2825 3464 3186 3521 agnosceres;
3227 3449 3431 3505 dictum

1831 3560 1914 3607 est
1946 3567 1960 3605 :
1995 3549 2109 3622 Ego
2139 3560 2187 3605 et
2215 3548 2376 3604 Pater
2398 3564 2558 3603 unum
2584 3563 2761 3602 sumus
2790 3563 2808 3602 :
2839 3556 2896 3600 ut
2917 3545 3062 3616 quod
3092 3561 3259 3601 unum
3289 3553 3434 3612 sunt,

1831 3659 1933 3702 nec
1961 3645 2238 3702 diversum
2271 3659 2370 3699 nec
2400 3642 2702 3698 solitarium
2739 3639 3075 3706 crederetur,
3107 3655 3213 3696 non
3245 3641 3349 3696 alia
3383 3641 3436 3695 in

1832 3749 2064 3813 utroque
2094 3755 2191 3811 per
2231 3738 2528 3794 nativitatis
2563 3743 2619 3793 et
2657 3734 3024 3808 generationis
3055 3733 3436 3805 prOprictatem

1833 3835 2130 3890 exsistente
2152 3842 2364 3888 natura.

1903 3929 1996 3986 2'5.
2030 3929 2209 3984 Ariani
2232 3929 2284 3983 in
2313 3927 2576 3982 Christum
2603 3923 2806 3980 ludatis
2834 3921 3433 3994 iniquiores.-Manet,

1835 4034 2096 4094 quantum
2142 4020 2370 4090 intelligi
2401 4019 2526 4075 licet
2550 4061 2564 4084 ,
2595 4018 2857 4074 mentium
2895 4029 3219 4071 vesanarum
3246 4015 3437 4071 volun-

1837 4126 1949 4184 tas,
1979 4124 2232 4172 cessante
2279 4114 2406 4169 licet
2437 4111 2726 4167 voluntatis
2771 4108 2968 4165 eﬁ‘ectu
3000 4126 3013 4162 :
3048 4116 3103 4163 et
3141 4107 3435 4179 malignum

1835 4214 2078 4269 animum
2103 4210 2503 4267 malevolentiae
2525 4207 2784 4272 studium,
2819 4205 3114 4260 absistente
3157 4203 3286 4260 ntali
3307 4218 3438 4276 ope-

1834 4309 1912 4366 ris
1944 4308 2232 4366 occasione
2257 4349 2271 4374 ,
2307 4321 2416 4362 non
2442 4303 2664 4362 deserit.
2697 4301 2850 4358 Nunc
2879 4301 3023 4357 enim
3054 4299 3435 4357 lnereticorum

1912 4466 1995 4545 (ὅ)
2030 4467 2092 4522 Et
2113 4466 2447 4545 qui_accipit._
2485 4464 2576 4521 Sic
2604 4463 2741 4519 inira
2763 4503 2777 4526 ,
2801 4461 2933 4545 dum
2975 4458 3182 4532 accipit.
3217 4457 3324 4515 Sed
3349 4460 3439 4532 qui

1835 4557 1898 4596 ea:
1922 4537 2027 4596 alio
2057 4541 2265 4614 accipit;
2288 4537 2506 4606 deinde,
2531 4553 2561 4590 a
2583 4553 2682 4608 quo
2704 4537 2908 4605 accipit.

193 4669 268 4744 (a)
299 4669 359 4725 In
391 4667 645 4746 vulgatis,
675 4669 896 4746 aseiscit.
929 4668 1150 4726 [tectius
1174 4672 1240 4746 in
1273 4687 1404 4746 mss.
1437 4674 1592 4729 adsit.
1624 4674 1732 4731 Sic.
1763 4681 1818 4742 1)
1843 4677 1950 4742 sit,
1984 4687 2162 4733 tamen
2193 4693 2261 4733 ex
2291 4677 2397 4733 alio
2425 4684 2547 4741 est,
2573 4684 2839 4746 quatenus
2865 4668 3093 4746 accepit.
3130 4668 3283 4738 Quod
3309 4669 3436 4726 illu-

127 4741 215 4798 lib.
249 4759 310 4806 ll,
342 4758 400 4815 n_.
433 4741 522 4805 15,
553 4751 676 4812 post
705 4741 949 4810 exposita
981 4744 1239 4799 nonnulla
1267 4743 1424 4800 Joan.
1455 4748 1639 4815 verba,
1663 4748 1731 4803 ad

129 4824 316 4871 caetera
347 4813 431 4868 sic
460 4816 721 4869 transitur
752 4831 764 4868 :
798 4815 1157 4883 consequentia
1186 4817 1282 4871 sibi
1312 4817 1503 4872 adsint.

193 4887 269 4960 (b)
308 4884 651 4941 Auctoritalc
694 4899 830 4960 mss.
875 4887 1213 4960 restituimus
1259 4889 1344 4943 llic
1388 4891 1587 4959 perient
1633 4906 1729 4960 pro

128 4957 359 5028 peribunt
387 4975 407 5013 :
435 4973 669 5026 moxque
698 4957 1017 5027 particulam
1062 4967 1107 5013 et
1142 4961 1323 5015 verbis
1360 4957 1505 5015 nemo
1542 4957 1730 5032 poterit

129 5032 424 5105 prmﬁxam,
469 5044 795 5099 rursumque
833 5039 961 5086 ante
1007 5047 1100 5102 ego
1141 5043 1188 5087 et
1235 5033 1396 5088 Pater
1439 5036 1724 5105 repetitam

128 5103 510 5174 cxpunximus.

197 5176 267 5302 (9
292 5176 418 5230 Par.
449 5189 610 5228 unum
629 5174 696 5228 sit
717 5174 1028 5246 proﬁtendo,
1058 5175 1337 5232 mendose.

197 5255 207 5302 ι
260 5253 273 5302 ι
299 5247 360 5302 1η
388 5246 620 5302 vulgatis
647 5256 701 5300 et
725 5246 967 5302 pluribus
994 5263 1126 5302 mss.
1154 5259 1210 5302 ut
1237 5265 1337 5302 una

193 5246 273 5319 (ά)
299 5247 360 5302 1η
388 5246 620 5316 vulgatis
647 5256 701 5300 et
725 5246 967 5314 pluribus
994 5263 1126 5303 mss.
1154 5259 1210 5302 ut
1237 5265 1370 5304 unus
1396 5251 1556 5306 solus.
1589 5250 1726 5306 Ver-

128 5318 433 5384 bumunus,
456 5319 794 5373 removimus
818 5321 1142 5390 auctoritate
1163 5321 1409 5377 codicum
1432 5326 1722 5390 potiorum.

130 5391 422 5448 Sabelliani
472 5390 676 5445 erroris
721 5389 958 5460 suspicio
1000 5395 1298 5458 avertitur;
1347 5403 1403 5449 ut
1436 5389 1618 5450 Filius
1666 5409 1725 5452 se

130 5479 288 5519 unum
320 5478 446 5519 cum
475 5461 636 5536 Patre
657 5462 994 5536 proﬁtendo,
1025 5480 1134 5519 non
1164 5465 1380 5521 desinat
1403 5481 1524 5522 esse
1557 5467 1720 5536 ﬁlius,

128 5550 222 5593 nec
246 5536 447 5592 debeat
478 5533 666 5590 haberi
697 5533 1110 5607 tamquamipse
1137 5538 1229 5607 qui
1257 5538 1434 5593 Pater.

195 5609 266 5680 (ε)
299 5607 480 5681 Editi,
533 5617 582 5661 et
619 5605 739 5675 quia
767 5605 1271 5681 accepitfmox'que
1292 5627 1394 5664 non
1426 5621 1604 5680 postea
1644 5620 1723 5666 ta—

131 5679 240 5734 men
266 5697 332 5735 ea:
363 5679 465 5732 alio
495 5688 572 5734 est
609 5693 628 5732 :
654 5687 1030 5735 restaurantur
1058 5697 1122 5736 ex
1155 5679 1289 5736 mss.
1336 5679 1437 5737 hoc
1467 5685 1723 5740 nimirum

131 5768 290 5808 sensu
319 5769 332 5804 :
359 5751 458 5825 Qui
487 5749 762 5825 nascendo
785 5751 1014 5825 aecepit,
1046 5764 1098 5807 ct
1127 5770 1232 5808 non
1261 5766 1470 5825 postea,
1499 5772 1593 5810 seu
1617 5773 1723 5812 non

136 5833 256 5951 post
280 5821 1007 5910 constitutamnativitatem,
1040 5835 1120 5895 est
1150 5826 1202 5880 in
1229 5821 1295 5882 eo
1316 5828 1459 5910 quod
1478 5829 1684 5898 accepit
1707 5868 1721 5893 ,

174 5906 320 5951 tnote
348 5911 404 5951 tn
431 5907 495 5951 eo
517 5893 660 5951 unde
696 5903 886 5951 natura
914 5909 1010 5951 sua
1040 5906 1249 5951 constat
1288 5910 1387 5951 :nc
1427 5899 1550 5951 licet
1579 5900 1630 5951 in
1661 5915 1721 5951 ρο

174 5883 404 5968 tpote'in
431 5907 495 5955 eo
517 5893 660 5953 unde
696 5883 886 5952 natura
914 5883 1010 5956 sua
1040 5889 1249 5957 constat
1288 5883 1387 5956 :t'tc
1427 5898 1550 5958 licet
1579 5883 1630 5958 in
1661 5883 1727 5959 eo

1841 4759 2045 4805 stratur
2064 4765 2131 4804 ex
2159 4750 2334 4804 verbis
2358 4749 2393 4802 Ι.
2420 4765 2479 4811 ιι,
2515 4765 2568 4801 ιι.
2592 4743 2664 4800 ΞΟ
2695 4763 2707 4798 :
2736 4745 2835 4810 Qui
2859 4743 2959 4797 vita
2980 4750 3110 4807 erat,
3135 4757 3238 4796 non
3260 4751 3434 4810 postea

1834 4838 1985 4891 quant
2004 4831 2079 4877 est
2094 4832 2260 4887 natus,
2281 4819 2490 4888 effertus
2511 4828 2585 4871 est
2608 4818 2710 4872 vita
2728 4832 2875 4891 ;_non
2904 4816 3036 4870 enim
3055 4815 3106 4866 in
3117 4830 3182 4891 _eo
3194 4813 3341 4867 aliud
3358 4827 3431 4891 est

1832 4886 1971 4964 quod
1992 4905 2166 4948 tratum
2186 4886 2281 4958 est,
2305 4886 2350 4946 et
2369 4892 2514 4964 aliud
2535 4901 2606 4944 est
2627 4888 2764 4957 quod
2782 4898 2932 4941 natus
2954 4886 3148 4955 accepit
3167 4902 3185 4951 ;
3203 4893 3255 4939 et
3274 4887 3433 4954 paulo

1833 4963 1953 5036 post
1984 4986 1996 5020 :
2034 4966 2172 5020 Deus
2195 4966 2283 5033 qui
2305 4981 2334 5016 a
2350 4963 2464 5036 βρο
2486 4972 2636 5036 natus
2657 4971 2887 5036 est_,_non
2912 4968 3089 5031 postea
3113 4967 3431 5036 quamnatus

1831 5029 1924 5103 est,
1949 5037 2040 5091 sed
2063 5029 2318 5090 nascendo
2339 5035 2473 5088 Deus
2497 5035 2705 5088 exstitit.
2731 5032 2827 5086 llic
2848 5029 2944 5098 pro
2969 5029 3186 5103 accepit;
3219 5030 3271 5083 ιιι
3297 5044 3427 5084 mss.
3515 5057 3528 5064 ›

1830 5100 2225 5180 ρι’ὸρθγυὺίῳιο
2254 5115 2442 5180 exstat
2463 5105 2646 5180 accipit
2679 5121 2698 5160 :
2731 5117 2903 5180 neque
2934 5100 3073 5180 male
3103 5110 3279 5180 sonat.

1909 5171 1979 5252 (Ϊ)
2000 5179 2094 5236 Sic
2121 5171 2251 5236 mss.
2285 5179 2355 5235 At
2381 5177 2508 5234 editi
2533 5221 2548 5242 ,
2575 5171 2652 5230 est
2683 5171 2838 5229 etiam
2869 5174 2924 5226 in
2954 5171 3116 5252 Filio.
3140 5171 3274 5252 Tum
3307 5171 3425 5252 Vat.

1833 5240 2087 5307 basi'ms.
2137 5262 2390 5323 postremo
2411 5261 2466 5304 ut
2507 5240 2620 5323 post
2646 5257 3054 5323 sacramentnnt._
3077 5243 3153 5297 Ex
3196 5240 3298 5297 ltoc
3326 5243 3427 5323 tilia

1833 5323 1948 5379 larii
1981 5325 2100 5399 loco
2121 5315 2407 5399 commode
2435 5315 2749 5399 intelligitur
2777 5318 2918 5399 quod
2943 5315 3293 5399 ait_l.t_'eu:eus,
3326 5315 3422 5399 lib:

1833 5411 1907 5464 tv,
1930 5411 1980 5452 c.
2014 5397 2082 5451 57
2103 5437 2119 5461 ,
2149 5395 2238 5451 ubi
2271 5396 2419 5464 ponit
2453 5387 2625 5465 primo
2639 5387 2808 5468 Deum
2837 5389 2890 5443 in
2909 5387 3216 5468 conditione
3240 5387 3423 5468 tttundi

1831 5459 2058 5524 externo
2091 5459 2418 5539 Angelorum
2448 5459 2748 5540 ministerio
2794 5476 2899 5517 non
2941 5459 3153 5540 eguisse
3194 5459 3420 5540 :_quas_i,

1830 5540 2037 5614 inquit,
2068 5529 2324 5611 ipsevstlas
2359 5557 2462 5594 non
2483 5538 2896 5614 haberet_matttts
2935 5546 3055 5614 :ae
3071 5529 3264 5614 deinde
3291 5531 3420 5614 sub.-

1823 5601 1972 5683 jicit,
2002 5601 2158 5668 Adest
2189 5615 2325 5667 enim
2356 5614 2401 5667 ei
2438 5627 2634 5682 seraper
2667 5606 2891 5683 Verbum
2931 5612 2978 5658 et
3018 5601 3289 5683 Sapientia
3331 5602 3426 5658 Fi-

1829 5673 2025 5753 iius,'et
2047 5685 2307 5756 Spiritus,
2331 5701 2424 5758 per
2455 5673 2582 5758 quos
2601 5691 2655 5758 et
2676 5682 2728 5733 in
2753 5677 2931 5758 quibus
2962 5676 3136 5758 omnia
3177 5673 3326 5729 libere
3375 5687 3432 5732 et

1828 5745 2010 5831 sponte
2031 5745 2173 5831 fecit,
2203 5758 2272 5812 ad
2298 5745 2424 5831 quos
2449 5745 2742 5831 etloqnitur
2764 5745 3422 5831 dicens;Ifacianrusnetc.

1829 5818 1967 5886 a'deo
1999 5818 2056 5884 u't
2077 5818 2271 5885 Filium
2298 5818 2351 5883 ἐι
2375 5818 2634 5897 Spirituin
2665 5834 2908 5881 sanctum
2936 5818 3240 5897 Dei_manus
3268 5821 3423 5877 dise-

1828 5901 1935 5973 rit,
1960 5902 2102 5974 quod
2130 5902 2243 5974 ipsa
2267 5898 2362 5958 Dei
2389 5891 2583 5957 virtute
2612 5912 2674 5954 ac
2694 5904 2881 5954 natura
2912 5891 3201 5967 gaudeant.
