  <div class='ocr_page' id='page_1' title='image "/cluster/home/n/w/nwhite01/storage/ocr_20150623/10/hvd.32044015471279/116.png"; bbox 0 0 3988 6332; ppageno 0'>
   <div class='ocr_carea' id='block_1_1' title="bbox 154 329 246 387">
    <p class='ocr_par' dir='ltr' id='par_1_1' title="bbox 154 329 246 387">
     <span class='ocr_line' id='line_1_1' title="bbox 154 329 246 387; baseline 0.022 -2"><span class='ocrx_word' id='word_1_1' title='bbox 154 329 246 387; x_wconf 67' lang='grc' dir='ltr'><strong>εὶὲί</strong></span> 
     </span>
    </p>
   </div>
   <div class='ocr_carea' id='block_1_2' title="bbox 1328 310 2234 383">
    <p class='ocr_par' dir='ltr' id='par_1_2' title="bbox 1328 310 2234 383">
     <span class='ocr_line' id='line_1_2' title="bbox 1328 310 2234 383; baseline -0.001 -1"><span class='ocrx_word' id='word_1_2' title='bbox 1328 316 1417 382; x_wconf 80' lang='lat' dir='ltr'><strong>nt:</strong></span> <span class='ocrx_word' id='word_1_3' title='bbox 1457 310 1830 382; x_wconf 65' lang='lat' dir='ltr'><strong>ratnrrara</strong></span> <span class='ocrx_word' id='word_1_4' title='bbox 1887 316 2087 382; x_wconf 79' lang='lat' dir='ltr'><strong>LIBER</strong></span> <span class='ocrx_word' id='word_1_5' title='bbox 2133 318 2234 383; x_wconf 77' lang='lat' dir='ltr'><strong>Vil.</strong></span> 
     </span>
    </p>
   </div>
   <div class='ocr_carea' id='block_1_3' title="bbox 3335 322 3440 368">
    <p class='ocr_par' dir='ltr' id='par_1_3' title="bbox 3335 322 3440 368">
     <span class='ocr_line' id='line_1_3' title="bbox 3335 322 3440 368; baseline -0.029 0"><span class='ocrx_word' id='word_1_6' title='bbox 3335 322 3440 368; x_wconf 65' lang='lat' dir='ltr'><strong>ecta</strong></span> 
     </span>
    </p>
   </div>
   <div class='ocr_carea' id='block_1_4' title="bbox 3338 368 3440 383">
    <p class='ocr_par' dir='ltr' id='par_1_4' title="bbox 3338 368 3440 383">
     <span class='ocr_line' id='line_1_4' title="bbox 3338 368 3440 383; baseline 0.01 -1"><span class='ocrx_word' id='word_1_7' title='bbox 3338 368 3440 383; x_wconf 66' lang='grc' dir='ltr'><strong>ο-..</strong></span> 
     </span>
    </p>
   </div>
   <div class='ocr_carea' id='block_1_5' title="bbox 155 432 3442 526">
    <p class='ocr_par' dir='ltr' id='par_1_5' title="bbox 155 432 3442 526">
     <span class='ocr_line' id='line_1_5' title="bbox 155 432 3442 526; baseline 0.002 -23"><span class='ocrx_word' id='word_1_8' title='bbox 155 441 423 506; x_wconf 70' lang='lat' dir='ltr'><strong>secundum</strong></span> <span class='ocrx_word' id='word_1_9' title='bbox 451 454 675 512; x_wconf 77' lang='lat' dir='ltr'><strong>cdrueot,</strong></span> <span class='ocrx_word' id='word_1_10' title='bbox 711 443 789 519; x_wconf 89' lang='lat' dir='ltr'><strong>(l)</strong></span> <span class='ocrx_word' id='word_1_11' title='bbox 824 445 910 516; x_wconf 84' lang='lat' dir='ltr'><strong>qui</strong></span> <span class='ocrx_word' id='word_1_12' title='bbox 951 443 1234 501; x_wconf 79' lang='lat' dir='ltr'><strong>destinatus</strong></span> <span class='ocrx_word' id='word_1_13' title='bbox 1278 454 1352 501; x_wconf 85' lang='lat' dir='ltr'><strong>est</strong></span> <span class='ocrx_word' id='word_1_14' title='bbox 1377 444 1521 516; x_wconf 85' lang='lat' dir='ltr'><strong>[ilius</strong></span> <span class='ocrx_word' id='word_1_15' title='bbox 1544 432 1641 499; x_wconf 74' lang='lat' dir='ltr'><strong>Dei</strong></span> <span class='ocrx_word' id='word_1_16' title='bbox 1681 446 1736 500; x_wconf 86' lang='lat' dir='ltr'><strong>in</strong></span> <span class='ocrx_word' id='word_1_17' title='bbox 1764 448 1815 508; x_wconf 80' lang='grc' dir='ltr'>Α</span> <span class='ocrx_word' id='word_1_18' title='bbox 1841 447 2002 502; x_wconf 84' lang='lat' dir='ltr'><strong>nolite</strong></span> <span class='ocrx_word' id='word_1_19' title='bbox 2041 444 2249 504; x_wconf 78' lang='lat' dir='ltr'><strong>credere</strong></span> <span class='ocrx_word' id='word_1_20' title='bbox 2283 440 2408 505; x_wconf 72' lang='lat' dir='ltr'><strong>mihi</strong></span> <span class='ocrx_word' id='word_1_21' title='bbox 2452 444 2640 525; x_wconf 68' lang='lat' dir='ltr'><strong>(lbid.,</strong></span> <span class='ocrx_word' id='word_1_22' title='bbox 2675 448 2789 526; x_wconf 85' lang='grc'><strong>57).</strong></span> <span class='ocrx_word' id='word_1_23' title='bbox 2824 448 2880 507; x_wconf 88' lang='lat' dir='ltr'><strong>Si</strong></span> <span class='ocrx_word' id='word_1_24' title='bbox 2934 467 3037 506; x_wconf 84' lang='lat' dir='ltr'><strong>non</strong></span> <span class='ocrx_word' id='word_1_25' title='bbox 3066 465 3225 522; x_wconf 83' lang='lat' dir='ltr'><strong>opera</strong></span> <span class='ocrx_word' id='word_1_26' title='bbox 3268 452 3442 509; x_wconf 82' lang='lat' dir='ltr'><strong>Patris</strong></span> 
     </span>
    </p>
   </div>
   <div class='ocr_carea' id='block_1_6' title="bbox 157 538 1737 612">
    <p class='ocr_par' dir='ltr' id='par_1_6' title="bbox 157 538 1737 612">
     <span class='ocr_line' id='line_1_6' title="bbox 157 538 1737 612; baseline 0 -16"><span class='ocrx_word' id='word_1_27' title='bbox 157 543 332 597; x_wconf 76' lang='lat' dir='ltr'><strong>virtute</strong></span> <span class='ocrx_word' id='word_1_28' title='bbox 379 542 661 595; x_wconf 77' lang='lat' dir='ltr'><strong>secundum</strong></span> <span class='ocrx_word' id='word_1_29' title='bbox 706 538 942 611; x_wconf 72' lang='lat' dir='ltr'><strong>spiritum</strong></span> <span class='ocrx_word' id='word_1_30' title='bbox 993 540 1415 609; x_wconf 76' lang='lat' dir='ltr'><strong>sanctiﬁcationis</strong></span> <span class='ocrx_word' id='word_1_31' title='bbox 1467 538 1656 612; x_wconf 82' lang='lat' dir='ltr'><strong>(Rom.</strong></span> <span class='ocrx_word' id='word_1_32' title='bbox 1687 554 1737 606; x_wconf 89' lang='lat' dir='ltr'><strong>i,</strong></span> 
     </span>
    </p>
   </div>
   <div class='ocr_carea' id='block_1_7' title="bbox 154 632 1736 706">
    <p class='ocr_par' dir='ltr' id='par_1_7' title="bbox 154 632 1736 706">
     <span class='ocr_line' id='line_1_7' title="bbox 154 632 1736 706; baseline 0 -14"><span class='ocrx_word' id='word_1_33' title='bbox 154 632 202 701; x_wconf 71' lang='grc' dir='ltr'><strong>Ξ,</strong></span> <span class='ocrx_word' id='word_1_34' title='bbox 232 636 277 690; x_wconf 76' lang='lat' dir='ltr'><strong>et</strong></span> <span class='ocrx_word' id='word_1_35' title='bbox 324 648 462 706; x_wconf 80' lang='lat' dir='ltr'><strong>seqq.</strong></span> <span class='ocrx_word' id='word_1_36' title='bbox 483 636 521 705; x_wconf 91' lang='lat'><strong>).</strong></span> <span class='ocrx_word' id='word_1_37' title='bbox 573 633 761 689; x_wconf 82' lang='lat' dir='ltr'><strong>Cessat</strong></span> <span class='ocrx_word' id='word_1_38' title='bbox 787 648 916 705; x_wconf 89' lang='lat' dir='ltr'><strong>ergo</strong></span> <span class='ocrx_word' id='word_1_39' title='bbox 935 632 1288 705; x_wconf 77' lang='lat' dir='ltr'><strong>blaSphemiae</strong></span> <span class='ocrx_word' id='word_1_40' title='bbox 1322 633 1559 702; x_wconf 88' lang='lat' dir='ltr'><strong>crimen,</strong></span> <span class='ocrx_word' id='word_1_41' title='bbox 1592 634 1736 705; x_wconf 87' lang='lat' dir='ltr'><strong>quod</strong></span> 
     </span>
    </p>
   </div>
   <div class='ocr_carea' id='block_1_8' title="bbox 153 722 1741 798">
    <p class='ocr_par' dir='ltr' id='par_1_8' title="bbox 153 722 1741 798">
     <span class='ocr_line' id='line_1_8' title="bbox 153 722 1741 798; baseline -0.001 -15"><span class='ocrx_word' id='word_1_42' title='bbox 153 738 259 785; x_wconf 85' lang='lat' dir='ltr'><strong>cum</strong></span> <span class='ocrx_word' id='word_1_43' title='bbox 284 722 354 782; x_wconf 87' lang='lat' dir='ltr'><strong>sit</strong></span> <span class='ocrx_word' id='word_1_44' title='bbox 387 728 548 781; x_wconf 86' lang='lat' dir='ltr'><strong>homo</strong></span> <span class='ocrx_word' id='word_1_45' title='bbox 571 725 738 781; x_wconf 87' lang='lat' dir='ltr'><strong>Deum</strong></span> <span class='ocrx_word' id='word_1_46' title='bbox 768 740 828 782; x_wconf 91' lang='lat' dir='ltr'><strong>se</strong></span> <span class='ocrx_word' id='word_1_47' title='bbox 857 724 1016 783; x_wconf 90' lang='lat' dir='ltr'><strong>faciat</strong></span> <span class='ocrx_word' id='word_1_48' title='bbox 1041 745 1054 782; x_wconf 90' lang='lat'><strong>:</strong></span> <span class='ocrx_word' id='word_1_49' title='bbox 1081 741 1200 782; x_wconf 88' lang='lat' dir='ltr'><strong>cum</strong></span> <span class='ocrx_word' id='word_1_50' title='bbox 1223 722 1324 782; x_wconf 90' lang='lat' dir='ltr'><strong>hoc</strong></span> <span class='ocrx_word' id='word_1_51' title='bbox 1348 740 1544 782; x_wconf 84' lang='lat' dir='ltr'><strong>nomen</strong></span> <span class='ocrx_word' id='word_1_52' title='bbox 1571 727 1741 798; x_wconf 87' lang='lat' dir='ltr'><strong>pluri-</strong></span> 
     </span>
    </p>
   </div>
   <div class='ocr_carea' id='block_1_9' title="bbox 153 817 1731 887">
    <p class='ocr_par' dir='ltr' id='par_1_9' title="bbox 153 817 1731 887">
     <span class='ocr_line' id='line_1_9' title="bbox 153 817 1731 887; baseline 0.002 -12"><span class='ocrx_word' id='word_1_53' title='bbox 153 821 242 875; x_wconf 86' lang='lat' dir='ltr'><strong>mis</strong></span> <span class='ocrx_word' id='word_1_54' title='bbox 276 818 368 875; x_wconf 88' lang='lat' dir='ltr'><strong>Dei</strong></span> <span class='ocrx_word' id='word_1_55' title='bbox 398 830 579 876; x_wconf 89' lang='lat' dir='ltr'><strong>sermo</strong></span> <span class='ocrx_word' id='word_1_56' title='bbox 606 817 896 887; x_wconf 72' lang='lat' dir='ltr'><strong>detulerit,</strong></span> <span class='ocrx_word' id='word_1_57' title='bbox 927 829 983 877; x_wconf 90' lang='lat' dir='ltr'><strong>et</strong></span> <span class='ocrx_word' id='word_1_58' title='bbox 1012 821 1376 877; x_wconf 88' lang='lat' dir='ltr'><strong>sanctilieatus</strong></span> <span class='ocrx_word' id='word_1_59' title='bbox 1399 835 1462 877; x_wconf 89' lang='lat' dir='ltr'><strong>ac</strong></span> <span class='ocrx_word' id='word_1_60' title='bbox 1484 822 1679 876; x_wconf 81' lang='lat' dir='ltr'><strong>missus</strong></span> <span class='ocrx_word' id='word_1_61' title='bbox 1698 836 1731 878; x_wconf 90' lang='lat' dir='ltr'><strong>a</strong></span> 
     </span>
    </p>
   </div>
   <div class='ocr_carea' id='block_1_10' title="bbox 153 910 1634 985">
    <p class='ocr_par' dir='ltr' id='par_1_10' title="bbox 153 910 1634 985">
     <span class='ocr_line' id='line_1_10' title="bbox 153 910 1634 985; baseline 0.003 -19"><span class='ocrx_word' id='word_1_62' title='bbox 153 910 300 967; x_wconf 82' lang='lat' dir='ltr'><strong>Patre</strong></span> <span class='ocrx_word' id='word_1_63' title='bbox 326 910 459 967; x_wconf 83' lang='lat' dir='ltr'><strong>nihil</strong></span> <span class='ocrx_word' id='word_1_64' title='bbox 483 910 628 966; x_wconf 80' lang='lat' dir='ltr'><strong>aliud</strong></span> <span class='ocrx_word' id='word_1_65' title='bbox 655 924 717 967; x_wconf 87' lang='lat' dir='ltr'><strong>se</strong></span> <span class='ocrx_word' id='word_1_66' title='bbox 744 918 905 983; x_wconf 85' lang='lat' dir='ltr'><strong>quam</strong></span> <span class='ocrx_word' id='word_1_67' title='bbox 932 912 1023 969; x_wconf 88' lang='lat' dir='ltr'><strong>Dei</strong></span> <span class='ocrx_word' id='word_1_68' title='bbox 1051 913 1218 969; x_wconf 92' lang='lat' dir='ltr'><strong>ﬁlium</strong></span> <span class='ocrx_word' id='word_1_69' title='bbox 1242 913 1312 969; x_wconf 85' lang='lat' dir='ltr'><strong>sit</strong></span> <span class='ocrx_word' id='word_1_70' title='bbox 1339 916 1634 985; x_wconf 84' lang='lat' dir='ltr'><strong>professus.</strong></span> 
     </span>
    </p>
   </div>
   <div class='ocr_carea' id='block_1_11' title="bbox 210 999 1738 1075">
    <p class='ocr_par' dir='ltr' id='par_1_11' title="bbox 210 999 1738 1075">
     <span class='ocr_line' id='line_1_11' title="bbox 210 999 1738 1075; baseline 0.003 -17"><span class='ocrx_word' id='word_1_71' title='bbox 210 1002 300 1060; x_wconf 76' lang='lat'><strong>‘25.</strong></span> <span class='ocrx_word' id='word_1_72' title='bbox 338 1003 449 1059; x_wconf 78' lang='lat' dir='ltr'><strong>Eoo</strong></span> <span class='ocrx_word' id='word_1_73' title='bbox 478 1018 547 1059; x_wconf 74' lang='grc' dir='ltr'><em>ετ</em></span> <span class='ocrx_word' id='word_1_74' title='bbox 570 999 755 1060; x_wconf 77' lang='lat' dir='ltr'><strong>Pt-rsa</strong></span> <span class='ocrx_word' id='word_1_75' title='bbox 787 1018 933 1061; x_wconf 64' lang='lat' dir='ltr'><strong>uno:</strong></span> <span class='ocrx_word' id='word_1_76' title='bbox 962 1018 1151 1075; x_wconf 72' lang='lat' dir='ltr'><strong>sonos,</strong></span> <span class='ocrx_word' id='word_1_77' title='bbox 1186 1014 1426 1060; x_wconf 83' lang='lat' dir='ltr'><strong>naturam</strong></span> <span class='ocrx_word' id='word_1_78' title='bbox 1457 1006 1738 1063; x_wconf 76' lang='lat' dir='ltr'><strong>nativitatis</strong></span> 
     </span>
    </p>
   </div>
   <div class='ocr_carea' id='block_1_12' title="bbox 152 1095 1731 1171">
    <p class='ocr_par' dir='ltr' id='par_1_12' title="bbox 152 1095 1731 1171">
     <span class='ocr_line' id='line_1_12' title="bbox 152 1095 1731 1171; baseline 0.001 -17"><span class='ocrx_word' id='word_1_79' title='bbox 152 1097 380 1154; x_wconf 76' lang='lat' dir='ltr'><strong>ostendit.</strong></span> <span class='ocrx_word' id='word_1_80' title='bbox 408 1120 479 1137; x_wconf 57' lang='grc' dir='ltr'><strong>-ά</strong></span> <span class='ocrx_word' id='word_1_81' title='bbox 507 1095 621 1153; x_wconf 77' lang='lat' dir='ltr'><strong>Non</strong></span> <span class='ocrx_word' id='word_1_82' title='bbox 652 1105 735 1154; x_wconf 88' lang='lat' dir='ltr'><strong>est</strong></span> <span class='ocrx_word' id='word_1_83' title='bbox 763 1097 1004 1165; x_wconf 86' lang='lat' dir='ltr'><strong>relictus,</strong></span> <span class='ocrx_word' id='word_1_84' title='bbox 1038 1109 1095 1152; x_wconf 90' lang='lat' dir='ltr'><strong>ut</strong></span> <span class='ocrx_word' id='word_1_85' title='bbox 1124 1098 1391 1165; x_wconf 82' lang='lat' dir='ltr'><strong>arbitror,</strong></span> <span class='ocrx_word' id='word_1_86' title='bbox 1422 1099 1731 1171; x_wconf 84' lang='lat' dir='ltr'><strong>ambigendi</strong></span> 
     </span>
    </p>
   </div>
   <div class='ocr_carea' id='block_1_13' title="bbox 155 1184 1736 1268">
    <p class='ocr_par' dir='ltr' id='par_1_13' title="bbox 155 1184 1736 1268">
     <span class='ocr_line' id='line_1_13' title="bbox 155 1184 1736 1268; baseline 0.003 -23"><span class='ocrx_word' id='word_1_87' title='bbox 155 1184 303 1268; x_wconf 69' lang='lat'><strong>196</strong></span> <span class='ocrx_word' id='word_1_88' title='bbox 334 1195 513 1260; x_wconf 86' lang='lat' dir='ltr'><strong>locus,</strong></span> <span class='ocrx_word' id='word_1_89' title='bbox 546 1193 673 1263; x_wconf 77' lang='lat' dir='ltr'><strong>quin</strong></span> <span class='ocrx_word' id='word_1_90' title='bbox 704 1193 775 1248; x_wconf 86' lang='lat' dir='ltr'><strong>de</strong></span> <span class='ocrx_word' id='word_1_91' title='bbox 806 1201 995 1248; x_wconf 84' lang='lat' dir='ltr'><strong>natura</strong></span> <span class='ocrx_word' id='word_1_92' title='bbox 1041 1193 1335 1249; x_wconf 82' lang='lat' dir='ltr'><strong>nativitatis</strong></span> <span class='ocrx_word' id='word_1_93' title='bbox 1372 1194 1573 1249; x_wconf 88' lang='lat' dir='ltr'><strong>dictum</strong></span> <span class='ocrx_word' id='word_1_94' title='bbox 1617 1195 1688 1249; x_wconf 88' lang='lat' dir='ltr'><strong>sit</strong></span> <span class='ocrx_word' id='word_1_95' title='bbox 1720 1212 1736 1251; x_wconf 90' lang='lat'><strong>:</strong></span> 
     </span>
    </p>
   </div>
   <div class='ocr_carea' id='block_1_14' title="bbox 150 1280 1739 1359">
    <p class='ocr_par' dir='ltr' id='par_1_14' title="bbox 150 1280 1739 1359">
     <span class='ocr_line' id='line_1_14' title="bbox 150 1280 1739 1359; baseline 0.002 -18"><span class='ocrx_word' id='word_1_96' title='bbox 150 1285 249 1359; x_wconf 81' lang='lat' dir='ltr'><strong>Ego</strong></span> <span class='ocrx_word' id='word_1_97' title='bbox 274 1295 326 1339; x_wconf 87' lang='lat' dir='ltr'><strong>et</strong></span> <span class='ocrx_word' id='word_1_98' title='bbox 356 1280 515 1340; x_wconf 83' lang='lat' dir='ltr'><strong>Pater</strong></span> <span class='ocrx_word' id='word_1_99' title='bbox 542 1299 703 1340; x_wconf 80' lang='lat' dir='ltr'><strong>unum</strong></span> <span class='ocrx_word' id='word_1_100' title='bbox 729 1303 920 1341; x_wconf 75' lang='lat' dir='ltr'><strong>sumus.</strong></span> <span class='ocrx_word' id='word_1_101' title='bbox 943 1280 1209 1343; x_wconf 72' lang='lat' dir='ltr'><strong>Namcum</strong></span> <span class='ocrx_word' id='word_1_102' title='bbox 1234 1287 1406 1344; x_wconf 81' lang='lat' dir='ltr'><strong>Judaei</strong></span> <span class='ocrx_word' id='word_1_103' title='bbox 1434 1290 1739 1357; x_wconf 77' lang='lat' dir='ltr'><strong>arguissent</strong></span> 
     </span>
    </p>
   </div>
   <div class='ocr_carea' id='block_1_15' title="bbox 148 1377 1737 1453">
    <p class='ocr_par' dir='ltr' id='par_1_15' title="bbox 148 1377 1737 1453">
     <span class='ocr_line' id='line_1_15' title="bbox 148 1377 1737 1453; baseline 0.003 -20"><span class='ocrx_word' id='word_1_104' title='bbox 148 1377 309 1441; x_wconf 88' lang='lat' dir='ltr'><strong>illum,</strong></span> <span class='ocrx_word' id='word_1_105' title='bbox 336 1377 478 1449; x_wconf 90' lang='lat' dir='ltr'><strong>quod</strong></span> <span class='ocrx_word' id='word_1_106' title='bbox 503 1394 597 1446; x_wconf 87' lang='lat' dir='ltr'><strong>per</strong></span> <span class='ocrx_word' id='word_1_107' title='bbox 613 1377 716 1433; x_wconf 88' lang='lat' dir='ltr'><strong>hoc</strong></span> <span class='ocrx_word' id='word_1_108' title='bbox 728 1379 953 1447; x_wconf 88' lang='lat' dir='ltr'><strong>dictum,</strong></span> <span class='ocrx_word' id='word_1_109' title='bbox 979 1380 1139 1436; x_wconf 88' lang='lat' dir='ltr'><strong>homo</strong></span> <span class='ocrx_word' id='word_1_110' title='bbox 1159 1380 1274 1453; x_wconf 91' lang='lat' dir='ltr'><strong>ipse</strong></span> <span class='ocrx_word' id='word_1_111' title='bbox 1288 1395 1407 1436; x_wconf 89' lang='lat' dir='ltr'><strong>cum</strong></span> <span class='ocrx_word' id='word_1_112' title='bbox 1432 1390 1598 1448; x_wconf 86' lang='lat' dir='ltr'><strong>esset,</strong></span> <span class='ocrx_word' id='word_1_113' title='bbox 1616 1397 1737 1438; x_wconf 90' lang='lat' dir='ltr'><strong>sese</strong></span> 
     </span>
    </p>
   </div>
   <div class='ocr_carea' id='block_1_16' title="bbox 150 1468 1735 1546">
    <p class='ocr_par' dir='ltr' id='par_1_16' title="bbox 150 1468 1735 1546">
     <span class='ocr_line' id='line_1_16' title="bbox 150 1468 1735 1546; baseline 0.002 -20"><span class='ocrx_word' id='word_1_114' title='bbox 150 1470 303 1526; x_wconf 86' lang='lat' dir='ltr'><strong>Deum</strong></span> <span class='ocrx_word' id='word_1_115' title='bbox 327 1468 556 1526; x_wconf 81' lang='lat' dir='ltr'><strong>faceret:</strong></span> <span class='ocrx_word' id='word_1_116' title='bbox 574 1474 855 1542; x_wconf 84' lang='lat' dir='ltr'><strong>responsio</strong></span> <span class='ocrx_word' id='word_1_117' title='bbox 872 1473 986 1543; x_wconf 74' lang='lat' dir='ltr'><strong>ejus</strong></span> <span class='ocrx_word' id='word_1_118' title='bbox 1003 1472 1306 1539; x_wconf 89' lang='lat' dir='ltr'><strong>conﬁrmat,</strong></span> <span class='ocrx_word' id='word_1_119' title='bbox 1327 1472 1468 1546; x_wconf 86' lang='lat' dir='ltr'><strong>quod</strong></span> <span class='ocrx_word' id='word_1_120' title='bbox 1488 1475 1582 1530; x_wconf 87' lang='lat' dir='ltr'><strong>Dei</strong></span> <span class='ocrx_word' id='word_1_121' title='bbox 1600 1488 1657 1529; x_wconf 88' lang='lat' dir='ltr'><strong>se</strong></span> <span class='ocrx_word' id='word_1_122' title='bbox 1675 1473 1735 1529; x_wconf 92' lang='lat' dir='ltr'><strong>ﬁ-</strong></span> 
     </span>
    </p>
   </div>
   <div class='ocr_carea' id='block_1_17' title="bbox 145 1562 1732 1641">
    <p class='ocr_par' dir='ltr' id='par_1_17' title="bbox 145 1562 1732 1641">
     <span class='ocr_line' id='line_1_17' title="bbox 145 1562 1732 1641; baseline 0.003 -22"><span class='ocrx_word' id='word_1_123' title='bbox 145 1564 261 1619; x_wconf 88' lang='lat' dir='ltr'><strong>lium</strong></span> <span class='ocrx_word' id='word_1_124' title='bbox 293 1572 390 1634; x_wconf 87' lang='lat' dir='ltr'><strong>per</strong></span> <span class='ocrx_word' id='word_1_125' title='bbox 426 1562 477 1618; x_wconf 91' lang='lat' dir='ltr'><strong>id</strong></span> <span class='ocrx_word' id='word_1_126' title='bbox 498 1564 642 1635; x_wconf 85' lang='lat' dir='ltr'><strong>quod</strong></span> <span class='ocrx_word' id='word_1_127' title='bbox 676 1562 787 1637; x_wconf 82' lang='lat' dir='ltr'><strong>Ego</strong></span> <span class='ocrx_word' id='word_1_128' title='bbox 816 1573 865 1622; x_wconf 88' lang='lat' dir='ltr'><strong>et</strong></span> <span class='ocrx_word' id='word_1_129' title='bbox 898 1565 1059 1621; x_wconf 84' lang='lat' dir='ltr'><strong>Pater</strong></span> <span class='ocrx_word' id='word_1_130' title='bbox 1078 1574 1239 1622; x_wconf 78' lang='lat' dir='ltr'><strong>unum</strong></span> <span class='ocrx_word' id='word_1_131' title='bbox 1268 1564 1638 1641; x_wconf 64' lang='lat' dir='ltr'><strong>sumitsumit.</strong></span> <span class='ocrx_word' id='word_1_132' title='bbox 1673 1580 1732 1637; x_wconf 74' lang='grc' dir='ltr'><strong>ι,</strong></span> 
     </span>
    </p>
   </div>
   <div class='ocr_carea' id='block_1_18' title="bbox 146 1654 1730 1730">
    <p class='ocr_par' dir='ltr' id='par_1_18' title="bbox 146 1654 1730 1730">
     <span class='ocr_line' id='line_1_18' title="bbox 146 1654 1730 1730; baseline 0 -16"><span class='ocrx_word' id='word_1_133' title='bbox 146 1654 246 1730; x_wconf 74' lang='grc'><strong>511),</strong></span> <span class='ocrx_word' id='word_1_134' title='bbox 273 1655 357 1729; x_wconf 67' lang='grc' dir='ltr'><strong>(Ξ)</strong></span> <span class='ocrx_word' id='word_1_135' title='bbox 378 1656 712 1727; x_wconf 79' lang='lat' dir='ltr'><strong>ostenderit,</strong></span> <span class='ocrx_word' id='word_1_136' title='bbox 746 1656 979 1729; x_wconf 87' lang='lat' dir='ltr'><strong>primum</strong></span> <span class='ocrx_word' id='word_1_137' title='bbox 1007 1658 1247 1725; x_wconf 82' lang='lat' dir='ltr'><strong>nomine,</strong></span> <span class='ocrx_word' id='word_1_138' title='bbox 1280 1658 1475 1715; x_wconf 89' lang='lat' dir='ltr'><strong>deinde</strong></span> <span class='ocrx_word' id='word_1_139' title='bbox 1504 1666 1691 1715; x_wconf 87' lang='lat' dir='ltr'><strong>natura</strong></span> <span class='ocrx_word' id='word_1_140' title='bbox 1713 1701 1730 1729; x_wconf 90' lang='lat'><strong>,</strong></span> 
     </span>
    </p>
   </div>
   <div class='ocr_carea' id='block_1_19' title="bbox 146 1749 1731 1824">
    <p class='ocr_par' dir='ltr' id='par_1_19' title="bbox 146 1749 1731 1824">
     <span class='ocr_line' id='line_1_19' title="bbox 146 1749 1731 1824; baseline 0.001 -19"><span class='ocrx_word' id='word_1_141' title='bbox 146 1756 418 1821; x_wconf 84' lang='lat' dir='ltr'><strong>postremo</strong></span> <span class='ocrx_word' id='word_1_142' title='bbox 441 1750 739 1806; x_wconf 74' lang='lat' dir='ltr'><strong>nativitate.</strong></span> <span class='ocrx_word' id='word_1_143' title='bbox 768 1749 903 1807; x_wconf 82' lang='lat' dir='ltr'><strong>Nam</strong></span> <span class='ocrx_word' id='word_1_144' title='bbox 926 1768 1017 1824; x_wconf 82' lang='lat' dir='ltr'><strong>ego</strong></span> <span class='ocrx_word' id='word_1_145' title='bbox 1043 1758 1090 1806; x_wconf 84' lang='lat' dir='ltr'><strong>et</strong></span> <span class='ocrx_word' id='word_1_146' title='bbox 1115 1750 1274 1806; x_wconf 75' lang='lat' dir='ltr'><strong>Pater</strong></span> <span class='ocrx_word' id='word_1_147' title='bbox 1299 1760 1481 1808; x_wconf 86' lang='lat' dir='ltr'><strong>rerum</strong></span> <span class='ocrx_word' id='word_1_148' title='bbox 1516 1754 1731 1808; x_wconf 86' lang='lat' dir='ltr'><strong>nomina</strong></span> 
     </span>
    </p>
   </div>
   <div class='ocr_carea' id='block_1_20' title="bbox 1844 534 3443 615">
    <p class='ocr_par' dir='ltr' id='par_1_20' title="bbox 1844 534 3443 615">
     <span class='ocr_line' id='line_1_20' title="bbox 1844 534 3443 615; baseline 0.004 -21"><span class='ocrx_word' id='word_1_149' title='bbox 1844 536 1972 596; x_wconf 76' lang='lat' dir='ltr'><strong>facit</strong></span> <span class='ocrx_word' id='word_1_150' title='bbox 1994 583 2009 608; x_wconf 94' lang='lat'><strong>,</strong></span> <span class='ocrx_word' id='word_1_151' title='bbox 2043 557 2149 596; x_wconf 90' lang='lat' dir='ltr'><strong>non</strong></span> <span class='ocrx_word' id='word_1_152' title='bbox 2197 534 2521 599; x_wconf 80' lang='lat' dir='ltr'><strong>credendum</strong></span> <span class='ocrx_word' id='word_1_153' title='bbox 2553 541 2603 600; x_wconf 90' lang='lat' dir='ltr'><strong>ei</strong></span> <span class='ocrx_word' id='word_1_154' title='bbox 2636 544 2748 611; x_wconf 82' lang='lat' dir='ltr'><strong>est,</strong></span> <span class='ocrx_word' id='word_1_155' title='bbox 2796 542 3067 615; x_wconf 78' lang='lat' dir='ltr'><strong>preﬁtcnti</strong></span> <span class='ocrx_word' id='word_1_156' title='bbox 3112 542 3203 599; x_wconf 78' lang='lat' dir='ltr'><strong>Dei</strong></span> <span class='ocrx_word' id='word_1_157' title='bbox 3236 550 3355 600; x_wconf 78' lang='lat' dir='ltr'><strong>esse</strong></span> <span class='ocrx_word' id='word_1_158' title='bbox 3383 560 3443 601; x_wconf 86' lang='lat' dir='ltr'><strong>se</strong></span> 
     </span>
    </p>
   </div>
   <div class='ocr_carea' id='block_1_21' title="bbox 1843 626 3442 710">
    <p class='ocr_par' dir='ltr' id='par_1_21' title="bbox 1843 626 3442 710">
     <span class='ocr_line' id='line_1_21' title="bbox 1843 626 3442 710; baseline 0.005 -23"><span class='ocrx_word' id='word_1_159' title='bbox 1843 630 2034 688; x_wconf 90' lang='lat' dir='ltr'><strong>ﬁlium.</strong></span> <span class='ocrx_word' id='word_1_160' title='bbox 2069 626 2185 689; x_wconf 83' lang='lat' dir='ltr'><strong>Non</strong></span> <span class='ocrx_word' id='word_1_161' title='bbox 2213 634 2373 691; x_wconf 62' lang='lat' dir='ltr'><strong>habet</strong></span> <span class='ocrx_word' id='word_1_162' title='bbox 2404 652 2530 708; x_wconf 80' lang='lat' dir='ltr'><strong>ergo</strong></span> <span class='ocrx_word' id='word_1_163' title='bbox 2555 637 2802 692; x_wconf 87' lang='lat' dir='ltr'><strong>n&#39;ativitas</strong></span> <span class='ocrx_word' id='word_1_164' title='bbox 2827 653 3018 693; x_wconf 84' lang='lat' dir='ltr'><strong>novam</strong></span> <span class='ocrx_word' id='word_1_165' title='bbox 3052 636 3442 710; x_wconf 68' lang='lat' dir='ltr'><strong>externumque</strong></span> 
     </span>
    </p>
   </div>
   <div class='ocr_carea' id='block_1_22' title="bbox 1843 722 3437 805">
    <p class='ocr_par' dir='ltr' id='par_1_22' title="bbox 1843 722 3437 805">
     <span class='ocr_line' id='line_1_22' title="bbox 1843 722 3437 805; baseline 0.003 -21"><span class='ocrx_word' id='word_1_166' title='bbox 1843 737 2127 796; x_wconf 88' lang='lat' dir='ltr'><strong>naturam;</strong></span> <span class='ocrx_word' id='word_1_167' title='bbox 2160 729 2280 802; x_wconf 88' lang='lat' dir='ltr'><strong>quia</strong></span> <span class='ocrx_word' id='word_1_168' title='bbox 2311 736 2405 801; x_wconf 75' lang='lat' dir='ltr'><strong>per</strong></span> <span class='ocrx_word' id='word_1_169' title='bbox 2435 722 2485 786; x_wconf 88' lang='lat' dir='ltr'><strong>id</strong></span> <span class='ocrx_word' id='word_1_170' title='bbox 2516 724 2658 787; x_wconf 91' lang='lat' dir='ltr'><strong>ﬁlius</strong></span> <span class='ocrx_word' id='word_1_171' title='bbox 2684 746 2804 788; x_wconf 62' lang='lat' dir='ltr'><strong>esse</strong></span> <span class='ocrx_word' id='word_1_172' title='bbox 2834 731 3138 788; x_wconf 75' lang='lat' dir='ltr'><strong>credendus</strong></span> <span class='ocrx_word' id='word_1_173' title='bbox 3164 732 3268 799; x_wconf 90' lang='lat' dir='ltr'><strong>est,</strong></span> <span class='ocrx_word' id='word_1_174' title='bbox 3297 733 3437 805; x_wconf 88' lang='lat' dir='ltr'><strong>quod</strong></span> 
     </span>
    </p>
   </div>
   <div class='ocr_carea' id='block_1_23' title="bbox 1842 816 3442 899">
    <p class='ocr_par' dir='ltr' id='par_1_23' title="bbox 1842 816 3442 899">
     <span class='ocr_line' id='line_1_23' title="bbox 1842 816 3442 899; baseline 0.004 -22"><span class='ocrx_word' id='word_1_175' title='bbox 1842 837 2007 894; x_wconf 85' lang='lat' dir='ltr'><strong>opera</strong></span> <span class='ocrx_word' id='word_1_176' title='bbox 2042 824 2206 892; x_wconf 81' lang='lat' dir='ltr'><strong>patris</strong></span> <span class='ocrx_word' id='word_1_177' title='bbox 2236 822 2456 882; x_wconf 83' lang='lat' dir='ltr'><strong>efficiat.</strong></span> <span class='ocrx_word' id='word_1_178' title='bbox 2508 826 2645 894; x_wconf 84' lang='lat' dir='ltr'><strong>Quid</strong></span> <span class='ocrx_word' id='word_1_179' title='bbox 2681 824 2767 882; x_wconf 90' lang='lat' dir='ltr'><strong>hic</strong></span> <span class='ocrx_word' id='word_1_180' title='bbox 2811 825 3064 897; x_wconf 86' lang='lat' dir='ltr'><strong>adeptio,</strong></span> <span class='ocrx_word' id='word_1_181' title='bbox 3093 825 3218 899; x_wconf 88' lang='lat' dir='ltr'><strong>quid</strong></span> <span class='ocrx_word' id='word_1_182' title='bbox 3265 816 3442 883; x_wconf 88' lang='lat' dir='ltr'><strong>indul-</strong></span> 
     </span>
    </p>
   </div>
   <div class='ocr_carea' id='block_1_24' title="bbox 1841 908 3439 992">
    <p class='ocr_par' dir='ltr' id='par_1_24' title="bbox 1841 908 3439 992">
     <span class='ocr_line' id='line_1_24' title="bbox 1841 908 3439 992; baseline 0.003 -17"><span class='ocrx_word' id='word_1_183' title='bbox 1841 920 2022 992; x_wconf 85' lang='lat' dir='ltr'><strong>gentia</strong></span> <span class='ocrx_word' id='word_1_184' title='bbox 2066 920 2298 975; x_wconf 87' lang='lat' dir='ltr'><strong>nominis</strong></span> <span class='ocrx_word' id='word_1_185' title='bbox 2334 912 2438 976; x_wconf 85' lang='lat' dir='ltr'><strong>loci</strong></span> <span class='ocrx_word' id='word_1_186' title='bbox 2472 921 2709 991; x_wconf 85' lang='lat' dir='ltr'><strong>invenit,</strong></span> <span class='ocrx_word' id='word_1_187' title='bbox 2739 937 2806 977; x_wconf 91' lang='lat' dir='ltr'><strong>ne</strong></span> <span class='ocrx_word' id='word_1_188' title='bbox 2836 938 2897 976; x_wconf 79' lang='lat' dir='ltr'><strong>ex</strong></span> <span class='ocrx_word' id='word_1_189' title='bbox 2928 931 3115 976; x_wconf 86' lang='lat' dir='ltr'><strong>natura</strong></span> <span class='ocrx_word' id='word_1_190' title='bbox 3160 914 3252 977; x_wconf 83' lang='lat' dir='ltr'><strong>Dei</strong></span> <span class='ocrx_word' id='word_1_191' title='bbox 3299 908 3439 980; x_wconf 88' lang='lat' dir='ltr'><strong>lilins</strong></span> 
     </span>
    </p>
   </div>
   <div class='ocr_carea' id='block_1_25' title="bbox 1842 1004 3436 1086">
    <p class='ocr_par' dir='ltr' id='par_1_25' title="bbox 1842 1004 3436 1086">
     <span class='ocr_line' id='line_1_25' title="bbox 1842 1004 3436 1086; baseline 0.001 -15"><span class='ocrx_word' id='word_1_192' title='bbox 1842 1015 1945 1081; x_wconf 89' lang='lat' dir='ltr'><strong>sit;</strong></span> <span class='ocrx_word' id='word_1_193' title='bbox 1974 1030 2094 1071; x_wconf 90' lang='lat' dir='ltr'><strong>cum</strong></span> <span class='ocrx_word' id='word_1_194' title='bbox 2135 1004 2233 1070; x_wconf 86' lang='lat' dir='ltr'><strong>Dei</strong></span> <span class='ocrx_word' id='word_1_195' title='bbox 2262 1014 2404 1070; x_wconf 92' lang='lat' dir='ltr'><strong>ﬁlius</strong></span> <span class='ocrx_word' id='word_1_196' title='bbox 2430 1031 2496 1071; x_wconf 79' lang='lat' dir='ltr'><strong>ex</strong></span> <span class='ocrx_word' id='word_1_197' title='bbox 2530 1028 2733 1071; x_wconf 70' lang='lat' dir='ltr'><strong>natnrze</strong></span> <span class='ocrx_word' id='word_1_198' title='bbox 2766 1024 3002 1086; x_wconf 85' lang='lat' dir='ltr'><strong>paternae</strong></span> <span class='ocrx_word' id='word_1_199' title='bbox 3028 1015 3284 1085; x_wconf 72' lang='lat' dir='ltr'><strong>operibus</strong></span> <span class='ocrx_word' id='word_1_200' title='bbox 3322 1020 3436 1072; x_wconf 87' lang='lat' dir='ltr'><strong>cre-</strong></span> 
     </span>
    </p>
   </div>
   <div class='ocr_carea' id='block_1_26' title="bbox 1841 1094 3438 1182">
    <p class='ocr_par' dir='ltr' id='par_1_26' title="bbox 1841 1094 3438 1182">
     <span class='ocr_line' id='line_1_26' title="bbox 1841 1094 3438 1182; baseline 0.001 -19"><span class='ocrx_word' id='word_1_201' title='bbox 1841 1107 2050 1164; x_wconf 85' lang='lat' dir='ltr'><strong>dcndus</strong></span> <span class='ocrx_word' id='word_1_202' title='bbox 2074 1104 2183 1163; x_wconf 74' lang='lat' dir='ltr'><strong>sit?</strong></span> <span class='ocrx_word' id='word_1_203' title='bbox 2213 1106 2327 1163; x_wconf 86' lang='lat' dir='ltr'><strong>Non</strong></span> <span class='ocrx_word' id='word_1_204' title='bbox 2347 1118 2660 1180; x_wconf 62' lang='lat' dir='ltr'><strong>exaequetur</strong></span> <span class='ocrx_word' id='word_1_205' title='bbox 2685 1117 2775 1164; x_wconf 89' lang='lat' dir='ltr'><strong>aut</strong></span> <span class='ocrx_word' id='word_1_206' title='bbox 2820 1107 3013 1163; x_wconf 88' lang='lat' dir='ltr'><strong>similis</strong></span> <span class='ocrx_word' id='word_1_207' title='bbox 3047 1094 3202 1182; x_wconf 71' lang='lat'><strong>197</strong></span> <span class='ocrx_word' id='word_1_208' title='bbox 3225 1116 3304 1164; x_wconf 89' lang='lat' dir='ltr'><strong>cst</strong></span> <span class='ocrx_word' id='word_1_209' title='bbox 3328 1108 3438 1165; x_wconf 90' lang='lat' dir='ltr'><strong>Deo</strong></span> 
     </span>
    </p>
   </div>
   <div class='ocr_carea' id='block_1_27' title="bbox 1841 1202 3432 1276">
    <p class='ocr_par' dir='ltr' id='par_1_27' title="bbox 1841 1202 3432 1276">
     <span class='ocr_line' id='line_1_27' title="bbox 1841 1202 3432 1276; baseline 0.003 -20"><span class='ocrx_word' id='word_1_210' title='bbox 1841 1209 2294 1274; x_wconf 85' lang='lat' dir='ltr'><strong>creatura,ncque</strong></span> <span class='ocrx_word' id='word_1_211' title='bbox 2308 1202 2355 1258; x_wconf 89' lang='lat' dir='ltr'><strong>ei</strong></span> <span class='ocrx_word' id='word_1_212' title='bbox 2378 1210 2580 1259; x_wconf 64' lang='lat' dir='ltr'><strong>natura:</strong></span> <span class='ocrx_word' id='word_1_213' title='bbox 2599 1202 2787 1260; x_wconf 66' lang='lat' dir='ltr'><strong>alienm</strong></span> <span class='ocrx_word' id='word_1_214' title='bbox 2804 1208 3040 1276; x_wconf 83' lang='lat' dir='ltr'><strong>potestas</strong></span> <span class='ocrx_word' id='word_1_215' title='bbox 3061 1210 3432 1271; x_wconf 81' lang='lat' dir='ltr'><strong>comparatur:</strong></span> 
     </span>
    </p>
   </div>
   <div class='ocr_carea' id='block_1_28' title="bbox 1842 1290 3433 1369">
    <p class='ocr_par' dir='ltr' id='par_1_28' title="bbox 1842 1290 3433 1369">
     <span class='ocr_line' id='line_1_28' title="bbox 1842 1290 3433 1369; baseline -0.001 -20"><span class='ocrx_word' id='word_1_216' title='bbox 1842 1295 1957 1349; x_wconf 90' lang='lat' dir='ltr'><strong>sola</strong></span> <span class='ocrx_word' id='word_1_217' title='bbox 1989 1295 2036 1350; x_wconf 91' lang='lat' dir='ltr'><strong>ei</strong></span> <span class='ocrx_word' id='word_1_218' title='bbox 2068 1293 2324 1349; x_wconf 73' lang='lat' dir='ltr'><strong>nativitas</strong></span> <span class='ocrx_word' id='word_1_219' title='bbox 2357 1290 2449 1349; x_wconf 84' lang='lat' dir='ltr'><strong>ﬁlii</strong></span> <span class='ocrx_word' id='word_1_220' title='bbox 2480 1311 2585 1349; x_wconf 88' lang='lat' dir='ltr'><strong>non</strong></span> <span class='ocrx_word' id='word_1_221' title='bbox 2622 1294 2695 1369; x_wconf 77' lang='grc' dir='ltr'><strong>(ε)</strong></span> <span class='ocrx_word' id='word_1_222' title='bbox 2727 1295 2888 1365; x_wconf 83' lang='lat' dir='ltr'><strong>impie</strong></span> <span class='ocrx_word' id='word_1_223' title='bbox 2916 1311 3009 1365; x_wconf 87' lang='lat' dir='ltr'><strong>per</strong></span> <span class='ocrx_word' id='word_1_224' title='bbox 3031 1292 3433 1349; x_wconf 80' lang='lat' dir='ltr'><strong>similitudinem</strong></span> 
     </span>
    </p>
   </div>
   <div class='ocr_carea' id='block_1_29' title="bbox 1840 1386 3431 1460">
    <p class='ocr_par' dir='ltr' id='par_1_29' title="bbox 1840 1386 3431 1460">
     <span class='ocr_line' id='line_1_29' title="bbox 1840 1386 3431 1460; baseline 0.001 -18"><span class='ocrx_word' id='word_1_225' title='bbox 1840 1388 2080 1443; x_wconf 86' lang='lat' dir='ltr'><strong>creditur</strong></span> <span class='ocrx_word' id='word_1_226' title='bbox 2107 1387 2348 1458; x_wconf 63' lang='lat' dir='ltr'><strong>aequalis.</strong></span> <span class='ocrx_word' id='word_1_227' title='bbox 2382 1386 2514 1443; x_wconf 82' lang='lat' dir='ltr'><strong>Nam</strong></span> <span class='ocrx_word' id='word_1_228' title='bbox 2537 1387 2794 1460; x_wconf 86' lang='lat' dir='ltr'><strong>quidquid</strong></span> <span class='ocrx_word' id='word_1_229' title='bbox 2825 1397 2975 1445; x_wconf 79' lang='lat' dir='ltr'><strong>extra</strong></span> <span class='ocrx_word' id='word_1_230' title='bbox 3004 1405 3127 1445; x_wconf 90' lang='lat' dir='ltr'><strong>eum</strong></span> <span class='ocrx_word' id='word_1_231' title='bbox 3152 1397 3235 1444; x_wconf 90' lang='lat' dir='ltr'><strong>est</strong></span> <span class='ocrx_word' id='word_1_232' title='bbox 3260 1431 3273 1452; x_wconf 92' lang='lat'><strong>,</strong></span> <span class='ocrx_word' id='word_1_233' title='bbox 3308 1404 3431 1443; x_wconf 90' lang='lat' dir='ltr'><strong>cum</strong></span> 
     </span>
    </p>
   </div>
   <div class='ocr_carea' id='block_1_30' title="bbox 1840 1480 3430 1555">
    <p class='ocr_par' dir='ltr' id='par_1_30' title="bbox 1840 1480 3430 1555">
     <span class='ocr_line' id='line_1_30' title="bbox 1840 1480 3430 1555; baseline 0 -18"><span class='ocrx_word' id='word_1_234' title='bbox 1840 1483 2168 1539; x_wconf 81' lang='lat' dir='ltr'><strong>contumelia</strong></span> <span class='ocrx_word' id='word_1_235' title='bbox 2202 1482 2250 1538; x_wconf 86' lang='lat' dir='ltr'><strong>ei</strong></span> <span class='ocrx_word' id='word_1_236' title='bbox 2294 1481 2572 1538; x_wconf 83' lang='lat' dir='ltr'><strong>honoratae</strong></span> <span class='ocrx_word' id='word_1_237' title='bbox 2600 1481 2813 1539; x_wconf 84' lang='lat' dir='ltr'><strong>virtutis</strong></span> <span class='ocrx_word' id='word_1_238' title='bbox 2845 1483 3162 1555; x_wconf 77' lang='lat' dir='ltr'><strong>aequabitur.</strong></span> <span class='ocrx_word' id='word_1_239' title='bbox 3198 1480 3252 1539; x_wconf 86' lang='lat' dir='ltr'><strong>Si</strong></span> <span class='ocrx_word' id='word_1_240' title='bbox 3286 1482 3430 1537; x_wconf 89' lang='lat' dir='ltr'><strong>enim</strong></span> 
     </span>
    </p>
   </div>
   <div class='ocr_carea' id='block_1_31' title="bbox 1839 1568 3436 1647">
    <p class='ocr_par' dir='ltr' id='par_1_31' title="bbox 1839 1568 3436 1647">
     <span class='ocr_line' id='line_1_31' title="bbox 1839 1568 3436 1647; baseline 0.001 -18"><span class='ocrx_word' id='word_1_241' title='bbox 1839 1574 2064 1644; x_wconf 88' lang='lat' dir='ltr'><strong>aliquid,</strong></span> <span class='ocrx_word' id='word_1_242' title='bbox 2089 1568 2229 1645; x_wconf 84' lang='lat' dir='ltr'><strong>qttod</strong></span> <span class='ocrx_word' id='word_1_243' title='bbox 2260 1591 2363 1631; x_wconf 90' lang='lat' dir='ltr'><strong>non</strong></span> <span class='ocrx_word' id='word_1_244' title='bbox 2394 1591 2462 1631; x_wconf 82' lang='lat' dir='ltr'><strong>ex</strong></span> <span class='ocrx_word' id='word_1_245' title='bbox 2490 1575 2607 1646; x_wconf 83' lang='lat' dir='ltr'><strong>ipso</strong></span> <span class='ocrx_word' id='word_1_246' title='bbox 2640 1586 2721 1630; x_wconf 90' lang='lat' dir='ltr'><strong>est</strong></span> <span class='ocrx_word' id='word_1_247' title='bbox 2743 1619 2756 1640; x_wconf 91' lang='lat'><strong>,</strong></span> <span class='ocrx_word' id='word_1_248' title='bbox 2789 1572 3015 1647; x_wconf 89' lang='lat' dir='ltr'><strong>reperiri</strong></span> <span class='ocrx_word' id='word_1_249' title='bbox 3061 1585 3234 1644; x_wconf 89' lang='lat' dir='ltr'><strong>potest</strong></span> <span class='ocrx_word' id='word_1_250' title='bbox 3257 1572 3436 1631; x_wconf 88' lang='lat' dir='ltr'><strong>simile</strong></span> 
     </span>
    </p>
   </div>
   <div class='ocr_carea' id='block_1_32' title="bbox 1837 1664 3435 1742">
    <p class='ocr_par' dir='ltr' id='par_1_32' title="bbox 1837 1664 3435 1742">
     <span class='ocr_line' id='line_1_32' title="bbox 1837 1664 3435 1742; baseline 0.001 -19"><span class='ocrx_word' id='word_1_251' title='bbox 1837 1666 1886 1723; x_wconf 87' lang='lat' dir='ltr'><strong>ei</strong></span> <span class='ocrx_word' id='word_1_252' title='bbox 1914 1678 1977 1723; x_wconf 87' lang='lat' dir='ltr'><strong>ac</strong></span> <span class='ocrx_word' id='word_1_253' title='bbox 2006 1669 2214 1724; x_wconf 68' lang='lat' dir='ltr'><strong>Virtutis</strong></span> <span class='ocrx_word' id='word_1_254' title='bbox 2255 1667 2536 1737; x_wconf 82' lang='lat' dir='ltr'><strong>ejusdem;</strong></span> <span class='ocrx_word' id='word_1_255' title='bbox 2588 1666 2766 1725; x_wconf 85' lang='lat' dir='ltr'><strong>amisit</strong></span> <span class='ocrx_word' id='word_1_256' title='bbox 2811 1670 3148 1742; x_wconf 75' lang='lat' dir='ltr'><strong>privilegium</strong></span> <span class='ocrx_word' id='word_1_257' title='bbox 3192 1664 3288 1726; x_wconf 86' lang='lat' dir='ltr'><strong>Dei</strong></span> <span class='ocrx_word' id='word_1_258' title='bbox 3335 1664 3435 1725; x_wconf 87' lang='lat' dir='ltr'><strong>s&#39;nb</strong></span> 
     </span>
    </p>
   </div>
   <div class='ocr_carea' id='block_1_33' title="bbox 1837 1756 3433 1835">
    <p class='ocr_par' dir='ltr' id='par_1_33' title="bbox 1837 1756 3433 1835">
     <span class='ocr_line' id='line_1_33' title="bbox 1837 1756 3433 1835; baseline 0.003 -19"><span class='ocrx_word' id='word_1_259' title='bbox 1837 1764 2112 1817; x_wconf 86' lang='lat' dir='ltr'><strong>consortio</strong></span> <span class='ocrx_word' id='word_1_260' title='bbox 2145 1756 2470 1833; x_wconf 68' lang='lat' dir='ltr'><strong>cozequalisi</strong></span> <span class='ocrx_word' id='word_1_261' title='bbox 2501 1764 2721 1835; x_wconf 82' lang='lat' dir='ltr'><strong>jamque</strong></span> <span class='ocrx_word' id='word_1_262' title='bbox 2751 1770 2855 1818; x_wconf 89' lang='lat' dir='ltr'><strong>non</strong></span> <span class='ocrx_word' id='word_1_263' title='bbox 2879 1764 2980 1819; x_wconf 85' lang='lat' dir='ltr'><strong>erit</strong></span> <span class='ocrx_word' id='word_1_264' title='bbox 3011 1762 3153 1819; x_wconf 86' lang='lat' dir='ltr'><strong>Deus</strong></span> <span class='ocrx_word' id='word_1_265' title='bbox 3184 1768 3323 1819; x_wconf 82' lang='lat' dir='ltr'><strong>unus</strong></span> <span class='ocrx_word' id='word_1_266' title='bbox 3343 1805 3356 1829; x_wconf 91' lang='lat'><strong>,</strong></span> <span class='ocrx_word' id='word_1_267' title='bbox 3402 1778 3433 1820; x_wconf 86' lang='lat' dir='ltr'><strong>a</strong></span> 
     </span>
    </p>
   </div>
   <div class='ocr_carea' id='block_1_34' title="bbox 144 1844 1719 1929">
    <p class='ocr_par' dir='ltr' id='par_1_34' title="bbox 144 1844 1719 1916">
     <span class='ocr_line' id='line_1_34' title="bbox 144 1844 1719 1916; baseline 0.001 -18"><span class='ocrx_word' id='word_1_268' title='bbox 144 1852 289 1910; x_wconf 88' lang='lat' dir='ltr'><strong>sunt;</strong></span> <span class='ocrx_word' id='word_1_269' title='bbox 321 1852 480 1898; x_wconf 74' lang='lat' dir='ltr'><strong>unum</strong></span> <span class='ocrx_word' id='word_1_270' title='bbox 529 1857 662 1899; x_wconf 80' lang='lat' dir='ltr'><strong>vero</strong></span> <span class='ocrx_word' id='word_1_271' title='bbox 712 1848 918 1899; x_wconf 70' lang='lat' dir='ltr'><strong>naturae</strong></span> <span class='ocrx_word' id='word_1_272' title='bbox 959 1844 1226 1915; x_wconf 83' lang='lat' dir='ltr'><strong>professio</strong></span> <span class='ocrx_word' id='word_1_273' title='bbox 1252 1853 1364 1911; x_wconf 86' lang='lat' dir='ltr'><strong>est,</strong></span> <span class='ocrx_word' id='word_1_274' title='bbox 1397 1844 1519 1916; x_wconf 84' lang='lat' dir='ltr'><strong>quia</strong></span> <span class='ocrx_word' id='word_1_275' title='bbox 1567 1844 1622 1900; x_wconf 91' lang='lat' dir='ltr'><strong>in</strong></span> <span class='ocrx_word' id='word_1_276' title='bbox 1663 1859 1719 1901; x_wconf 87' lang='lat' dir='ltr'><strong>ec</strong></span> 
     </span>
    </p>
   </div>
   <div class='ocr_carea' id='block_1_35' title="bbox 1832 1844 3484 1929">
    <p class='ocr_par' dir='ltr' id='par_1_35' title="bbox 1836 1850 3484 1929">
     <span class='ocr_line' id='line_1_35' title="bbox 1836 1850 3484 1929; baseline 0.002 -19"><span class='ocrx_word' id='word_1_277' title='bbox 1836 1872 1943 1929; x_wconf 89' lang='lat' dir='ltr'><strong>quo</strong></span> <span class='ocrx_word' id='word_1_278' title='bbox 1970 1850 2278 1914; x_wconf 79' lang='lat' dir='ltr'><strong>indiﬁ‘erens</strong></span> <span class='ocrx_word' id='word_1_279' title='bbox 2302 1859 2371 1913; x_wconf 90' lang='lat' dir='ltr'><strong>sit</strong></span> <span class='ocrx_word' id='word_1_280' title='bbox 2392 1856 2525 1914; x_wconf 79' lang='lat' dir='ltr'><strong>deus</strong></span> <span class='ocrx_word' id='word_1_281' title='bbox 2549 1856 2707 1914; x_wconf 87' lang='lat' dir='ltr'><strong>alius.</strong></span> <span class='ocrx_word' id='word_1_282' title='bbox 2736 1858 2803 1914; x_wconf 80' lang='lat' dir='ltr'><strong>At</strong></span> <span class='ocrx_word' id='word_1_283' title='bbox 2826 1873 2955 1914; x_wconf 89' lang='lat' dir='ltr'><strong>vero</strong></span> <span class='ocrx_word' id='word_1_284' title='bbox 2980 1875 3084 1913; x_wconf 88' lang='lat' dir='ltr'><strong>non</strong></span> <span class='ocrx_word' id='word_1_285' title='bbox 3115 1854 3271 1913; x_wconf 85' lang='lat' dir='ltr'><strong>habet</strong></span> <span class='ocrx_word' id='word_1_286' title='bbox 3304 1874 3436 1914; x_wconf 85' lang='lat' dir='ltr'><strong>con-</strong></span> <span class='ocrx_word' id='word_1_287' title='bbox 3472 1870 3484 1879; x_wconf 88' lang='lat'>&#39;</span> 
     </span>
    </p>
   </div>
   <div class='ocr_carea' id='block_1_36' title="bbox 141 1932 1729 2008">
    <p class='ocr_par' dir='ltr' id='par_1_36' title="bbox 141 1932 1729 2008">
     <span class='ocr_line' id='line_1_36' title="bbox 141 1932 1729 2008; baseline 0.001 -18"><span class='ocrx_word' id='word_1_288' title='bbox 141 1932 272 2006; x_wconf 87' lang='lat' dir='ltr'><strong>quod</strong></span> <span class='ocrx_word' id='word_1_289' title='bbox 306 1940 393 1990; x_wconf 85' lang='lat' dir='ltr'><strong>est</strong></span> <span class='ocrx_word' id='word_1_290' title='bbox 419 1946 651 2005; x_wconf 89' lang='lat' dir='ltr'><strong>uterque</strong></span> <span class='ocrx_word' id='word_1_291' title='bbox 675 1950 781 1991; x_wconf 89' lang='lat' dir='ltr'><strong>non</strong></span> <span class='ocrx_word' id='word_1_292' title='bbox 810 1934 1061 2003; x_wconf 80' lang='lat' dir='ltr'><strong>diﬂ‘e&#39;rat;</strong></span> <span class='ocrx_word' id='word_1_293' title='bbox 1092 1944 1268 1992; x_wconf 77' lang='lat' dir='ltr'><strong>suntut</strong></span> <span class='ocrx_word' id='word_1_294' title='bbox 1296 1942 1476 1991; x_wconf 87' lang='lat' dir='ltr'><strong>autem</strong></span> <span class='ocrx_word' id='word_1_295' title='bbox 1506 1950 1611 1992; x_wconf 88' lang='lat' dir='ltr'><strong>non</strong></span> <span class='ocrx_word' id='word_1_296' title='bbox 1635 1951 1729 2008; x_wconf 84' lang='lat' dir='ltr'><strong>pa-</strong></span> 
     </span>
    </p>
   </div>
   <div class='ocr_carea' id='block_1_37' title="bbox 143 2027 1725 2102">
    <p class='ocr_par' dir='ltr' id='par_1_37' title="bbox 143 2027 1725 2102">
     <span class='ocr_line' id='line_1_37' title="bbox 143 2027 1725 2102; baseline 0.002 -20"><span class='ocrx_word' id='word_1_297' title='bbox 143 2029 262 2084; x_wconf 85' lang='lat' dir='ltr'><strong>titur</strong></span> <span class='ocrx_word' id='word_1_298' title='bbox 282 2027 563 2084; x_wconf 76' lang='lat' dir='ltr'><strong>unionem.</strong></span> <span class='ocrx_word' id='word_1_299' title='bbox 598 2029 662 2083; x_wconf 82' lang='lat' dir='ltr'><strong>Et</strong></span> <span class='ocrx_word' id='word_1_300' title='bbox 689 2027 940 2101; x_wconf 86' lang='lat' dir='ltr'><strong>ubiquod</strong></span> <span class='ocrx_word' id='word_1_301' title='bbox 970 2029 1045 2102; x_wconf 85' lang='lat' dir='ltr'><strong>(a)</strong></span> <span class='ocrx_word' id='word_1_302' title='bbox 1074 2042 1234 2083; x_wconf 75' lang='lat' dir='ltr'><strong>unum</strong></span> <span class='ocrx_word' id='word_1_303' title='bbox 1255 2038 1431 2083; x_wconf 73' lang='lat' dir='ltr'><strong>sumus</strong></span> <span class='ocrx_word' id='word_1_304' title='bbox 1458 2029 1588 2084; x_wconf 87' lang='lat' dir='ltr'><strong>uolo</strong></span> <span class='ocrx_word' id='word_1_305' title='bbox 1620 2046 1725 2085; x_wconf 89' lang='lat' dir='ltr'><strong>non</strong></span> 
     </span>
    </p>
   </div>
   <div class='ocr_carea' id='block_1_38' title="bbox 142 2117 1726 2189">
    <p class='ocr_par' dir='ltr' id='par_1_38' title="bbox 142 2117 1726 2189">
     <span class='ocr_line' id='line_1_38' title="bbox 142 2117 1726 2189; baseline 0 -12"><span class='ocrx_word' id='word_1_306' title='bbox 142 2131 251 2189; x_wconf 89' lang='lat' dir='ltr'><strong>est,</strong></span> <span class='ocrx_word' id='word_1_307' title='bbox 290 2130 453 2176; x_wconf 71' lang='lat' dir='ltr'><strong>utrum</strong></span> <span class='ocrx_word' id='word_1_308' title='bbox 478 2131 575 2177; x_wconf 84' lang='lat' dir='ltr'><strong>eos</strong></span> <span class='ocrx_word' id='word_1_309' title='bbox 603 2119 769 2177; x_wconf 80' lang='lat' dir='ltr'><strong>efﬁcit</strong></span> <span class='ocrx_word' id='word_1_310' title='bbox 788 2135 913 2178; x_wconf 88' lang='lat' dir='ltr'><strong>esse</strong></span> <span class='ocrx_word' id='word_1_311' title='bbox 940 2121 1213 2177; x_wconf 69' lang='lat' dir='ltr'><strong>nativitas.</strong></span> <span class='ocrx_word' id='word_1_312' title='bbox 1245 2117 1355 2176; x_wconf 87' lang='lat' dir='ltr'><strong>lioc</strong></span> <span class='ocrx_word' id='word_1_313' title='bbox 1385 2120 1530 2176; x_wconf 86' lang='lat' dir='ltr'><strong>enim</strong></span> <span class='ocrx_word' id='word_1_314' title='bbox 1556 2126 1726 2177; x_wconf 87' lang='lat' dir='ltr'><strong>totum</strong></span> 
     </span>
    </p>
   </div>
   <div class='ocr_carea' id='block_1_39' title="bbox 143 2212 1728 2286">
    <p class='ocr_par' dir='ltr' id='par_1_39' title="bbox 143 2212 1728 2286">
     <span class='ocr_line' id='line_1_39' title="bbox 143 2212 1728 2286; baseline -0.001 -16"><span class='ocrx_word' id='word_1_315' title='bbox 143 2224 204 2270; x_wconf 76' lang='lat' dir='ltr'><strong>ex</strong></span> <span class='ocrx_word' id='word_1_316' title='bbox 227 2228 291 2270; x_wconf 91' lang='lat' dir='ltr'><strong>eo</strong></span> <span class='ocrx_word' id='word_1_317' title='bbox 320 2216 439 2279; x_wconf 87' lang='lat' dir='ltr'><strong>est,</strong></span> <span class='ocrx_word' id='word_1_318' title='bbox 483 2213 629 2286; x_wconf 70' lang='lat' dir='ltr'><strong>Quod</strong></span> <span class='ocrx_word' id='word_1_319' title='bbox 677 2214 769 2270; x_wconf 88' lang='lat' dir='ltr'><strong>Dei</strong></span> <span class='ocrx_word' id='word_1_320' title='bbox 795 2226 854 2270; x_wconf 87' lang='lat' dir='ltr'><strong>se</strong></span> <span class='ocrx_word' id='word_1_321' title='bbox 895 2212 1064 2269; x_wconf 86' lang='lat' dir='ltr'><strong>ﬁlium</strong></span> <span class='ocrx_word' id='word_1_322' title='bbox 1102 2212 1472 2268; x_wconf 78' lang='lat' dir='ltr'><strong>sanctiﬁcatus</strong></span> <span class='ocrx_word' id='word_1_323' title='bbox 1497 2226 1526 2267; x_wconf 84' lang='lat' dir='ltr'><strong>a</strong></span> <span class='ocrx_word' id='word_1_324' title='bbox 1569 2212 1728 2269; x_wconf 76' lang='lat' dir='ltr'><strong>Patre</strong></span> 
     </span>
    </p>
   </div>
   <div class='ocr_carea' id='block_1_40' title="bbox 142 2300 1721 2380">
    <p class='ocr_par' dir='ltr' id='par_1_40' title="bbox 142 2300 1721 2380">
     <span class='ocr_line' id='line_1_40' title="bbox 142 2300 1721 2380; baseline -0.001 -18"><span class='ocrx_word' id='word_1_325' title='bbox 142 2307 441 2379; x_wconf 85' lang='lat' dir='ltr'><strong>proﬁtetur,</strong></span> <span class='ocrx_word' id='word_1_326' title='bbox 472 2316 527 2363; x_wconf 89' lang='lat' dir='ltr'><strong>et</strong></span> <span class='ocrx_word' id='word_1_327' title='bbox 555 2309 818 2380; x_wconf 80' lang='lat' dir='ltr'><strong>professio</strong></span> <span class='ocrx_word' id='word_1_328' title='bbox 851 2307 945 2364; x_wconf 85' lang='lat' dir='ltr'><strong>Dei</strong></span> <span class='ocrx_word' id='word_1_329' title='bbox 972 2307 1068 2363; x_wconf 88' lang='lat' dir='ltr'><strong>ﬁlii</strong></span> <span class='ocrx_word' id='word_1_330' title='bbox 1098 2300 1200 2363; x_wconf 88' lang='lat' dir='ltr'><strong>hoc</strong></span> <span class='ocrx_word' id='word_1_331' title='bbox 1221 2307 1362 2379; x_wconf 89' lang='lat' dir='ltr'><strong>quod</strong></span> <span class='ocrx_word' id='word_1_332' title='bbox 1391 2305 1505 2379; x_wconf 83' lang='lat' dir='ltr'><strong>Ego</strong></span> <span class='ocrx_word' id='word_1_333' title='bbox 1531 2315 1579 2361; x_wconf 89' lang='lat' dir='ltr'><strong>et</strong></span> <span class='ocrx_word' id='word_1_334' title='bbox 1609 2305 1721 2361; x_wconf 81' lang='lat' dir='ltr'><strong>Pa-</strong></span> 
     </span>
    </p>
   </div>
   <div class='ocr_carea' id='block_1_41' title="bbox 136 2405 1724 2477">
    <p class='ocr_par' dir='ltr' id='par_1_41' title="bbox 136 2405 1724 2477">
     <span class='ocr_line' id='line_1_41' title="bbox 136 2405 1724 2477; baseline 0.001 -18"><span class='ocrx_word' id='word_1_335' title='bbox 136 2412 204 2459; x_wconf 80' lang='lat' dir='ltr'><strong>te&#39;r</strong></span> <span class='ocrx_word' id='word_1_336' title='bbox 224 2412 388 2459; x_wconf 74' lang='lat' dir='ltr'><strong>unum</strong></span> <span class='ocrx_word' id='word_1_337' title='bbox 415 2414 592 2460; x_wconf 67' lang='lat' dir='ltr'><strong>suntut</strong></span> <span class='ocrx_word' id='word_1_338' title='bbox 617 2405 900 2461; x_wconf 89' lang='lat' dir='ltr'><strong>conﬁrmat</strong></span> <span class='ocrx_word' id='word_1_339' title='bbox 930 2423 943 2461; x_wconf 91' lang='lat'><strong>:</strong></span> <span class='ocrx_word' id='word_1_340' title='bbox 973 2408 1099 2477; x_wconf 86' lang='lat' dir='ltr'><strong>quia</strong></span> <span class='ocrx_word' id='word_1_341' title='bbox 1128 2406 1382 2461; x_wconf 70' lang='lat' dir='ltr'><strong>nativitas</strong></span> <span class='ocrx_word' id='word_1_342' title='bbox 1425 2420 1532 2460; x_wconf 90' lang='lat' dir='ltr'><strong>non</strong></span> <span class='ocrx_word' id='word_1_343' title='bbox 1562 2406 1724 2461; x_wconf 87' lang='lat' dir='ltr'><strong>aliam</strong></span> 
     </span>
    </p>
   </div>
   <div class='ocr_carea' id='block_1_42' title="bbox 134 2496 1720 2568">
    <p class='ocr_par' dir='ltr' id='par_1_42' title="bbox 134 2496 1720 2568">
     <span class='ocr_line' id='line_1_42' title="bbox 134 2496 1720 2568; baseline 0.002 -18"><span class='ocrx_word' id='word_1_344' title='bbox 134 2496 327 2566; x_wconf 83' lang='lat' dir='ltr'><strong>possit,</strong></span> <span class='ocrx_word' id='word_1_345' title='bbox 363 2496 464 2552; x_wconf 88' lang='lat' dir='ltr'><strong>nisi</strong></span> <span class='ocrx_word' id='word_1_346' title='bbox 492 2506 611 2552; x_wconf 85' lang='lat' dir='ltr'><strong>eam</strong></span> <span class='ocrx_word' id='word_1_347' title='bbox 640 2504 706 2554; x_wconf 80' lang='lat' dir='ltr'><strong>ex</strong></span> <span class='ocrx_word' id='word_1_348' title='bbox 745 2508 849 2568; x_wconf 84' lang='lat' dir='ltr'><strong>qua</strong></span> <span class='ocrx_word' id='word_1_349' title='bbox 895 2498 1174 2564; x_wconf 87' lang='lat' dir='ltr'><strong>subsistit,</strong></span> <span class='ocrx_word' id='word_1_350' title='bbox 1222 2497 1420 2554; x_wconf 80' lang='lat' dir='ltr'><strong>aﬁ‘erre</strong></span> <span class='ocrx_word' id='word_1_351' title='bbox 1451 2510 1720 2554; x_wconf 77' lang='lat' dir='ltr'><strong>naturam.</strong></span> 
     </span>
    </p>
   </div>
   <div class='ocr_carea' id='block_1_43' title="bbox 193 2590 1725 2666">
    <p class='ocr_par' dir='ltr' id='par_1_43' title="bbox 193 2590 1725 2666">
     <span class='ocr_line' id='line_1_43' title="bbox 193 2590 1725 2666; baseline 0.001 -19"><span class='ocrx_word' id='word_1_352' title='bbox 193 2592 284 2647; x_wconf 52' lang='lat'><strong>‘16;</strong></span> <span class='ocrx_word' id='word_1_353' title='bbox 321 2590 535 2647; x_wconf 70' lang='lat' dir='ltr'><strong>Natura</strong></span> <span class='ocrx_word' id='word_1_354' title='bbox 558 2591 654 2647; x_wconf 79' lang='lat' dir='ltr'><strong>Dei</strong></span> <span class='ocrx_word' id='word_1_355' title='bbox 681 2593 736 2648; x_wconf 82' lang='lat' dir='ltr'><strong>in</strong></span> <span class='ocrx_word' id='word_1_356' title='bbox 762 2591 902 2648; x_wconf 77' lang='lat' dir='ltr'><strong>Filio</strong></span> <span class='ocrx_word' id='word_1_357' title='bbox 927 2593 1175 2649; x_wconf 74' lang='lat' dir='ltr'><strong>evincitur</strong></span> <span class='ocrx_word' id='word_1_358' title='bbox 1202 2609 1265 2649; x_wconf 79' lang='lat' dir='ltr'><strong>ea:</strong></span> <span class='ocrx_word' id='word_1_359' title='bbox 1287 2595 1461 2666; x_wconf 82' lang='lat' dir='ltr'><strong>gestis.</strong></span> <span class='ocrx_word' id='word_1_360' title='bbox 1492 2593 1725 2661; x_wconf 58' lang='lat' dir='ltr'><strong>[Equuri</strong></span> 
     </span>
    </p>
   </div>
   <div class='ocr_carea' id='block_1_44' title="bbox 129 2682 1723 2757">
    <p class='ocr_par' dir='ltr' id='par_1_44' title="bbox 129 2682 1723 2757">
     <span class='ocr_line' id='line_1_44' title="bbox 129 2682 1723 2757; baseline 0.001 -17"><span class='ocrx_word' id='word_1_361' title='bbox 129 2682 230 2740; x_wconf 85' lang='lat' dir='ltr'><strong>Deo</strong></span> <span class='ocrx_word' id='word_1_362' title='bbox 257 2685 435 2756; x_wconf 66' lang='lat' dir='ltr'><strong>nequit</strong></span> <span class='ocrx_word' id='word_1_363' title='bbox 461 2686 598 2757; x_wconf 72' lang='lat' dir='ltr'><strong>quod</strong></span> <span class='ocrx_word' id='word_1_364' title='bbox 636 2695 783 2741; x_wconf 74' lang='lat' dir='ltr'><strong>extra</strong></span> <span class='ocrx_word' id='word_1_365' title='bbox 813 2700 949 2742; x_wconf 82' lang='lat' dir='ltr'><strong>eum.</strong></span> <span class='ocrx_word' id='word_1_366' title='bbox 991 2715 1064 2727; x_wconf 93' lang='lat'><strong>—</strong></span> <span class='ocrx_word' id='word_1_367' title='bbox 1085 2684 1493 2742; x_wconf 70' lang='lat' dir='ltr'><strong>Consummavit</strong></span> <span class='ocrx_word' id='word_1_368' title='bbox 1542 2695 1723 2742; x_wconf 76' lang='lat' dir='ltr'><strong>autem</strong></span> 
     </span>
    </p>
   </div>
   <div class='ocr_carea' id='block_1_45' title="bbox 132 2775 1721 2853">
    <p class='ocr_par' dir='ltr' id='par_1_45' title="bbox 132 2775 1721 2853">
     <span class='ocr_line' id='line_1_45' title="bbox 132 2775 1721 2853; baseline 0.003 -21"><span class='ocrx_word' id='word_1_369' title='bbox 132 2779 283 2834; x_wconf 84' lang='lat' dir='ltr'><strong>totius</strong></span> <span class='ocrx_word' id='word_1_370' title='bbox 308 2776 439 2835; x_wconf 78' lang='lat' dir='ltr'><strong>ﬁdei</strong></span> <span class='ocrx_word' id='word_1_371' title='bbox 468 2784 668 2835; x_wconf 66' lang='lat' dir='ltr'><strong>nostrai</strong></span> <span class='ocrx_word' id='word_1_372' title='bbox 690 2775 1088 2836; x_wconf 74' lang='lat' dir='ltr'><strong>sacramentum</strong></span> <span class='ocrx_word' id='word_1_373' title='bbox 1114 2782 1375 2853; x_wconf 79' lang='lat' dir='ltr'><strong>utiigeniti</strong></span> <span class='ocrx_word' id='word_1_374' title='bbox 1398 2781 1493 2837; x_wconf 84' lang='lat' dir='ltr'><strong>Dei</strong></span> <span class='ocrx_word' id='word_1_375' title='bbox 1516 2796 1721 2838; x_wconf 86' lang='lat' dir='ltr'><strong>sermo.</strong></span> 
     </span>
    </p>
   </div>
   <div class='ocr_carea' id='block_1_46' title="bbox 127 2869 1704 2945">
    <p class='ocr_par' dir='ltr' id='par_1_46' title="bbox 127 2869 1704 2945">
     <span class='ocr_line' id='line_1_46' title="bbox 127 2869 1704 2945; baseline 0.003 -18"><span class='ocrx_word' id='word_1_376' title='bbox 127 2869 367 2944; x_wconf 80' lang='lat' dir='ltr'><strong>Namque</strong></span> <span class='ocrx_word' id='word_1_377' title='bbox 388 2876 508 2928; x_wconf 83' lang='lat' dir='ltr'><strong>cum</strong></span> <span class='ocrx_word' id='word_1_378' title='bbox 542 2878 857 2945; x_wconf 80' lang='lat' dir='ltr'><strong>responsum</strong></span> <span class='ocrx_word' id='word_1_379' title='bbox 886 2874 953 2930; x_wconf 86' lang='lat' dir='ltr'><strong>ad</strong></span> <span class='ocrx_word' id='word_1_380' title='bbox 1007 2874 1061 2931; x_wconf 88' lang='lat' dir='ltr'><strong>id</strong></span> <span class='ocrx_word' id='word_1_381' title='bbox 1108 2874 1295 2932; x_wconf 85' lang='lat' dir='ltr'><strong>fuisset</strong></span> <span class='ocrx_word' id='word_1_382' title='bbox 1316 2918 1331 2943; x_wconf 91' lang='lat'><strong>,</strong></span> <span class='ocrx_word' id='word_1_383' title='bbox 1362 2891 1461 2932; x_wconf 89' lang='lat' dir='ltr'><strong>cur</strong></span> <span class='ocrx_word' id='word_1_384' title='bbox 1484 2890 1545 2933; x_wconf 88' lang='lat' dir='ltr'><strong>se</strong></span> <span class='ocrx_word' id='word_1_385' title='bbox 1585 2892 1704 2933; x_wconf 90' lang='lat' dir='ltr'><strong>cum</strong></span> 
     </span>
    </p>
   </div>
   <div class='ocr_carea' id='block_1_47' title="bbox 127 2965 1723 3046">
    <p class='ocr_par' dir='ltr' id='par_1_47' title="bbox 127 2965 1723 3046">
     <span class='ocr_line' id='line_1_47' title="bbox 127 2965 1723 3046; baseline 0.004 -27"><span class='ocrx_word' id='word_1_386' title='bbox 127 2965 275 3022; x_wconf 86' lang='lat' dir='ltr'><strong>homo</strong></span> <span class='ocrx_word' id='word_1_387' title='bbox 298 2972 455 3022; x_wconf 79' lang='lat' dir='ltr'><strong>esset</strong></span> <span class='ocrx_word' id='word_1_388' title='bbox 492 2966 662 3024; x_wconf 83' lang='lat' dir='ltr'><strong>Deum</strong></span> <span class='ocrx_word' id='word_1_389' title='bbox 711 2970 942 3034; x_wconf 84' lang='lat' dir='ltr'><strong>faceret;</strong></span> <span class='ocrx_word' id='word_1_390' title='bbox 971 2976 1029 3024; x_wconf 92' lang='lat' dir='ltr'><strong>ut</strong></span> <span class='ocrx_word' id='word_1_391' title='bbox 1058 2969 1261 3025; x_wconf 89' lang='lat' dir='ltr'><strong>dictum</strong></span> <span class='ocrx_word' id='word_1_392' title='bbox 1317 2970 1445 3026; x_wconf 91' lang='lat' dir='ltr'><strong>illud</strong></span> <span class='ocrx_word' id='word_1_393' title='bbox 1473 3014 1486 3035; x_wconf 89' lang='lat'><strong>,</strong></span> <span class='ocrx_word' id='word_1_394' title='bbox 1533 2970 1645 3046; x_wconf 80' lang='lat' dir='ltr'><strong>Ego</strong></span> <span class='ocrx_word' id='word_1_395' title='bbox 1674 2980 1723 3026; x_wconf 84' lang='lat' dir='ltr'><strong>et</strong></span> 
     </span>
    </p>
   </div>
   <div class='ocr_carea' id='block_1_48' title="bbox 127 3058 1726 3136">
    <p class='ocr_par' dir='ltr' id='par_1_48' title="bbox 127 3058 1726 3136">
     <span class='ocr_line' id='line_1_48' title="bbox 127 3058 1726 3136; baseline 0.005 -24"><span class='ocrx_word' id='word_1_396' title='bbox 127 3058 276 3117; x_wconf 77' lang='lat' dir='ltr'><strong>Pater</strong></span> <span class='ocrx_word' id='word_1_397' title='bbox 300 3072 468 3116; x_wconf 69' lang='lat' dir='ltr'><strong>unum</strong></span> <span class='ocrx_word' id='word_1_398' title='bbox 505 3070 704 3128; x_wconf 72' lang='lat' dir='ltr'><strong>sumus,</strong></span> <span class='ocrx_word' id='word_1_399' title='bbox 736 3062 998 3117; x_wconf 68' lang='lat' dir='ltr'><strong>absoluta:</strong></span> <span class='ocrx_word' id='word_1_400' title='bbox 1036 3072 1090 3119; x_wconf 91' lang='lat' dir='ltr'><strong>et</strong></span> <span class='ocrx_word' id='word_1_401' title='bbox 1137 3062 1388 3134; x_wconf 86' lang='lat' dir='ltr'><strong>perfectae</strong></span> <span class='ocrx_word' id='word_1_402' title='bbox 1420 3064 1726 3136; x_wconf 88' lang='lat' dir='ltr'><strong>intelligen-</strong></span> 
     </span>
    </p>
   </div>
   <div class='ocr_carea' id='block_1_49' title="bbox 126 3153 1715 3229">
    <p class='ocr_par' dir='ltr' id='par_1_49' title="bbox 126 3153 1715 3229">
     <span class='ocr_line' id='line_1_49' title="bbox 126 3153 1715 3229; baseline 0.004 -21"><span class='ocrx_word' id='word_1_403' title='bbox 126 3154 208 3209; x_wconf 60' lang='lat' dir='ltr'><strong>tia}</strong></span> <span class='ocrx_word' id='word_1_404' title='bbox 248 3153 505 3212; x_wconf 82' lang='lat' dir='ltr'><strong>ordinem</strong></span> <span class='ocrx_word' id='word_1_405' title='bbox 549 3164 822 3223; x_wconf 84' lang='lat' dir='ltr'><strong>sumeret,</strong></span> <span class='ocrx_word' id='word_1_406' title='bbox 859 3157 972 3212; x_wconf 61' lang='lat' dir='ltr'><strong>haec</strong></span> <span class='ocrx_word' id='word_1_407' title='bbox 1003 3166 1400 3229; x_wconf 85' lang='lat' dir='ltr'><strong>consequenter</strong></span> <span class='ocrx_word' id='word_1_408' title='bbox 1444 3159 1715 3228; x_wconf 83' lang='lat' dir='ltr'><strong>subjecit:</strong></span> 
     </span>
    </p>
   </div>
   <div class='ocr_carea' id='block_1_50' title="bbox 1834 1948 3428 2023">
    <p class='ocr_par' dir='ltr' id='par_1_50' title="bbox 1834 1948 3428 2023">
     <span class='ocr_line' id='line_1_50' title="bbox 1834 1948 3428 2023; baseline 0.001 -18"><span class='ocrx_word' id='word_1_409' title='bbox 1834 1948 2127 2015; x_wconf 81' lang='lat' dir='ltr'><strong>tttmcliain,</strong></span> <span class='ocrx_word' id='word_1_410' title='bbox 2160 1950 2504 2022; x_wconf 82' lang='lat' dir='ltr'><strong>proprietatis</strong></span> <span class='ocrx_word' id='word_1_411' title='bbox 2538 1949 2614 2023; x_wconf 85' lang='lat' dir='ltr'><strong>(d)</strong></span> <span class='ocrx_word' id='word_1_412' title='bbox 2640 1948 2918 2022; x_wconf 68' lang='lat' dir='ltr'><strong>mqttalitas</strong></span> <span class='ocrx_word' id='word_1_413' title='bbox 2949 1968 2963 2005; x_wconf 90' lang='lat'><strong>:</strong></span> <span class='ocrx_word' id='word_1_414' title='bbox 2994 1950 3113 2022; x_wconf 86' lang='lat' dir='ltr'><strong>quia</strong></span> <span class='ocrx_word' id='word_1_415' title='bbox 3143 1958 3298 2006; x_wconf 88' lang='lat' dir='ltr'><strong>suum</strong></span> <span class='ocrx_word' id='word_1_416' title='bbox 3327 1948 3428 2017; x_wconf 78' lang='lat' dir='ltr'><strong>est,</strong></span> 
     </span>
    </p>
   </div>
   <div class='ocr_carea' id='block_1_51' title="bbox 1832 2040 3430 2114">
    <p class='ocr_par' dir='ltr' id='par_1_51' title="bbox 1832 2040 3430 2114">
     <span class='ocr_line' id='line_1_51' title="bbox 1832 2040 3430 2114; baseline -0.001 -17"><span class='ocrx_word' id='word_1_417' title='bbox 1832 2042 1976 2114; x_wconf 88' lang='lat' dir='ltr'><strong>quod</strong></span> <span class='ocrx_word' id='word_1_418' title='bbox 2005 2044 2088 2097; x_wconf 89' lang='lat' dir='ltr'><strong>sui</strong></span> <span class='ocrx_word' id='word_1_419' title='bbox 2120 2042 2294 2099; x_wconf 90' lang='lat' dir='ltr'><strong>simile</strong></span> <span class='ocrx_word' id='word_1_420' title='bbox 2321 2053 2397 2098; x_wconf 83' lang='lat' dir='ltr'><strong>est</strong></span> <span class='ocrx_word' id='word_1_421' title='bbox 2423 2061 2437 2108; x_wconf 91' lang='lat'>;</span> <span class='ocrx_word' id='word_1_422' title='bbox 2465 2053 2514 2098; x_wconf 88' lang='lat' dir='ltr'><strong>et</strong></span> <span class='ocrx_word' id='word_1_423' title='bbox 2540 2058 2606 2098; x_wconf 82' lang='lat' dir='ltr'><strong>ex</strong></span> <span class='ocrx_word' id='word_1_424' title='bbox 2638 2056 2696 2098; x_wconf 88' lang='lat' dir='ltr'><strong>se</strong></span> <span class='ocrx_word' id='word_1_425' title='bbox 2726 2053 2808 2098; x_wconf 92' lang='lat' dir='ltr'><strong>est</strong></span> <span class='ocrx_word' id='word_1_426' title='bbox 2834 2085 2848 2109; x_wconf 95' lang='lat'><strong>,</strong></span> <span class='ocrx_word' id='word_1_427' title='bbox 2883 2042 3025 2114; x_wconf 88' lang='lat' dir='ltr'><strong>quod</strong></span> <span class='ocrx_word' id='word_1_428' title='bbox 3054 2042 3155 2097; x_wconf 82' lang='lat' dir='ltr'><strong>sibi</strong></span> <span class='ocrx_word' id='word_1_429' title='bbox 3178 2040 3244 2097; x_wconf 87' lang='lat' dir='ltr'><strong>a‘d</strong></span> <span class='ocrx_word' id='word_1_430' title='bbox 3277 2040 3430 2096; x_wconf 86' lang='lat' dir='ltr'><strong>simi-</strong></span> 
     </span>
    </p>
   </div>
   <div class='ocr_carea' id='block_1_52' title="bbox 1832 2129 3425 2207">
    <p class='ocr_par' dir='ltr' id='par_1_52' title="bbox 1832 2129 3425 2207">
     <span class='ocr_line' id='line_1_52' title="bbox 1832 2129 3425 2207; baseline -0.001 -16"><span class='ocrx_word' id='word_1_431' title='bbox 1832 2134 2115 2191; x_wconf 89' lang='lat' dir='ltr'><strong>litudinem</strong></span> <span class='ocrx_word' id='word_1_432' title='bbox 2143 2142 2517 2207; x_wconf 85' lang='lat' dir='ltr'><strong>comparatur;</strong></span> <span class='ocrx_word' id='word_1_433' title='bbox 2562 2148 2663 2191; x_wconf 78' lang='lat' dir='ltr'><strong>nec</strong></span> <span class='ocrx_word' id='word_1_434' title='bbox 2691 2143 2843 2191; x_wconf 85' lang='lat' dir='ltr'><strong>extra</strong></span> <span class='ocrx_word' id='word_1_435' title='bbox 2876 2144 2936 2191; x_wconf 87' lang='lat' dir='ltr'><strong>se</strong></span> <span class='ocrx_word' id='word_1_436' title='bbox 2971 2144 3084 2199; x_wconf 84' lang='lat' dir='ltr'><strong>est,</strong></span> <span class='ocrx_word' id='word_1_437' title='bbox 3115 2129 3258 2205; x_wconf 87' lang='lat' dir='ltr'><strong>quod</strong></span> <span class='ocrx_word' id='word_1_438' title='bbox 3305 2142 3425 2205; x_wconf 76' lang='lat' dir='ltr'><strong>qua:</strong></span> 
     </span>
    </p>
   </div>
   <div class='ocr_carea' id='block_1_53' title="bbox 1830 2222 3432 2300">
    <p class='ocr_par' dir='ltr' id='par_1_53' title="bbox 1830 2222 3432 2300">
     <span class='ocr_line' id='line_1_53' title="bbox 1830 2222 3432 2300; baseline -0.002 -15"><span class='ocrx_word' id='word_1_439' title='bbox 1830 2238 1926 2285; x_wconf 86' lang='lat' dir='ltr'><strong>sua</strong></span> <span class='ocrx_word' id='word_1_440' title='bbox 1958 2238 2083 2285; x_wconf 87' lang='lat' dir='ltr'><strong>sunt</strong></span> <span class='ocrx_word' id='word_1_441' title='bbox 2109 2230 2291 2300; x_wconf 88' lang='lat' dir='ltr'><strong>potest</strong></span> <span class='ocrx_word' id='word_1_442' title='bbox 2317 2242 2329 2283; x_wconf 87' lang='lat'>:</span> <span class='ocrx_word' id='word_1_443' title='bbox 2362 2234 2419 2283; x_wconf 84' lang='lat' dir='ltr'><strong>et</strong></span> <span class='ocrx_word' id='word_1_444' title='bbox 2443 2226 2718 2300; x_wconf 78' lang='lat' dir='ltr'><strong>profectus</strong></span> <span class='ocrx_word' id='word_1_445' title='bbox 2745 2222 3018 2299; x_wconf 82' lang='lat' dir='ltr'><strong>dignitatis</strong></span> <span class='ocrx_word' id='word_1_446' title='bbox 3038 2236 3153 2294; x_wconf 86' lang='lat' dir='ltr'><strong>est,</strong></span> <span class='ocrx_word' id='word_1_447' title='bbox 3182 2228 3432 2297; x_wconf 82' lang='lat' dir='ltr'><strong>genuisse</strong></span> 
     </span>
    </p>
   </div>
   <div class='ocr_carea' id='block_1_54' title="bbox 1834 2308 3429 2392">
    <p class='ocr_par' dir='ltr' id='par_1_54' title="bbox 1834 2308 3429 2392">
     <span class='ocr_line' id='line_1_54' title="bbox 1834 2308 3429 2392; baseline -0.002 -17"><span class='ocrx_word' id='word_1_448' title='bbox 1834 2326 2156 2392; x_wconf 88' lang='lat' dir='ltr'><strong>potestatem</strong></span> <span class='ocrx_word' id='word_1_449' title='bbox 2177 2364 2192 2389; x_wconf 92' lang='lat'><strong>,</strong></span> <span class='ocrx_word' id='word_1_450' title='bbox 2223 2324 2325 2378; x_wconf 80' lang='lat' dir='ltr'><strong>nec</strong></span> <span class='ocrx_word' id='word_1_451' title='bbox 2352 2322 2618 2377; x_wconf 85' lang='lat' dir='ltr'><strong>alienasse</strong></span> <span class='ocrx_word' id='word_1_452' title='bbox 2646 2326 2910 2376; x_wconf 80' lang='lat' dir='ltr'><strong>naturam.</strong></span> <span class='ocrx_word' id='word_1_453' title='bbox 2936 2317 3112 2388; x_wconf 81' lang='lat' dir='ltr'><strong>Opera</strong></span> <span class='ocrx_word' id='word_1_454' title='bbox 3140 2318 3313 2374; x_wconf 82' lang='lat' dir='ltr'><strong>Patris</strong></span> <span class='ocrx_word' id='word_1_455' title='bbox 3345 2308 3429 2373; x_wconf 81' lang='lat' dir='ltr'><strong>el-</strong></span> 
     </span>
    </p>
   </div>
   <div class='ocr_carea' id='block_1_55' title="bbox 1828 2406 3423 2485">
    <p class='ocr_par' dir='ltr' id='par_1_55' title="bbox 1828 2406 3423 2485">
     <span class='ocr_line' id='line_1_55' title="bbox 1828 2406 3423 2485; baseline 0 -16"><span class='ocrx_word' id='word_1_456' title='bbox 1828 2414 1939 2470; x_wconf 88' lang='lat' dir='ltr'><strong>ﬁcit</strong></span> <span class='ocrx_word' id='word_1_457' title='bbox 1968 2412 2170 2480; x_wconf 81' lang='lat' dir='ltr'><strong>Filius;</strong></span> <span class='ocrx_word' id='word_1_458' title='bbox 2205 2412 2255 2470; x_wconf 88' lang='lat' dir='ltr'><strong>et</strong></span> <span class='ocrx_word' id='word_1_459' title='bbox 2308 2422 2403 2485; x_wconf 85' lang='lat' dir='ltr'><strong>per</strong></span> <span class='ocrx_word' id='word_1_460' title='bbox 2431 2411 2482 2470; x_wconf 89' lang='lat' dir='ltr'><strong>id</strong></span> <span class='ocrx_word' id='word_1_461' title='bbox 2513 2412 2658 2469; x_wconf 84' lang='lat' dir='ltr'><strong>credi</strong></span> <span class='ocrx_word' id='word_1_462' title='bbox 2698 2418 2760 2470; x_wconf 82' lang='lat' dir='ltr'><strong>se</strong></span> <span class='ocrx_word' id='word_1_463' title='bbox 2805 2412 2902 2469; x_wconf 86' lang='lat' dir='ltr'><strong>Dei</strong></span> <span class='ocrx_word' id='word_1_464' title='bbox 2951 2406 3118 2468; x_wconf 81' lang='lat' dir='ltr'><strong>tilium</strong></span> <span class='ocrx_word' id='word_1_465' title='bbox 3167 2411 3423 2484; x_wconf 75' lang='lat' dir='ltr'><strong>postulat.</strong></span> 
     </span>
    </p>
   </div>
   <div class='ocr_carea' id='block_1_56' title="bbox 1830 2504 3428 2578">
    <p class='ocr_par' dir='ltr' id='par_1_56' title="bbox 1830 2504 3428 2578">
     <span class='ocr_line' id='line_1_56' title="bbox 1830 2504 3428 2578; baseline -0.001 -16"><span class='ocrx_word' id='word_1_466' title='bbox 1830 2504 1945 2562; x_wconf 78' lang='lat' dir='ltr'><strong>Non</strong></span> <span class='ocrx_word' id='word_1_467' title='bbox 1976 2517 2061 2563; x_wconf 82' lang='lat' dir='ltr'><strong>est</strong></span> <span class='ocrx_word' id='word_1_468' title='bbox 2104 2507 2453 2578; x_wconf 62' lang='lat' dir='ltr'><strong>pl‘tt’Stimptid</strong></span> <span class='ocrx_word' id='word_1_469' title='bbox 2496 2516 2775 2577; x_wconf 79' lang='lat' dir='ltr'><strong>arrugans,</strong></span> <span class='ocrx_word' id='word_1_470' title='bbox 2811 2510 2933 2578; x_wconf 65' lang='lat' dir='ltr'><strong>quae</strong></span> <span class='ocrx_word' id='word_1_471' title='bbox 2971 2505 3184 2577; x_wconf 82' lang='lat' dir='ltr'><strong>probari</strong></span> <span class='ocrx_word' id='word_1_472' title='bbox 3214 2521 3273 2560; x_wconf 90' lang='lat' dir='ltr'><strong>se</strong></span> <span class='ocrx_word' id='word_1_473' title='bbox 3322 2508 3428 2560; x_wconf 81' lang='lat' dir='ltr'><strong>non</strong></span> 
     </span>
    </p>
   </div>
   <div class='ocr_carea' id='block_1_57' title="bbox 1828 2599 3428 2673">
    <p class='ocr_par' dir='ltr' id='par_1_57' title="bbox 1828 2599 3428 2673">
     <span class='ocr_line' id='line_1_57' title="bbox 1828 2599 3428 2673; baseline -0.001 -16"><span class='ocrx_word' id='word_1_474' title='bbox 1828 2600 1933 2657; x_wconf 86' lang='lat' dir='ltr'><strong>nisi</strong></span> <span class='ocrx_word' id='word_1_475' title='bbox 1961 2614 2026 2658; x_wconf 83' lang='lat' dir='ltr'><strong>ex</strong></span> <span class='ocrx_word' id='word_1_476' title='bbox 2059 2600 2144 2657; x_wconf 87' lang='lat' dir='ltr'><strong>his</strong></span> <span class='ocrx_word' id='word_1_477' title='bbox 2174 2606 2294 2673; x_wconf 66' lang='lat' dir='ltr'><strong>Quae</strong></span> <span class='ocrx_word' id='word_1_478' title='bbox 2327 2606 2479 2672; x_wconf 75' lang='lat' dir='ltr'><strong>gerat</strong></span> <span class='ocrx_word' id='word_1_479' title='bbox 2526 2600 2721 2672; x_wconf 82' lang='lat' dir='ltr'><strong>poscit.</strong></span> <span class='ocrx_word' id='word_1_480' title='bbox 2770 2599 2977 2658; x_wconf 84' lang='lat' dir='ltr'><strong>Gererc</strong></span> <span class='ocrx_word' id='word_1_481' title='bbox 3025 2604 3204 2656; x_wconf 82' lang='lat' dir='ltr'><strong>autem</strong></span> <span class='ocrx_word' id='word_1_482' title='bbox 3233 2612 3293 2656; x_wconf 86' lang='lat' dir='ltr'><strong>se</strong></span> <span class='ocrx_word' id='word_1_483' title='bbox 3323 2602 3428 2656; x_wconf 82' lang='lat' dir='ltr'><strong>non</strong></span> 
     </span>
    </p>
   </div>
   <div class='ocr_carea' id='block_1_58' title="bbox 1827 2682 3429 2767">
    <p class='ocr_par' dir='ltr' id='par_1_58' title="bbox 1827 2682 3429 2767">
     <span class='ocr_line' id='line_1_58' title="bbox 1827 2682 3429 2767; baseline -0.001 -17"><span class='ocrx_word' id='word_1_484' title='bbox 1827 2707 1922 2750; x_wconf 89' lang='lat' dir='ltr'><strong>sua</strong></span> <span class='ocrx_word' id='word_1_485' title='bbox 1947 2736 1962 2763; x_wconf 95' lang='lat'><strong>,</strong></span> <span class='ocrx_word' id='word_1_486' title='bbox 1992 2695 2086 2751; x_wconf 88' lang='lat' dir='ltr'><strong>scd</strong></span> <span class='ocrx_word' id='word_1_487' title='bbox 2117 2704 2238 2765; x_wconf 66' lang='lat' dir='ltr'><strong>quae</strong></span> <span class='ocrx_word' id='word_1_488' title='bbox 2265 2682 2440 2751; x_wconf 85' lang='lat' dir='ltr'><strong>Patris</strong></span> <span class='ocrx_word' id='word_1_489' title='bbox 2467 2700 2621 2763; x_wconf 83' lang='lat' dir='ltr'><strong>sunt,</strong></span> <span class='ocrx_word' id='word_1_490' title='bbox 2652 2700 2913 2762; x_wconf 81' lang='lat' dir='ltr'><strong>testatur;</strong></span> <span class='ocrx_word' id='word_1_491' title='bbox 2950 2706 3019 2751; x_wconf 88' lang='lat' dir='ltr'><strong>ne</strong></span> <span class='ocrx_word' id='word_1_492' title='bbox 3055 2704 3154 2767; x_wconf 84' lang='lat' dir='ltr'><strong>per</strong></span> <span class='ocrx_word' id='word_1_493' title='bbox 3180 2694 3429 2766; x_wconf 80' lang='lat' dir='ltr'><strong>magniﬁ-</strong></span> 
     </span>
    </p>
   </div>
   <div class='ocr_carea' id='block_1_59' title="bbox 1826 2786 3426 2861">
    <p class='ocr_par' dir='ltr' id='par_1_59' title="bbox 1826 2786 3426 2861">
     <span class='ocr_line' id='line_1_59' title="bbox 1826 2786 3426 2861; baseline -0.002 -15"><span class='ocrx_word' id='word_1_494' title='bbox 1826 2790 2059 2846; x_wconf 86' lang='lat' dir='ltr'><strong>centiam</strong></span> <span class='ocrx_word' id='word_1_495' title='bbox 2086 2796 2361 2860; x_wconf 76' lang='lat' dir='ltr'><strong>gestorum</strong></span> <span class='ocrx_word' id='word_1_496' title='bbox 2387 2798 2591 2845; x_wconf 58' lang='lat' dir='ltr'><strong>natura!</strong></span> <span class='ocrx_word' id='word_1_497' title='bbox 2615 2788 2867 2844; x_wconf 80' lang='lat' dir='ltr'><strong>nativitas</strong></span> <span class='ocrx_word' id='word_1_498' title='bbox 2889 2789 3183 2845; x_wconf 84' lang='lat' dir='ltr'><strong>auferatur.</strong></span> <span class='ocrx_word' id='word_1_499' title='bbox 3214 2786 3281 2844; x_wconf 86' lang='lat' dir='ltr'><strong>Et</strong></span> <span class='ocrx_word' id='word_1_500' title='bbox 3303 2787 3426 2861; x_wconf 85' lang='lat' dir='ltr'><strong>quia</strong></span> 
     </span>
    </p>
   </div>
   <div class='ocr_carea' id='block_1_60' title="bbox 1826 2880 3427 2954">
    <p class='ocr_par' dir='ltr' id='par_1_60' title="bbox 1826 2880 3427 2954">
     <span class='ocr_line' id='line_1_60' title="bbox 1826 2880 3427 2954; baseline -0.004 -14"><span class='ocrx_word' id='word_1_501' title='bbox 1826 2883 1927 2940; x_wconf 85' lang='lat' dir='ltr'><strong>sub</strong></span> <span class='ocrx_word' id='word_1_502' title='bbox 1955 2892 2297 2939; x_wconf 83' lang='lat' dir='ltr'><strong>sacramento</strong></span> <span class='ocrx_word' id='word_1_503' title='bbox 2327 2883 2588 2954; x_wconf 83' lang='lat' dir='ltr'><strong>assutnpti</strong></span> <span class='ocrx_word' id='word_1_504' title='bbox 2632 2882 2910 2953; x_wconf 85' lang='lat' dir='ltr'><strong>corporis,</strong></span> <span class='ocrx_word' id='word_1_505' title='bbox 2937 2886 2990 2937; x_wconf 91' lang='lat' dir='ltr'><strong>et</strong></span> <span class='ocrx_word' id='word_1_506' title='bbox 3024 2883 3132 2937; x_wconf 90' lang='lat' dir='ltr'><strong>nati</strong></span> <span class='ocrx_word' id='word_1_507' title='bbox 3166 2896 3230 2937; x_wconf 79' lang='lat' dir='ltr'><strong>ex</strong></span> <span class='ocrx_word' id='word_1_508' title='bbox 3264 2880 3427 2938; x_wconf 83' lang='lat' dir='ltr'><strong>Maria</strong></span> 
     </span>
    </p>
   </div>
   <div class='ocr_carea' id='block_1_61' title="bbox 1827 2972 3428 3045">
    <p class='ocr_par' dir='ltr' id='par_1_61' title="bbox 1827 2972 3428 3045">
     <span class='ocr_line' id='line_1_61' title="bbox 1827 2972 3428 3045; baseline 0 -15"><span class='ocrx_word' id='word_1_509' title='bbox 1827 2974 2093 3042; x_wconf 82' lang='lat' dir='ltr'><strong>hominis,</strong></span> <span class='ocrx_word' id='word_1_510' title='bbox 2147 2975 2240 3031; x_wconf 89' lang='lat' dir='ltr'><strong>Dei</strong></span> <span class='ocrx_word' id='word_1_511' title='bbox 2287 2975 2428 3031; x_wconf 81' lang='lat' dir='ltr'><strong>ﬁlius</strong></span> <span class='ocrx_word' id='word_1_512' title='bbox 2474 2988 2583 3031; x_wconf 90' lang='lat' dir='ltr'><strong>non</strong></span> <span class='ocrx_word' id='word_1_513' title='bbox 2626 2973 3046 3045; x_wconf 76' lang='lat' dir='ltr'><strong>intelligebatur,</strong></span> <span class='ocrx_word' id='word_1_514' title='bbox 3077 2973 3157 3045; x_wconf 75' lang='grc'><strong>(5)</strong></span> <span class='ocrx_word' id='word_1_515' title='bbox 3188 2972 3258 3045; x_wconf 82' lang='lat' dir='ltr'><strong>(e)</strong></span> <span class='ocrx_word' id='word_1_516' title='bbox 3294 2973 3428 3030; x_wconf 88' lang='lat' dir='ltr'><strong>ﬁdes</strong></span> 
     </span>
    </p>
   </div>
   <div class='ocr_carea' id='block_1_62' title="bbox 1828 3064 3429 3138">
    <p class='ocr_par' dir='ltr' id='par_1_62' title="bbox 1828 3064 3429 3138">
     <span class='ocr_line' id='line_1_62' title="bbox 1828 3064 3429 3138; baseline -0.001 -16"><span class='ocrx_word' id='word_1_517' title='bbox 1828 3068 2065 3123; x_wconf 90' lang='lat' dir='ltr'><strong>nominis</strong></span> <span class='ocrx_word' id='word_1_518' title='bbox 2108 3068 2387 3124; x_wconf 86' lang='lat' dir='ltr'><strong>intimatur</strong></span> <span class='ocrx_word' id='word_1_519' title='bbox 2410 3082 2474 3123; x_wconf 77' lang='lat' dir='ltr'><strong>ex</strong></span> <span class='ocrx_word' id='word_1_520' title='bbox 2503 3067 2705 3138; x_wconf 85' lang='lat' dir='ltr'><strong>gestis,</strong></span> <span class='ocrx_word' id='word_1_521' title='bbox 2746 3076 2868 3121; x_wconf 88' lang='lat' dir='ltr'><strong>cum</strong></span> <span class='ocrx_word' id='word_1_522' title='bbox 2899 3066 3017 3120; x_wconf 82' lang='lat' dir='ltr'><strong>ait:</strong></span> <span class='ocrx_word' id='word_1_523' title='bbox 3052 3064 3116 3122; x_wconf 82' lang='lat' dir='ltr'><strong>Si</strong></span> <span class='ocrx_word' id='word_1_524' title='bbox 3142 3070 3312 3120; x_wconf 73' lang='lat' dir='ltr'><strong>autem</strong></span> <span class='ocrx_word' id='word_1_525' title='bbox 3347 3068 3429 3136; x_wconf 80' lang='lat' dir='ltr'><strong>[tt-</strong></span> 
     </span>
    </p>
   </div>
   <div class='ocr_carea' id='block_1_63' title="bbox 1826 3155 3424 3229">
    <p class='ocr_par' dir='ltr' id='par_1_63' title="bbox 1826 3155 3424 3229">
     <span class='ocr_line' id='line_1_63' title="bbox 1826 3155 3424 3229; baseline -0.004 -13"><span class='ocrx_word' id='word_1_526' title='bbox 1826 3162 1922 3227; x_wconf 85' lang='lat' dir='ltr'><strong>cio,</strong></span> <span class='ocrx_word' id='word_1_527' title='bbox 1950 3169 1997 3216; x_wconf 80' lang='lat' dir='ltr'><strong>et</strong></span> <span class='ocrx_word' id='word_1_528' title='bbox 2026 3160 2151 3215; x_wconf 81' lang='lat' dir='ltr'><strong>mihi</strong></span> <span class='ocrx_word' id='word_1_529' title='bbox 2172 3174 2273 3214; x_wconf 83' lang='lat' dir='ltr'><strong>non</strong></span> <span class='ocrx_word' id='word_1_530' title='bbox 2298 3160 2452 3215; x_wconf 79' lang='lat' dir='ltr'><strong>vultis</strong></span> <span class='ocrx_word' id='word_1_531' title='bbox 2480 3158 2714 3226; x_wconf 79' lang='lat' dir='ltr'><strong>credere,</strong></span> <span class='ocrx_word' id='word_1_532' title='bbox 2742 3158 2978 3229; x_wconf 77' lang='lat' dir='ltr'><strong>operibus</strong></span> <span class='ocrx_word' id='word_1_533' title='bbox 3008 3158 3196 3212; x_wconf 77' lang='lat' dir='ltr'><strong>credite</strong></span> <span class='ocrx_word' id='word_1_534' title='bbox 3223 3155 3424 3229; x_wconf 80' lang='lat' dir='ltr'><strong>(Ibid.,</strong></span> 
     </span>
    </p>
   </div>
   <div class='ocr_carea' id='block_1_64' title="bbox 134 3244 3415 3323">
    <p class='ocr_par' dir='ltr' id='par_1_64' title="bbox 134 3244 3415 3323">
     <span class='ocr_line' id='line_1_64' title="bbox 134 3244 3415 3323; baseline 0.002 -24"><span class='ocrx_word' id='word_1_535' title='bbox 134 3244 227 3302; x_wconf 67' lang='grc' dir='ltr'><strong>νοτ</strong></span> <span class='ocrx_word' id='word_1_536' title='bbox 270 3249 484 3313; x_wconf 76' lang='lat' dir='ltr'><strong>dicitis,</strong></span> <span class='ocrx_word' id='word_1_537' title='bbox 511 3250 631 3320; x_wconf 81' lang='lat' dir='ltr'><strong>quia</strong></span> <span class='ocrx_word' id='word_1_538' title='bbox 673 3249 1050 3320; x_wconf 74' lang='lat' dir='ltr'><strong>blosphcntavi,</strong></span> <span class='ocrx_word' id='word_1_539' title='bbox 1081 3252 1324 3322; x_wconf 77' lang='lat' dir='ltr'><strong>quoniam</strong></span> <span class='ocrx_word' id='word_1_540' title='bbox 1364 3251 1473 3307; x_wconf 68' lang='lat' dir='ltr'><strong>didi</strong></span> <span class='ocrx_word' id='word_1_541' title='bbox 1502 3267 1522 3306; x_wconf 88' lang='lat'><strong><em>:</em></strong></span> <span class='ocrx_word' id='word_1_542' title='bbox 1556 3252 1720 3307; x_wconf 78' lang='lat' dir='ltr'><strong>Filius</strong></span> <span class='ocrx_word' id='word_1_543' title='bbox 1747 3250 1793 3313; x_wconf 89' lang='lat' dir='ltr'>C</span> <span class='ocrx_word' id='word_1_544' title='bbox 1825 3254 1946 3322; x_wconf 83' lang='lat'><strong>58).</strong></span> <span class='ocrx_word' id='word_1_545' title='bbox 1976 3252 2137 3309; x_wconf 73' lang='lat' dir='ltr'><strong>credi</strong></span> <span class='ocrx_word' id='word_1_546' title='bbox 2184 3253 2283 3309; x_wconf 90' lang='lat' dir='ltr'><strong>sibi</strong></span> <span class='ocrx_word' id='word_1_547' title='bbox 2319 3254 2548 3323; x_wconf 81' lang='lat' dir='ltr'><strong>primum</strong></span> <span class='ocrx_word' id='word_1_548' title='bbox 2579 3250 2721 3323; x_wconf 90' lang='lat' dir='ltr'><strong>quod</strong></span> <span class='ocrx_word' id='word_1_549' title='bbox 2753 3249 2846 3306; x_wconf 86' lang='lat' dir='ltr'><strong>Dei</strong></span> <span class='ocrx_word' id='word_1_550' title='bbox 2894 3250 3033 3305; x_wconf 86' lang='lat' dir='ltr'><strong>illius</strong></span> <span class='ocrx_word' id='word_1_551' title='bbox 3063 3252 3163 3316; x_wconf 90' lang='lat' dir='ltr'><strong>sit,-</strong></span> <span class='ocrx_word' id='word_1_552' title='bbox 3212 3250 3316 3304; x_wconf 85' lang='lat' dir='ltr'><strong>nisi</strong></span> <span class='ocrx_word' id='word_1_553' title='bbox 3349 3256 3415 3305; x_wconf 72' lang='lat' dir='ltr'><strong>ex</strong></span> 
     </span>
    </p>
   </div>
   <div class='ocr_carea' id='block_1_65' title="bbox 123 3336 1721 3414">
    <p class='ocr_par' dir='ltr' id='par_1_65' title="bbox 123 3336 1721 3414">
     <span class='ocr_line' id='line_1_65' title="bbox 123 3336 1721 3414; baseline 0.006 -24"><span class='ocrx_word' id='word_1_554' title='bbox 123 3336 213 3394; x_wconf 88' lang='lat' dir='ltr'><strong>Dei</strong></span> <span class='ocrx_word' id='word_1_555' title='bbox 256 3352 402 3397; x_wconf 71' lang='lat' dir='ltr'><strong>tam.</strong></span> <span class='ocrx_word' id='word_1_556' title='bbox 448 3341 511 3398; x_wconf 79' lang='lat' dir='ltr'><strong>Si</strong></span> <span class='ocrx_word' id='word_1_557' title='bbox 554 3356 657 3397; x_wconf 83' lang='lat' dir='ltr'><strong>non</strong></span> <span class='ocrx_word' id='word_1_558' title='bbox 701 3341 838 3414; x_wconf 81' lang='lat' dir='ltr'><strong>facio</strong></span> <span class='ocrx_word' id='word_1_559' title='bbox 884 3352 1041 3412; x_wconf 80' lang='lat' dir='ltr'><strong>opera</strong></span> <span class='ocrx_word' id='word_1_560' title='bbox 1076 3340 1283 3411; x_wconf 81' lang='lat' dir='ltr'><strong>Patris,</strong></span> <span class='ocrx_word' id='word_1_561' title='bbox 1328 3345 1485 3399; x_wconf 84' lang='lat' dir='ltr'><strong>nolite</strong></span> <span class='ocrx_word' id='word_1_562' title='bbox 1518 3345 1721 3400; x_wconf 75' lang='lat' dir='ltr'><strong>credere</strong></span> 
     </span>
    </p>
   </div>
   <div class='ocr_carea' id='block_1_66' title="bbox 122 3433 1721 3508">
    <p class='ocr_par' dir='ltr' id='par_1_66' title="bbox 122 3433 1721 3508">
     <span class='ocr_line' id='line_1_66' title="bbox 122 3433 1721 3508; baseline 0.004 -21"><span class='ocrx_word' id='word_1_563' title='bbox 122 3433 237 3487; x_wconf 80' lang='lat' dir='ltr'><strong>milii</strong></span> <span class='ocrx_word' id='word_1_564' title='bbox 261 3446 282 3487; x_wconf 89' lang='lat'><strong><em>:</em></strong></span> <span class='ocrx_word' id='word_1_565' title='bbox 307 3434 360 3489; x_wconf 79' lang='lat' dir='ltr'><strong>si</strong></span> <span class='ocrx_word' id='word_1_566' title='bbox 385 3444 554 3489; x_wconf 81' lang='lat' dir='ltr'><strong>autem</strong></span> <span class='ocrx_word' id='word_1_567' title='bbox 584 3436 741 3508; x_wconf 77' lang='lat' dir='ltr'><strong>facio,</strong></span> <span class='ocrx_word' id='word_1_568' title='bbox 772 3442 820 3490; x_wconf 85' lang='lat' dir='ltr'><strong>et</strong></span> <span class='ocrx_word' id='word_1_569' title='bbox 850 3433 976 3489; x_wconf 86' lang='lat' dir='ltr'><strong>mihi</strong></span> <span class='ocrx_word' id='word_1_570' title='bbox 997 3446 1101 3491; x_wconf 79' lang='lat' dir='ltr'><strong>non</strong></span> <span class='ocrx_word' id='word_1_571' title='bbox 1132 3435 1288 3490; x_wconf 73' lang='lat' dir='ltr'><strong>uultis</strong></span> <span class='ocrx_word' id='word_1_572' title='bbox 1312 3438 1519 3492; x_wconf 82' lang='lat' dir='ltr'><strong>credere</strong></span> <span class='ocrx_word' id='word_1_573' title='bbox 1542 3478 1557 3504; x_wconf 97' lang='lat'><strong>,</strong></span> <span class='ocrx_word' id='word_1_574' title='bbox 1599 3454 1721 3508; x_wconf 80' lang='lat' dir='ltr'><strong>ope-</strong></span> 
     </span>
    </p>
   </div>
   <div class='ocr_carea' id='block_1_67' title="bbox 120 3526 1717 3604">
    <p class='ocr_par' dir='ltr' id='par_1_67' title="bbox 120 3526 1717 3604">
     <span class='ocr_line' id='line_1_67' title="bbox 120 3526 1717 3604; baseline 0.005 -26"><span class='ocrx_word' id='word_1_575' title='bbox 120 3526 249 3582; x_wconf 74' lang='lat' dir='ltr'><strong>ribus</strong></span> <span class='ocrx_word' id='word_1_576' title='bbox 271 3529 509 3595; x_wconf 82' lang='lat' dir='ltr'><strong>credite;</strong></span> <span class='ocrx_word' id='word_1_577' title='bbox 542 3535 595 3582; x_wconf 83' lang='lat' dir='ltr'><strong>ut</strong></span> <span class='ocrx_word' id='word_1_578' title='bbox 621 3529 795 3582; x_wconf 78' lang='lat' dir='ltr'><strong>sciatis</strong></span> <span class='ocrx_word' id='word_1_579' title='bbox 823 3536 870 3583; x_wconf 85' lang='lat' dir='ltr'><strong>et</strong></span> <span class='ocrx_word' id='word_1_580' title='bbox 898 3530 1251 3604; x_wconf 74' lang='lat' dir='ltr'><strong>cognoscatis,</strong></span> <span class='ocrx_word' id='word_1_581' title='bbox 1285 3532 1525 3601; x_wconf 75' lang='lat' dir='ltr'><strong>quoniam</strong></span> <span class='ocrx_word' id='word_1_582' title='bbox 1560 3529 1717 3587; x_wconf 74' lang='lat' dir='ltr'><strong>Pater</strong></span> 
     </span>
    </p>
   </div>
   <div class='ocr_carea' id='block_1_68' title="bbox 118 3620 1712 3696">
    <p class='ocr_par' dir='ltr' id='par_1_68' title="bbox 118 3620 1712 3696">
     <span class='ocr_line' id='line_1_68' title="bbox 118 3620 1712 3696; baseline 0.004 -24"><span class='ocrx_word' id='word_1_583' title='bbox 118 3621 163 3672; x_wconf 81' lang='lat' dir='ltr'><strong>in</strong></span> <span class='ocrx_word' id='word_1_584' title='bbox 194 3636 290 3689; x_wconf 84' lang='lat' dir='ltr'><strong>me,</strong></span> <span class='ocrx_word' id='word_1_585' title='bbox 323 3631 378 3675; x_wconf 80' lang='lat' dir='ltr'><strong>et</strong></span> <span class='ocrx_word' id='word_1_586' title='bbox 402 3626 496 3692; x_wconf 77' lang='lat' dir='ltr'><strong>ego</strong></span> <span class='ocrx_word' id='word_1_587' title='bbox 522 3622 575 3675; x_wconf 83' lang='lat' dir='ltr'><strong>in</strong></span> <span class='ocrx_word' id='word_1_588' title='bbox 597 3637 655 3676; x_wconf 89' lang='lat' dir='ltr'><strong>eo</strong></span> <span class='ocrx_word' id='word_1_589' title='bbox 678 3620 856 3696; x_wconf 72' lang='lat' dir='ltr'><strong>(loco.</strong></span> <span class='ocrx_word' id='word_1_590' title='bbox 882 3636 941 3688; x_wconf 70' lang='grc' dir='ltr'><strong>ι,</strong></span> <span class='ocrx_word' id='word_1_591' title='bbox 969 3622 1063 3689; x_wconf 81' lang='grc'><strong>56,</strong></span> <span class='ocrx_word' id='word_1_592' title='bbox 1081 3630 1129 3679; x_wconf 85' lang='lat' dir='ltr'><strong>et</strong></span> <span class='ocrx_word' id='word_1_593' title='bbox 1155 3623 1340 3695; x_wconf 60' lang='grc' dir='ltr'><strong>κείνᾳ).</strong></span> <span class='ocrx_word' id='word_1_594' title='bbox 1367 3622 1592 3680; x_wconf 86' lang='lat' dir='ltr'><strong>infrenis</strong></span> <span class='ocrx_word' id='word_1_595' title='bbox 1617 3640 1712 3679; x_wconf 88' lang='lat' dir='ltr'><strong>au-</strong></span> 
     </span>
    </p>
   </div>
   <div class='ocr_carea' id='block_1_69' title="bbox 115 3711 1709 3786">
    <p class='ocr_par' dir='ltr' id='par_1_69' title="bbox 115 3711 1709 3786">
     <span class='ocr_line' id='line_1_69' title="bbox 115 3711 1709 3786; baseline 0.006 -21"><span class='ocrx_word' id='word_1_596' title='bbox 115 3711 273 3769; x_wconf 68' lang='lat' dir='ltr'><strong>dacia</strong></span> <span class='ocrx_word' id='word_1_597' title='bbox 318 3724 409 3770; x_wconf 69' lang='grc' dir='ltr'><strong>εει</strong></span> <span class='ocrx_word' id='word_1_598' title='bbox 451 3714 737 3783; x_wconf 82' lang='lat' dir='ltr'><strong>desperata</strong></span> <span class='ocrx_word' id='word_1_599' title='bbox 777 3714 889 3785; x_wconf 77' lang='lat' dir='ltr'><strong>jam</strong></span> <span class='ocrx_word' id='word_1_600' title='bbox 965 3729 1059 3784; x_wconf 89' lang='lat' dir='ltr'><strong>per</strong></span> <span class='ocrx_word' id='word_1_601' title='bbox 1094 3716 1479 3772; x_wconf 89' lang='lat' dir='ltr'><strong>conscientiam</strong></span> <span class='ocrx_word' id='word_1_602' title='bbox 1519 3717 1665 3774; x_wconf 88' lang='lat' dir='ltr'><strong>salus</strong></span> <span class='ocrx_word' id='word_1_603' title='bbox 1693 3759 1709 3786; x_wconf 91' lang='lat'><strong>,</strong></span> 
     </span>
    </p>
   </div>
   <div class='ocr_carea' id='block_1_70' title="bbox 118 3805 1713 3880">
    <p class='ocr_par' dir='ltr' id='par_1_70' title="bbox 118 3805 1713 3880">
     <span class='ocr_line' id='line_1_70' title="bbox 118 3805 1713 3880; baseline 0.005 -22"><span class='ocrx_word' id='word_1_604' title='bbox 118 3813 166 3858; x_wconf 87' lang='lat' dir='ltr'><strong>et</strong></span> <span class='ocrx_word' id='word_1_605' title='bbox 214 3816 373 3862; x_wconf 75' lang='lat' dir='ltr'><strong>extra</strong></span> <span class='ocrx_word' id='word_1_606' title='bbox 408 3805 668 3877; x_wconf 83' lang='lat' dir='ltr'><strong>pudorem</strong></span> <span class='ocrx_word' id='word_1_607' title='bbox 691 3816 775 3861; x_wconf 79' lang='lat' dir='ltr'><strong>eet</strong></span> <span class='ocrx_word' id='word_1_608' title='bbox 808 3805 1046 3878; x_wconf 80' lang='lat' dir='ltr'><strong>professa</strong></span> <span class='ocrx_word' id='word_1_609' title='bbox 1069 3810 1244 3864; x_wconf 87' lang='lat' dir='ltr'><strong>omnis</strong></span> <span class='ocrx_word' id='word_1_610' title='bbox 1275 3810 1540 3880; x_wconf 78' lang='lat' dir='ltr'><strong>impietas.</strong></span> <span class='ocrx_word' id='word_1_611' title='bbox 1579 3809 1713 3866; x_wconf 81' lang='lat' dir='ltr'><strong>Nam</strong></span> 
     </span>
    </p>
   </div>
   <div class='ocr_carea' id='block_1_71' title="bbox 112 3896 1709 3973">
    <p class='ocr_par' dir='ltr' id='par_1_71' title="bbox 112 3896 1709 3973">
     <span class='ocr_line' id='line_1_71' title="bbox 112 3896 1709 3973; baseline 0.005 -21"><span class='ocrx_word' id='word_1_612' title='bbox 112 3896 184 3970; x_wconf 76' lang='grc'><strong>(11)</strong></span> <span class='ocrx_word' id='word_1_613' title='bbox 210 3901 323 3969; x_wconf 79' lang='lat' dir='ltr'><strong>iam</strong></span> <span class='ocrx_word' id='word_1_614' title='bbox 356 3903 480 3971; x_wconf 80' lang='lat' dir='ltr'><strong>quis</strong></span> <span class='ocrx_word' id='word_1_615' title='bbox 503 3912 603 3957; x_wconf 83' lang='lat' dir='ltr'><strong>nec</strong></span> <span class='ocrx_word' id='word_1_616' title='bbox 618 3901 887 3957; x_wconf 84' lang='lat' dir='ltr'><strong>erubescit</strong></span> <span class='ocrx_word' id='word_1_617' title='bbox 912 3902 1173 3970; x_wconf 65' lang='lat' dir='ltr'><strong>stultitim,</strong></span> <span class='ocrx_word' id='word_1_618' title='bbox 1197 3904 1285 3958; x_wconf 88' lang='lat' dir='ltr'><strong>ubi</strong></span> <span class='ocrx_word' id='word_1_619' title='bbox 1320 3904 1555 3973; x_wconf 85' lang='lat' dir='ltr'><strong>perdidit</strong></span> <span class='ocrx_word' id='word_1_620' title='bbox 1585 3905 1709 3961; x_wconf 84' lang='lat' dir='ltr'><strong>reii-</strong></span> 
     </span>
    </p>
   </div>
   <div class='ocr_carea' id='block_1_72' title="bbox 111 3992 1714 4068">
    <p class='ocr_par' dir='ltr' id='par_1_72' title="bbox 111 3992 1714 4068">
     <span class='ocr_line' id='line_1_72' title="bbox 111 3992 1714 4068; baseline 0.005 -22"><span class='ocrx_word' id='word_1_621' title='bbox 111 3992 317 4061; x_wconf 79' lang='lat' dir='ltr'><strong>gionem</strong></span> <span class='ocrx_word' id='word_1_622' title='bbox 349 4013 365 4048; x_wconf 89' lang='lat'><strong>:</strong></span> <span class='ocrx_word' id='word_1_623' title='bbox 394 3996 479 4050; x_wconf 85' lang='lat' dir='ltr'><strong>his</strong></span> <span class='ocrx_word' id='word_1_624' title='bbox 506 3994 654 4050; x_wconf 87' lang='lat' dir='ltr'><strong>enim</strong></span> <span class='ocrx_word' id='word_1_625' title='bbox 677 3993 1070 4061; x_wconf 87' lang='lat' dir='ltr'><strong>contradicere,</strong></span> <span class='ocrx_word' id='word_1_626' title='bbox 1095 3995 1329 4051; x_wconf 86' lang='lat' dir='ltr'><strong>amentia</strong></span> <span class='ocrx_word' id='word_1_627' title='bbox 1354 3998 1530 4067; x_wconf 88' lang='lat' dir='ltr'><strong>potius</strong></span> <span class='ocrx_word' id='word_1_628' title='bbox 1554 4008 1714 4068; x_wconf 84' lang='lat' dir='ltr'><strong>quam</strong></span> 
     </span>
    </p>
   </div>
   <div class='ocr_carea' id='block_1_73' title="bbox 114 4080 1712 4161">
    <p class='ocr_par' dir='ltr' id='par_1_73' title="bbox 114 4080 1712 4161">
     <span class='ocr_line' id='line_1_73' title="bbox 114 4080 1712 4161; baseline 0.004 -22"><span class='ocrx_word' id='word_1_629' title='bbox 114 4088 382 4156; x_wconf 77' lang='lat' dir='ltr'><strong>ignoratio</strong></span> <span class='ocrx_word' id='word_1_630' title='bbox 410 4096 516 4144; x_wconf 87' lang='lat' dir='ltr'><strong>est.</strong></span> <span class='ocrx_word' id='word_1_631' title='bbox 546 4080 808 4144; x_wconf 83' lang='lat' dir='ltr'><strong>Dominus</strong></span> <span class='ocrx_word' id='word_1_632' title='bbox 839 4088 1087 4155; x_wconf 73' lang='lat' dir='ltr'><strong>dixerat,</strong></span> <span class='ocrx_word' id='word_1_633' title='bbox 1119 4089 1232 4161; x_wconf 83' lang='lat' dir='ltr'><strong>Ego</strong></span> <span class='ocrx_word' id='word_1_634' title='bbox 1262 4099 1310 4145; x_wconf 88' lang='lat' dir='ltr'><strong>et</strong></span> <span class='ocrx_word' id='word_1_635' title='bbox 1358 4088 1521 4145; x_wconf 78' lang='lat' dir='ltr'><strong>Pater</strong></span> <span class='ocrx_word' id='word_1_636' title='bbox 1549 4104 1712 4146; x_wconf 83' lang='lat' dir='ltr'><strong>unum</strong></span> 
     </span>
    </p>
   </div>
   <div class='ocr_carea' id='block_1_74' title="bbox 113 4183 1714 4252">
    <p class='ocr_par' dir='ltr' id='par_1_74' title="bbox 113 4183 1714 4252">
     <span class='ocr_line' id='line_1_74' title="bbox 113 4183 1714 4252; baseline 0.005 -18"><span class='ocrx_word' id='word_1_637' title='bbox 113 4196 279 4238; x_wconf 66' lang='lat' dir='ltr'><strong>unius</strong></span> <span class='ocrx_word' id='word_1_638' title='bbox 303 4192 326 4239; x_wconf 64' lang='grc' dir='ltr'>ξ</span> <span class='ocrx_word' id='word_1_639' title='bbox 350 4183 654 4240; x_wconf 59' lang='lat' dir='ltr'><strong>natisnatis</strong></span> <span class='ocrx_word' id='word_1_640' title='bbox 684 4184 788 4240; x_wconf 77' lang='lat' dir='ltr'><strong>hoc</strong></span> <span class='ocrx_word' id='word_1_641' title='bbox 808 4195 1209 4242; x_wconf 83' lang='lat' dir='ltr'><strong>sacramentum</strong></span> <span class='ocrx_word' id='word_1_642' title='bbox 1240 4192 1324 4242; x_wconf 87' lang='lat' dir='ltr'><strong>est</strong></span> <span class='ocrx_word' id='word_1_643' title='bbox 1345 4226 1360 4252; x_wconf 94' lang='lat'><strong>,</strong></span> <span class='ocrx_word' id='word_1_644' title='bbox 1389 4194 1446 4240; x_wconf 88' lang='lat' dir='ltr'><strong>ut</strong></span> <span class='ocrx_word' id='word_1_645' title='bbox 1474 4185 1638 4242; x_wconf 79' lang='lat' dir='ltr'><strong>Pater</strong></span> <span class='ocrx_word' id='word_1_646' title='bbox 1657 4192 1714 4244; x_wconf 82' lang='lat' dir='ltr'><strong>et</strong></span> 
     </span>
    </p>
   </div>
   <div class='ocr_carea' id='block_1_75' title="bbox 116 4277 1713 4350">
    <p class='ocr_par' dir='ltr' id='par_1_75' title="bbox 116 4277 1713 4350">
     <span class='ocr_line' id='line_1_75' title="bbox 116 4277 1713 4350; baseline 0.003 -20"><span class='ocrx_word' id='word_1_647' title='bbox 116 4277 279 4332; x_wconf 86' lang='lat' dir='ltr'><strong>Filius</strong></span> <span class='ocrx_word' id='word_1_648' title='bbox 309 4278 366 4332; x_wconf 89' lang='lat' dir='ltr'><strong>in</strong></span> <span class='ocrx_word' id='word_1_649' title='bbox 397 4280 607 4334; x_wconf 81' lang='lat' dir='ltr'><strong>unitate</strong></span> <span class='ocrx_word' id='word_1_650' title='bbox 643 4288 851 4333; x_wconf 68' lang='lat' dir='ltr'><strong>natura:</strong></span> <span class='ocrx_word' id='word_1_651' title='bbox 878 4277 1007 4333; x_wconf 88' lang='lat' dir='ltr'><strong>sint.</strong></span> <span class='ocrx_word' id='word_1_652' title='bbox 1054 4278 1124 4334; x_wconf 87' lang='lat' dir='ltr'><strong>Et</strong></span> <span class='ocrx_word' id='word_1_653' title='bbox 1162 4279 1287 4349; x_wconf 82' lang='lat' dir='ltr'><strong>quia</strong></span> <span class='ocrx_word' id='word_1_654' title='bbox 1320 4287 1525 4333; x_wconf 75' lang='lat' dir='ltr'><strong>naturre</strong></span> <span class='ocrx_word' id='word_1_655' title='bbox 1572 4284 1713 4350; x_wconf 72' lang='lat' dir='ltr'><strong>prte-</strong></span> 
     </span>
    </p>
   </div>
   <div class='ocr_carea' id='block_1_76' title="bbox 111 4370 1717 4444">
    <p class='ocr_par' dir='ltr' id='par_1_76' title="bbox 111 4370 1717 4444">
     <span class='ocr_line' id='line_1_76' title="bbox 111 4370 1717 4444; baseline 0.002 -20"><span class='ocrx_word' id='word_1_656' title='bbox 111 4372 346 4444; x_wconf 74' lang='lat' dir='ltr'><strong>sumptio</strong></span> <span class='ocrx_word' id='word_1_657' title='bbox 379 4374 667 4427; x_wconf 65' lang='lat' dir='ltr'><strong>iocaretur</strong></span> <span class='ocrx_word' id='word_1_658' title='bbox 692 4370 744 4426; x_wconf 88' lang='lat' dir='ltr'><strong>in</strong></span> <span class='ocrx_word' id='word_1_659' title='bbox 773 4372 979 4427; x_wconf 83' lang='lat' dir='ltr'><strong>crimen</strong></span> <span class='ocrx_word' id='word_1_660' title='bbox 999 4414 1015 4440; x_wconf 93' lang='lat'><strong>,</strong></span> <span class='ocrx_word' id='word_1_661' title='bbox 1046 4371 1406 4442; x_wconf 77' lang='lat' dir='ltr'><strong>praesumendi</strong></span> <span class='ocrx_word' id='word_1_662' title='bbox 1443 4373 1583 4428; x_wconf 80' lang='lat' dir='ltr'><strong>ratio</strong></span> <span class='ocrx_word' id='word_1_663' title='bbox 1618 4372 1717 4428; x_wconf 90' lang='lat' dir='ltr'><strong>do-</strong></span> 
     </span>
    </p>
   </div>
   <div class='ocr_carea' id='block_1_77' title="bbox 105 4465 1709 4541">
    <p class='ocr_par' dir='ltr' id='par_1_77' title="bbox 105 4465 1709 4541">
     <span class='ocr_line' id='line_1_77' title="bbox 105 4465 1709 4541; baseline 0.003 -21"><span class='ocrx_word' id='word_1_664' title='bbox 105 4474 251 4522; x_wconf 85' lang='lat' dir='ltr'><strong>cetur</strong></span> <span class='ocrx_word' id='word_1_665' title='bbox 277 4483 348 4522; x_wconf 76' lang='lat' dir='ltr'><strong>ex</strong></span> <span class='ocrx_word' id='word_1_666' title='bbox 382 4480 568 4523; x_wconf 87' lang='lat' dir='ltr'><strong>causa.</strong></span> <span class='ocrx_word' id='word_1_667' title='bbox 599 4466 688 4521; x_wconf 83' lang='lat' dir='ltr'><strong>Ait</strong></span> <span class='ocrx_word' id='word_1_668' title='bbox 709 4466 855 4525; x_wconf 88' lang='lat' dir='ltr'><strong>enim</strong></span> <span class='ocrx_word' id='word_1_669' title='bbox 886 4484 899 4519; x_wconf 92' lang='lat'><strong>:</strong></span> <span class='ocrx_word' id='word_1_670' title='bbox 932 4465 995 4524; x_wconf 81' lang='lat' dir='ltr'><strong>Si</strong></span> <span class='ocrx_word' id='word_1_671' title='bbox 1031 4483 1133 4524; x_wconf 80' lang='lat' dir='ltr'><strong>non</strong></span> <span class='ocrx_word' id='word_1_672' title='bbox 1162 4468 1298 4541; x_wconf 82' lang='lat' dir='ltr'><strong>facio</strong></span> <span class='ocrx_word' id='word_1_673' title='bbox 1325 4483 1482 4541; x_wconf 83' lang='lat' dir='ltr'><strong>opera</strong></span> <span class='ocrx_word' id='word_1_674' title='bbox 1510 4466 1709 4538; x_wconf 75' lang='lat' dir='ltr'><strong>Patris,</strong></span> 
     </span>
    </p>
   </div>
   <div class='ocr_carea' id='block_1_78' title="bbox 168 4603 922 4677">
    <p class='ocr_par' dir='ltr' id='par_1_78' title="bbox 168 4603 922 4677">
     <span class='ocr_line' id='line_1_78' title="bbox 168 4603 922 4677; baseline 0.003 -16"><span class='ocrx_word' id='word_1_675' title='bbox 168 4603 247 4677; x_wconf 84' lang='grc'><strong>(1)</strong></span> <span class='ocrx_word' id='word_1_676' title='bbox 283 4605 395 4674; x_wconf 82' lang='lat' dir='ltr'><strong>Qui</strong></span> <span class='ocrx_word' id='word_1_677' title='bbox 420 4605 810 4677; x_wconf 68' lang='lat' dir='ltr'><strong>predatinatus</strong></span> <span class='ocrx_word' id='word_1_678' title='bbox 829 4613 922 4663; x_wconf 79' lang='lat' dir='ltr'><strong>est.</strong></span> 
     </span>
    </p>
   </div>
   <div class='ocr_carea' id='block_1_79' title="bbox 167 4674 551 4750">
    <p class='ocr_par' dir='ltr' id='par_1_79' title="bbox 167 4674 551 4750">
     <span class='ocr_line' id='line_1_79' title="bbox 167 4674 551 4750; baseline 0.008 -18"><span class='ocrx_word' id='word_1_679' title='bbox 167 4674 248 4750; x_wconf 71' lang='lat'><strong>(2)</strong></span> <span class='ocrx_word' id='word_1_680' title='bbox 279 4674 551 4735; x_wconf 75' lang='lat' dir='ltr'><strong>Ostendit.</strong></span> 
     </span>
    </p>
   </div>
   <div class='ocr_carea' id='block_1_80' title="bbox 99 4806 1701 4893">
    <p class='ocr_par' dir='ltr' id='par_1_80' title="bbox 99 4806 1701 4893">
     <span class='ocr_line' id='line_1_80' title="bbox 99 4806 1701 4893; baseline -0.002 -16"><span class='ocrx_word' id='word_1_681' title='bbox 99 4836 272 4892; x_wconf 79' lang='lat' dir='ltr'><strong>graeco</strong></span> <span class='ocrx_word' id='word_1_682' title='bbox 318 4828 416 4876; x_wconf 81' lang='grc' dir='ltr'><strong>τοῦ</strong></span> <span class='ocrx_word' id='word_1_683' title='bbox 446 4806 767 4893; x_wconf 52' lang='lat' dir='ltr'><strong>spicorum</strong></span> <span class='ocrx_word' id='word_1_684' title='bbox 796 4826 919 4881; x_wconf 82' lang='lat' dir='ltr'><strong>cum</strong></span> <span class='ocrx_word' id='word_1_685' title='bbox 952 4819 1111 4893; x_wconf 83' lang='lat' dir='ltr'><strong>prius</strong></span> <span class='ocrx_word' id='word_1_686' title='bbox 1136 4808 1406 4893; x_wconf 81' lang='lat' dir='ltr'><strong>legeretur</strong></span> <span class='ocrx_word' id='word_1_687' title='bbox 1437 4818 1535 4893; x_wconf 79' lang='lat' dir='ltr'><strong>qui</strong></span> <span class='ocrx_word' id='word_1_688' title='bbox 1566 4832 1701 4893; x_wconf 76' lang='lat' dir='ltr'><strong>prte-</strong></span> 
     </span>
    </p>
   </div>
   <div class='ocr_carea' id='block_1_81' title="bbox 100 4890 1704 4949">
    <p class='ocr_par' dir='ltr' id='par_1_81' title="bbox 100 4890 1704 4949">
     <span class='ocr_line' id='line_1_81' title="bbox 100 4890 1704 4949; baseline 0 -3"><span class='ocrx_word' id='word_1_689' title='bbox 100 4890 389 4949; x_wconf 76' lang='lat' dir='ltr'><strong>destinatus</strong></span> <span class='ocrx_word' id='word_1_690' title='bbox 422 4890 520 4947; x_wconf 69' lang='lat' dir='ltr'><strong>esi.</strong></span> <span class='ocrx_word' id='word_1_691' title='bbox 543 4892 892 4947; x_wconf 76' lang='lat' dir='ltr'><strong>Corbeiensis</strong></span> <span class='ocrx_word' id='word_1_692' title='bbox 917 4890 1098 4948; x_wconf 80' lang='lat' dir='ltr'><strong>autem</strong></span> <span class='ocrx_word' id='word_1_693' title='bbox 1126 4890 1297 4948; x_wconf 82' lang='lat' dir='ltr'><strong>codex</strong></span> <span class='ocrx_word' id='word_1_694' title='bbox 1321 4890 1388 4947; x_wconf 90' lang='lat' dir='ltr'><strong>ab</strong></span> <span class='ocrx_word' id='word_1_695' title='bbox 1414 4890 1570 4946; x_wconf 83' lang='lat' dir='ltr'><strong>annis</strong></span> <span class='ocrx_word' id='word_1_696' title='bbox 1597 4890 1704 4947; x_wconf 81' lang='lat' dir='ltr'><strong>sal-</strong></span> 
     </span>
    </p>
   </div>
   <div class='ocr_carea' id='block_1_82' title="bbox 100 4962 1702 5035">
    <p class='ocr_par' dir='ltr' id='par_1_82' title="bbox 100 4962 1702 5035">
     <span class='ocr_line' id='line_1_82' title="bbox 100 4962 1702 5035; baseline 0.001 -17"><span class='ocrx_word' id='word_1_697' title='bbox 100 4974 200 5021; x_wconf 90' lang='lat' dir='ltr'><strong>tem</strong></span> <span class='ocrx_word' id='word_1_698' title='bbox 248 4962 405 5035; x_wconf 73' lang='lat' dir='ltr'><strong>rnilie</strong></span> <span class='ocrx_word' id='word_1_699' title='bbox 452 4970 709 5035; x_wconf 81' lang='lat' dir='ltr'><strong>exaratos</strong></span> <span class='ocrx_word' id='word_1_700' title='bbox 739 4962 996 5035; x_wconf 81' lang='lat' dir='ltr'><strong>epistolas</strong></span> <span class='ocrx_word' id='word_1_701' title='bbox 1031 4963 1184 5019; x_wconf 85' lang='lat' dir='ltr'><strong>Pauli</strong></span> <span class='ocrx_word' id='word_1_702' title='bbox 1228 4976 1405 5035; x_wconf 86' lang='lat' dir='ltr'><strong>graece</strong></span> <span class='ocrx_word' id='word_1_703' title='bbox 1432 4973 1489 5019; x_wconf 89' lang='lat' dir='ltr'><strong>et</strong></span> <span class='ocrx_word' id='word_1_704' title='bbox 1536 4964 1702 5035; x_wconf 85' lang='lat' dir='ltr'><strong>latine</strong></span> 
     </span>
    </p>
   </div>
   <div class='ocr_carea' id='block_1_83' title="bbox 98 5028 1700 5108">
    <p class='ocr_par' dir='ltr' id='par_1_83' title="bbox 98 5028 1700 5108">
     <span class='ocr_line' id='line_1_83' title="bbox 98 5028 1700 5108; baseline -0.002 -17"><span class='ocrx_word' id='word_1_705' title='bbox 98 5028 493 5108; x_wconf 71' lang='lat' dir='ltr'><strong>complecteris,</strong></span> <span class='ocrx_word' id='word_1_706' title='bbox 525 5034 690 5090; x_wconf 81' lang='lat' dir='ltr'><strong>latine</strong></span> <span class='ocrx_word' id='word_1_707' title='bbox 733 5028 841 5105; x_wconf 67' lang='lat' dir='ltr'><strong>prie</strong></span> <span class='ocrx_word' id='word_1_708' title='bbox 868 5051 927 5091; x_wconf 88' lang='lat' dir='ltr'><strong>se</strong></span> <span class='ocrx_word' id='word_1_709' title='bbox 957 5033 1062 5092; x_wconf 85' lang='lat' dir='ltr'><strong>fert</strong></span> <span class='ocrx_word' id='word_1_710' title='bbox 1089 5028 1259 5107; x_wconf 66' lang='lat' dir='ltr'><strong>factu}</strong></span> <span class='ocrx_word' id='word_1_711' title='bbox 1282 5044 1354 5108; x_wconf 79' lang='lat' dir='ltr'><strong>est</strong></span> <span class='ocrx_word' id='word_1_712' title='bbox 1383 5035 1464 5108; x_wconf 84' lang='lat' dir='ltr'><strong>ei,</strong></span> <span class='ocrx_word' id='word_1_713' title='bbox 1494 5034 1542 5088; x_wconf 85' lang='lat' dir='ltr'><strong>ei</strong></span> <span class='ocrx_word' id='word_1_714' title='bbox 1568 5042 1700 5100; x_wconf 69' lang='lat' dir='ltr'><strong>prce-</strong></span> 
     </span>
    </p>
   </div>
   <div class='ocr_carea' id='block_1_84' title="bbox 98 5106 1705 5178">
    <p class='ocr_par' dir='ltr' id='par_1_84' title="bbox 98 5106 1705 5178">
     <span class='ocr_line' id='line_1_84' title="bbox 98 5106 1705 5178; baseline 0.001 -18"><span class='ocrx_word' id='word_1_715' title='bbox 98 5106 421 5171; x_wconf 71' lang='lat' dir='ltr'><strong>de‘stiiiotus;</strong></span> <span class='ocrx_word' id='word_1_716' title='bbox 454 5121 612 5162; x_wconf 82' lang='lat' dir='ltr'><strong>secus</strong></span> <span class='ocrx_word' id='word_1_717' title='bbox 639 5112 817 5178; x_wconf 78' lang='lat' dir='ltr'><strong>graece</strong></span> <span class='ocrx_word' id='word_1_718' title='bbox 838 5149 853 5171; x_wconf 88' lang='lat'><strong>,</strong></span> <span class='ocrx_word' id='word_1_719' title='bbox 884 5110 1068 5178; x_wconf 83' lang='lat' dir='ltr'><strong>utpote</strong></span> <span class='ocrx_word' id='word_1_720' title='bbox 1094 5106 1222 5164; x_wconf 85' lang='lat' dir='ltr'><strong>eum</strong></span> <span class='ocrx_word' id='word_1_721' title='bbox 1268 5106 1495 5178; x_wconf 77' lang='lat' dir='ltr'><strong>vulgatis</strong></span> <span class='ocrx_word' id='word_1_722' title='bbox 1523 5116 1705 5164; x_wconf 84' lang='lat' dir='ltr'><strong>exem-</strong></span> 
     </span>
    </p>
   </div>
   <div class='ocr_carea' id='block_1_85' title="bbox 96 5179 965 5250">
    <p class='ocr_par' dir='ltr' id='par_1_85' title="bbox 96 5179 965 5250">
     <span class='ocr_line' id='line_1_85' title="bbox 96 5179 965 5250; baseline -0.002 -16"><span class='ocrx_word' id='word_1_723' title='bbox 96 5181 341 5250; x_wconf 75' lang='lat' dir='ltr'><strong>plaribus</strong></span> <span class='ocrx_word' id='word_1_724' title='bbox 370 5179 565 5249; x_wconf 65' lang='lat' dir='ltr'><strong>graecis</strong></span> <span class='ocrx_word' id='word_1_725' title='bbox 595 5182 965 5235; x_wconf 85' lang='lat' dir='ltr'><strong>consentiens.</strong></span> 
     </span>
    </p>
   </div>
   <div class='ocr_carea' id='block_1_86' title="bbox 160 5246 1704 5322">
    <p class='ocr_par' dir='ltr' id='par_1_86' title="bbox 160 5246 1704 5322">
     <span class='ocr_line' id='line_1_86' title="bbox 160 5246 1704 5322; baseline 0 -16"><span class='ocrx_word' id='word_1_726' title='bbox 160 5252 240 5322; x_wconf 89' lang='lat' dir='ltr'><strong>(a)</strong></span> <span class='ocrx_word' id='word_1_727' title='bbox 279 5246 486 5306; x_wconf 77' lang='lat' dir='ltr'><strong>Vocem</strong></span> <span class='ocrx_word' id='word_1_728' title='bbox 518 5262 712 5318; x_wconf 75' lang='lat' dir='ltr'><strong>unum,</strong></span> <span class='ocrx_word' id='word_1_729' title='bbox 744 5256 863 5321; x_wconf 70' lang='lat' dir='ltr'><strong>qua:</strong></span> <span class='ocrx_word' id='word_1_730' title='bbox 888 5250 940 5306; x_wconf 85' lang='lat' dir='ltr'><strong>in</strong></span> <span class='ocrx_word' id='word_1_731' title='bbox 965 5252 1126 5309; x_wconf 86' lang='lat' dir='ltr'><strong>editis</strong></span> <span class='ocrx_word' id='word_1_732' title='bbox 1149 5251 1366 5319; x_wconf 87' lang='lat' dir='ltr'><strong>deerat,</strong></span> <span class='ocrx_word' id='word_1_733' title='bbox 1392 5251 1704 5322; x_wconf 87' lang='lat' dir='ltr'><strong>supplemus</strong></span> 
     </span>
    </p>
   </div>
   <div class='ocr_carea' id='block_1_87' title="bbox 94 5337 328 5379">
    <p class='ocr_par' dir='ltr' id='par_1_87' title="bbox 94 5337 328 5379">
     <span class='ocr_line' id='line_1_87' title="bbox 94 5337 328 5379; baseline 0 -2"><span class='ocrx_word' id='word_1_734' title='bbox 94 5337 153 5378; x_wconf 73' lang='lat' dir='ltr'><strong>CX</strong></span> <span class='ocrx_word' id='word_1_735' title='bbox 186 5339 328 5379; x_wconf 64' lang='lat' dir='ltr'><strong>mss.</strong></span> 
     </span>
    </p>
   </div>
   <div class='ocr_carea' id='block_1_88' title="bbox 160 5382 1703 5470">
    <p class='ocr_par' dir='ltr' id='par_1_88' title="bbox 160 5382 1703 5470">
     <span class='ocr_line' id='line_1_88' title="bbox 160 5382 1703 5470; baseline 0.001 -21"><span class='ocrx_word' id='word_1_736' title='bbox 160 5397 237 5469; x_wconf 74' lang='lat' dir='ltr'><strong>(ti)</strong></span> <span class='ocrx_word' id='word_1_737' title='bbox 272 5392 652 5470; x_wconf 41' lang='lat' dir='ltr'><strong>Eacusiljom</strong></span> <span class='ocrx_word' id='word_1_738' title='bbox 692 5394 943 5470; x_wconf 69' lang='lat' dir='ltr'><strong>quiaquia.</strong></span> <span class='ocrx_word' id='word_1_739' title='bbox 988 5382 1209 5470; x_wconf 66' lang='lat' dir='ltr'><strong>licetius</strong></span> <span class='ocrx_word' id='word_1_740' title='bbox 1251 5402 1382 5470; x_wconf 73' lang='lat' dir='ltr'><strong>mss.</strong></span> <span class='ocrx_word' id='word_1_741' title='bbox 1406 5396 1703 5470; x_wconf 56' lang='lat' dir='ltr'><strong>jamque,</strong></span> 
     </span>
    </p>
   </div>
   <div class='ocr_carea' id='block_1_89' title="bbox 94 5464 1767 5537">
    <p class='ocr_par' dir='ltr' id='par_1_89' title="bbox 94 5464 1767 5537">
     <span class='ocr_line' id='line_1_89' title="bbox 94 5464 1767 5537; baseline 0.004 -19"><span class='ocrx_word' id='word_1_742' title='bbox 94 5467 142 5520; x_wconf 89' lang='lat' dir='ltr'><strong>id</strong></span> <span class='ocrx_word' id='word_1_743' title='bbox 170 5464 253 5522; x_wconf 74' lang='lat' dir='ltr'><strong>est</strong></span> <span class='ocrx_word' id='word_1_744' title='bbox 277 5509 290 5521; x_wconf 92' lang='lat'><strong>.</strong></span> <span class='ocrx_word' id='word_1_745' title='bbox 309 5464 437 5537; x_wconf 75' lang='lat' dir='ltr'><strong>jam</strong></span> <span class='ocrx_word' id='word_1_746' title='bbox 456 5465 664 5537; x_wconf 74' lang='lat' dir='ltr'><strong>aliquis.</strong></span> <span class='ocrx_word' id='word_1_747' title='bbox 691 5464 833 5531; x_wconf 82' lang='lat' dir='ltr'><strong>Mox,</strong></span> <span class='ocrx_word' id='word_1_748' title='bbox 860 5468 937 5522; x_wconf 81' lang='lat' dir='ltr'><strong>itis</strong></span> <span class='ocrx_word' id='word_1_749' title='bbox 963 5468 1100 5523; x_wconf 86' lang='lat' dir='ltr'><strong>enim</strong></span> <span class='ocrx_word' id='word_1_750' title='bbox 1124 5464 1494 5533; x_wconf 74' lang='lat' dir='ltr'><strong>contradicere,</strong></span> <span class='ocrx_word' id='word_1_751' title='bbox 1522 5464 1576 5523; x_wconf 92' lang='lat' dir='ltr'><strong>id</strong></span> <span class='ocrx_word' id='word_1_752' title='bbox 1598 5479 1702 5537; x_wconf 87' lang='lat' dir='ltr'><strong>est,</strong></span> <span class='ocrx_word' id='word_1_753' title='bbox 1762 5476 1767 5477; x_wconf 65' lang='grc'><strong><em>⁷</em></strong></span> 
     </span>
    </p>
   </div>
   <div class='ocr_carea' id='block_1_90' title="bbox 94 5534 973 5596">
    <p class='ocr_par' dir='ltr' id='par_1_90' title="bbox 94 5534 973 5596">
     <span class='ocr_line' id='line_1_90' title="bbox 94 5534 973 5596; baseline 0.001 -3"><span class='ocrx_word' id='word_1_754' title='bbox 94 5554 210 5594; x_wconf 81' lang='lat' dir='ltr'><strong>nam</strong></span> <span class='ocrx_word' id='word_1_755' title='bbox 240 5534 399 5596; x_wconf 28' lang='lat' dir='ltr'><strong>au’od</strong></span> <span class='ocrx_word' id='word_1_756' title='bbox 426 5534 805 5592; x_wconf 85' lang='lat' dir='ltr'><strong>contradicunt</strong></span> <span class='ocrx_word' id='word_1_757' title='bbox 830 5537 973 5596; x_wconf 88' lang='lat' dir='ltr'><strong>iidei.</strong></span> 
     </span>
    </p>
   </div>
   <div class='ocr_carea' id='block_1_91' title="bbox 159 5610 1705 5684">
    <p class='ocr_par' dir='ltr' id='par_1_91' title="bbox 159 5610 1705 5684">
     <span class='ocr_line' id='line_1_91' title="bbox 159 5610 1705 5684; baseline 0.003 -20"><span class='ocrx_word' id='word_1_758' title='bbox 159 5612 235 5684; x_wconf 76' lang='lat' dir='ltr'><strong>(e)</strong></span> <span class='ocrx_word' id='word_1_759' title='bbox 267 5610 507 5684; x_wconf 48' lang='grc' dir='ltr'><strong>ἰδῇ-εδειηο</strong></span> <span class='ocrx_word' id='word_1_760' title='bbox 553 5611 724 5684; x_wconf 70' lang='lat' dir='ltr'><strong>magis</strong></span> <span class='ocrx_word' id='word_1_761' title='bbox 768 5610 967 5684; x_wconf 78' lang='lat' dir='ltr'><strong>placuit</strong></span> <span class='ocrx_word' id='word_1_762' title='bbox 993 5616 1092 5666; x_wconf 70' lang='lat' dir='ltr'><strong>non</strong></span> <span class='ocrx_word' id='word_1_763' title='bbox 1126 5610 1434 5684; x_wconf 75' lang='lat' dir='ltr'><strong>improprie,</strong></span> <span class='ocrx_word' id='word_1_764' title='bbox 1464 5610 1608 5684; x_wconf 73' lang='lat' dir='ltr'><strong>quod</strong></span> <span class='ocrx_word' id='word_1_765' title='bbox 1649 5620 1705 5668; x_wconf 90' lang='lat' dir='ltr'><strong>et</strong></span> 
     </span>
    </p>
   </div>
   <div class='ocr_carea' id='block_1_92' title="bbox 95 5675 1705 5754">
    <p class='ocr_par' dir='ltr' id='par_1_92' title="bbox 95 5675 1705 5754">
     <span class='ocr_line' id='line_1_92' title="bbox 95 5675 1705 5754; baseline 0.002 -19"><span class='ocrx_word' id='word_1_766' title='bbox 95 5675 546 5754; x_wconf 60' lang='lat' dir='ltr'><strong>poltea_Lips._et</strong></span> <span class='ocrx_word' id='word_1_767' title='bbox 566 5675 694 5734; x_wconf 71' lang='lat' dir='ltr'><strong>Par.</strong></span> <span class='ocrx_word' id='word_1_768' title='bbox 724 5675 1454 5754; x_wconf 75' lang='lat' dir='ltr'><strong>arripuere,refragantibus</strong></span> <span class='ocrx_word' id='word_1_769' title='bbox 1484 5675 1614 5738; x_wconf 70' lang='lat' dir='ltr'><strong>Bait.</strong></span> <span class='ocrx_word' id='word_1_770' title='bbox 1649 5690 1705 5739; x_wconf 86' lang='lat' dir='ltr'><strong>ct</strong></span> 
     </span>
    </p>
   </div>
   <div class='ocr_carea' id='block_1_93' title="bbox 94 5747 1708 5822">
    <p class='ocr_par' dir='ltr' id='par_1_93' title="bbox 94 5747 1708 5822">
     <span class='ocr_line' id='line_1_93' title="bbox 94 5747 1708 5822; baseline 0.003 -16"><span class='ocrx_word' id='word_1_771' title='bbox 94 5747 218 5807; x_wconf 81' lang='lat' dir='ltr'><strong>mss.</strong></span> <span class='ocrx_word' id='word_1_772' title='bbox 255 5747 444 5807; x_wconf 84' lang='lat' dir='ltr'><strong>Caute</strong></span> <span class='ocrx_word' id='word_1_773' title='bbox 471 5747 596 5806; x_wconf 74' lang='lat' dir='ltr'><strong>litin:</strong></span> <span class='ocrx_word' id='word_1_774' title='bbox 626 5754 679 5805; x_wconf 87' lang='lat' dir='ltr'><strong>et</strong></span> <span class='ocrx_word' id='word_1_775' title='bbox 730 5747 865 5807; x_wconf 77' lang='lat' dir='ltr'><strong>infra</strong></span> <span class='ocrx_word' id='word_1_776' title='bbox 902 5747 1185 5812; x_wconf 83' lang='lat' dir='ltr'><strong>similitudo</strong></span> <span class='ocrx_word' id='word_1_777' title='bbox 1204 5747 1548 5822; x_wconf 65' lang='lat' dir='ltr'><strong>]ira:tiicatttr</strong></span> <span class='ocrx_word' id='word_1_778' title='bbox 1570 5799 1584 5821; x_wconf 91' lang='lat'><strong>,</strong></span> <span class='ocrx_word' id='word_1_779' title='bbox 1615 5757 1708 5811; x_wconf 78' lang='lat' dir='ltr'><strong>ad-</strong></span> 
     </span>
    </p>
   </div>
   <div class='ocr_carea' id='block_1_94' title="bbox 92 5823 1711 5912">
    <p class='ocr_par' dir='ltr' id='par_1_94' title="bbox 92 5823 1711 5912">
     <span class='ocr_line' id='line_1_94' title="bbox 92 5823 1711 5912; baseline 0.005 -34"><span class='ocrx_word' id='word_1_780' title='bbox 92 5823 283 5912; x_wconf 48' lang='lat' dir='ltr'><strong>j&#39;pnma</strong></span> <span class='ocrx_word' id='word_1_781' title='bbox 316 5825 632 5908; x_wconf 67' lang='lat' dir='ltr'><strong>achalt&#39;tate</strong></span> <span class='ocrx_word' id='word_1_782' title='bbox 657 5842 677 5912; x_wconf 17' lang='grc' dir='ltr'>ελ</span> <span class='ocrx_word' id='word_1_783' title='bbox 694 5825 842 5910; x_wconf 70' lang='lat' dir='ltr'><strong>quod</strong></span> <span class='ocrx_word' id='word_1_784' title='bbox 864 5844 922 5912; x_wconf 73' lang='lat' dir='ltr'><strong>se</strong></span> <span class='ocrx_word' id='word_1_785' title='bbox 946 5843 1161 5912; x_wconf 75' lang='lat' dir='ltr'><strong>semper</strong></span> <span class='ocrx_word' id='word_1_786' title='bbox 1182 5827 1500 5912; x_wconf 42' lang='lat' dir='ltr'><strong>pruzstitisshe</strong></span> <span class='ocrx_word' id='word_1_787' title='bbox 1528 5840 1711 5912; x_wconf 69' lang='lat' dir='ltr'><strong>niottet</strong></span> 
     </span>
    </p>
   </div>
   <div class='ocr_carea' id='block_1_95' title="bbox 96 5894 1705 5994">
    <p class='ocr_par' dir='ltr' id='par_1_95' title="bbox 96 5894 1705 5994">
     <span class='ocr_line' id='line_1_95' title="bbox 96 5894 1705 5994; baseline 0.002 -39"><span class='ocrx_word' id='word_1_788' title='bbox 96 5894 344 5994; x_wconf 76' lang='lat' dir='ltr'><strong>Hilarius</strong></span> <span class='ocrx_word' id='word_1_789' title='bbox 393 5895 449 5964; x_wconf 80' lang='lat' dir='ltr'><strong>in</strong></span> <span class='ocrx_word' id='word_1_790' title='bbox 464 5894 739 5969; x_wconf 79' lang='lat' dir='ltr'><strong>responsis</strong></span> <span class='ocrx_word' id='word_1_791' title='bbox 765 5894 1116 5974; x_wconf 76' lang='lat' dir='ltr'><strong>apol‘ogeticis</strong></span> <span class='ocrx_word' id='word_1_792' title='bbox 1142 5894 1207 5959; x_wconf 82' lang='lat' dir='ltr'><strong>ad</strong></span> <span class='ocrx_word' id='word_1_793' title='bbox 1241 5896 1333 5957; x_wconf 89' lang='lat' dir='ltr'><strong>lib.</strong></span> <span class='ocrx_word' id='word_1_794' title='bbox 1360 5896 1430 5959; x_wconf 86' lang='lat' dir='ltr'><strong>de</strong></span> <span class='ocrx_word' id='word_1_795' title='bbox 1451 5900 1705 5975; x_wconf 82' lang='lat' dir='ltr'><strong>Synodis.</strong></span> 
     </span>
    </p>
   </div>
   <div class='ocr_carea' id='block_1_96' title="bbox 1821 3337 3423 3417">
    <p class='ocr_par' dir='ltr' id='par_1_96' title="bbox 1821 3337 3423 3417">
     <span class='ocr_line' id='line_1_96' title="bbox 1821 3337 3423 3417; baseline -0.003 -16"><span class='ocrx_word' id='word_1_796' title='bbox 1821 3345 2078 3417; x_wconf 89' lang='lat' dir='ltr'><strong>operibus</strong></span> <span class='ocrx_word' id='word_1_797' title='bbox 2123 3343 2298 3402; x_wconf 80' lang='lat' dir='ltr'><strong>Patris</strong></span> <span class='ocrx_word' id='word_1_798' title='bbox 2326 3352 2446 3416; x_wconf 60' lang='lat' dir='ltr'><strong>quae</strong></span> <span class='ocrx_word' id='word_1_799' title='bbox 2490 3345 2607 3415; x_wconf 87' lang='lat' dir='ltr'><strong>ipse</strong></span> <span class='ocrx_word' id='word_1_800' title='bbox 2635 3342 2803 3400; x_wconf 88' lang='lat' dir='ltr'><strong>elﬁeit</strong></span> <span class='ocrx_word' id='word_1_801' title='bbox 2825 3337 2847 3407; x_wconf 62' lang='lat'><strong>,’</strong></span> <span class='ocrx_word' id='word_1_802' title='bbox 2879 3358 2986 3397; x_wconf 89' lang='lat' dir='ltr'><strong>non</strong></span> <span class='ocrx_word' id='word_1_803' title='bbox 3022 3342 3150 3397; x_wconf 77' lang='lat' dir='ltr'><strong>vult.</strong></span> <span class='ocrx_word' id='word_1_804' title='bbox 3191 3341 3348 3411; x_wconf 82' lang='lat' dir='ltr'><strong>Quod</strong></span> <span class='ocrx_word' id='word_1_805' title='bbox 3376 3342 3423 3396; x_wconf 83' lang='lat' dir='ltr'><strong>si</strong></span> 
     </span>
    </p>
   </div>
   <div class='ocr_carea' id='block_1_97' title="bbox 1822 3434 3420 3512">
    <p class='ocr_par' dir='ltr' id='par_1_97' title="bbox 1822 3434 3420 3512">
     <span class='ocr_line' id='line_1_97' title="bbox 1822 3434 3420 3512; baseline -0.004 -16"><span class='ocrx_word' id='word_1_806' title='bbox 1822 3439 1952 3496; x_wconf 80' lang='lat' dir='ltr'><strong>facit</strong></span> <span class='ocrx_word' id='word_1_807' title='bbox 1980 3454 2169 3512; x_wconf 84' lang='lat' dir='ltr'><strong>opera,</strong></span> <span class='ocrx_word' id='word_1_808' title='bbox 2192 3449 2246 3494; x_wconf 87' lang='lat' dir='ltr'><strong>et</strong></span> <span class='ocrx_word' id='word_1_809' title='bbox 2277 3455 2372 3510; x_wconf 89' lang='lat' dir='ltr'><strong>per</strong></span> <span class='ocrx_word' id='word_1_810' title='bbox 2405 3438 2762 3493; x_wconf 87' lang='lat' dir='ltr'><strong>lnmiiiitatem</strong></span> <span class='ocrx_word' id='word_1_811' title='bbox 2787 3436 3034 3507; x_wconf 86' lang='lat' dir='ltr'><strong>corporis</strong></span> <span class='ocrx_word' id='word_1_812' title='bbox 3071 3434 3177 3491; x_wconf 89' lang='lat' dir='ltr'><strong>ﬁde</strong></span> <span class='ocrx_word' id='word_1_813' title='bbox 3206 3436 3420 3507; x_wconf 83' lang='lat' dir='ltr'><strong>profes-</strong></span> 
     </span>
    </p>
   </div>
   <div class='ocr_carea' id='block_1_98' title="bbox 1822 3527 3424 3605">
    <p class='ocr_par' dir='ltr' id='par_1_98' title="bbox 1822 3527 3424 3605">
     <span class='ocr_line' id='line_1_98' title="bbox 1822 3527 3424 3605; baseline -0.005 -16"><span class='ocrx_word' id='word_1_814' title='bbox 1822 3534 1991 3589; x_wconf 90' lang='lat' dir='ltr'><strong>sionis</strong></span> <span class='ocrx_word' id='word_1_815' title='bbox 2014 3532 2263 3605; x_wconf 83' lang='lat' dir='ltr'><strong>indignus</strong></span> <span class='ocrx_word' id='word_1_816' title='bbox 2281 3535 2394 3600; x_wconf 84' lang='lat' dir='ltr'><strong>est,</strong></span> <span class='ocrx_word' id='word_1_817' title='bbox 2426 3536 2651 3602; x_wconf 84' lang='lat' dir='ltr'><strong>operum</strong></span> <span class='ocrx_word' id='word_1_818' title='bbox 2679 3530 2843 3587; x_wconf 85' lang='lat' dir='ltr'><strong>tidem</strong></span> <span class='ocrx_word' id='word_1_819' title='bbox 2873 3529 3127 3600; x_wconf 73' lang='lat' dir='ltr'><strong>postulat.</strong></span> <span class='ocrx_word' id='word_1_820' title='bbox 3152 3529 3261 3584; x_wconf 82' lang='lat' dir='ltr'><strong>Cur</strong></span> <span class='ocrx_word' id='word_1_821' title='bbox 3282 3527 3424 3583; x_wconf 83' lang='lat' dir='ltr'><strong>enim</strong></span> 
     </span>
    </p>
   </div>
   <div class='ocr_carea' id='block_1_99' title="bbox 1821 3614 3425 3696">
    <p class='ocr_par' dir='ltr' id='par_1_99' title="bbox 1821 3614 3425 3696">
     <span class='ocr_line' id='line_1_99' title="bbox 1821 3614 3425 3696; baseline -0.004 -12"><span class='ocrx_word' id='word_1_822' title='bbox 1821 3632 2226 3684; x_wconf 81' lang='lat' dir='ltr'><strong>sacramentum</strong></span> <span class='ocrx_word' id='word_1_823' title='bbox 2279 3627 2388 3681; x_wconf 88' lang='lat' dir='ltr'><strong>nati</strong></span> <span class='ocrx_word' id='word_1_824' title='bbox 2440 3624 2712 3692; x_wconf 84' lang='lat' dir='ltr'><strong>hominis,</strong></span> <span class='ocrx_word' id='word_1_825' title='bbox 2770 3614 3182 3696; x_wconf 76' lang='lat' dir='ltr'><strong>intelligentiam</strong></span> <span class='ocrx_word' id='word_1_826' title='bbox 3229 3623 3425 3679; x_wconf 68' lang='grc'><strong>1111111111</strong></span> 
     </span>
    </p>
   </div>
   <div class='ocr_carea' id='block_1_100' title="bbox 1823 3718 3425 3795">
    <p class='ocr_par' dir='ltr' id='par_1_100' title="bbox 1823 3718 3425 3795">
     <span class='ocr_line' id='line_1_100' title="bbox 1823 3718 3425 3795; baseline -0.005 -16"><span class='ocrx_word' id='word_1_827' title='bbox 1823 3724 2123 3779; x_wconf 77' lang='lat' dir='ltr'><strong>nativitatis</strong></span> <span class='ocrx_word' id='word_1_828' title='bbox 2152 3722 2439 3795; x_wconf 86' lang='lat' dir='ltr'><strong>impediat;</strong></span> <span class='ocrx_word' id='word_1_829' title='bbox 2473 3726 2594 3775; x_wconf 86' lang='lat' dir='ltr'><strong>etim</strong></span> <span class='ocrx_word' id='word_1_830' title='bbox 2620 3720 2798 3775; x_wconf 73' lang='lat' dir='ltr'><strong>divina</strong></span> <span class='ocrx_word' id='word_1_831' title='bbox 2826 3718 3076 3774; x_wconf 81' lang='lat' dir='ltr'><strong>nativitas</strong></span> <span class='ocrx_word' id='word_1_832' title='bbox 3103 3732 3265 3774; x_wconf 90' lang='lat' dir='ltr'><strong>omne</strong></span> <span class='ocrx_word' id='word_1_833' title='bbox 3288 3730 3425 3788; x_wconf 86' lang='lat' dir='ltr'><strong>opus</strong></span> 
     </span>
    </p>
   </div>
   <div class='ocr_carea' id='block_1_101' title="bbox 1824 3810 3427 3890">
    <p class='ocr_par' dir='ltr' id='par_1_101' title="bbox 1824 3810 3427 3890">
     <span class='ocr_line' id='line_1_101' title="bbox 1824 3810 3427 3890; baseline -0.004 -18"><span class='ocrx_word' id='word_1_834' title='bbox 1824 3828 1979 3872; x_wconf 84' lang='lat' dir='ltr'><strong>suum</strong></span> <span class='ocrx_word' id='word_1_835' title='bbox 2010 3814 2093 3887; x_wconf 68' lang='grc'><strong>(4)</strong></span> <span class='ocrx_word' id='word_1_836' title='bbox 2121 3816 2193 3890; x_wconf 69' lang='grc' dir='ltr'><strong>(Γ)</strong></span> <span class='ocrx_word' id='word_1_837' title='bbox 2223 3814 2323 3871; x_wconf 87' lang='lat' dir='ltr'><strong>sub</strong></span> <span class='ocrx_word' id='word_1_838' title='bbox 2377 3815 2678 3871; x_wconf 84' lang='lat' dir='ltr'><strong>ministerio</strong></span> <span class='ocrx_word' id='word_1_839' title='bbox 2708 3810 2970 3882; x_wconf 85' lang='lat' dir='ltr'><strong>assumpil</strong></span> <span class='ocrx_word' id='word_1_840' title='bbox 3002 3812 3237 3867; x_wconf 85' lang='lat' dir='ltr'><strong>hominis</strong></span> <span class='ocrx_word' id='word_1_841' title='bbox 3264 3824 3427 3866; x_wconf 77' lang='lat' dir='ltr'><strong>exse-</strong></span> 
     </span>
    </p>
   </div>
   <div class='ocr_carea' id='block_1_102' title="bbox 1823 3903 3421 3982">
    <p class='ocr_par' dir='ltr' id='par_1_102' title="bbox 1823 3903 3421 3982">
     <span class='ocr_line' id='line_1_102' title="bbox 1823 3903 3421 3982; baseline -0.004 -17"><span class='ocrx_word' id='word_1_842' title='bbox 1823 3910 2058 3982; x_wconf 76' lang='lat' dir='ltr'><strong>quatur?</strong></span> <span class='ocrx_word' id='word_1_843' title='bbox 2084 3909 2141 3966; x_wconf 87' lang='lat' dir='ltr'><strong>Si</strong></span> <span class='ocrx_word' id='word_1_844' title='bbox 2166 3910 2328 3981; x_wconf 80' lang='lat' dir='ltr'><strong>igitur</strong></span> <span class='ocrx_word' id='word_1_845' title='bbox 2350 3906 2555 3963; x_wconf 82' lang='lat' dir='ltr'><strong>homini</strong></span> <span class='ocrx_word' id='word_1_846' title='bbox 2584 3916 2679 3978; x_wconf 80' lang='lat' dir='ltr'><strong>per</strong></span> <span class='ocrx_word' id='word_1_847' title='bbox 2706 3919 2867 3976; x_wconf 84' lang='lat' dir='ltr'><strong>opera</strong></span> <span class='ocrx_word' id='word_1_848' title='bbox 2890 3916 2996 3958; x_wconf 89' lang='lat' dir='ltr'><strong>non</strong></span> <span class='ocrx_word' id='word_1_849' title='bbox 3019 3903 3258 3959; x_wconf 86' lang='lat' dir='ltr'><strong>creditur</strong></span> <span class='ocrx_word' id='word_1_850' title='bbox 3278 3903 3421 3972; x_wconf 85' lang='lat' dir='ltr'><strong>quod</strong></span> 
     </span>
    </p>
   </div>
   <div class='ocr_carea' id='block_1_103' title="bbox 1822 3995 3419 4070">
    <p class='ocr_par' dir='ltr' id='par_1_103' title="bbox 1822 3995 3419 4070">
     <span class='ocr_line' id='line_1_103' title="bbox 1822 3995 3419 4070; baseline -0.005 -10"><span class='ocrx_word' id='word_1_851' title='bbox 1822 4004 1917 4060; x_wconf 86' lang='lat' dir='ltr'><strong>Dei</strong></span> <span class='ocrx_word' id='word_1_852' title='bbox 1948 4002 2088 4058; x_wconf 84' lang='lat' dir='ltr'><strong>illius</strong></span> <span class='ocrx_word' id='word_1_853' title='bbox 2130 4002 2235 4068; x_wconf 80' lang='lat' dir='ltr'><strong>sit;</strong></span> <span class='ocrx_word' id='word_1_854' title='bbox 2267 4000 2523 4057; x_wconf 83' lang='lat' dir='ltr'><strong>credatur</strong></span> <span class='ocrx_word' id='word_1_855' title='bbox 2548 3998 2805 4070; x_wconf 81' lang='lat' dir='ltr'><strong>operibus</strong></span> <span class='ocrx_word' id='word_1_856' title='bbox 2840 3995 2984 4069; x_wconf 88' lang='lat' dir='ltr'><strong>quod</strong></span> <span class='ocrx_word' id='word_1_857' title='bbox 3017 3997 3112 4053; x_wconf 88' lang='lat' dir='ltr'><strong>Dei</strong></span> <span class='ocrx_word' id='word_1_858' title='bbox 3149 3996 3246 4051; x_wconf 84' lang='lat' dir='ltr'><strong>ﬁlii</strong></span> <span class='ocrx_word' id='word_1_859' title='bbox 3272 3995 3382 4052; x_wconf 77' lang='lat' dir='ltr'><strong>sint</strong></span> <span class='ocrx_word' id='word_1_860' title='bbox 3403 4038 3419 4063; x_wconf 90' lang='lat'><strong>,</strong></span> 
     </span>
    </p>
   </div>
   <div class='ocr_carea' id='block_1_104' title="bbox 1816 4088 3417 4167">
    <p class='ocr_par' dir='ltr' id='par_1_104' title="bbox 1816 4088 3417 4167">
     <span class='ocr_line' id='line_1_104' title="bbox 1816 4088 3417 4167; baseline -0.004 -17"><span class='ocrx_word' id='word_1_861' title='bbox 1816 4096 1941 4167; x_wconf 85' lang='lat' dir='ltr'><strong>quia</strong></span> <span class='ocrx_word' id='word_1_862' title='bbox 1974 4094 2159 4165; x_wconf 85' lang='lat' dir='ltr'><strong>negari</strong></span> <span class='ocrx_word' id='word_1_863' title='bbox 2188 4093 2327 4162; x_wconf 83' lang='lat' dir='ltr'><strong>quod</strong></span> <span class='ocrx_word' id='word_1_864' title='bbox 2366 4092 2464 4149; x_wconf 89' lang='lat' dir='ltr'><strong>Dei</strong></span> <span class='ocrx_word' id='word_1_865' title='bbox 2496 4092 2603 4147; x_wconf 85' lang='lat' dir='ltr'><strong>sint</strong></span> <span class='ocrx_word' id='word_1_866' title='bbox 2635 4100 2741 4145; x_wconf 89' lang='lat' dir='ltr'><strong>non</strong></span> <span class='ocrx_word' id='word_1_867' title='bbox 2777 4093 3022 4161; x_wconf 80' lang='lat' dir='ltr'><strong>possunt.</strong></span> <span class='ocrx_word' id='word_1_868' title='bbox 3065 4088 3236 4145; x_wconf 84' lang='lat' dir='ltr'><strong>Otnne</strong></span> <span class='ocrx_word' id='word_1_869' title='bbox 3269 4089 3417 4145; x_wconf 87' lang='lat' dir='ltr'><strong>enim</strong></span> 
     </span>
    </p>
   </div>
   <div class='ocr_carea' id='block_1_105' title="bbox 1817 4178 3417 4257">
    <p class='ocr_par' dir='ltr' id='par_1_105' title="bbox 1817 4178 3417 4257">
     <span class='ocr_line' id='line_1_105' title="bbox 1817 4178 3417 4257; baseline -0.003 -14"><span class='ocrx_word' id='word_1_870' title='bbox 1817 4188 1871 4244; x_wconf 90' lang='lat' dir='ltr'><strong>in</strong></span> <span class='ocrx_word' id='word_1_871' title='bbox 1911 4202 1971 4243; x_wconf 88' lang='lat' dir='ltr'><strong>se</strong></span> <span class='ocrx_word' id='word_1_872' title='bbox 2009 4187 2150 4241; x_wconf 83' lang='lat' dir='ltr'><strong>titius</strong></span> <span class='ocrx_word' id='word_1_873' title='bbox 2178 4185 2274 4242; x_wconf 89' lang='lat' dir='ltr'><strong>Dei</strong></span> <span class='ocrx_word' id='word_1_874' title='bbox 2310 4185 2470 4241; x_wconf 86' lang='lat' dir='ltr'><strong>habet</strong></span> <span class='ocrx_word' id='word_1_875' title='bbox 2512 4184 2804 4252; x_wconf 89' lang='lat' dir='ltr'><strong>nascendo,</strong></span> <span class='ocrx_word' id='word_1_876' title='bbox 2840 4182 2916 4257; x_wconf 88' lang='lat' dir='ltr'><strong>(g)</strong></span> <span class='ocrx_word' id='word_1_877' title='bbox 2966 4183 3109 4254; x_wconf 86' lang='lat' dir='ltr'><strong>quod</strong></span> <span class='ocrx_word' id='word_1_878' title='bbox 3155 4178 3251 4238; x_wconf 86' lang='lat' dir='ltr'><strong>Del</strong></span> <span class='ocrx_word' id='word_1_879' title='bbox 3293 4188 3417 4239; x_wconf 71' lang='lat' dir='ltr'><strong>cet:</strong></span> 
     </span>
    </p>
   </div>
   <div class='ocr_carea' id='block_1_106' title="bbox 1817 4275 3418 4350">
    <p class='ocr_par' dir='ltr' id='par_1_106' title="bbox 1817 4275 3418 4350">
     <span class='ocr_line' id='line_1_106' title="bbox 1817 4275 3418 4350; baseline -0.003 -14"><span class='ocrx_word' id='word_1_880' title='bbox 1817 4288 1874 4336; x_wconf 92' lang='lat' dir='ltr'><strong>et</strong></span> <span class='ocrx_word' id='word_1_881' title='bbox 1898 4279 2099 4336; x_wconf 90' lang='lat' dir='ltr'><strong>idcirco</strong></span> <span class='ocrx_word' id='word_1_882' title='bbox 2129 4293 2266 4350; x_wconf 80' lang='lat' dir='ltr'><strong>Opus</strong></span> <span class='ocrx_word' id='word_1_883' title='bbox 2295 4277 2419 4334; x_wconf 86' lang='lat' dir='ltr'><strong>Filii</strong></span> <span class='ocrx_word' id='word_1_884' title='bbox 2454 4292 2591 4348; x_wconf 89' lang='lat' dir='ltr'><strong>opus</strong></span> <span class='ocrx_word' id='word_1_885' title='bbox 2617 4276 2797 4332; x_wconf 84' lang='lat' dir='ltr'><strong>Patris</strong></span> <span class='ocrx_word' id='word_1_886' title='bbox 2832 4285 2954 4346; x_wconf 84' lang='lat' dir='ltr'><strong>est,</strong></span> <span class='ocrx_word' id='word_1_887' title='bbox 2995 4275 3119 4347; x_wconf 81' lang='lat' dir='ltr'><strong>quia</strong></span> <span class='ocrx_word' id='word_1_888' title='bbox 3167 4276 3418 4331; x_wconf 72' lang='lat' dir='ltr'><strong>itatitritas</strong></span> 
     </span>
    </p>
   </div>
   <div class='ocr_carea' id='block_1_107' title="bbox 1818 4366 3414 4442">
    <p class='ocr_par' dir='ltr' id='par_1_107' title="bbox 1818 4366 3414 4442">
     <span class='ocr_line' id='line_1_107' title="bbox 1818 4366 3414 4442; baseline -0.003 -14"><span class='ocrx_word' id='word_1_889' title='bbox 1818 4388 1919 4429; x_wconf 91' lang='lat' dir='ltr'><strong>nec</strong></span> <span class='ocrx_word' id='word_1_890' title='bbox 1945 4381 2099 4429; x_wconf 80' lang='lat' dir='ltr'><strong>extra</strong></span> <span class='ocrx_word' id='word_1_891' title='bbox 2132 4380 2376 4428; x_wconf 86' lang='lat' dir='ltr'><strong>naturam</strong></span> <span class='ocrx_word' id='word_1_892' title='bbox 2409 4386 2529 4427; x_wconf 89' lang='lat' dir='ltr'><strong>eam</strong></span> <span class='ocrx_word' id='word_1_893' title='bbox 2560 4381 2645 4425; x_wconf 90' lang='lat' dir='ltr'><strong>est</strong></span> <span class='ocrx_word' id='word_1_894' title='bbox 2673 4386 2740 4426; x_wconf 81' lang='lat' dir='ltr'><strong>ex</strong></span> <span class='ocrx_word' id='word_1_895' title='bbox 2764 4382 2866 4442; x_wconf 86' lang='lat' dir='ltr'><strong>qua</strong></span> <span class='ocrx_word' id='word_1_896' title='bbox 2899 4366 2982 4442; x_wconf 84' lang='lat' dir='ltr'><strong>(lt)</strong></span> <span class='ocrx_word' id='word_1_897' title='bbox 3008 4374 3211 4438; x_wconf 83' lang='lat' dir='ltr'><strong>manet,</strong></span> <span class='ocrx_word' id='word_1_898' title='bbox 3241 4378 3296 4426; x_wconf 87' lang='lat' dir='ltr'><strong>et</strong></span> <span class='ocrx_word' id='word_1_899' title='bbox 3317 4374 3414 4426; x_wconf 89' lang='lat' dir='ltr'><strong>ha-</strong></span> 
     </span>
    </p>
   </div>
   <div class='ocr_carea' id='block_1_108' title="bbox 1819 4456 2968 4524">
    <p class='ocr_par' dir='ltr' id='par_1_108' title="bbox 1819 4456 2968 4524">
     <span class='ocr_line' id='line_1_108' title="bbox 1819 4456 2968 4524; baseline -0.002 -1"><span class='ocrx_word' id='word_1_900' title='bbox 1819 4476 1993 4524; x_wconf 89' lang='lat' dir='ltr'><strong>turam</strong></span> <span class='ocrx_word' id='word_1_901' title='bbox 2013 4481 2133 4523; x_wconf 90' lang='lat' dir='ltr'><strong>eam</strong></span> <span class='ocrx_word' id='word_1_902' title='bbox 2160 4467 2214 4522; x_wconf 91' lang='lat' dir='ltr'><strong>in</strong></span> <span class='ocrx_word' id='word_1_903' title='bbox 2246 4480 2305 4523; x_wconf 88' lang='lat' dir='ltr'><strong>se</strong></span> <span class='ocrx_word' id='word_1_904' title='bbox 2332 4465 2495 4523; x_wconf 83' lang='lat' dir='ltr'><strong>habet</strong></span> <span class='ocrx_word' id='word_1_905' title='bbox 2521 4464 2667 4522; x_wconf 88' lang='lat' dir='ltr'><strong>unde</strong></span> <span class='ocrx_word' id='word_1_906' title='bbox 2696 4456 2968 4521; x_wconf 73' lang='lat' dir='ltr'><strong>snbsisdt.</strong></span> 
     </span>
    </p>
   </div>
   <div class='ocr_carea' id='block_1_109' title="bbox 1730 4598 2351 4756">
    <p class='ocr_par' dir='ltr' id='par_1_109' title="bbox 1730 4598 2351 4756">
     <span class='ocr_line' id='line_1_109' title="bbox 1730 4598 2351 4756; baseline -0.003 -95"><span class='ocrx_word' id='word_1_907' title='bbox 1730 4630 1786 4701; x_wconf 59' lang='grc' dir='ltr'><strong><em>Β</em></strong></span> <span class='ocrx_word' id='word_1_908' title='bbox 1879 4605 1965 4756; x_wconf 50' lang='grc' dir='ltr'><strong>ΣΞ)</strong></span> <span class='ocrx_word' id='word_1_909' title='bbox 1996 4598 2154 4661; x_wconf 74' lang='lat' dir='ltr'><strong>Fides</strong></span> <span class='ocrx_word' id='word_1_910' title='bbox 2184 4604 2351 4689; x_wconf 62' lang='lat' dir='ltr'><strong>nobis.</strong></span> 
     </span>
     <span class='ocr_line' id='line_1_110' title="bbox 1906 4672 2347 4749; baseline -0.007 -16"><span class='ocrx_word' id='word_1_911' title='bbox 1906 4676 1941 4733; x_wconf 71' lang='grc'><strong>4</strong></span> <span class='ocrx_word' id='word_1_912' title='bbox 1998 4672 2107 4736; x_wconf 86' lang='lat' dir='ltr'><strong>Sub</strong></span> <span class='ocrx_word' id='word_1_913' title='bbox 2133 4685 2347 4749; x_wconf 78' lang='lat' dir='ltr'><strong>mystert</strong></span> 
     </span>
    </p>
   </div>
   <div class='ocr_carea' id='block_1_110' title="bbox 1998 4672 2404 4749">
    <p class='ocr_par' dir='ltr' id='par_1_110' title="bbox 1998 4672 2404 4749">
     <span class='ocr_line' id='line_1_111' title="bbox 1998 4672 2404 4749; baseline -0.012 -13"><span class='ocrx_word' id='word_1_914' title='bbox 1998 4672 2107 4736; x_wconf 85' lang='lat' dir='ltr'><strong>Sub</strong></span> <span class='ocrx_word' id='word_1_915' title='bbox 2133 4675 2404 4749; x_wconf 79' lang='lat' dir='ltr'><strong>mysterio.</strong></span> 
     </span>
    </p>
   </div>
   <div class='ocr_carea' id='block_1_111' title="bbox 1880 4810 3415 4892">
    <p class='ocr_par' dir='ltr' id='par_1_111' title="bbox 1880 4810 3415 4892">
     <span class='ocr_line' id='line_1_112' title="bbox 1880 4810 3415 4892; baseline 0.002 -18"><span class='ocrx_word' id='word_1_916' title='bbox 1880 4810 1958 4892; x_wconf 77' lang='grc' dir='ltr'><strong>(ιι)</strong></span> <span class='ocrx_word' id='word_1_917' title='bbox 1992 4816 2047 4875; x_wconf 84' lang='grc'><strong>111</strong></span> <span class='ocrx_word' id='word_1_918' title='bbox 2071 4827 2173 4892; x_wconf 66' lang='lat' dir='ltr'><strong>est,</strong></span> <span class='ocrx_word' id='word_1_919' title='bbox 2207 4816 2604 4892; x_wconf 73' lang='lat' dir='ltr'><strong>reqttaiitasrel,</strong></span> <span class='ocrx_word' id='word_1_920' title='bbox 2637 4832 2758 4892; x_wconf 64' lang='lat' dir='ltr'><strong>quae</strong></span> <span class='ocrx_word' id='word_1_921' title='bbox 2783 4822 2889 4875; x_wconf 86' lang='lat' dir='ltr'><strong>non</strong></span> <span class='ocrx_word' id='word_1_922' title='bbox 2920 4812 3093 4876; x_wconf 87' lang='lat' dir='ltr'><strong>aliena</strong></span> <span class='ocrx_word' id='word_1_923' title='bbox 3118 4826 3208 4875; x_wconf 87' lang='lat' dir='ltr'><strong>aut</strong></span> <span class='ocrx_word' id='word_1_924' title='bbox 3233 4828 3415 4877; x_wconf 78' lang='lat' dir='ltr'><strong>extra-</strong></span> 
     </span>
    </p>
   </div>
   <div class='ocr_carea' id='block_1_112' title="bbox 1807 4863 2585 4962">
    <p class='ocr_par' dir='ltr' id='par_1_112' title="bbox 1807 4863 2585 4962">
     <span class='ocr_line' id='line_1_113' title="bbox 1807 4863 2585 4962; baseline -0.004 -13"><span class='ocrx_word' id='word_1_925' title='bbox 1807 4863 2047 4952; x_wconf 35' lang='lat' dir='ltr'><strong>nca‘vesli.‘</strong></span> <span class='ocrx_word' id='word_1_926' title='bbox 2212 4863 2313 4946; x_wconf 57' lang='lat' dir='ltr'><strong>Silii</strong></span> <span class='ocrx_word' id='word_1_927' title='bbox 2346 4863 2585 4962; x_wconf 54' lang='lat' dir='ltr'><strong>propria:</strong></span> 
     </span>
    </p>
   </div>
   <div class='ocr_carea' id='block_1_113' title="bbox 1880 4958 3415 5035">
    <p class='ocr_par' dir='ltr' id='par_1_113' title="bbox 1880 4958 3415 5035">
     <span class='ocr_line' id='line_1_114' title="bbox 1880 4958 3415 5035; baseline 0.003 -17"><span class='ocrx_word' id='word_1_928' title='bbox 1880 4963 1950 5034; x_wconf 88' lang='lat' dir='ltr'><strong>(e)</strong></span> <span class='ocrx_word' id='word_1_929' title='bbox 1997 4960 2198 5018; x_wconf 86' lang='lat' dir='ltr'><strong>Omnes</strong></span> <span class='ocrx_word' id='word_1_930' title='bbox 2238 4958 2413 5035; x_wconf 80' lang='lat' dir='ltr'><strong>ferme</strong></span> <span class='ocrx_word' id='word_1_931' title='bbox 2449 4958 2593 5035; x_wconf 76' lang='lat' dir='ltr'><strong>libri,</strong></span> <span class='ocrx_word' id='word_1_932' title='bbox 2644 4960 2773 5032; x_wconf 76' lang='lat' dir='ltr'><strong>ﬁdes</strong></span> <span class='ocrx_word' id='word_1_933' title='bbox 2816 4960 2980 5035; x_wconf 73' lang='lat' dir='ltr'><strong>nobis.</strong></span> <span class='ocrx_word' id='word_1_934' title='bbox 3014 4960 3182 5035; x_wconf 78' lang='lat' dir='ltr'><strong>Magis</strong></span> <span class='ocrx_word' id='word_1_935' title='bbox 3214 4962 3415 5033; x_wconf 74' lang='lat' dir='ltr'><strong>placitit</strong></span> 
     </span>
    </p>
   </div>
   <div class='ocr_carea' id='block_1_114' title="bbox 1808 5034 3411 5106">
    <p class='ocr_par' dir='ltr' id='par_1_114' title="bbox 1808 5034 3411 5106">
     <span class='ocr_line' id='line_1_115' title="bbox 1808 5034 3411 5106; baseline -0.001 -14"><span class='ocrx_word' id='word_1_936' title='bbox 1808 5051 1930 5092; x_wconf 89' lang='lat' dir='ltr'><strong>cum</strong></span> <span class='ocrx_word' id='word_1_937' title='bbox 1953 5038 2159 5104; x_wconf 79' lang='lat' dir='ltr'><strong>Optimo</strong></span> <span class='ocrx_word' id='word_1_938' title='bbox 2181 5034 2367 5089; x_wconf 87' lang='lat' dir='ltr'><strong>codice</strong></span> <span class='ocrx_word' id='word_1_939' title='bbox 2386 5034 2545 5089; x_wconf 88' lang='lat' dir='ltr'><strong>Colb.</strong></span> <span class='ocrx_word' id='word_1_940' title='bbox 2572 5050 2784 5106; x_wconf 85' lang='lat' dir='ltr'><strong>necnon</strong></span> <span class='ocrx_word' id='word_1_941' title='bbox 2806 5034 2990 5106; x_wconf 87' lang='lat' dir='ltr'><strong>Germ.</strong></span> <span class='ocrx_word' id='word_1_942' title='bbox 3017 5034 3146 5106; x_wconf 85' lang='lat' dir='ltr'><strong>fides</strong></span> <span class='ocrx_word' id='word_1_943' title='bbox 3167 5037 3411 5092; x_wconf 75' lang='lat' dir='ltr'><strong>nominis.</strong></span> 
     </span>
    </p>
   </div>
   <div class='ocr_carea' id='block_1_115' title="bbox 1811 5105 3408 5176">
    <p class='ocr_par' dir='ltr' id='par_1_115' title="bbox 1811 5105 3408 5176">
     <span class='ocr_line' id='line_1_116' title="bbox 1811 5105 3408 5176; baseline 0 -13"><span class='ocrx_word' id='word_1_944' title='bbox 1811 5107 1978 5163; x_wconf 88' lang='lat' dir='ltr'><strong>Suum</strong></span> <span class='ocrx_word' id='word_1_945' title='bbox 2025 5106 2224 5176; x_wconf 76' lang='lat' dir='ltr'><strong>quippe</strong></span> <span class='ocrx_word' id='word_1_946' title='bbox 2254 5120 2451 5176; x_wconf 87' lang='lat' dir='ltr'><strong>nomen</strong></span> <span class='ocrx_word' id='word_1_947' title='bbox 2484 5105 2784 5176; x_wconf 70' lang='lat' dir='ltr'><strong>praedicans</strong></span> <span class='ocrx_word' id='word_1_948' title='bbox 2826 5105 3071 5162; x_wconf 81' lang='lat' dir='ltr'><strong>Christus</strong></span> <span class='ocrx_word' id='word_1_949' title='bbox 3112 5120 3175 5161; x_wconf 89' lang='lat' dir='ltr'><strong>ac</strong></span> <span class='ocrx_word' id='word_1_950' title='bbox 3201 5108 3408 5173; x_wconf 85' lang='lat' dir='ltr'><strong>dicens,</strong></span> 
     </span>
    </p>
   </div>
   <div class='ocr_carea' id='block_1_116' title="bbox 1813 5175 3408 5247">
    <p class='ocr_par' dir='ltr' id='par_1_116' title="bbox 1813 5175 3408 5247">
     <span class='ocr_line' id='line_1_117' title="bbox 1813 5175 3408 5247; baseline 0 -12"><span class='ocrx_word' id='word_1_951' title='bbox 1813 5176 1985 5235; x_wconf 76' lang='lat' dir='ltr'><strong>Filius</strong></span> <span class='ocrx_word' id='word_1_952' title='bbox 2018 5175 2115 5232; x_wconf 85' lang='lat' dir='ltr'><strong>Dei</strong></span> <span class='ocrx_word' id='word_1_953' title='bbox 2162 5175 2297 5241; x_wconf 65' lang='lat' dir='ltr'><strong>sum,</strong></span> <span class='ocrx_word' id='word_1_954' title='bbox 2332 5175 2424 5234; x_wconf 89' lang='lat' dir='ltr'><strong>ubi</strong></span> <span class='ocrx_word' id='word_1_955' title='bbox 2484 5175 2589 5231; x_wconf 87' lang='lat' dir='ltr'><strong>non</strong></span> <span class='ocrx_word' id='word_1_956' title='bbox 2642 5186 2726 5234; x_wconf 88' lang='lat' dir='ltr'><strong>est</strong></span> <span class='ocrx_word' id='word_1_957' title='bbox 2777 5177 3040 5247; x_wconf 86' lang='lat' dir='ltr'><strong>creditus,</strong></span> <span class='ocrx_word' id='word_1_958' title='bbox 3071 5178 3201 5234; x_wconf 89' lang='lat' dir='ltr'><strong>dicti</strong></span> <span class='ocrx_word' id='word_1_959' title='bbox 3250 5178 3408 5235; x_wconf 87' lang='lat' dir='ltr'><strong>ﬁdem</strong></span> 
     </span>
    </p>
   </div>
   <div class='ocr_carea' id='block_1_117' title="bbox 1812 5248 2665 5319">
    <p class='ocr_par' dir='ltr' id='par_1_117' title="bbox 1812 5248 2665 5319">
     <span class='ocr_line' id='line_1_118' title="bbox 1812 5248 2665 5319; baseline -0.002 -13"><span class='ocrx_word' id='word_1_960' title='bbox 1812 5251 1991 5306; x_wconf 89' lang='lat' dir='ltr'><strong>facere</strong></span> <span class='ocrx_word' id='word_1_961' title='bbox 2022 5252 2247 5305; x_wconf 86' lang='lat' dir='ltr'><strong>conatus</strong></span> <span class='ocrx_word' id='word_1_962' title='bbox 2279 5256 2450 5305; x_wconf 78' lang='lat' dir='ltr'><strong>estex</strong></span> <span class='ocrx_word' id='word_1_963' title='bbox 2479 5248 2665 5319; x_wconf 81' lang='lat' dir='ltr'><strong>gestis.</strong></span> 
     </span>
    </p>
   </div>
   <div class='ocr_carea' id='block_1_118' title="bbox 1885 5317 3407 5395">
    <p class='ocr_par' dir='ltr' id='par_1_118' title="bbox 1885 5317 3407 5395">
     <span class='ocr_line' id='line_1_119' title="bbox 1885 5317 3407 5395; baseline 0.001 -19"><span class='ocrx_word' id='word_1_964' title='bbox 1885 5320 1952 5391; x_wconf 74' lang='grc' dir='ltr'><strong>(Ι)</strong></span> <span class='ocrx_word' id='word_1_965' title='bbox 1996 5320 2313 5395; x_wconf 76' lang='lat' dir='ltr'><strong>Editi,_sub_</strong></span> <span class='ocrx_word' id='word_1_966' title='bbox 2362 5317 2601 5394; x_wconf 74' lang='lat' dir='ltr'><strong>mysterio</strong></span> <span class='ocrx_word' id='word_1_967' title='bbox 2626 5335 2643 5387; x_wconf 88' lang='lat'><strong><em>;</em></strong></span> <span class='ocrx_word' id='word_1_968' title='bbox 2685 5328 2741 5376; x_wconf 89' lang='lat' dir='ltr'><strong>et</strong></span> <span class='ocrx_word' id='word_1_969' title='bbox 2770 5336 2894 5377; x_wconf 80' lang='lat' dir='ltr'><strong>mox</strong></span> <span class='ocrx_word' id='word_1_970' title='bbox 2945 5331 3262 5393; x_wconf 70' lang='lat' dir='ltr'><strong>extenuatur,</strong></span> <span class='ocrx_word' id='word_1_971' title='bbox 3309 5337 3407 5395; x_wconf 89' lang='lat' dir='ltr'><strong>pro</strong></span> 
     </span>
    </p>
   </div>
   <div class='ocr_carea' id='block_1_119' title="bbox 1811 5390 2795 5464">
    <p class='ocr_par' dir='ltr' id='par_1_119' title="bbox 1811 5390 2795 5464">
     <span class='ocr_line' id='line_1_120' title="bbox 1811 5390 2795 5464; baseline 0 -14"><span class='ocrx_word' id='word_1_972' title='bbox 1811 5390 2137 5463; x_wconf 71' lang='lat' dir='ltr'><strong>exsequatur.</strong></span> <span class='ocrx_word' id='word_1_973' title='bbox 2170 5390 2514 5464; x_wconf 60' lang='lat' dir='ltr'><strong>Castigan&#39;tnr</strong></span> <span class='ocrx_word' id='word_1_974' title='bbox 2531 5408 2641 5464; x_wconf 88' lang='lat' dir='ltr'><strong>ope</strong></span> <span class='ocrx_word' id='word_1_975' title='bbox 2665 5407 2795 5450; x_wconf 91' lang='lat' dir='ltr'><strong>mss.</strong></span> 
     </span>
    </p>
   </div>
   <div class='ocr_carea' id='block_1_120' title="bbox 1949 5462 3298 5535">
    <p class='ocr_par' dir='ltr' id='par_1_120' title="bbox 1949 5462 3298 5535">
     <span class='ocr_line' id='line_1_121' title="bbox 1949 5462 3298 5535; baseline 0.001 -15"><span class='ocrx_word' id='word_1_976' title='bbox 1949 5472 1964 5535; x_wconf 86' lang='lat'><strong>)</strong></span> <span class='ocrx_word' id='word_1_977' title='bbox 1991 5464 2048 5520; x_wconf 86' lang='lat' dir='ltr'><strong>in</strong></span> <span class='ocrx_word' id='word_1_978' title='bbox 2081 5474 2181 5519; x_wconf 87' lang='lat' dir='ltr'><strong>ms.</strong></span> <span class='ocrx_word' id='word_1_979' title='bbox 2215 5462 2374 5519; x_wconf 72' lang='lat' dir='ltr'><strong>(Larti.</strong></span> <span class='ocrx_word' id='word_1_980' title='bbox 2406 5462 2540 5535; x_wconf 85' lang='lat' dir='ltr'><strong>quod</strong></span> <span class='ocrx_word' id='word_1_981' title='bbox 2580 5462 2732 5521; x_wconf 58' lang='lat' dir='ltr'><strong>treus</strong></span> <span class='ocrx_word' id='word_1_982' title='bbox 2759 5477 2873 5523; x_wconf 80' lang='lat' dir='ltr'><strong>est:</strong></span> <span class='ocrx_word' id='word_1_983' title='bbox 2907 5480 3100 5522; x_wconf 83' lang='lat' dir='ltr'><strong>sensus</strong></span> <span class='ocrx_word' id='word_1_984' title='bbox 3133 5464 3298 5521; x_wconf 88' lang='lat' dir='ltr'><strong>idem.</strong></span> 
     </span>
    </p>
   </div>
   <div class='ocr_carea' id='block_1_121' title="bbox 1907 5483 3407 5608">
    <p class='ocr_par' dir='ltr' id='par_1_121' title="bbox 1907 5483 3407 5608">
     <span class='ocr_line' id='line_1_122' title="bbox 1949 5483 3298 5535; baseline 0.001 -15"><span class='ocrx_word' id='word_1_985' title='bbox 1949 5483 1964 5535; x_wconf 81' lang='grc'><strong>)</strong></span> <span class='ocrx_word' id='word_1_986' title='bbox 1991 5483 2048 5520; x_wconf 82' lang='grc'><strong>111</strong></span> <span class='ocrx_word' id='word_1_987' title='bbox 2081 5483 2181 5519; x_wconf 88' lang='lat' dir='ltr'><strong>ms.</strong></span> <span class='ocrx_word' id='word_1_988' title='bbox 2215 5483 2374 5519; x_wconf 67' lang='lat' dir='ltr'><strong>Larti.</strong></span> <span class='ocrx_word' id='word_1_989' title='bbox 2406 5483 2540 5535; x_wconf 87' lang='lat' dir='ltr'><strong>quoa</strong></span> <span class='ocrx_word' id='word_1_990' title='bbox 2596 5483 2732 5521; x_wconf 76' lang='lat' dir='ltr'><strong>Heus</strong></span> <span class='ocrx_word' id='word_1_991' title='bbox 2759 5483 2873 5523; x_wconf 79' lang='lat' dir='ltr'><strong>est:</strong></span> <span class='ocrx_word' id='word_1_992' title='bbox 2907 5483 3100 5522; x_wconf 82' lang='lat' dir='ltr'><strong>sensus</strong></span> <span class='ocrx_word' id='word_1_993' title='bbox 3134 5483 3298 5521; x_wconf 76' lang='lat' dir='ltr'><strong>idem.</strong></span> 
     </span>
     <span class='ocr_line' id='line_1_123' title="bbox 1907 5483 3407 5608; baseline 0.003 -17"><span class='ocrx_word' id='word_1_994' title='bbox 1907 5483 1963 5608; x_wconf 64' lang='lat' dir='ltr'><strong>ii)</strong></span> <span class='ocrx_word' id='word_1_995' title='bbox 1999 5536 2159 5593; x_wconf 83' lang='lat' dir='ltr'><strong>Editi.</strong></span> <span class='ocrx_word' id='word_1_996' title='bbox 2186 5545 2359 5608; x_wconf 74' lang='grc'><strong>1111111111</strong></span> <span class='ocrx_word' id='word_1_997' title='bbox 2388 5555 2401 5593; x_wconf 90' lang='lat'><strong>:</strong></span> <span class='ocrx_word' id='word_1_998' title='bbox 2433 5538 2637 5608; x_wconf 86' lang='lat' dir='ltr'><strong>absque</strong></span> <span class='ocrx_word' id='word_1_999' title='bbox 2661 5537 2982 5594; x_wconf 86' lang='lat' dir='ltr'><strong>auctoritate</strong></span> <span class='ocrx_word' id='word_1_1000' title='bbox 3011 5552 3140 5592; x_wconf 88' lang='lat' dir='ltr'><strong>mss.</strong></span> <span class='ocrx_word' id='word_1_1001' title='bbox 3170 5537 3407 5596; x_wconf 83' lang='lat' dir='ltr'><strong>Verbum</strong></span> 
     </span>
    </p>
   </div>
   <div class='ocr_carea' id='block_1_122' title="bbox 1812 5607 3404 5680">
    <p class='ocr_par' dir='ltr' id='par_1_122' title="bbox 1812 5607 3404 5680">
     <span class='ocr_line' id='line_1_124' title="bbox 1812 5607 3404 5680; baseline 0.003 -16"><span class='ocrx_word' id='word_1_1002' title='bbox 1812 5607 2019 5665; x_wconf 73' lang='lat' dir='ltr'><strong>mouere</strong></span> <span class='ocrx_word' id='word_1_1003' title='bbox 2046 5608 2247 5680; x_wconf 81' lang='lat' dir='ltr'><strong>ililario</strong></span> <span class='ocrx_word' id='word_1_1004' title='bbox 2287 5607 2660 5663; x_wconf 12' lang='lat' dir='ltr'><strong>familiarerest</strong></span> <span class='ocrx_word' id='word_1_1005' title='bbox 2688 5625 2782 5678; x_wconf 87' lang='lat' dir='ltr'><strong>pro</strong></span> <span class='ocrx_word' id='word_1_1006' title='bbox 2813 5619 3108 5671; x_wconf 66' lang='lat' dir='ltr'><strong>castare,ut</strong></span> <span class='ocrx_word' id='word_1_1007' title='bbox 3147 5620 3291 5680; x_wconf 79' lang='lat' dir='ltr'><strong>patet</strong></span> <span class='ocrx_word' id='word_1_1008' title='bbox 3334 5627 3404 5668; x_wconf 75' lang='lat' dir='ltr'><strong>ex</strong></span> 
     </span>
    </p>
   </div>
   <div class='ocr_carea' id='block_1_123' title="bbox 1814 5678 3407 5747">
    <p class='ocr_par' dir='ltr' id='par_1_123' title="bbox 1814 5678 3407 5747">
     <span class='ocr_line' id='line_1_125' title="bbox 1814 5678 3407 5747; baseline 0.001 -9"><span class='ocrx_word' id='word_1_1009' title='bbox 1814 5682 1909 5738; x_wconf 88' lang='lat' dir='ltr'><strong>lib.</strong></span> <span class='ocrx_word' id='word_1_1010' title='bbox 1944 5696 2016 5746; x_wconf 74' lang='lat' dir='ltr'><strong>tv,</strong></span> <span class='ocrx_word' id='word_1_1011' title='bbox 2048 5698 2101 5735; x_wconf 92' lang='lat' dir='ltr'><strong>n.</strong></span> <span class='ocrx_word' id='word_1_1012' title='bbox 2134 5678 2167 5735; x_wconf 89' lang='lat'><strong>6</strong></span> <span class='ocrx_word' id='word_1_1013' title='bbox 2221 5689 2274 5734; x_wconf 90' lang='lat' dir='ltr'><strong>et</strong></span> <span class='ocrx_word' id='word_1_1014' title='bbox 2307 5682 2392 5739; x_wconf 69' lang='lat'><strong>16:</strong></span> <span class='ocrx_word' id='word_1_1015' title='bbox 2422 5681 2513 5735; x_wconf 88' lang='lat' dir='ltr'><strong>lib.</strong></span> <span class='ocrx_word' id='word_1_1016' title='bbox 2547 5696 2617 5740; x_wconf 79' lang='lat' dir='ltr'><strong>vr.</strong></span> <span class='ocrx_word' id='word_1_1017' title='bbox 2654 5697 2708 5734; x_wconf 92' lang='lat' dir='ltr'><strong>n.</strong></span> <span class='ocrx_word' id='word_1_1018' title='bbox 2744 5680 2830 5747; x_wconf 75' lang='grc'><strong>15,</strong></span> <span class='ocrx_word' id='word_1_1019' title='bbox 2875 5697 3080 5738; x_wconf 85' lang='lat' dir='ltr'><strong>necnon</strong></span> <span class='ocrx_word' id='word_1_1020' title='bbox 3111 5678 3175 5737; x_wconf 64' lang='lat' dir='ltr'><strong>ea</strong></span> <span class='ocrx_word' id='word_1_1021' title='bbox 3210 5683 3305 5739; x_wconf 67' lang='lat' dir='ltr'><strong>lilia</strong></span> <span class='ocrx_word' id='word_1_1022' title='bbox 3337 5682 3407 5747; x_wconf 83' lang='lat' dir='ltr'><strong>de</strong></span> 
     </span>
    </p>
   </div>
   <div class='ocr_carea' id='block_1_124' title="bbox 1814 5752 3403 5831">
    <p class='ocr_par' dir='ltr' id='par_1_124' title="bbox 1814 5752 3403 5831">
     <span class='ocr_line' id='line_1_126' title="bbox 1814 5752 3403 5831; baseline -0.002 -17"><span class='ocrx_word' id='word_1_1023' title='bbox 1814 5754 2021 5831; x_wconf 87' lang='lat' dir='ltr'><strong>Synod.</strong></span> <span class='ocrx_word' id='word_1_1024' title='bbox 2050 5772 2104 5831; x_wconf 79' lang='lat' dir='ltr'><strong>n.</strong></span> <span class='ocrx_word' id='word_1_1025' title='bbox 2140 5756 2209 5812; x_wconf 77' lang='grc'><strong>55</strong></span> <span class='ocrx_word' id='word_1_1026' title='bbox 2228 5767 2291 5831; x_wconf 64' lang='lat' dir='ltr'><strong>et</strong></span> <span class='ocrx_word' id='word_1_1027' title='bbox 2319 5752 2408 5831; x_wconf 71' lang='grc'><strong>41.</strong></span> <span class='ocrx_word' id='word_1_1028' title='bbox 2447 5754 2523 5831; x_wconf 83' lang='lat' dir='ltr'><strong>Eo</strong></span> <span class='ocrx_word' id='word_1_1029' title='bbox 2554 5760 2729 5831; x_wconf 77' lang='lat' dir='ltr'><strong>autem</strong></span> <span class='ocrx_word' id='word_1_1030' title='bbox 2758 5753 3012 5831; x_wconf 81' lang='lat' dir='ltr'><strong>frequens</strong></span> <span class='ocrx_word' id='word_1_1031' title='bbox 3036 5755 3202 5831; x_wconf 80' lang='lat' dir='ltr'><strong>utitur</strong></span> <span class='ocrx_word' id='word_1_1032' title='bbox 3230 5755 3295 5831; x_wconf 82' lang='lat' dir='ltr'><strong>ad</strong></span> <span class='ocrx_word' id='word_1_1033' title='bbox 3326 5756 3403 5831; x_wconf 57' lang='lat' dir='ltr'><strong>sis</strong></span> 
     </span>
    </p>
   </div>
   <div class='ocr_carea' id='block_1_125' title="bbox 1811 5826 3402 5901">
    <p class='ocr_par' dir='ltr' id='par_1_125' title="bbox 1811 5826 3402 5901">
     <span class='ocr_line' id='line_1_127' title="bbox 1811 5826 3402 5901; baseline 0 -17"><span class='ocrx_word' id='word_1_1034' title='bbox 1811 5826 2167 5901; x_wconf 81' lang='lat' dir='ltr'><strong>gniﬁt-audam</strong></span> <span class='ocrx_word' id='word_1_1035' title='bbox 2227 5826 2346 5901; x_wconf 83' lang='lat' dir='ltr'><strong>Filii</strong></span> <span class='ocrx_word' id='word_1_1036' title='bbox 2420 5828 2752 5901; x_wconf 74' lang='lat' dir='ltr'><strong>nativitatem</strong></span> <span class='ocrx_word' id='word_1_1037' title='bbox 2800 5828 3082 5901; x_wconf 74' lang='lat' dir='ltr'><strong>initii_aut,</strong></span> <span class='ocrx_word' id='word_1_1038' title='bbox 3123 5826 3402 5901; x_wconf 55' lang='lat' dir='ltr'><strong>divisionis</strong></span> 
     </span>
    </p>
   </div>
   <div class='ocr_carea' id='block_1_126' title="bbox 1812 5894 3400 5976">
    <p class='ocr_par' dir='ltr' id='par_1_126' title="bbox 1812 5894 3400 5976">
     <span class='ocr_line' id='line_1_128' title="bbox 1812 5894 3400 5976; baseline 0 -17"><span class='ocrx_word' id='word_1_1039' title='bbox 1812 5894 2111 5976; x_wconf 76' lang='lat' dir='ltr'><strong>cxpertem.</strong></span> <span class='ocrx_word' id='word_1_1040' title='bbox 2142 5900 2232 5958; x_wconf 84' lang='lat' dir='ltr'><strong>Sic</strong></span> <span class='ocrx_word' id='word_1_1041' title='bbox 2250 5894 2409 5972; x_wconf 86' lang='lat' dir='ltr'><strong>infra,</strong></span> <span class='ocrx_word' id='word_1_1042' title='bbox 2429 5915 2555 5957; x_wconf 89' lang='lat' dir='ltr'><strong>num</strong></span> <span class='ocrx_word' id='word_1_1043' title='bbox 2577 5899 2667 5956; x_wconf 81' lang='lat' dir='ltr'><strong>5i:</strong></span> <span class='ocrx_word' id='word_1_1044' title='bbox 2691 5897 2832 5958; x_wconf 73' lang='lat' dir='ltr'><strong>Deus</strong></span> <span class='ocrx_word' id='word_1_1045' title='bbox 2852 5917 2915 5961; x_wconf 75' lang='lat' dir='ltr'><strong>ea:</strong></span> <span class='ocrx_word' id='word_1_1046' title='bbox 2941 5899 3046 5960; x_wconf 89' lang='lat' dir='ltr'><strong>Deo</strong></span> <span class='ocrx_word' id='word_1_1047' title='bbox 3063 5894 3273 5973; x_wconf 76' lang='lat' dir='ltr'><strong>manens</strong></span> <span class='ocrx_word' id='word_1_1048' title='bbox 3298 5918 3400 5972; x_wconf 79' lang='lat' dir='ltr'><strong>non</strong></span> 
     </span>
    </p>
   </div>
  </div>
