3988 6332
612 262 720 321 223

616 491 777 532 unum
796 486 891 532 est.
920 475 1092 533 Filius
1122 478 1224 533 vita
1268 477 1332 534 de
1358 483 1480 543 vita,
1509 479 1736 552 adeoque
1755 497 1855 536 non
1884 497 1946 536 ea:
1962 480 2224 535 nihilo.—

618 568 847 626 Faciens
887 570 1046 643 igitur
1090 585 1258 641 apera
1298 572 1495 639 Patris,
1543 580 1598 628 et
1635 574 1914 642 postulans
1945 586 1999 629 ut
2033 574 2078 630 si
2122 574 2223 631 sibi

617 678 728 719 non
757 662 1092 730 crederetur,
1131 663 1216 718 vel
1252 665 1510 735 operibus
1545 667 1704 739 198
1735 667 1862 738 ipsis
1889 669 2219 734 crederetur,

616 754 994 812 demonstrare
1033 755 1219 812 debuit
1244 758 1370 830 quid
1403 767 1547 814 esset
1575 761 1830 830 operibus
1867 761 2220 828 credendum,

615 867 812 923 nempe
855 852 1000 924 quod
1031 855 1307 925 sequitur:
1346 854 1407 910 Si
1455 865 1627 910 autem
1673 856 1832 928 facio,
1865 866 1912 910 et
1957 856 2083 910 milii
2122 873 2221 911 non

616 946 770 1002 vultis
795 947 1023 1011 credere,
1057 948 1290 1018 operibus
1319 948 1540 1013 credite;
1572 958 1628 1002 ut
1656 949 1847 1016 sciatis,
1879 958 1927 1004 et
1946 965 2224 1022 cognosca-

618 1040 704 1108 tis,
737 1042 979 1112 quoniam
1017 1040 1175 1096 Pater
1214 1043 1266 1095 in
1304 1059 1402 1106 me,
1424 1052 1472 1097 et
1500 1059 1592 1114 ego
1625 1043 1680 1097 in
1724 1059 1780 1097 eo
1809 1041 1992 1116 (loan.
2021 1059 2076 1109 x,
2103 1041 2215 1114 58).

619 1133 730 1192 Hoc
752 1143 836 1191 est
867 1135 1021 1201 illud,
1042 1135 1290 1208 Dei/ilius
1317 1153 1430 1191 sunt
1451 1153 1469 1201 ;
1493 1136 1594 1193 hoc
1615 1146 1698 1192 est
1727 1135 1876 1202 illttd,
1905 1136 2016 1208 Ego
2036 1146 2086 1191 et
2109 1133 2221 1190 Pa-

617 1237 695 1284 ter
720 1244 880 1282 unum
905 1245 1104 1285 sumus.
1150 1229 1276 1286 Hmc
1304 1241 1386 1286 est
1410 1231 1706 1286 nativitatis
1747 1239 1937 1286 natura
1964 1249 1979 1288 :
2013 1232 2114 1285 hoc
2139 1245 2223 1286 sa-

617 1319 809 1377 lutaris
838 1322 963 1378 ﬁdei
996 1335 1416 1391 sacramentum,
1453 1339 1557 1379 non
1594 1324 1834 1380 dividere
1880 1324 2023 1396 quod
2057 1340 2220 1380 unum

616 1425 765 1482 sunt,
804 1415 878 1489 (a)
909 1431 1008 1472 nec
1055 1417 1323 1473 nativitati
1367 1417 1609 1473 adimere
1649 1428 1920 1486 naturam,
1953 1428 2007 1473 et
2049 1434 2114 1473 ex
2145 1419 2225 1473 vi-

618 1519 780 1565 vente
807 1508 919 1565 Deo
953 1510 1182 1566 viventis
1212 1511 1304 1565 Dei
1333 1512 1614 1566 veritatem
1638 1509 1905 1566 conﬁteri.
1935 1511 2053 1567 Non
2076 1513 2221 1567 enim

618 1617 687 1660 ex
733 1605 1051 1675 compositis
1079 1605 1156 1678 (t)
1187 1605 1261 1680 (b)
1306 1615 1468 1677 atque
1511 1607 1763 1662 inanimis
1798 1606 1959 1674 Deus,
1994 1607 2080 1678 qui
2113 1608 2220 1662 vita

617 1703 721 1762 est,
770 1695 1052 1752 subsistit:
1084 1712 1259 1768 neque
1301 1698 1393 1770 qui
1434 1698 1602 1754 virtus
1643 1708 1746 1766 est,
1788 1715 1853 1755 ex
1916 1699 2222 1756 inﬁrmibus

544 1840 561 1857 ,
617 1790 930 1846 continetur
972 1809 985 1848 :

619 1893 834 1958 ptatur:
862 1900 1036 1958 neque
1062 1885 1155 1958 qui
1187 1887 1409 1957 spiritus
1439 1897 1542 1953 est,
1576 1903 1642 1943 ex
1681 1887 1986 1959 diSparibus
2019 1890 2219 1944 forma-

618 1978 743 2035 bilis
773 1987 878 2036 est.
909 1980 1102 2035 'l‘otum
1152 1980 1204 2036 in
1253 1996 1320 2036 eo
1349 1981 1489 2051 quod
1522 1991 1624 2047 est,
1653 1997 1814 2036 unum
1846 1992 1966 2038 est:
1997 1988 2055 2036 ut
2080 1982 2222 2052 quod

615 2073 838 2144 spiritus
877 2081 980 2138 est,
1010 2083 1065 2128 et
1093 2072 1179 2128 lux
1211 2083 1266 2130 et
1305 2073 1472 2129 virtus
1496 2084 1550 2130 et
1573 2076 1676 2130 vita
1720 2075 1822 2143 sit;
1851 2085 1904 2132 et
1941 2075 2084 2146 quod
2118 2077 2222 2132 vita

615 2184 720 2238 est.
753 2180 810 2229 et
856 2172 949 2228 lux
995 2183 1049 2230 et
1098 2173 1270 2232 virtus
1319 2186 1373 2234 et
1410 2177 1629 2249 spiritus
1687 2178 1777 2233 sit.
1827 2175 1960 2232 Nam
2002 2177 2096 2248 qui
2125 2177 2220 2243 ait,

616 2271 732 2347 Ego
755 2290 888 2338 sum,
923 2283 970 2330 et
1013 2291 1114 2330 non
1150 2274 1387 2330 demutor
1411 2273 1634 2350 (Μαίας.
1669 2290 1749 2342 tu,
1774 2274 1830 2345 6)
1861 2293 1874 2330 :
1901 2289 2007 2330 non
2036 2271 2224 2327 demu-

617 2377 761 2424 tatur
805 2384 872 2424 ex
921 2368 1185 2440 partibus,
1220 2384 1320 2426 nec
1359 2368 1417 2424 ﬁt
1454 2368 1702 2424 diversus
1737 2385 1800 2424 ex
1847 2384 2071 2439 genere.
2099 2367 2223 2423 Haec

619 2460 787 2528 enim,
815 2477 938 2528 quze
976 2463 1225 2532 superius
1246 2462 1544 2534 signiﬁcata
1574 2472 1723 2531 sunt,
1747 2479 1854 2521 non
1879 2479 1944 2520 ex
1983 2465 2224 2536 partibus

617 2552 673 2609 in
705 2567 772 2608 eo
792 2563 919 2608 sunt
943 2570 959 2619 ;
983 2555 1078 2610 sed
1109 2563 1278 2611 totum
1308 2555 1410 2612 hoc
1451 2556 1503 2612 in
1532 2571 1598 2612 eo
1625 2572 1792 2613 unum
1822 2566 1876 2614 et
1900 2558 2218 2629 perfectum,

619 2649 802 2705 omnia
837 2649 980 2706 Deus
1007 2651 1194 2706 vivens
1219 2661 1325 2707 est.
1344 2651 1542 2707 Vivens
1565 2653 1726 2724 igitur
1748 2653 1916 2722 Deus,
1942 2663 1996 2709 et
2020 2662 2222 2710 aeterna

618 2749 827 2798 natura;
851 2724 1096 2799 viventis.
1111 2751 1350 2814 potestas
1378 2754 1460 2800 est
1481 2764 1493 2800 :
1527 2754 1582 2800 et
1602 2745 1744 2816 quod
1769 2760 1889 2802 cum
1913 2760 2222 2802 sacramen-

621 2841 676 2890 to
697 2834 941 2890 scientiae
974 2850 1088 2890 suae
1114 2852 1178 2891 ex
1207 2850 1272 2890 eo
1313 2837 1571 2902 nascitur,
1601 2851 1706 2892 non
1747 2839 1920 2908 potuit
1965 2838 2107 2892 aliud
2132 2854 2227 2893 na-

620 2936 730 2984 tum
763 2944 886 2985 esse
913 2945 1073 3000 quam
1107 2930 1314 2986 vivens.
1339 2929 1471 2986 Nam
1518 2946 1640 2986 cum
1667 2932 1762 2998 ait,
1794 2933 1943 2989 Sicut
1973 2935 2111 2987 misit
2146 2951 2226 2989 ntc

616 3023 786 3078 vivens
813 3023 991 3090 Pater,
1021 3032 1068 3078 et
1088 3039 1181 3094 ego
1206 3023 1314 3078 vivo
1337 3023 1408 3097 (ο)
1435 3042 1524 3094 per
1539 3023 1749 3080 Patrem
1785 3024 1962 3097 (Joau.
1996 3042 2069 3090 vt,
2088 3026 2180 3098 58)
2205 3044 2219 3092 ;

619 3117 807 3173 docuit
834 3117 996 3172 vitam
1031 3116 1084 3173 in
1106 3132 1166 3172 se
1195 3132 1292 3188 per
1316 3117 1586 3172 viventem
1639 3117 1852 3172 Patrem
1881 3117 2080 3173 inesse.
2123 3118 2224 3173 De-

1801 266 2042 326 SANCTI
2089 269 2343 328 HILARII
2391 269 2695 330 EPISCOPI
3755 292 3826 348 ait

684 381 778 439 27.
808 381 978 440 Filius
1000 383 1053 439 in
1071 383 1248 450 Patre,
1274 392 1321 440 et
1359 384 1598 441 vicissim.
1631 384 1900 459 Quidquid
1919 388 1973 442 in
1997 386 2104 441 Deo
2119 396 2214 455 est,
2245 392 2297 453 Α

2393 387 2484 445 28.
2512 388 2614 456 Qui
2635 389 2688 444 in
2714 387 2874 445 Patre
2893 392 2978 447 sit.
3012 391 3269 448 Ilumame
3289 395 3552 453 nativitatis
3570 406 3828 475 comparatio.

2331 481 2631 537 Nativitatis
2679 483 2946 555 utriusque
2990 485 3286 540 discrimen.
3315 517 3383 528 -—-
3421 488 3731 551 Admonuissc
3762 513 3828 553 nos

2330 575 2380 631 in
2411 575 2634 632 exordio
2656 579 2922 634 sermonis
2945 577 3082 653 (Lib.
3107 597 3144 647 ι,
3169 582 3299 639 η.19
3319 598 3333 647 ;
3357 582 3443 637 lib.
3471 599 3540 649 tv,
3563 603 3610 639 η.
3632 586 3688 652 2;
3714 599 3749 643 et
3765 592 3827 645 lib.

2328 687 2402 737 vt,
2437 690 2490 726 n.
2515 671 2570 744 9)
2603 672 2761 746 199
2800 675 2966 729 nostri
3014 675 3380 744 meminimus,
3409 678 3646 735 humanas
3671 697 3832 754 compa-

2329 765 2566 825 rationes
2615 766 2812 822 divinis
2859 783 2962 823 non
3015 769 3329 826 satisfacere
3389 775 3663 843 exemplis;
3701 794 3828 835 tamen

2332 876 2430 932 pro
2446 871 2596 931 parte
2619 862 2992 934 intelligentia:
3021 875 3220 920 nostra:
3252 881 3470 922 sensum
3503 867 3668 924 [armis
3693 887 3833 944 corpo-

2327 956 2527 1013 ralibus
2577 957 2800 1014 erudiri.
2871 959 3129 1015 Humana:
3184 962 3478 1018 nativitatis
3529 966 3833 1024 conscientiam

2327 1051 2577 1116 Consulo,
2611 1061 2788 1107 utrum
2841 1068 2948 1107 non
2976 1053 3113 1109 intra
3145 1064 3320 1124 patres
3361 1067 3566 1114 maneat
3595 1059 3720 1130 origo
3753 1077 3835 1116 uas-

2327 1145 2584 1200 centiutn.
2612 1145 2743 1201 Nam
2779 1148 2993 1203 tametsi
3018 1149 3285 1205 elementa
3317 1151 3407 1206 illa
3438 1153 3653 1208 inanima
3679 1169 3730 1208 ac
3757 1164 3834 1210 tur-

2329 1237 2435 1306 pia,
2466 1238 2662 1307 quibus
2699 1241 2950 1296 nascendi
2984 1257 3160 1297 causa:
3184 1243 3529 1311 inchoantur,
3551 1245 3596 1299 in
3626 1245 3834 1304 hominem

2329 1330 2559 1384 alterum
2584 1330 2828 1399 efﬂuant,
2855 1343 3060 1390 natura:
3085 1344 3262 1392 tamen
3291 1338 3486 1394 virtute
3519 1338 3643 1393 intra
3677 1341 3834 1396 scinti-

2327 1436 2444 1477 cem
2473 1435 2695 1480 manent
2719 1443 2730 1478 :
2757 1427 2883 1481 dum
2907 1435 2960 1482 et
2991 1443 3086 1498 per
3110 1429 3188 1500 (ὅ)
3229 1430 3308 1501 (e)
3341 1431 3519 1485 datam
3547 1441 3724 1486 natura:
3740 1433 3838 1499 eius-

2327 1514 2454 1572 dem
2483 1515 2771 1592 originem,
2798 1530 3109 1578 nascentem
3149 1524 3393 1594 sequitur
3415 1523 3502 1579 ille
3531 1525 3615 1596 qui
3637 1527 3838 1597 gignit;et

2329 1627 2428 1684 per
2447 1625 2724 1686 acceptam
2749 1616 3110 1685 nativitatem,
3134 1617 3287 1688 cujus
3311 1619 3480 1674 virtus
3497 1621 3593 1673 etsi
3614 1621 3836 1688 derivetur,

2331 1723 2437 1764 non
2470 1718 2650 1765 tamen
2686 1709 2765 1782 (4)
2801 1709 2872 1784 (ί)
2902 1711 3161 1777 aufertur,
3194 1712 3244 1766 in
3268 1712 3522 1784 gignente
3541 1728 3594 1768 se
3620 1724 3766 1770 manet
3784 1716 3841 1771 ille

1039 1807 1216 1863 ηειιιιε
1268 1793 1358 1864 qui
1413 1793 1502 1849 Ιυκ
1551 1802 1636 1850 εει
1687 1810 1752 1850 οι
1805 1793 2048 1849 Obscuris
2098 1810 2223 1850 003-
2253 1803 2418 1874 Bqui
2446 1803 2705 1859 nascitur.
2738 1803 2931 1862 Ethoc
2959 1806 3174 1878 quidem
3193 1816 3396 1862 tantum
3431 1807 3496 1864 ad
3520 1809 3842 1864 humanrenati-

2330 1895 2513 1952 vitatis
2538 1897 2946 1968 intelligentiam
2966 1911 3453 1955 commemoratum
3473 1916 3501 1955 a
3526 1902 3665 1956 nobis
3683 1901 3755 1966 sit,
3773 1918 3842 1956 non

2333 1990 2492 2045 etiam
2515 1990 2582 2046 ad
2605 1990 2905 2062 perfectura
2931 1993 2981 2046 in
3009 1993 3282 2065 unigenito
3300 1993 3413 2049 Deo
3432 1995 3702 2050 nativitatis
3719 2011 3844 2050 exem-

2329 2083 2474 2154 plum
2499 2102 2510 2137 :
2536 2085 2657 2156 quia
2691 2094 2899 2141 natura:
2925 2085 3174 2142 humana:
3215 2086 3501 2143 inﬁrmitas
3529 2103 3592 2146 ex
3616 2088 3842 2159 disparibus

2327 2189 2695 2248 comparatur,
2721 2188 2774 2234 et
2803 2195 2869 2235 ex
2899 2180 3152 2235 inanimis
3182 2181 3492 2236 continetur
3518 2180 3581 2235 ad
3604 2180 3840 2236 vitam.i\'ec

2326 2274 2508 2328 statim
2533 2275 2584 2329 in
2617 2290 2678 2330 ea
2713 2274 2856 2344 quod
2880 2275 3118 2346 gignitur
3141 2276 3292 2342 vivit,
3320 2290 3496 2346 neque
3519 2282 3673 2330 totum
3694 2274 3843 2328 vivite:

2328 2367 2470 2434 vita;
2503 2383 2624 2423 cum
2662 2369 2714 2424 in
2749 2384 2812 2424 ea
2857 2368 3029 2425 multa
3075 2369 3202 2434 sint,
3233 2384 3353 2438 qua:
3403 2369 3522 2424 sine
3567 2376 3834 2423 naturam

2326 2475 2508 2528 sensu,
2561 2476 2682 2516 cum
2733 2463 3107 2528 excreverint,
3153 2461 3501 2518 desecentur.
3561 2461 3613 2516 In
3660 2461 3845 2516 Deovero

2331 2567 2500 2615 totum
2528 2559 2671 2630 quod
2703 2569 2786 2614 est
2829 2560 2982 2614 vivit.
3022 2560 3166 2614 Deus
3193 2558 3336 2614 enim
3374 2559 3486 2614 vita
3507 2569 3618 2614 est:
3644 2567 3690 2615 et
3707 2573 3756 2613 ex
3778 2557 3845 2609 vita

2328 2667 2434 2709 non
2467 2653 2644 2723 potest
2679 2651 2757 2726 (g)
2800 2651 3090 2723 quidquam
3125 2666 3248 2708 esse
3277 2652 3379 2707 nisi
3413 2652 3612 2708 vivum.
3643 2649 3787 2721 Neque
3805 2663 3847 2704 ex

2327 2746 2682 2810 derivatione,
2710 2746 2805 2801 sed
2829 2762 2893 2801 ex
2919 2746 3118 2802 virtute
3149 2745 3406 2802 nativitas
3443 2756 3544 2802 est.
3577 2749 3648 2801 Ac
3671 2745 3736 2799 sic
3763 2742 3846 2797 dum

2330 2849 2500 2895 totum
2533 2839 2673 2911 quod
2701 2849 2785 2895 est
2807 2840 2959 2906 vivit,
2980 2847 3036 2895 et
3061 2838 3187 2894 dum
3223 2848 3419 2906 totum,
3451 2839 3589 2911 quod
3615 2853 3671 2896 ex
3697 2850 3847 2893 conas-

2327 2935 2493 3000 citur,
2514 2933 2688 2988 virtus
2713 2942 2832 2999 est;
2861 2932 3022 2988 habet
3040 2933 3403 3001 nativitatem,
3437 2949 3543 2990 non
3566 2931 3850 2988 habetdemu-
3922 2961 3923 3002 ξ

2329 3029 2585 3084 tationem
2611 3028 2952 3098 ;ctimpertit
2973 3027 3291 3097 protectum,
3315 3042 3419 3083 nec
3441 3027 3848 3082 antittitnaturam:

2327 3120 2455 3176 dum
2487 3130 2539 3176 et
2569 3121 2902 3176 nativitatem
2931 3136 3091 3192 quam
3118 3119 3271 3177 dedit
3311 3137 3408 3192 per
3442 3121 3724 3177 indiscreta:
3749 3126 3852 3170 natu-

617 3208 744 3266 hiuc
768 3225 891 3266 cum
923 3209 1076 3277 dicit,
1107 3209 1253 3264 Sicut
1284 3211 1421 3264 enim
1447 3208 1608 3263 Pater
1631 3209 1780 3263 habet
1801 3210 2019 3264 vitamin
2037 3221 2222 3265 semet-
2247 3225 2292 3289 ρ
2326 3231 2400 3272 rm
2452 3216 2858 3271 similitudinem
2906 3216 3174 3287 sequitur,
3213 3226 3268 3272 et
3319 3218 3575 3273 nativitas
3620 3219 3739 3280 eam,
3771 3225 3851 3282 quin

617 3304 754 3371 ipso,
806 3303 879 3357 sic
927 3312 973 3356 et
1011 3299 1150 3356 Filio
1216 3302 1355 3356 dedit
1401 3303 1556 3356 vitam
1609 3301 1796 3357 habere
1841 3303 1895 3356 in
1949 3304 2222 3373 semetipso

620 3394 801 3469 (Joan.
831 3412 882 3461 v,
910 3395 1034 3468 26);
1059 3397 1238 3452 omnia
1269 3396 1389 3450 viva
1411 3411 1507 3451 sua
1530 3411 1597 3451 ex
1627 3397 1841 3452 vivente
1867 3406 2092 3453 testatus
2117 3406 2221 3452 est.

621 3489 778 3559 Quod
798 3503 980 3547 autem
997 3505 1064 3546 ex
1088 3491 1210 3547 vivo
1234 3491 1412 3545 vivum
1446 3499 1629 3545 natum
1650 3500 1754 3557 est,
1785 3489 1948 3547 habet
1971 3477 2222 3547 nativita-

621 3586 693 3643 tis
717 3584 1016 3657 profectum
1073 3584 1192 3641 sine
1254 3584 1492 3640 novitate
1537 3596 1763 3640 natura).
1798 3584 1914 3641 Non
1958 3587 2102 3642 enim
2135 3601 2226 3640 no-

620 3696 747 3736 vum
775 3688 879 3745 est,
903 3679 1048 3751 quod
1075 3694 1139 3735 ex
1169 3679 1291 3734 vivo
1319 3686 1606 3750 generatur
1631 3678 1684 3734 in
1716 3677 1895 3734 vivum
1921 3696 1936 3745 ;
1965 3679 2090 3750 quia
2123 3696 2222 3737 nec

618 3789 684 3830 ex
707 3773 876 3830 nihilo
895 3771 961 3828 ad
986 3773 1316 3828 nativitatem
1341 3770 1446 3826 vita
1468 3771 1694 3842 qumsita
1716 3781 1799 3826 est
1816 3814 1830 3837 ,
1863 3782 1918 3826 et
1938 3771 2069 3838 vita,
2101 3789 2220 3844 quae

618 3865 1136 3925 nativitatemsumit
1165 3881 1231 3922 ex
1261 3867 1629 3931 vita,necesse
1657 3873 1739 3920 est
1762 3879 1856 3936 per
1871 3874 2077 3920 naturm
2097 3866 2221 3921 uni-

619 3970 806 4029 tatem,
842 3972 896 4019 et
939 3960 1191 4034 perfecta:
1225 3969 1386 4030 atque
1407 3960 1781 4015 inenarrandae
1809 3959 2101 4016 nativitatis
2131 3977 2220 4016 sa-

615 4066 976 4123 cramentum,
1003 4063 1080 4117 Qut
1121 4063 1173 4110 et
1200 4055 1253 4109 in
1283 4054 1502 4110 vivente
1549 4054 1713 4124 vivat,
1765 4061 1820 4110 et
1865 4053 1918 4110 in
1939 4068 2000 4110 se
2027 4054 2221 4112 habeat

613 4147 696 4224 (2)
730 4150 806 4219 (d)
835 4150 996 4204 vitam
1025 4149 1315 4204 viventem.

691 4242 771 4316 (l)
805 4242 856 4316 IV
859 4259 985 4315 eque
1002 4242 1266 4298 inanimis.

715 4315 772 4384 2)
812 4315 925 4368 Vita
955 4315 1221 4369 uiuentem.

715 4323 772 4384 2)
813 4323 925 4368 Vita
955 4323 1221 4369 uiuentem.

691 4323 774 4460 (ὃ)
806 4385 993 4441 Datam
1019 4404 1050 4440 a
1078 4403 1130 4441 se
1155 4396 1373 4442 naturae.

617 4490 690 4536 est
717 4481 961 4549 aliunde;
983 4490 1036 4536 et
1064 4496 1212 4536 num.
1246 4479 1316 4536 55
1353 4479 1448 4535 lib.
1481 4494 1595 4545 vnt,
1633 4477 1868 4534 Christus
1891 4495 1994 4533 non
2024 4479 2087 4536 de
2116 4497 2219 4536 non

616 4551 964 4607 substantibus
999 4563 1190 4608 monet.
1226 4553 1291 4606 Et
1328 4551 1423 4607 lib.
1470 4567 1546 4612 vr.
1594 4567 1743 4606 nunt.
1781 4550 1868 4614 l9,
1900 4566 2046 4620 quem
2074 4553 2127 4607 in
2172 4563 2220 4608 te

619 4625 870 4679 manentis
895 4641 956 4680 ea:
983 4634 1029 4678 te
1073 4625 1349 4679 nativitatis
1380 4634 1564 4678 natura
1594 4624 1868 4691 retineret;
1892 4633 1945 4677 et
1968 4640 2094 4678 num
2121 4624 2213 4684 55.

622 4694 746 4749 Non
768 4706 823 4750 ut
845 4713 955 4751 esse
995 4699 1144 4769 erepit
1171 4696 1442 4769 exui/tilo,
1473 4697 1561 4751 sed
1601 4695 1726 4751 exiit
1758 4713 1791 4750 a
1832 4705 2082 4769 manente.
2114 4696 2217 4753 De-

621 4783 766 4822 tnttm
797 4771 848 4822 in
871 4768 1098 4824 sinceris
1125 4768 1524 4840 exemplaribus
1547 4783 1810 4839 nusquam
1840 4768 2079 4838 reperias
2106 4785 2217 4823 ma-

623 4855 766 4911 nare,
791 4841 931 4910 quod
957 4841 1022 4894 ad
1053 4839 1308 4896 :nteruatn
1339 4839 1459 4896 Filii
1495 4840 1898 4911 generationem
1929 4841 2211 4895 referatur.

693 4910 772 4983 (a)
798 4911 960 4978 Editi,
986 4928 1075 4968 nec
1105 4913 1402 4969 nativitatis.
1427 4910 1649 4968 Rectius
1675 4927 1806 4968 mss.
1830 4928 1920 4968 nec
1941 4913 2216 4979 nativitati,

623 4980 726 5037 hoc
752 4980 858 5046 est,
890 4999 990 5040 nec
1019 4994 1163 5039 nato.

697 5053 773 5128 (b)
802 5055 960 5128 Mart.
989 5072 1090 5112 ms.
1126 5068 1181 5110 ut
1229 5055 1364 5128 itil'ra
1404 5057 1564 5112 habet
1593 5057 1789 5120 inania,
1814 5069 1929 5128 pro
1953 5055 2213 5128 inanima,

620 5125 776 5182 itaet
800 5127 887 5182 hic
913 5141 1033 5182 cunt
1079 5129 1265 5183 codice
1293 5127 1410 5182 Vat.
1445 5128 1560 5182 bas.
1593 5137 1741 5196 atque
1766 5126 2024 5180 inanibus.
2049 5125 2214 5182 COrb.

621 5211 653 5251 a
685 5199 853 5269 prima
887 5215 1069 5264 manu,
1102 5216 1261 5270 neque
1290 5216 1352 5254 ea:
1370 5199 1622 5254 inanibus.
1655 5197 1859 5252 Deinde
1888 5199 1939 5252 itt
1968 5197 2217 5270 omnibus

621 5281 799 5326 exstat
823 5272 1131 5342 inﬁrmibus,
1164 5269 1250 5326 ubi
1294 5271 1346 5325 in
1375 5270 1604 5339 vulgatis
1642 5270 2028 5342 inﬁrmioribus.
2077 5269 2213 5342 Tum

623 5345 789 5398 verbo
820 5340 1125 5406 continetur,
1164 5360 1258 5412 pro
1287 5350 1506 5406 constat,
1543 5343 1753 5397 videtur
1785 5356 1913 5394 usus
1942 5340 2211 5394 llilarins:

624 5431 693 5471 ne
723 5418 793 5472 ita
823 5433 889 5472 ex
921 5417 1075 5473 Patre
1127 5411 1392 5486 pt'OtliiSse
1424 5413 1590 5468 Filius
1634 5411 1990 5486 existimetur,
2023 5422 2216 5486 utnon

623 5503 842 5560 semper
865 5491 1001 5542 intra
1026 5482 1198 5560 ipsum
1222 5487 1563 5560 contineatur
1575 5499 1638 5539 ac
1659 5494 1892 5560 maneat.
1916 5482 2005 5537 Sic
2020 5483 2220 5552 quippe

627 5559 722 5616 lib.
747 5553 824 5626 vt,
875 5577 930 5614 tt.
976 5553 1062 5627 i9,
1109 5559 1322 5615 Patrem
1371 5557 1652 5626 alloquens
1682 5553 1963 5609 cotiﬁtetur
2007 5567 2215 5622 natum,

625 5631 680 5703 in
705 5648 804 5703 quo
835 5641 880 5685 te
907 5632 1244 5701 generationis
1283 5647 1346 5686 ea:
1384 5638 1430 5683 te
1455 5629 1636 5683 veritos
1671 5627 1966 5703 contineret,
2001 5634 2049 5681 et
2072 5643 2220 5694 quem

625 5702 680 5756 in
702 5698 748 5755 te
778 5698 1024 5756 manentis
1045 5720 1107 5758 ea:
1127 5714 1174 5758 te
1200 5703 1480 5758 natiuitatis
1511 5709 1695 5754 natura
1721 5698 1972 5753 retineret.

629 5816 631 5820 .
699 5771 946 5844 (c)kEditi
986 5775 1086 5828 hic
1115 5785 1322 5844 propter
1367 5773 1597 5840 Patrem,
1627 5770 1720 5826 sed
1769 5768 1864 5824 lib.
1896 5785 2007 5832 vttt.
2034 5785 2101 5844 nl
2129 5771 2215 5839 16,

627 5840 719 5910 per
751 5840 1007 5909 Patrem;
1062 5840 1222 5913 quam
1263 5845 1548 5905 lectionem
1601 5850 1913 5899 constanter
1963 5840 2219 5899 exhibent

2329 3311 2516 3366 vivens
2537 3325 2602 3365 ex
2625 3308 2840 3364 vivente
2865 3319 2970 3374 est,
3002 3317 3249 3364 naturam
3270 3310 3545 3365 nascendo
3574 3324 3670 3364 non
3690 3303 3848 3361 deserit.

2398 3401 2488 3457 29.
2525 3401 2673 3472 Ignis
2716 3401 3034 3472 comparatio
3089 3401 3274 3456 altera.
3306 3432 3373 3442 —
3398 3401 3572 3457 Al'l'ert
3603 3409 3754 3453 autem
3789 3408 3852 3466 pro

2327 3505 2480 3564 parte
2513 3493 2639 3550 ﬁdei
2685 3493 2843 3563 huius
2891 3493 3365 3565 signiﬁcationem,
3395 3495 3536 3566 ignis
3566 3493 3615 3549 in
3655 3507 3707 3546 se
3731 3491 3852 3560 ignem
3920 3555 3921 3566 Ε

2327 3585 2555 3654 habens,
2583 3596 2638 3643 ct
2669 3589 2718 3642 in
2746 3588 2854 3658 igni
2877 3586 3016 3659 ignis
3060 3602 3305 3644 manens.
3332 3586 3470 3642 Nam
3511 3602 3628 3642 cum
3659 3583 3717 3638 sit
3749 3583 3788 3636 iu
3811 3593 3853 3634 eo

2328 3678 2583 3749 splendor
2628 3678 2869 3746 hnninis,
2909 3688 3116 3734 natura:
3157 3679 3328 3746 calor,
3365 3681 3549 3736 virtus
3574 3676 3854 3741 urendi,tuo-

2332 3777 2510 3832 bilitas
2532 3777 2828 3842 :estuandi;
2858 3784 3030 3832 t0tum
3060 3785 3237 3833 tamen
3269 3777 3412 3849 ignis
3454 3786 3560 3844 est,
3583 3785 3634 3832 et
3655 3775 3749 3830 hac
3773 3770 3852 3825 uni-

2330 3886 2507 3934 versa,
2543 3885 2647 3925 una
2679 3882 2867 3926 natura
2897 3879 3000 3926 est.
3026 3870 3199 3926 Habet
3233 3871 3457 3942 quidem
3500 3887 3566 3927 ex
3593 3867 3852 3925 inﬁrmitate.

2329 3962 2471 4034 quod
2505 3980 2600 4035 per
2622 3961 2899 4018 materiam
2933 3962 3180 4018 subsistit
3220 3978 3282 4018 ac
3313 3964 3469 4028 vivit,
3513 3973 3566 4018 et
3593 3977 3701 4017 cum
3725 3974 3776 4014 ea
3793 3969 3854 4025 per

2328 4076 2488 4131 quam
2508 4059 2710 4115 vixerat
2739 4057 2937 4113 deﬁcit.
2957 4057 3063 4113 Sed
3083 4058 3208 4123 hoc,
3227 4056 3370 4128 quod
3400 4056 3484 4129 (It)
3506 4048 3855 4125 iucompsrabile

2333 4155 2497 4227 200
2539 4153 2634 4209 Dei
2656 4162 2757 4219 est,
2794 4153 2876 4224 (5)
2916 4151 3323 4223 comparatione
3351 4167 3420 4208 ex
3463 4161 3614 4224 parte
3642 4143 3855 4219 c0guosci-
3918 4151 3919 4158 ‘

2416 4246 2813 4320 L4)A_uferatur.
2900 4318 2909 4320 _
3291 4315 3339 4320 η
3476 4317 3488 4320 _
3565 4315 3595 4320 _
3753 4309 3763 4320 .

2425 4255 2484 4320 4)
2513 4255 2813 4316 ΑιιῙεναιιιν.
3753 4309 3763 4320 .

2401 4255 2482 4392 i5)
2519 4316 2602 4376 Ea:
2624 4318 3069 4390 comparationum
3097 4325 3262 4390 parte.
3291 4315 3437 4387 Mox,
3467 4317 3525 4373 in
3556 4315 3703 4372 Deum
3726 4317 3792 4365 su.

2327 4492 2459 4534 mss.
2490 4474 2918 4546 conﬁrmantque
2974 4473 3221 4546 proxime
3260 4475 3527 4540 subnexa,
3561 4488 3646 4545 per
3678 4467 3860 4524 viventem

2327 4550 2538 4606 Patrem
2552 4565 2570 4604 :

2403 4621 2482 4696 (d)
2505 4622 2727 4696 iamss.
2752 4618 2907 4676 Colb.
2937 4626 2992 4675 et
3018 4617 3202 4696 Germ.
3239 4619 3341 4673 vita
3371 4619 3670 4696 viventetn.__
3836 4695 3840 4696 ί
3916 4663 3917 4682 η

2400 4687 2473 4766 (e)
2501 4693 2664 4750 Etliti.
2693 4693 2866 4766 datam
2897 4709 2929 4744 a
2969 4707 3040 4745 se.
3270 4708 3302 4744 a
3322 4706 3381 4766 se
3408 4707 3438 4744 a
3465 4687 3745 4766 potioribus
3765 4695 3858 4766 ηχξξσ

2325 4755 2496 4824 Achte
2527 4767 2614 4838 hic
2666 4764 2966 4838 explicatur
3001 4762 3093 4833 qui
3127 4761 3266 4838 ﬁlius
3322 4761 3374 4816 in
3414 4755 3588 4832 patre,
3631 4771 3680 4816 et
3704 4761 3746 4813 in
3784 4755 3861 4838 ﬁlio

2329 4850 2498 4906 pater.
2540 4837 2598 4894 In
2651 4837 2758 4892 lilio
2807 4845 2958 4906 pater
3004 4843 3106 4897 est,
3151 4836 3275 4903 quia
3325 4841 3634 4891 nascentem
3675 4836 3860 4906 sequitur

2327 4899 2419 4967 ille
2448 4910 2538 4976 qui
2565 4910 2752 4981 gignit,
2786 4899 2917 4981 dum
2941 4904 3100 4974 hujus
3127 4899 3314 4960 natura
3344 4906 3396 4960 in
3429 4907 3663 4981 genitum
3686 4899 3860 4973 quodam

2329 4982 2490 5037 modo
2535 4978 2816 5052 trajicitur.
2865 4979 2956 5034 Illa
2995 4988 3174 5033 autem
3217 4987 3408 5052 natura
3452 4995 3483 5031 a
3532 4978 3638 5032 lilio
3675 4981 3859 5052 accept).

2328 5053 2456 5109 dum
2486 5069 2590 5108 non
2615 5041 2876 5107 amittitur
2901 5067 2930 5105 a
2965 5060 3140 5120 patre,
3173 5050 3265 5105 sed
3300 5051 3350 5104 in
3383 5064 3451 5104 eo
3489 5058 3681 5113 manet,
3723 5044 3766 5098 itl
3788 5041 3860 5094 tilio

2323 5134 2563 5197 prazstat,
2593 5127 2847 5197 ut‘etiam
2877 5123 2930 5197 i_n
2955 5122 3346 5197 ipso_g_cnitore
3369 5131 3603 5197 maneat.

2394 5197 2465 5279 (Γ)
2494 5183 2622 5279 ῃέῇ
2646 5193 2833 5279 Corb.,
2871 5183 3051 5279 -Pra't.,
3080 5183 3266 5262 Vind.,
3287 5202 3420 5260 ete.,
3451 5193 3725 5264 auferatur.
3753 5183 3862 5242 Auli~

2320 5266 2474 5338 qttio'r
2497 5266 2661 5339 Colb._
2686 5270 2965 5339 auferetur.

2393 5340 2471 5411 (g)
2504 5339 2604 5394 Ms.
2633 5335 2857 5411 Caruut.
2888 5335 3043 5411 aliud
3063 5353 3192 5411 esse.
3229 5409 3237 5411 _
3267 5409 3276 5411 _
3509 5410 3514 5411 γ
3781 5401 3813 5411 η

2399 5401 2495 5496 (ἢ).
2533 5412 2698 5496 Apud_
2729 5409 2856 5496 llud.
2905 5420 2958 5496 et
3001 5407 3464 5496 Er.‘d_esid_eratnr
3498 5401 3860 5496 incomparabilf.

2327 5481 2530 5538 Deinde
2560 5484 2700 5550 apud
2734 5481 3036 5552 Lips.,Par.
3073 5492 3127 5536 et
3154 5481 3206 5536 in
3235 5482 3510 5552 plerisque
3535 5497 3659 5535 mss.
3687 5494 3741 5554 et;
3763 5487 3866 5554 εοξηο

2327 5557 2653 5627 parationunt
2680 5549 2823 5626 parte
2848 5549 3438 5627 cognoscimus.’Minus:
3455 5556 3593 5608 male
3621 5555 3669 5608 in
3693 5549 3859 5606 Marti“-

2327 5645 2390 5683 επ
2410 5630 2791 5703 comparatione
2815 5637 3011 5703 portent
3033 5628 3404 5703 cognoscimus.
3427 5626 3740 5703 licpunhnu‘s.
3756 5631 3860 5703 (om:

2326 5693 2612 5769 paratione,
2643 5709 2772 5763 etc.,
2806 5693 3128 5754 attetoritate
3171 5715 3270 5754 ms.
3291 5697 3407 5754 bas.
3440 5693 3559 5751 Va't.
3591 5709 3641 5752 et
3673 5693 3861 5769 aliorutll

2326 5763 2556 5843 duorum
2585 5763 2706 5828 Vat.
2737 5772 2930 5843 quibus
2951 5771 3296 5843 coiisentiunt
3321 5771 3516 5828 Bad.et
3537 5769 3624 5829 Er.
3641 5763 3746 5825 Mox
3763 5771 3859 5817 mss.

2326 5840 2524 5902 habent
2549 5843 2601 5898 in
2639 5837 2796 5899 Deum
2827 5844 2913 5914 sit,
2949 5857 3054 5899 non
3086 5840 3139 5892 in
3165 5837 3272 5897 Deo
3291 5843 3374 5897 sit.
3469 5903 3479 5913 ι
