3988 6332
137 379 231 435 223

1325 375 1415 434 DE
1455 375 1830 436 TRINITATE
1870 377 2071 435 LIBER
2113 379 2222 436 γη.

3307 382 3415 444 226

134 512 274 561 inus;
311 504 363 550 nt
391 509 494 550 non
523 493 843 552 incredibile
881 494 932 550 in
977 493 1089 550 Deo
1127 493 1217 558 sit,
1241 494 1380 566 quod
1414 509 1508 564 pro
1554 501 1706 564 parte
1731 497 1786 556 Α
1814 493 1918 551 tius
1948 505 2154 552 natura:
2184 495 2584 553 demonstraret
2621 497 2671 553 in
2723 497 2884 562 dicto,
2929 496 3184 569 subjecit,
3215 497 3404 555 Dicitis

130 591 290 661 aliqua
325 589 377 644 in
399 591 630 646 terrenis
662 590 960 660 reperiatur
981 589 1287 644 clementis.
1312 589 1506 656 Qumro
1531 589 1708 658 itaque

132 698 258 740 nunc
284 694 462 738 tttrum
491 682 682 739 divisio
705 699 766 738 ac
787 685 1059 754 separatio
1081 683 1172 750 sit,
1197 698 1320 739 cum
1341 683 1475 753 ignis
1495 698 1561 738 ex
1585 683 1708 754 igne

132 788 218 834 est.
248 775 359 831 Ant
399 777 657 848 numquid
704 776 998 833 absciditur
1027 787 1214 832 natura
1249 791 1316 832 ne
1345 786 1580 843 maneat,
1618 785 1711 832 aut

133 889 224 930 non
269 873 514 943 sequitur
558 881 745 927 natura
784 888 850 928 nc
873 871 1015 938 insit,
1061 887 1179 928 cum
1228 885 1461 928 accenso
1503 872 1709 930 lumine

135 988 188 1027 ex
218 967 422 1024 lumine
464 984 559 1038 per
587 966 872 1040 quemdam
911 967 1061 1038 quasi
1093 965 1388 1021 nativitatis
1412 966 1709 1036 profectum

133 1075 323 1122 natura:
347 1063 489 1120 nulla
533 1062 610 1133 (a)
638 1061 878 1118 desectio
921 1063 1011 1128 sit,
1040 1073 1093 1118 et
1122 1071 1297 1118 tamen
1327 1064 1396 1118 sit
1426 1062 1606 1117 lumen
1643 1078 1708 1119 cx

134 1157 354 1216 lumine?
386 1159 492 1212 Aut
517 1157 773 1225 numquid
801 1156 904 1213 ltoc
925 1173 1031 1212 non
1064 1167 1242 1212 manet
1267 1156 1319 1211 itt
1353 1173 1440 1223 co,
1465 1157 1606 1228 quod
1638 1172 1704 1212 ex

134 1270 235 1311 sese
267 1255 389 1310 sine
419 1253 728 1310 desectione
764 1253 1046 1309 subsidit?
1073 1253 1179 1308 Aut
1211 1255 1311 1308 ltoc
1335 1268 1444 1308 non
1472 1253 1610 1308 inest
1655 1253 1710 1307 in

133 1363 206 1412 ro,
234 1349 311 1419 (ὁ)
342 1347 483 1403 unde
518 1362 624 1402 non
672 1347 902 1404 rccismn
933 1357 1034 1413 ρει,
1065 1346 1159 1402 sed
1199 1361 1320 1402 cum
1353 1346 1558 1401 unitate
1588 1344 1712 1400 sub-

134 1441 331 1496 stantia:
367 1439 625 1495 naturalis
665 1437 869 1496 exivit?
899 1439 966 1494 Et
1003 1453 1188 1511 qumro
1238 1453 1377 1494 anne
1409 1453 1516 1494 non
1550 1453 1711 1492 unum

141 1533 250 1599 sint,
288 1549 413 1590 cmn
449 1535 631 1591 lumen
658 1549 723 1590 ex
757 1533 956 1589 lumine
987 1549 1086 1589 nec
1115 1532 1379 1588 divisione
1411 1530 1713 1603 scparabile

133 1629 212 1694 sit,
240 1645 344 1685 nec
371 1644 572 1700 genere
608 1629 854 1683 natura}?
1543 1611 1564 1628 δ

192 1723 270 1779 ΞΟ.
299 1721 753 1794 Comparationum
791 1723 902 1792 quis
935 1739 1074 1777 usus.
1098 1721 1261 1777 ——Et
1301 1721 1437 1788 lucc,
1485 1730 1540 1776 ιιι
1579 1719 1712 1788 dixi,

133 1815 186 1870 ad
214 1816 626 1886 intelligentiam
666 1815 787 1870 lidei
836 1824 1041 1870 tantum
1085 1826 1397 1884 comparata
1440 1814 1568 1878 sint,
1605 1829 1708 1868 non

1808 589 1929 659 quia
1956 589 2322 662 blasphemavi,
2346 593 2592 662 quoniam
2619 592 2749 659 dixi,
2771 592 2929 665 201
2953 591 3000 646 F
3003 593 3122 648 ilius
3149 593 3249 650 Dei
3276 608 3412 662 sum,

1811 684 2068 738 unitatem
2090 695 2290 740 natura!
2303 699 2366 740 ex
2387 685 2663 742 nativitate
2684 701 2804 742 esse
2829 695 3162 743 contestans.
3198 687 3269 744 At
3286 702 3416 744 vero

1810 784 1869 830 ut
1900 776 2191 833 nativitatis
2237 777 2396 834 fidem
2441 778 2706 849 professio
2751 779 2996 836 absoluta
3025 780 3283 848 firmaret,
3317 795 3418 838 nec

1812 879 2021 926 natura)
2067 881 2246 928 tamen
2276 871 2496 930 afferret
2525 873 2777 929 nativitas
2808 874 3051 945 professa
3078 875 3360 932 dissidium
3397 892 3414 945 ;

1813 962 1952 1019 lianc
2005 965 2168 1020 totius
2208 966 2577 1037 responsionis
2621 981 2732 1022 sua:
2771 968 2942 1024 tenuit
2996 969 3415 1037 absolutionem,

1816 1055 2068 1127 Operibus
2096 1060 2302 1123 credite,
2341 1061 2585 1132 quoniam
2616 1059 2772 1116 Pater
2801 1062 2853 1116 in
2882 1079 2982 1130 me,
3007 1071 3054 1119 et
3087 1080 3179 1136 ego
3219 1065 3271 1119 in
3303 1063 3417 1119 Pa-

1814 1159 1908 1204 tre.
1937 1149 2074 1216 Quid
2109 1151 2199 1208 hic
2229 1168 2332 1208 non
2379 1153 2624 1211 naturale
2671 1170 2735 1212 ac
2764 1155 3042 1227 proprium
3086 1157 3186 1212 sub
3231 1173 3418 1215 sacra-

1813 1254 2001 1300 mento
2029 1246 2322 1302 nativitatis
2344 1258 2622 1304 ostensum
2658 1248 2787 1305 est?
2814 1249 3003 1306 lnsunt
3024 1251 3126 1307 sibi
3159 1252 3416 1320 invicem,

1815 1335 1940 1391 dum
1970 1352 2074 1393 non
2116 1349 2199 1394 est
2241 1340 2340 1394 nisi
2386 1356 2450 1396 ex
2499 1353 2650 1412 patre
2679 1343 2956 1412 nativitas,
2987 1343 3115 1400 dum
3149 1346 3200 1400 in
3250 1346 3417 1402 Deum

1820 1434 2049 1487 alterum
2103 1433 2182 1505 (2)
2216 1432 2287 1506 (ε)
2331 1444 2538 1492 natura:
2580 1437 2663 1493 vel
2727 1439 2966 1494 exterior
3013 1439 3097 1496 vel
3143 1437 3421 1496 dissimilis

1817 1539 1922 1580 non
1963 1525 2228 1595 subsistit,
2281 1526 2409 1582 dum
2458 1527 2597 1586 Deus
2642 1545 2708 1587 ex
2766 1531 2878 1588 Deo
2933 1548 3160 1590 manens
3196 1550 3301 1588 non
3336 1543 3422 1590 est

1817 1617 2035 1674 aliunde
2058 1618 2199 1690 quod
2234 1619 2375 1676 Deus
2403 1629 2505 1678 est.
2541 1620 2684 1680 Infer
2713 1624 2871 1691 duos,
2895 1626 2942 1681 si
2984 1625 3200 1682 occasio
3249 1634 3416 1697 patet,

1820 1711 1945 1768 fidei
1988 1713 2241 1769 Ecclesia:
2284 1715 2453 1772 deos:
2491 1729 2583 1772 aut
2623 1720 2922 1776 solitarium
2965 1721 3132 1778 Deum
3176 1723 3258 1779 vel
3287 1723 3420 1779 falsa

1819 1809 2009 1864 saltem
2052 1810 2279 1866 mentire
2315 1811 2561 1869 ratione:
2608 1814 2828 1884 Filium,
2877 1817 2921 1872 si
2968 1826 3141 1888 poles,
3187 1833 3216 1872 a
3257 1818 3418 1875 Patre

133 1914 275 1969 etiam
307 1913 375 1968 ad
407 1913 501 1969 Dei
527 1913 870 1984 dignitatem,
899 1921 956 1966 ut
980 1927 1077 1966 nos
1101 1909 1280 1980 potius
1303 1907 1715 1981 intelligentiam
1749 1900 1794 1959 B
1823 1903 2026 1974 absque
2051 1906 2342 1961 nativitatis
2373 1916 2576 1963 tantum
2608 1909 2852 1965 confessa
2891 1913 3118 1968 veritate
3145 1910 3419 1980 discerne,

136 2005 473 2060 invisibilittm
530 2001 600 2076 (c)
657 2020 722 2060 cx
771 2001 1143 2074 corporalibus
1189 2015 1546 2066 sumeremus,
1609 2015 1714 2054 non

138 2098 311 2170 utique
341 2107 396 2153 ut
437 2096 656 2169 aliqu-ad
699 2105 902 2152 naturae
929 2095 1022 2150 Dei
1062 2093 1400 2150 satisfaceret
1438 2108 1719 2165 compara-

137 2188 287 2246 tionis
317 2190 618 2259 excmplum
649 2207 664 2244 :
699 2205 819 2246 cum
876 2189 1095 2261 dignum
1146 2198 1199 2244 et
1229 2185 1433 2257 justum
1461 2197 1606 2242 esset
1637 2194 1718 2242 te-

134 2283 281 2339 stanti
323 2285 391 2339 de
435 2299 493 2338 se
537 2281 648 2337 Deo
697 2280 937 2336 credere.
992 2279 1099 2337 Sed
1147 2277 1273 2350 quia
1323 2277 1714 2348 simpliciorunt

133 2379 276 2435 fidem
312 2377 465 2434 furor
498 2361 788 2433 haereticus
818 2374 1078 2439 turbaret,
1111 2384 1166 2429 ut
1201 2373 1253 2429 id
1300 2372 1369 2429 de
1416 2371 1530 2428 Deo
1567 2371 1717 2428 credi

131 2487 222 2528 non
265 2478 571 2541 oporteret,
621 2468 762 2540 quod
830 2466 1073 2534 difficile,
1107 2465 1205 2522 nisi
1257 2482 1353 2537 per
1399 2480 1715 2535 corpoream

132 2568 606 2638 comparationem,
637 2572 822 2636 posset
863 2561 1126 2632 intelligi:
1166 2561 1366 2616 idcirco
1420 2560 1716 2617 secundum

134 2661 248 2718 illud
273 2662 394 2733 jam
423 2659 586 2716 etiam
618 2657 864 2729 superius
888 2668 1244 2712 memoratum
1276 2671 1304 2709 a
1328 2655 1486 2711 nobis
1501 2655 1721 2711 Domini

136 2760 320 2815 dictum
345 2776 360 2811 :
397 2757 547 2826 Quod
571 2756 633 2810 de
653 2770 807 2809 carne
836 2753 1080 2820 nascitur,
1105 2767 1230 2808 caro
1252 2761 1324 2806 est
1345 2767 1363 2806 :
1388 2752 1521 2821 quod
1548 2759 1721 2805 autent

133 2855 182 2908 de
205 2855 413 2926 spiritu,
450 2852 664 2923 spiritus
683 2860 756 2906 cst
788 2848 968 2922 (Joan.
1002 2864 1080 2916 Ill,
1105 2847 1186 2917 6),
1229 2849 1350 2917 quia
1394 2847 1533 2904 Dens
1559 2845 1722 2916 Spiri-

131 2959 203 3001 tus
221 2959 325 3014 est,
370 2946 498 3001 utile
525 2941 956 3000 existimarimus
1003 2942 1116 2996 haec
1145 2955 1242 3012 pro
1278 2948 1429 3011 parte
1483 2940 1722 2996 inserere

131 3038 542 3114 comparationis
579 3037 866 3108 exempla:
897 3053 964 3092 ne
1011 3033 1226 3091 mentiri
1275 3035 1342 3090 de
1385 3033 1723 3105 professione

133 3151 214 3190 sua
262 3132 696 3198 existimaretur,
742 3145 864 3186 cunt
914 3127 1118 3184 divina:
1159 3127 1314 3183 nobis
1367 3127 1724 3198 professionis

133 3226 530 3300 intelligentiam
577 3240 646 3280 ex
686 3223 867 3294 aliquo
921 3223 1182 3278 naturalia
1227 3219 1306 3293 (l)
1354 3229 1724 3276 creaturarum

131 3322 376 3394 exempla
403 3327 738 3390 pra‘starent.

193 3417 279 3473 51.
309 3415 462 3470 Filio
499 3425 681 3470 natura
717 3413 887 3468 divina
925 3411 974 3467 ιιὶ
1003 3410 1301 3464 nativitatis.
1335 3407 1436 3464 Per
1466 3409 1599 3464 hanc
1620 3407 1728 3480 ipse

135 3511 180 3564 in
203 3509 365 3566 Patre
387 3521 432 3564 et
457 3508 614 3564 Pater
639 3510 691 3563 in
713 3526 791 3563 eo.
823 3507 1032 3562 Patrem
1054 3506 1227 3560 dicens
1258 3505 1382 3559 dicit
1421 3514 1466 3559 et
1509 3502 1727 3559 Filium.

138 3630 200 3645 -
223 3604 394 3678 Igitur
421 3620 488 3659 ex
510 3603 724 3658 vivente
752 3601 829 3674 (tt)
859 3596 1044 3656 vivens
1074 3599 1167 3655 Dei
1211 3597 1373 3663 illius,
1407 3607 1462 3653 et
1513 3613 1577 3654 ex
1621 3598 1731 3653 Deo

140 3698 290 3765 Deus,
322 3707 389 3754 ct
414 3708 619 3752 natura:
643 3691 1018 3766 inseparabilis
1048 3701 1209 3763 atque
1239 3688 1575 3746 indiSsimilis
1604 3689 1726 3744 uni-

135 3799 282 3847 tatem
333 3799 399 3846 et
442 3798 842 3846 sacramentum
908 3785 1204 3841 nativitatis
1260 3783 1576 3851 ostendens,
1623 3782 1720 3850 ait,

133 3881 232 3955 Ego
257 3895 302 3940 et
351 3883 518 3938 Pater
549 3900 707 3936 unum
751 3898 945 3937 suntus.
997 3880 1064 3934 Et
1104 3878 1226 3951 quia
1280 3878 1548 3935 calumnia
1590 3877 1727 3935 dicti

134 3988 399 4052 tamquam
443 3977 725 4035 insolentis
752 3977 1080 4042 exsisteret;
1114 3986 1170 4032 ut
1192 3973 1585 4032 conscientiam
1627 3990 1727 4047 po-

198 4123 275 4194 (l)
306 4122 681 4178 Creaturarum
712 4116 883 4188 aliquo
913 4117 1086 4194 modo.

199 4188 276 4269 (2)
305 4196 364 4251 In
401 4195 594 4259 editis,
627 4202 824 4246 natum
852 4190 926 4245 vel
951 4188 1240 4244 exterioris.

201 4339 270 4413 (α)
304 4339 532 4404 Excusi,
558 4335 798 4465 drigectio,
830 4343 885 4390 et
917 4349 1040 4390 mox
1070 4334 1178 4390 sine
1217 4331 1498 4400 defectione
1527 4326 1729 4387 :casti-

201 4422 316 4465 ntnr
345 4428 416 4465 ex
449 4425 581 4465 mss.
658 4425 723 4464 uc
750 4417 957 4465 soeCIat
980 4407 1118 4465 quod
1149 4405 1424 4465 Tatianus,
1456 4403 1548 4459 0r.
1584 4412 1728 4457 cont.

134 4403 316 4479 gantitr
345 4428 416 4468 ex
449 4403 581 4466 mss.
607 4403 723 4465 Huc
750 4417 957 4479 spectat
980 4407 1118 4477 quod
1149 4405 1424 4479 Tatianus,
1456 4403 1548 4459 0r.
1584 4412 1728 4479 cont.

134 4474 365 4548 Crzncos,
393 4481 675 4548 ait,Natus
689 4492 764 4535 est
782 4474 958 4533 autem
981 4474 1391 4549 participatione,
1417 4492 1521 4530 non
1545 4474 1737 4549 abscisf

135 4557 285 4612 sione.
319 4547 638 4624 Quodenim
658 4547 994 4624 abscinditur,
1024 4568 1054 4604 a
1081 4547 1246 4624 primo
1267 4557 1543 4624 separatur
1562 4563 1580 4611 ;
1601 4547 1738 4624 quod

134 4647 242 4682 vero
270 4619 683 4682 communicatur
708 4623 764 4678 id
793 4623 1054 4690 {unctione
1082 4619 1340 4692 donatum
1368 4620 1577 4692 propria
1605 4619 1736 4672 nihil

136 4700 390 4754 imminuit
415 4701 564 4754 illum
579 4715 610 4750 a
630 4714 727 4764 quo
748 4696 850 4749 vim
869 4711 1016 4748 suam
1033 4693 1265 4762 sumpsit.
1296 4691 1736 4758 Quemadmodum

1825 1995 1993 2050 Filius
2025 1997 2076 2051 in
2109 1996 2266 2052 Patre
2305 2006 2409 2066 est,
2443 2011 2496 2055 et
2532 2002 2584 2056 in
2614 1999 2751 2056 Filio
2779 2001 2960 2071 Pater,
2991 2019 3097 2060 non
3130 2021 3224 2076 per
3245 2014 3422 2060 trans-

1825 2089 2089 2146 fusionem
2131 2091 2571 2166 rcfusionemquc
2599 2105 2836 2153 mutuam
2870 2099 2964 2170 (ι’),
2987 2099 3083 2156 sed
3120 2116 3216 2172 per
3238 2101 3424 2158 viven-

1829 2181 1896 2238 tis
1926 2191 2133 2239 naturrn
2161 2186 2452 2256 perfectam
2482 2188 2836 2246 nativitatem.
2865 2190 2941 2246 Ita
2975 2192 3026 2248 in
3055 2192 3166 2250 Deo
3188 2204 3340 2264 patre
3374 2201 3431 2252 et

1828 2277 1880 2333 in
1916 2279 2022 2333 Deo
2049 2279 2159 2336 filio
2201 2298 2376 2353 neque
2416 2284 2552 2339 duos
2593 2285 2674 2358 (5)
2711 2286 2790 2358 (g)
2827 2289 3245 2346 conuumerabis
3273 2289 3428 2359 deos,

1826 2372 1950 2442 quia
1983 2390 2145 2429 unum
2175 2384 2403 2447 uterque
2425 2388 2550 2433 sunt
2575 2395 2590 2446 ;
2615 2395 2791 2451 neque
2817 2382 3142 2453 singularem
3169 2384 3431 2455 pra-dica-

1830 2465 1936 2533 bis,
1970 2467 2093 2538 quia
2124 2477 2347 2541 uterque
2375 2487 2480 2526 non
2513 2488 2647 2527 unus
2677 2481 2782 2529 est.
2808 2473 2925 2530 Non
2971 2474 3135 2533 habet
3167 2478 3329 2549 igitur
3358 2478 3428 2533 li-

1823 2559 1919 2618 des
1937 2563 2232 2632 apostulica
2252 2564 2386 2621 duos
2410 2567 2562 2634 deos,
2579 2567 2701 2638 quia
2726 2584 2827 2625 nec
2848 2571 2984 2626 duos
3007 2581 3187 2642 patres
3210 2571 3430 2641 habeat,

1835 2671 1936 2711 nec
1979 2656 2116 2712 duos
2152 2659 2310 2715 lilios.
2357 2659 2677 2717 Conlitendo
2722 2673 2953 2735 patrem,
2981 2665 3227 2722 confessa
3264 2665 3434 2723 filium

1827 2758 1910 2806 est
1941 2768 1954 2804 :
2000 2751 2230 2808 credens
2286 2752 2338 2808 in
2364 2753 2556 2822 lilium,
2589 2757 2818 2812 credidit
2846 2765 2902 2813 et
2935 2758 2984 2813 in
3028 2770 3272 2828 patrem:
3307 2759 3435 2830 quia

1825 2852 1881 2899 ct
1907 2861 2098 2901 nomen
2127 2846 2292 2916 patris
2319 2845 2397 2918 (It)
2420 2847 2580 2904 habet
2605 2850 2658 2905 itt
2685 2865 2744 2906 se
2765 2850 2860 2906 ﬁlii
2883 2867 3102 2907 nomen.
3134 2851 3249 2907 Non
3278 2851 3423 2908 enim

1829 2941 1930 2996 nisi
1964 2958 2057 3012 per
2093 2941 2259 2997 lilium
2294 2954 2445 3012 pater
2483 2954 2595 3010 cst;
2621 2953 2675 3001 et
2705 2944 3025 3016 significatio
3052 2946 3170 3014 lilii,
3205 2946 3429 3004 demon-

1832 3035 2024 3090 stratin
2047 3036 2211 3106 patris
2237 3045 2318 3092 est
2343 3054 2355 3090 :
2385 3038 2506 3108 quia
2537 3053 2644 3092 non
2674 3039 2775 3094 nisi
2806 3056 2870 3095 ex
2905 3053 3056 3111 patre
3085 3041 3155 3096 sit
3186 3039 3345 3098 filius.
3377 3041 3438 3098 In

1833 3127 1993 3184 unius
2039 3131 2220 3200 itaque
2261 3129 2603 3187 confessione
2633 3147 2738 3187 non
2774 3149 2910 3188 unus
2939 3143 3056 3188 est:
3089 3132 3217 3189 dum
3243 3141 3298 3189 et
3331 3133 3438 3190 Pa-

1842 3231 1980 3278 trem
2022 3232 2358 3278 consummat
2398 3222 2592 3292 Filius,
2623 3233 2678 3281 et
2726 3225 2846 3281 Filii
2887 3244 2954 3282 cx
2996 3227 3158 3284 Patre
3183 3226 3439 3284 nativitas

1759 3331 1804 3395 ρ
1835 3325 1936 3372 est.
1965 3315 2082 3370 Non
2110 3315 2420 3373 detnutatur
2440 3326 2620 3376 autem
2650 3336 2743 3392 per
2773 3321 3106 3380 nativitatem
3131 3333 3346 3392 natura,
3371 3337 3440 3379 ne

1835 3407 2129 3464 secundum
2162 3409 2570 3468 similitudinem
2610 3415 2826 3484 generis
2855 3414 2940 3470 sui
2970 3414 3158 3472 eadem
3200 3416 3290 3472 sit.
3322 3415 3434 3472 Ea-

1835 3499 1958 3556 dem
1983 3510 2159 3558 antetn
2185 3501 2258 3558 ita
2280 3512 2381 3568 est,
2403 3516 2459 3562 ut
2477 3520 2572 3576 per
2599 3505 2929 3564 nativitatem
2952 3517 3008 3565 et
3027 3510 3433 3582 generationem

1835 3605 2062 3668 uterque
2092 3599 2268 3668 potius
2292 3617 2453 3656 unttm
2480 3601 2820 3657 confitendus
2845 3603 2913 3659 sit
2947 3619 3091 3669 esse,
3126 3619 3232 3661 non
3269 3618 3435 3662 unus.

1906 3691 1996 3746 '52.
2028 3690 2300 3764 Epilogus.
2332 3693 2434 3761 Qui
2465 3691 2625 3748 Pater
2651 3705 2700 3750 et
2729 3691 2776 3746 F
2782 3695 2899 3750 ilius
2927 3693 3068 3752 Deus
3095 3713 3227 3752 unus
3254 3705 3303 3752 et
3329 3712 3434 3754 non

1835 3785 1975 3840 solus
1998 3829 2013 3854 ,
2057 3787 2270 3841 invicem
2307 3797 2448 3843 sunt.
2477 3819 2548 3830 -—-
2589 3791 2732 3845 Duos
2772 3791 2951 3862 itaque
2983 3791 3239 3862 pratdicet
3265 3792 3434 3864 deos,

1837 3882 1928 3953 qui
1960 3891 2136 3953 potest
2161 3900 2324 3939 unum
2361 3884 2654 3955 praedicare
2681 3885 2799 3942 sine
2819 3902 2926 3941 tttto
2951 3904 2962 3939 :
2991 3897 3083 3941 aut
3111 3887 3440 3959 singularem

1829 3974 1995 4031 Deum
2016 3976 2227 4042 doceat,
2246 3977 2335 4047 qui
2379 3977 2548 4048 possit
2569 3993 2766 4051 negare
2784 3987 3015 4038 ctununt
3043 3980 3206 4053 202
3234 3980 3324 4037 uni
3347 3996 3446 4055 per

1917 4114 1997 4185 (5)
2020 4113 2418 4171 Connominabis
2447 4113 2589 4169 deos.

1839 4328 2052 4454 tum|i_n.e,
2081 4336 2258 4455 ettcur
2297 4329 2439 4386 hanc
2483 4329 2638 4386 nobis
2685 4327 2900 4401 eripere
2948 4330 3225 4391 notionem
3260 4330 3446 4391 Ariani

1843 4419 1930 4455 mn
1957 4412 2014 4455 ιιι
2057 4417 2136 4455 ειη
2172 4441 2185 4455 .

1843 4412 2014 4457 moliti
2057 4412 2185 4456 Sint.

1913 4473 1988 4619 (ὁ)
2009 4474 2158 4530 Unus
2179 4490 2210 4530 e
2226 4473 2488 4530 mss.Vat.
2506 4475 2642 4529 unde
2661 4492 2761 4529 non
2779 4491 3031 4532 recessum
3048 4486 3143 4538 est.
3171 4486 3444 4551 corrupte.

1913 4545 1966 4619 (c
2021 4545 2238 4615 Excusi,
2299 4563 2361 4602 ea:
2406 4548 2836 4619 comparabilibus
2874 4564 2894 4604 :
2939 4549 3298 4606 emendantur
3341 4565 3444 4619 ope

1913 4545 1988 4619 (c)
2021 4545 2238 4615 Excusi,
2299 4563 2361 4602 ea:
2406 4548 2836 4619 comparabilibus
2874 4564 2894 4604 :
2939 4549 3298 4606 emendantur
3332 4545 3447 4622 ope

1843 4633 1974 4674 mss.

1916 4688 2150 4766 (d)__Er_._,
2185 4690 2330 4762 Lips.
2355 4691 2572 4766 etPar.
2616 4709 2680 4747 ea:
2707 4693 2898 4747 vivente
2940 4693 3046 4750 Deo
3075 4693 3272 4750 Patre:
3301 4691 3446 4766 quod

137 4749 656 4839 ninia?diuina;
683 4749 802 4823 alite
840 4768 1015 4820 multa:
1043 4749 1414 4839 accéndnnTur,
1451 4779 1541 4839 nec
1567 4774 1738 4817 tamen
1769 4749 1817 4808 D
1846 4749 1950 4839 non
1974 4749 2308 4833 displiceret,
2333 4763 2434 4820 nisi
2463 4763 2866 4835 refragarenlur
2887 4749 3223 4838 antiquiores
3243 4749 3448 4839 ac‘ples

136 4845 292 4914 prima
322 4845 456 4915 facis
487 4836 581 4915 tua;
606 4840 922 4915 imminuitur
952 4849 1158 4915 propter
1186 4838 1358 4905 plures
1388 4836 1506 4889 inde
1556 4850 1737 4888 accen-

137 4909 244 4970 sas:
271 4909 349 4970 sic
371 4911 760 4971 etiantVerbum
789 4928 814 4964 e
847 4910 1020 4964 Patris
1062 4909 1246 4962 t-irtute
1281 4923 1609 4978 progressum
1638 4923 1742 4960 non

136 4988 337 5057 reliquit
384 4982 848 5058 genitorqni’erbi
890 4990 1166 5058 expertem:
1193 4979 1436 5058 Tatianq
1460 4978 1744 5058 prteiverat

137 5051 559 5116 Jnsiinus'cunt.
593 5055 778 5119 Triplt.
813 5051 1016 5110 docens
1063 5051 1258 5108 Filium
1303 5067 1368 5106 ex
1402 5051 1560 5106 Patre
1585 5051 1740 5120 geni-

139 5141 244 5186 tum
288 5149 396 5185 non
442 5147 534 5199 per
585 5126 965 5190 abscissionetn,
1019 5133 1276 5199 tamquam
1305 5123 1574 5199 dispertita
1616 5130 1742 5176 esset

139 5203 312 5258 Patris
342 5195 654 5264 substantia,
687 5208 836 5271 prout
861 5199 965 5252 alia
1009 5200 1182 5251 omnia
1212 5195 1375 5271 divisa
1405 5206 1449 5249 et
1479 5205 1616 5271 secta
1641 5209 1744 5246 non

140 5277 311 5330 eadem
330 5287 476 5333 sunt.
502 5289 616 5344 qua:
641 5264 758 5326 ante
780 5275 987 5344 [uerunt
1004 5285 1156 5344 quam
1177 5264 1744 5344 scinderentur.‘_Atque

140 5347 358 5417 exempli
380 5337 552 5417 gratia
571 5344 701 5417 illud
720 5337 1077 5417 su'tnpsi,_qu_od
1106 5357 1168 5394 ea:
1189 5341 1305 5417 igne
1339 5341 1479 5417 ignes
1506 5337 1634 5391 alios
1652 5353 1744 5389 ac-

142 5411 311 5474 censos
334 5411 591 5480 videmus,
622 5415 713 5469 illo
736 5411 866 5468 nihil
892 5414 1166 5475 diminuta,
1192 5412 1283 5466 sed
1301 5411 1479 5463 eodem
1511 5417 1746 5463 manente

141 5492 270 5545 unde
312 5491 471 5545 multi
518 5485 728 5542 accendi
762 5495 974 5558 possunt
1017 5485 1180 5556 ignes.
1220 5482 1328 5558 _Ubi
1364 5483 1563 5558 indicat
1602 5480 1746 5558 quod

141 5561 298 5634 lange
324 5574 458 5617 ante
490 5561 543 5634 in
585 5551 773 5634 eodeni
805 5557 1016 5634 dialogo
1038 5551 1494 5634 'prxemiserttt‘ltis
1526 5551 1745 5634 verbis:

147 5625 601 5702 Quemadmodum
624 5633 676 5684 in
700 5631 815 5701 igne
844 5625 1070 5682 videmus
1095 5629 1254 5680 alium
1277 5625 1412 5702 ﬁeri,
1441 5642 1542 5702 non
1574 5625 1747 5702 decre-

145 5697 425 5762 scenteillo
447 5705 581 5759 unde
605 5697 744 5774 facta
764 5712 837 5756 est
858 5702 1068 5774 alterius
1092 5701 1347 5774 accensio,
1378 5697 1467 5752 sed
1494 5697 1545 5774 in
1571 5697 1748 5774 eodem

143 5788 276 5834 statu
306 5768 642 5850 permanente
663 5791 681 5840 ;
703 5774 858 5850 etqui
891 5789 952 5827 ea:
978 5773 1103 5850 ipso.
1119 5768 1439 5850 accenditur,
1469 5770 1621 5824 etiam
1643 5769 1750 5838 ipse

146 5866 251 5921 esse
267 5842 517 5921 apparet,
562 5842 1001 5921 nonr‘intntinuens
1043 5842 1365 5921 illum‘unde
1389 5849 1749 5921 estaccensus.

150 5920 285 5982 llinc
305 5911 475 5996 patet
499 5911 592 5978 cur
616 5917 784 5976 Filius
822 5932 852 5973 a
881 5915 1161 5974 catholicis
1190 5914 1362 5972 dictus
1389 5913 1458 5972 sit
1489 5913 1657 5969 lumen
1695 5911 1758 5968 tle

1848 4835 2004 4905 rique
2040 4849 2171 4890 mss.

1921 4904 1992 4979 (e)
2021 4906 2094 4960 lta
2129 4905 2366 4982 optimus
2393 4905 2562 4962 codex
2591 4905 2746 4964 Colb.
2781 4925 2905 4966 cum
2935 4909 3120 4966 Germ.
3155 4910 3261 4968 Alii
3291 4924 3444 4982 vero,

1847 4978 2038 5032 natura
2063 4978 2140 5032 vel
2167 4979 2406 5032 exterior.

1921 5047 1998 5123 (ι’)
2035 5048 2128 5103 Vel
2159 5060 2226 5123 ut
2250 5048 2536 5106 Faustinus
2588 5067 2734 5119 smpe
2775 5051 2884 5121 jam
2935 5053 3184 5110 laudatus
3232 5060 3454 5111 enarrat

1848 5137 1898 5176 c.
1964 5163 1979 5190 ,
2023 5137 2123 5198 non
2156 5122 2328 5191 utique
2353 5137 2441 5187 per
2466 5123 2741 5198 quamdam
2765 5127 3018 5198 passivam
3049 5128 3400 5198 confusionem
3429 5141 3452 5182 :

1845 5193 1935 5247 sed
1967 5195 2087 5263 quia
2115 5209 2422 5280 consequens
2451 5204 2524 5249 est
2561 5205 2614 5280 ut
2633 5194 2922 5280 .ulz‘iuf’ater
2950 5193 3332 5280 est_,_ill'ic.esse
3356 5213 3447 5280 co-

1850 5274 2124 5335 gnoscatur
2150 5275 2196 5319 et
2234 5264 2442 5330 Filius;
2483 5275 2530 5320 et
2558 5267 2644 5321 ubi
2678 5265 2846 5322 Filius
2881 5279 2990 5337 est,
3023 5269 3135 5324 illic
3162 5270 3314 5324 etiam
3346 5267 3456 5324 Pa-

1850 5347 1976 5392 trem
2005 5347 2202 5391 exstare
2231 5353 2528 5393 coanoscas.

1927 5407 2008 5479 (g)
2044 5411 2096 5463 In
2130 5424 2232 5463 ms.
2264 5407 2420 5464 Mart.
2452 5411 2906 5468 connumerabiles.
2927 5410 2986 5467 In
3007 5413 3240 5481 cmteris,
3274 5429 3458 5468 conuo-

1853 5481 2074 5535 minabis
2115 5482 2200 5554 vel
2232 5483 2650 5554 gcognominabis.
2697 5484 3016 5539 Retinemus
3061 5485 3456 5540 conuumerabis

1855 5563 2074 5624 propter
2116 5552 2248 5608 illttd
2291 5552 2439 5609 tium.
2492 5555 2578 5623 i3,
2627 5554 2748 5611 Non
2789 5557 2918 5610 duos
2961 5556 3082 5612 deos
3120 5565 3460 5613 connumerat

1855 5641 2039 5680 nomen
2066 5642 2248 5694 unum.

1933 5693 2017 5768 (lt)
2056 5696 2134 5772 Ita
2179 5693 2701 5772 Hieronymusidial.
2748 5709 2895 5755 cont.
2938 5699 3114 5757 Lucif.
3157 5701 3319 5759 docet
3366 5700 3466 5772 lilii

1859 5784 2046 5824 nomen
2069 5770 2122 5824 in
2150 5779 2315 5842 patre,
2351 5770 2396 5825 et
2427 5771 2587 5842 patris
2608 5787 2790 5827 nomen
2819 5773 2873 5828 in
2894 5771 3008 5842 ﬁlio
3034 5790 3179 5830 esse:
3212 5770 3466 5831 nimirum

1862 5842 1986 5921 quia
2015 5855 2174 5921 pater
2202 5841 2433 5912 c0gitari
2454 5843 2675 5915 nequit,
2706 5845 2834 5916 quin
2878 5841 2974 5903 filii
3012 5848 3179 5904 etiam
3209 5847 3469 5921 cngitatio

1868 5913 2028 5970 simul
2057 5913 2398 5971 obversetur.
