3988 6332
539 329 646 402 3.37

1741 319 1986 386 SANCTI
2025 319 2280 384 tllLAllll
2325 317 2628 402 EPISCOPI

3741 325 3846 382 228

542 455 749 500 tritura:
783 443 1032 500 virtutem
1061 452 1108 497 et
1135 456 1231 514 per
1260 449 1656 497 saeramrntmn
1689 444 2054 514 generationis
2085 452 2136 496 et
2167 445 2210 504 Λ
2243 442 2365 514 facit
2398 459 2550 512 opera
2579 459 2693 496 sua.
2725 440 2929 500 Credite
2951 441 3098 510 mihi,
3123 444 3362 512 quoniam
3388 458 3482 514 ego
3507 444 3556 498 in
3583 443 3774 510 Pasre,
3805 457 3845 500 et

539 541 835 598 nativitatis
875 554 980 594 non
1031 539 1227 594 inesse.
1277 537 1528 594 Naturam
1573 553 1786 610 quoque
1817 535 1898 614 (l)
1941 535 2020 610 (a)
2058 536 2138 592 di-

537 647 744 690 versam
778 633 990 702 deputet
1019 629 1084 686 ad
1117 639 1434 700 utrumque,
1469 631 1557 700 qui
1589 632 1792 686 nesciat
1837 631 2046 686 Patrem
2084 639 2139 686 et

535 727 726 782 Filium
758 727 895 798 quod
932 742 1095 780 unum
1124 726 1234 782 sint
1261 724 1606 798 praedicatus.
1643 723 1864 782 Deleant
1897 722 2136 790 haeretici

533 803 896 888 evangeliram
927 817 1042 878 Filii
1083 818 1150 874 de
1178 833 1235 872 se
1265 817 1690 900 professionem,
1727 815 1838 888 Ego
1871 819 1921 870 in
1951 815 2134 884 Patre,

541 925 589 968 et
623 911 782 970 Pater
819 913 870 968 in
901 928 982 968 me
1010 927 1026 966 :
1053 912 1132 985 (lt)
1165 921 1220 966 ut
1267 911 1476 988 possint
1529 911 1609 966 vel
1648 909 1786 968 dntis
1835 910 1966 964 deos
1997 925 2129 980 prat-

531 1007 735 1076 dicare,
756 1007 845 1063 vel
873 1008 1072 1064 solum.
1093 1005 1206 1060 Non
1227 1015 1354 1060 sunt
1373 1016 1686 1060 naturarum
1715 1003 2138 1076 signiﬁcationes

531 1099 586 1154 in
628 1109 835 1156 naturai
869 1100 1024 1154 unius
1065 1101 1395 1170 proiirietate
1429 1117 1441 1153 :
1477 1113 1578 1153 nec
1605 1097 1740 1152 duos
1780 1098 1912 1164 deos
1933 1097 2038 1152 ‘Dei
2070 1111 2136 1152 ex

531 1194 642 1250 Deo
674 1193 872 1260 veritas
906 1192 1146 1264 perlicit,
1183 1207 1281 1246 nec
1309 1192 1641 1262 singularem
1678 1191 1842 1244 Deum
1875 1191 1967 1246 Dei
1995 1188 2134 1264 pati-

528 1299 617 1344 tur
639 1288 924 1354 nativitas,
955 1300 1054 1342 nec
1083 1301 1189 1342 non
1221 1301 1382 1340 unum
1409 1297 1534 1340 sunt
1561 1285 1650 1358 qui
1683 1282 1762 1356 (‘2)
1797 1281 1871 1354 (ε)
1903 1284 2132 1344 invicem

527 1389 673 1434 sunt.
709 1379 943 1436 Invicem
976 1388 1153 1432 autem
1201 1387 1355 1442 sunt,
1402 1393 1524 1432 cum
1569 1391 1707 1432 unus
1743 1391 1812 1432 ex
1859 1389 1966 1430 uno
2007 1381 2134 1430 est:

529 1476 654 1546 quia
701 1488 876 1544 neque
919 1487 1059 1542 unus
1099 1472 1190 1526 uni
1223 1470 1366 1525 aliud
1409 1485 1504 1546 per
1533 1469 1937 1540 generationem
1971 1482 2134 1542 quam

528 1545 672 1638 quod
703 1584 856 1622 suum
888 1577 972 1622 est
1011 1565 1192 1632 dedit,
1247 1545 1421 1638 neque
1450 1579 1586 1618 unus
1624 1563 1690 1618 ab
1723 1578 1828 1618 uno
1869 1561 2012 1616 aliud
2041 1576 2137 1632 per

527 1659 864 1716 nativitatem
892 1658 1098 1714 obtinet
1137 1655 1213 1730 (ά)
1239 1675 1398 1728 quam
1428 1657 1607 1712 uuius.
1637 1655 1948 1728 Apustolica
1975 1655 2136 1724 igitur

530 1753 699 1820 ﬁdes,
753 1754 866 1808 sive
919 1754 1136 1808 Patrem
1191 1751 1540 1824 prmdicabit,
1591 1750 1908 1822 prardicaltit
1963 1749 2134 1806 Deum

2247 535 2405 588 Pater
2427 535 2480 590 in
2508 553 2605 590 me.
2642 535 2738 590 Sin
2763 547 2954 602 autem,
2983 535 3061 590 rel
3086 552 3295 612 propter
3317 552 3472 610 opera
3499 537 3610 604 ipsa
3633 539 3845 591 credite.

2239 627 2359 686 Non
2387 643 2484 684 nos
2515 629 2566 686 in
2593 629 2820 684 erratica
2845 639 3004 706 atque
3036 630 3085 684 in
3117 630 3252 694 invia
3275 627 3490 690 deducit
3519 629 3609 684 ille
3635 630 3731 700 qui
3765 630 3846 684 via

2241 735 2318 780 est
2341 767 2356 790 ,
2389 739 2564 792 neque
2595 723 2766 780 illudit
2795 737 2895 798 per
2925 722 3058 777 falsa
3088 723 3178 794 qui
3207 725 3408 778 veritas
3439 735 3520 776 εει
3542 765 3555 788 ,
3583 739 3770 794 neque
3801 723 3847 778 in

2242 818 2431 872 mortis
2459 817 2713 886 relinquit
2736 831 2922 870 errore
2951 815 3038 885 qui
3063 815 3168 870 vita
3201 823 3303 869 est.
3351 813 3420 868 Et
3449 812 3568 886 quia
3601 815 3720 868 lucc
3753 815 3848 868 be-

2243 911 2400 984 nigna
2427 909 2494 966 ad
2524 911 2752 966 salutent
2777 920 3016 978 nostram
3041 909 3461 978 disiiensationis
3489 925 3598 964 suae
3623 911 3847 974 nomina

2243 1003 2356 1076 ipse
2385 1004 2694 1070 constituit,
2729 1013 2782 1056 ut
2815 1017 2913 1056 nos
2951 1009 3203 1073 tanquam
3232 1003 3314 1056 via
3349 1001 3404 1056 in
3437 1004 3718 1056 veritatrtn
3756 1001 3848 1056 de-

2246 1101 2491 1170 duceret,
2511 1115 2560 1156 et
2582 1101 2780 1158 veritas
2794 1103 3152 1158 consﬁtueret
3173 1103 3222 1156 in
3249 1102 3386 1170 vita;
3412 1097 3848 1172 cognoscendum

2241 1207 2356 1262 est,
2394 1197 2534 1268 quod
2583 1195 2711 1252 illttd
2761 1195 3067 1250 obtinenda:
3123 1195 3242 1249 vine
3271 1201 3669 1250 sacramentum
3727 1207 3848 1246 esse

2239 1288 2594 1356 demonstret.
2669 1286 2838 1344 Nemo
2887 1289 3021 1352 venit
3069 1289 3138 1342 ad
3203 1287 3412 1342 Patrem
3477 1287 3574 1340 nisi
3621 1303 3714 1360 per
3777 1302 3848 1339 me

2243 1379 2422 1454 (Joan.
2449 1379 2647 1454 XIV,6).
2666 1380 2772 1436 Iter
2793 1381 2857 1436 ad
2883 1381 3098 1436 Patrem
3125 1397 3219 1451 per
3241 1381 3439 1436 Filium
3460 1392 3561 1435 est.
3595 1371 3662 1434 Et
3690 1395 3846 1450 quaa-

2241 1476 2466 1530 rendum
2506 1486 2584 1530 est
2626 1483 2804 1528 utrunt
2833 1473 2938 1530 ltoc
2969 1491 3062 1544 per
3085 1473 3348 1528 doctrinae
3375 1473 3843 1536 admonitionem,

2239 1584 2306 1620 an
2353 1583 2448 1637 per
2483 1577 2686 1620 natura:
2720 1565 2876 1620 ﬁdem
2909 1565 2978 1620 sit
3011 1583 3023 1619 :
3057 1567 3179 1636 quia
3219 1565 3386 1620 videri
3423 1580 3712 1636 possumus
3755 1581 3846 1635 per

2239 1661 2540 1716 doctrinam
2569 1659 2688 1714 Filii
2721 1661 2898 1730 potius
2925 1658 2992 1713 ad
3023 1659 3234 1732 Patrem
3260 1701 3273 1722 ,
3303 1649 3461 1732 quam
3509 1673 3601 1740 per
3627 1657 3846 1718 confes-

2239 1753 2446 1808 sionem
2475 1761 2714 1822 paterna:
2744 1752 2793 1805 itt
2823 1768 2887 1805 eo
2913 1751 3214 1805 divinitatis
3239 1749 3442 1804 venire.
3467 1749 3845 1820 Itttrlligetttim

537 1863 736 1914 unum;
769 1849 882 1902 sive
921 1847 1117 1904 Filium
1164 1847 1531 1912 confitebitur,
1577 1845 1922 1900 conﬁtebitur
1966 1845 2133 1898 Deutn
2165 1840 2214 1900 B
2245 1843 2405 1914 igitur
2449 1859 2664 1898 sensum
2717 1841 2768 1896 itt
2815 1841 3272 1912 consequentibus
3315 1840 3676 1910 requiramus.
3729 1839 3842 1892 Non

533 1957 697 1996 unum
735 1959 747 1995 :
779 1943 900 2014 quia
944 1952 1002 1998 et
1033 1941 1221 1997 eadem
1250 1952 1409 2010 atque
1443 1938 1777 1994 indissimilis
1809 1937 1900 1992 Dei
1941 1945 2130 1992 natura

531 2041 598 2090 sit
631 2039 682 2090 in
717 2047 964 2106 utroque,
992 2034 1061 2108 (e)
1095 2046 1149 2090 et
1180 2035 1318 2106 quod
1352 2034 1478 2088 dunt
1513 2043 1565 2088 ct
1599 2032 1754 2087 Pater
1783 2032 1924 2098 Deus
1957 2041 2008 2085 et
2040 2030 2132 2086 Fi-

529 2133 630 2204 lius
666 2135 802 2190 Deus
835 2145 948 2200 est,
984 2143 1038 2198 et
1069 2149 1232 2190 unum
1265 2133 1334 2186 sit
1365 2146 1569 2186 natura:
1603 2147 1796 2186 nomen
1823 2132 2130 2200 utriusque,

533 2243 668 2281 unus
710 2235 997 2298 utrumque
1025 2226 1308 2298 signiﬁcat.
1343 2223 1475 2279 Nam
1506 2241 1570 2280 ex
1607 2226 1713 2278 Deo
1751 2225 1925 2292 Deus,
1963 2221 2048 2276 vel
2081 2223 2131 2274 in

533 2320 641 2373 lico
677 2320 849 2388 Derts,
883 2335 982 2374 nec
1009 2321 1140 2373 deos
1176 2318 1310 2372 duos
1339 2317 1564 2390 perlicit,
1603 2331 1724 2370 eum
1763 2329 1900 2370 llttItS
1931 2329 1997 2370 ex
2027 2329 2134 2368 uno

543 2411 612 2488 (ί)
645 2415 695 2466 itt
725 2421 912 2467 natura
942 2421 995 2467 et
1024 2413 1240 2466 nomine
1269 2419 1484 2464 maneat
1511 2411 1704 2472 unius;
1740 2423 1838 2462 nec
1868 2409 1918 2461 itt
1947 2408 2134 2461 solita-

529 2507 666 2560 rium
699 2506 865 2560 Deum
891 2505 1091 2570 delicit,
1118 2520 1239 2560 cum
1265 2520 1402 2559 unus
1425 2513 1478 2560 et
1503 2518 1639 2557 unus
1663 2503 1713 2556 in
1737 2501 2131 2576 signiﬁcatione

535 2615 642 2655 non
675 2600 823 2654 solus
853 2599 945 2654 sit.

603 2691 690 2746 55.
715 2689 824 2745 Iter
841 2693 908 2745 ad
931 2689 1137 2745 Patrem
1152 2707 1241 2762 per
1257 2687 1302 2746 F
1308 2687 1452 2742 ilium
1477 2705 1495 2741 :
1511 2687 1599 2760 qui
1616 2687 2133 2758 horintelligatur.—-

529 2783 648 2840 Non
683 2787 939 2840 incertam
973 2795 1066 2838 aut
1095 2783 1311 2839 dubiam
1348 2782 1605 2836 Dominus
1639 2781 1770 2834 tanti
1803 2780 2128 2834 sacramenti

529 2878 832 2934 doctrinam
862 2877 1110 2950 reliquit,
1143 2891 1242 2930 nec
1273 2889 1370 2929 nos
1393 2873 1444 2928 in
1471 2874 1734 2944 ambiguae
1763 2873 2130 2942 intelligentiae

529 2971 768 3027 deseruit
789 2985 994 3026 errore.
1023 2969 1087 3023 Et
1115 2967 1398 3022 audiamus
1425 2982 1547 3021 eum
1579 2981 1794 3020 omnem
1825 2963 1948 3019 ﬁdei
1975 2965 2130 3035 hujus

526 3064 889 3136 cognitionem
923 3061 1197 3132 Apostolis
1229 3059 1559 3115 rcvelantetn
1592 3076 1604 3112 :
1649 3059 1722 3112 ait
1767 3057 1911 3112 enim
1948 3055 2126 3128 (Joan.

526 3173 636 3232 xw,
671 3155 725 3220 6,
761 3164 806 3210 et
843 3155 1004 3226 seqq.)
1035 3174 1047 3208 :
1080 3151 1191 3228 Ego
1213 3170 1324 3208 sunt
1347 3152 1426 3204 uia
1450 3163 1494 3206 et
1526 3152 1710 3206 ueritas
1739 3161 1783 3204 et
1812 3151 1912 3202 vita
1935 3165 1954 3203 :
1983 3164 2131 3202 nemo

2239 1939 2383 1992 cnitn
2417 1937 2550 1992 lides
2590 1953 2653 1992 ex
2699 1937 2923 1990 arbitrio
2967 1947 3189 2012 nostro,
3237 1936 3330 1991 sed
3363 1951 3427 1990 ex
3460 1933 3732 2000 dictorum
3769 1943 3846 1989 est

2240 2029 2473 2084 ineunda
2507 2028 2815 2082 virtutibus.

2312 2125 2400 2180 54.
2465 2121 2660 2178 Filium
2710 2124 2796 2194 qui
2844 2121 2990 2186 sciat,
3043 2123 3173 2180 scire
3224 2129 3268 2175 et
3323 2119 3554 2174 Patrem;
3597 2149 3670 2159 -
3709 2117 3842 2174 Nam

2239 2215 2342 2270 ltoc
2397 2215 2644 2282 sequitur
2700 2205 2728 2269 ε’
2775 2199 2834 2270 Si
2897 2215 3038 2268 scitis
3095 2229 3206 2280 me,
3277 2221 3326 2268 et
3407 2211 3620 2268 Patrem
3675 2229 3842 2266 neeum

2237 2309 2378 2364 scitis
2433 2307 2624 2378 (Ibid.,
2685 2309 2764 2380 7).
2823 2307 2994 2362 Homo
3047 2307 3204 2364 Jesus
3261 2307 3508 2364 Christus
3555 2309 3840 2362 cernitur:

2237 2411 2292 2458 et
2317 2403 2588 2474 quomodo
2615 2403 2659 2456 si
2708 2402 2822 2471 ipse
2862 2402 3107 2474 cognitus
3131 2402 3230 2468 sit,
3257 2402 3355 2455 erit
3384 2400 3839 2472 cognitusPater:

2236 2511 2359 2550 cum
2389 2507 2597 2550 natura!
2617 2511 2750 2574 sunt,
2777 2495 2829 2548 id
2850 2504 2952 2576 est,
2979 2493 3211 2552 hominis
3237 2494 3288 2548 in
3317 2510 3381 2547 eo
3405 2493 3648 2548 habitum
3696 2495 3840 2565 Apo-

2236 2591 2359 2645 stoli
2404 2599 2812 2662 recognoscant,
2844 2599 2897 2644 et
2929 2589 3071 2644 liber
3098 2605 3125 2642 a
3169 2589 3439 2664 corporali
3473 2589 3612 2652 Dt‘llS
3641 2605 3838 2654 carne,

2235 2703 2342 2740 non
2377 2684 2427 2739 itt
2461 2683 2560 2739 hac
2603 2683 2903 2756 corporalis
2948 2684 3127 2739 carnis
3177 2685 3491 2739 inlirmitate
3533 2685 3840 2738 noscendus

2233 2779 2348 2834 sit?
2381 2777 2487 2832 Sed
2522 2777 2572 2832 iu
2598 2785 2940 2838 sacramento
2967 2777 3229 2848 assumpli
3261 2777 3508 2846 corporis
3539 2775 3840 2830 divinitatis

2237 2881 2480 2942 paterna:
2512 2880 2754 2938 naturam
2801 2871 2852 2924 in
2893 2884 2954 2925 se
2999 2871 3257 2924 Dominus
3297 2869 3666 2933 conﬁrmans,
3699 2869 3839 2923 hunc

2234 2949 2477 3022 ordinent
2509 2967 2681 3022 tenuit
2711 2983 2724 3020 :
2761 2967 2820 3021 Si
2847 2965 2988 3020 scitis
3017 2982 3095 3018 me
3115 3007 3130 3032 ,
3163 2973 3207 3020 et
3239 2975 3432 3034 patrem
3461 2981 3632 3032 meum
3656 2963 3840 3018 scitis:

2233 3071 2280 3115 et
2307 3079 2339 3116 a
2367 3061 2518 3114 modo
2539 3061 2707 3116 scietis
2731 3077 2866 3126 eum,
2895 3069 2942 3114 et
2963 3059 3162 3114 uidistis
3189 3045 3326 3114 eum.
3357 3057 3592 3130 Tempus
3617 3057 3840 3113 visionis

2235 3155 2506 3226 separavit
2535 3171 2563 3208 a
2603 3163 2846 3224 tempore
2875 3153 3221 3226 cognitionis.
3259 3151 3390 3206 Nam
3421 3168 3581 3218 quem
3612 3166 3841 3222 cognos-

524 3249 656 3302 oenit
685 3247 752 3302 ad
785 3245 1027 3312 Patrem,
1059 3245 1157 3299 nisi
1193 3261 1284 3318 per
1310 3261 1407 3298 me.
1439 3243 1500 3299 Si
1528 3245 1666 3298 scitis
1705 3259 1813 3310 me,
1844 3253 1889 3296 et
1923 3240 2130 3294 Patrem
2160 3238 2205 3302 C
2237 3247 2465 3302 cundum
2499 3247 2605 3310 ait,
2655 3245 2901 3301 cumidem
2940 3244 3052 3315 jam
3086 3243 3220 3300 dixit
3259 3255 3311 3300 et
3341 3237 3516 3299 visum
3559 3243 3638 3316 (4)
3787 3253 3839 3300 ιιι

524 3359 694 3396 meum
719 3341 859 3396 scitis
884 3356 901 3393 :
931 3349 980 3394 et
1007 3355 1038 3392 a
1067 3339 1218 3392 modo
1250 3337 1326 3408 (g)
1355 3337 1522 3390 scietis
1546 3345 1742 3398 eum,ct
1771 3335 1969 3388 vidistis
1991 3351 2126 3388 eum.

526 3433 612 3488 Ait
639 3434 714 3487 illi
747 3431 1025 3504 Philippus
1060 3447 1076 3484 :
1109 3429 1356 3494 Domine,
1387 3428 1593 3482 ostende
1624 3429 1766 3481 nobis
1813 3427 2052 3493 Patrem,
2084 3439 2130 3484 et

524 3527 706 3598 sufﬁcit
739 3525 900 3580 nobis.
935 3524 1086 3578 Dicit.
1103 3525 1147 3576 ei
1181 3523 1374 3578 Jesus:
1402 3521 1571 3576 Tanto
1610 3531 1832 3590 tempore
1869 3519 2126 3575 vobiscum

524 3637 667 3686 sum,
701 3617 779 3692 (5)
832 3631 876 3674 et
909 3636 1008 3674 non
1056 3621 1214 3674 nostis
1261 3617 1382 3671 tne?
1431 3613 1708 3686 Philippe,
1739 3617 1822 3688 qui
1851 3616 1974 3670 uidit
2005 3633 2084 3670 me
2105 3657 2122 3682 ,

521 3715 647 3770 uidit
674 3725 722 3772 et
755 3713 982 3770 Patrem.
1019 3711 1286 3779 Quomodo
1313 3721 1367 3765 tu
1395 3711 1522 3766 dicis
1545 3753 1558 3776 ,
1587 3711 1794 3764 ostende
1830 3711 1974 3765 nobis
2019 3709 2127 3764 Pa-

523 3809 698 3864 trem?
728 3808 848 3863 Non
879 3807 1043 3863 credis
1071 3805 1148 3880 (h)
1179 3803 1336 3871 mihi,
1365 3805 1606 3877 quoniam
1642 3821 1736 3874 ego
1765 3805 1816 3857 in
1850 3803 2042 3872 Patre,
2075 3816 2124 3859 et

525 3901 685 3956 Pater
901 3901 951 3955 in
981 3915 1059 3954 me
1084 3908 1156 3954 est
1180 3899 1204 3952 ?
1263 3896 1445 3964 Verba,
1479 3912 1594 3968 qua:
1623 3911 1713 3966 ego
1740 3897 1920 3968 loquor
1949 3897 2120 3966 uobis,

519 4013 624 4051 non
663 4013 694 4050 a
733 3989 814 4050 me
841 3997 1052 4064 loquor;
1095 3991 1184 4046 sed
1221 3989 1400 4058 Pater,
1451 3991 1538 4061 qui
1565 3991 1620 4044 in
1654 4006 1732 4044 me
1777 3997 1964 4058 manet,
2013 3990 2125 4061 ipse

621 4107 673 4176 l)
703 4107 1088 4176 Diversamque.

621 4109 644 4164 l
703 4107 1088 4176 Diversamque.

595 4107 675 4253 id;
703 4181 768 4234 In
793 4181 1006 4235 invicem
1032 4187 1170 4233 sunt.
1201 4177 1268 4232 In
1299 4177 1513 4231 inuicem
1544 4187 1732 4232 autem.

587 4297 670 4374 (α)
694 4297 859 4374 Apud
872 4297 1018 4374 Lips.
1043 4306 1096 4352 et
1123 4297 1246 4374 Par.
1277 4295 1950 4374 disparemdivulsamque:
1983 4309 2122 4374 prtu-

521 4365 792 4426 trr‘ﬁdein
830 4365 1087 4425 librorum
1130 4365 1381 4422 aliorum.
1429 4367 1634 4420 Eodem
1677 4365 1968 4433 Scriptura:
1999 4368 2122 4420 loco

521 4447 788 4500 diversam
835 4455 1078 4498 naturam
1122 4437 1600 4496 excludidefentlit
1639 4439 1988 4506 Augustinus,
2023 4437 2114 4490 lib.

525 4533 575 4572 ιι
607 4517 673 4572 de
701 4515 896 4572 Tt'llllt.
931 4531 980 4568 c.
1027 4513 1060 4568 5
1094 4530 1105 4566 :
1141 4510 1360 4576 Nescio,
1395 4511 1597 4576 inquit.
1633 4519 1800 4560 utnon
1837 4509 2122 4560 inueniatur

517 4590 568 4643 in
595 4590 905 4654 Scriptnris,
957 4601 1102 4640 unum
1158 4597 1313 4644 sum,
1367 4595 1583 4650 quorum
1605 4590 1674 4654 est
1695 4578 1893 4654 diversa
1912 4587 2115 4654 natura.

517 4659 670 4716 Unde
693 4649 834 4715 Coll.
869 4649 990 4712 cum
1019 4657 1306 4709 Maximino
1333 4649 1412 4706 sic
1439 4666 1560 4704 eum
1589 4651 1899 4719 alloquitur,
1937 4669 1988 4703 ιι.
2011 4649 2076 4706 Ut
2106 4671 2117 4704 :

2236 3347 2442 3394 natura:
2487 3339 2598 3410 jam
2633 3338 2838 3406 pridem
2887 3339 2939 3392 in
2981 3353 3040 3392 sc
3086 3345 3395 3408 conspecta:
3449 3337 3734 3406 scientiam
3777 3353 3839 3392 ex

2237 3443 2480 3504 tempore
2513 3447 2655 3486 nunc
2689 3431 2845 3502 ltujus
2875 3431 3218 3486 revelationis
3247 3431 3580 3499 acciperent.

2306 3525 2394 3580 55.
2436 3523 2706 3596 Philippus
2733 3524 2829 3579 hoc
2857 3541 2958 3579 non
2989 3526 3150 3594 capit;
3175 3542 3284 3580 cur.
3310 3525 3412 3592 Qui
3441 3528 3584 3580 salua
3605 3525 3708 3594 [ide
3737 3523 3842 3579 Pa-

2233 3627 2358 3672 trem
2383 3617 2479 3672 sibi
2504 3617 2702 3672 ostendi
2741 3629 2905 3690 rogat.
2953 3648 3024 3658 ——
3052 3615 3161 3674 Sed
3202 3617 3494 3673 commovit
3538 3619 3838 3687 apostolum

2237 3711 2542 3780 Philippum
2561 3712 2766 3765 novitas
2795 3697 3083 3767 dictorum.
3139 3711 3312 3766 llunto
3351 3712 3612 3776 cernitur,
3661 3711 3754 3765 Dei
3785 3725 3840 3766 se

2235 3809 2403 3864 ﬁlium
2447 3809 2734 3862 conﬁtetur
2765 3849 2779 3874 ,
2835 3809 3050 3880 cognito
3079 3823 3138 3863 se
3165 3806 3602 3878 cognoscendum
3627 3807 3834 3861 Patrem

2233 3898 2448 3954 fatetur.
2479 3899 2691 3954 Patrem
2717 3897 2786 3971 (j)
2813 3899 2988 3953 visunt
3014 3913 3136 3954 esse
3163 3900 3315 3964 dicit,
3347 3905 3403 3953 et
3433 3913 3530 3966 per
3563 3897 3612 3952 id
3643 3910 3838 3968 cogno-

2233 3993 2493 4048 scendum
2521 4008 2643 4049 esse
2669 3994 2792 4064 quia
2827 3992 2974 4047 visus
3005 3992 3094 4047 sit.
3122 3991 3349 4047 Humani
3381 3991 3526 4046 istud
3567 3990 3724 4046 animi
3757 3990 3838 4043 in-

2311 4107 2394 4252 ἒό)
2429 4107 2494 4160 Et
2523 4125 2627 4162 non.
2657 4108 2790 4162 nosti
2817 4125 2912 4164 me.
2934 4123 3001 4164 ex
3027 4107 3250 4176 Grtcco;
3279 4109 3467 4164 καὶούκ
3495 4108 3712 4184 ἔγνωκάς
3737 4121 3836 4178 με;

2333 4177 2390 4250 4)
2423 4178 2490 4232 Et
2514 4189 2729 4234 naturas.
3303 4207 3310 4214 ε

2333 4177 2390 4250 4)
2423 4178 2490 4232 Et
2514 4189 2729 4234 naturas.
3303 4207 3310 4214 ε

2232 4296 2381 4352 ciunt
2411 4297 2672 4365 utrisque,
2721 4295 2844 4352 loco
2880 4297 3184 4370 utriusque;
3215 4312 3337 4370 cum
3381 4297 3486 4351 hoc
3523 4295 3830 4370 vocabulum

2231 4378 2358 4440 ante
2377 4375 2573 4438 etpost
2595 4384 2823 4428 numero
2847 4367 3126 4436 singulari,
3151 4386 3257 4436 non
3289 4369 3480 4440 plurali
3520 4367 3832 4426 exhibeant.

2233 4439 2626 4502 ltestaurantur
2654 4455 2722 4506 ex
2759 4455 2892 4508 mss.
2941 4441 3092 4504 lianc
3121 4439 3450 4510 sententiain
3482 4441 3564 4496 sic
3595 4441 3835 4510 lico-rex-

2229 4511 2507 4580 printere:
2543 4523 2588 4564 et
2628 4513 2747 4580 quia
2779 4505 2899 4574 dum
2925 4523 2972 4568 et
3017 4511 3175 4572 Pater
3220 4505 3438 4578 Deus'ct
3489 4511 3655 4580 Filius
3693 4505 3834 4574 Deus

2230 4592 2327 4656 est,
2356 4583 2558 4656 citium
2587 4585 2850 4654 atriusque
2876 4595 2947 4638 est
2977 4601 3136 4656 unum
3167 4597 3365 4656 natura:
3394 4601 3603 4656 natura,
3635 4591 3734 4636 etc.

2305 4651 2373 4726 (ί)
2411 4655 2500 4712 Er.
2527 4657 2579 4710 in
2609 4651 2796 4714 natura
2821 4669 2865 4710 et
2889 4651 3276 4722 ttontitte.'Tttttt
3301 4656 3450 4726 Lips.
3475 4671 3530 4718 et
3561 4651 3676 4716 Par.
3703 4667 3828 4726 cunt

519 4735 738 4796 Quando
769 4731 888 4786 ini/ti
921 4727 1195 4798 protuleris
1221 4723 1360 4798 quod
1405 4739 1562 4798 unum
1586 4717 1863 4798 sint—quat
1891 4733 2015 4798 sunt
2041 4724 2124 4776 di—

2247 4717 2526 4782 nsiulilart.
2560 4729 2611 4780 in
2649 4738 2851 4781 natum?
2890 4732 3092 4784 nomine
3133 4717 3283 4796 unius
3309 4717 3515 4790 maneat
3539 4747 3558 4784 :
3593 4725 3828 4798 confuse.

515 4793 1000 4862 uersazsnbstantiw,
1030 4813 1146 4851 tunc
1169 4793 1397 4866 cogitabo
1415 4793 1539 4866 quid
1562 4795 1771 4846 debeam
1794 4797 2121 4862 respondere.

588 4875 662 4944 (ὁ)
701 4871 1049 4926 lletnovintus
1079 4865 1382 4944 ltincpEgo
1425 4877 1472 4944 et
1498 4865 1665 4944 Pater
1701 4882 1860 4922 unum
1901 4884 2077 4944 sanius
2105 4883 2124 4922 :

517 4938 658 5014 quod
685 4945 772 4997 ltic
803 4956 1084 5014 perperam
1120 4941 1414 5014 immiserat
1444 4938 1696 5014 Lipsius,
1735 4953 1854 4991 CUltl
1879 4939 2124 5008 subjecta

513 5010 858 5084 .tieqaaquam
885 5017 1032 5084 hunc
1057 5013 1231 5066 locum
1257 5013 1575 5080 respiciant,
1605 5010 1700 5066 scd
1725 5017 1932 5072 tantum
1960 5025 2120 5082 supe-

519 5083 742 5148 riorem,
777 5085 886 5155 Ego
914 5086 966 5138 in
997 5083 1174 5148 Patre,
1206 5094 1311 5140 etc.

591 5161 664 5230 (ε)
702 5151 861 5230 Batti,
909 5157 1002 5212 Er.
1034 5165 1087 5211 et
1126 5155 1272 5225 Lips.
1301 5171 1430 5230 cum
1475 5169 1578 5230 ins.
1605 5151 1785 5230 _Corb.
1829 5154 1887 5230 in_
1905 5153 2119 5230 inuicem

513 5225 654 5286 sunt:
687 5229 750 5288 In
781 5231 994 5284 inuicem
1023 5239 1213 5284 autem.
1252 5228 1417 5282 Abest
1467 5225 1572 5280 ina
1603 5226 1724 5282 Par.
1755 5235 1811 5280 et
1840 5225 2120 5295 plerisque

519 5319 649 5358 mss.
684 5303 774 5357 Sic
805 5318 950 5355 nunt.
985 5301 1078 5366 51,
1117 5299 1298 5353 Insunt
1339 5297 1434 5352 sibi
1469 5298 1702 5352 invicem.
1751 5297 1890 5362 Sunt
1933 5307 2118 5352 autem

517 5373 770 5432 invicem.
809 5377 956 5444 quia,
993 5383 1048 5428 ut
1081 5373 1324 5440 proxime
1349 5369 1649 5434 dicebatur,
1681 5378 1806 5422 sunt
1835 5369 1890 5422 in
1922 5376 2122 5444 natura:

513 5451 668 5502 unius
696 5441 1028 5518 proprietate,
1061 5445 1162 5518 hoc
1193 5453 1309 5510 est,
1342 5452 1568 5510 uterque
1603 5455 1760 5496 unum
1793 5450 1850 5498 et
1871 5441 2119 5496 eamdem

515 5515 762 5574 naturam
795 5520 956 5574 habet
979 5515 1274 5588 propriam.

590 5593 669 5658 (ιι)
699 5589 827 5644 Bad.
858 5601 910 5645 et
942 5582 1033 5642 Er.
1058 5582 1388 5658 quamquam.
1422 5583 1639 5637 Rectius
1669 5582 1756 5636 alii
1786 5583 1929 5658 libri,
1963 5599 2120 5654 quam

515 5653 666 5718 uniui
703 5678 722 5727 ;
765 5660 1052 5716 sultaudito
1071 5653 1260 5728 'quod,
1297 5665 1421 5728 puta
1445 5697 1460 5718 ,
1491 5671 1647 5724 quam
1675 5653 1812 5728 quod
1843 5653 1996 5728 unius
2025 5665 2118 5708 est.

519 5734 610 5790 Sic
641 5725 774 5788 inl‘ra
805 5747 940 5787 unus
973 5748 1040 5798 eg
1072 5725 1178 5786 uito
1203 5731 1256 5786 in
1287 5725 1476 5790 natura
1503 5738 1546 5792 et
1577 5725 1782 5788 nomine
1813 5727 1968 5782 unius
2001 5743 2087 5784 tua
2107 5757 2122 5767 -

517 5821 651 5882 nere
677 5803 1022 5882 mardica-tur.

2231 4795 2306 4852 liii
2353 4797 2552 4868 quippe
2598 4799 2752 4860 unius
2805 4800 3032 4868 perinde
3078 4815 3198 4858 esse
3241 4793 3482 4866 videtur,
3529 4793 3718 4868 accjus
3739 4793 3830 4866 qui

2231 4885 2364 4922 unus
2392 4881 2487 4924 εει.

2305 4941 2380 5013 (g)
2412 4941 2760 5012 Antiqttiorcs
2781 4958 2910 5000 mss.
2937 4943 3023 5012 ltiti
3044 4951 3099 5000 et
3121 4941 3279 5010 infra,
3311 4960 3364 4998 n.
3395 4943 3488 5008 55,
3513 4943 3827 5013 scitistcon.

2229 5009 2499 5086 sentiente
2547 5009 2723 5086 graeco
2769 5009 3076 5078 textit,'5cd
3123 5009 3265 5068 aliud
3300 5026 3480 5070 tamen
3527 5009 3826 5086 postulante

2233 5084 2417 5138 llilarii
2459 5085 2828 5142 enarratione.

2301 5155 2380 5230 (Ii)
2405 5155 2474 5212 Ut
2518 5172 2544 5211 a
2601 5173 2781 5230 graeco
2823 5164 2968 5214 textu
3001 5157 3154 5230 abest
3183 5155 3312 5220 mihi
3333 5201 3346 5230 ,
3382 5160 3454 5214 ita
3492 5161 3647 5230 etiam
3679 5154 3758 5230 hic
3787 5167 3821 5206 a

2227 5226 2438 5298 duobus
2481 5225 2624 5286 mss:
2645 5227 2828 5294 Colb.,
2857 5231 2907 5288 in
2935 5229 3132 5297 quibus
3169 5225 3350 5284 tamen
3377 5239 3556 5286 esstat
3579 5225 3820 5298 interius.

2300 5297 2361 5370 (i)
2394 5300 2514 5356 Par.
2560 5315 2686 5372 cum
2717 5311 2926 5372 vetusto
2962 5301 3146 5356 codice
3179 5299 3330 5368 (Zoili.
3365 5312 3418 5362 et
3449 5297 3630 5372 Germ,
3659 5313 3699 5362 et
3723 5311 3824 5372 ἐξ·

2225 5365 2354 5444 ιιιτῷ
2377 5387 2395 5424 ;
2427 5371 2573 5441 quod
2615 5365 2778 5440 etiam
2827 5371 3013 5426 habuit
3061 5372 3223 5434 Cori).
3259 5365 3290 5426 a
3339 5365 3510 5444 prima
3535 5365 3716 5430 'ttta'uu.
3747 5365 3825 5422 Ει

2225 5442 2442 5516 quidem
2487 5443 2820 5516 advertimus
2869 5445 2978 5514 jam
3021 5461 3126 5498 non
3168 5442 3376 5508 semel,
3425 5442 3724 5516 particulam
3763 5449 3818 5498 ξι

2225 5513 2468 5568 eamdem
2503 5516 2610 5586 vim
2665 5513 2881 5570 habere
2910 5527 3072 5586 atque
3103 5525 3180 5570 ut.
3223 5513 3462 5574 Divinam
3510 5529 3689 5586 autem
3715 5523 3816 5586 ua-

2226 5593 2404 5712 δικ-εἰμι
2429 5587 2480 5640 in
2510 5583 2730 5641 Christo
2763 5603 2858 5658 per
2887 5583 3148 5652 ntir'acnla
3169 5603 3520 5660 conspecmm
3543 5601 3656 5644 esse
3679 5583 3816 5646 iull‘.a

2227 5709 2230 5712 .
2266 5673 2326 5711 ec
2350 5668 2553 5712 aratur.

2227 5668 2553 5712 υρειέινειιιιν.

2301 5727 2365 5798 (j)
2395 5728 2454 5802 in
2487 5729 2752 5802 vulgatis.
2801 5732 2966 5788 uisum
3010 5747 3064 5786 se
3101 5731 3207 5798 uiso
3237 5732 3360 5788 dicit
3389 5750 3406 5788 :
3457 5733 3664 5802 inepte.
3690 5737 3812 5784 cum

2229 5801 2544 5878 respiciatur
2566 5801 2728 5878 illud,
2755 5811 2800 5862 et
2822 5802 3021 5872 uidistis
3043 5805 3464 5878 cum._l.’rosime
3488 5801 3610 5864 ante
3629 5801 3678 5876 in
3699 5810 3808 5864 ms-

591 5868 834 5950 (e)rEditi
857 5918 871 5944 ,
899 5875 1100 5932 omissa
1135 5873 1224 5930 hic
1252 5870 1636 5941 conjunctione
1663 5883 1713 5925 et
1737 5911 1752 5940 ,
1797 5884 1924 5938 mox
1956 5868 2125 5940 sultji-
2229 5868 2392 5930 Uarn.
2425 5877 2682 5945 cognitum
2701 5915 2714 5942 ,
2745 5892 2853 5936 non
2875 5868 3307 5947 cognoscendum,
