3988 6332
230 301 359 360 235

1458 300 1547 363 DE
1584 301 1952 365 TRINITATE
1990 307 2197 366 LIBER
2233 308 2371 370 Vill.

3452 319 3561 380 2'54

246 417 378 474 dum
420 415 553 473 nihil
595 417 649 475 in
694 416 781 475 his
822 427 1020 475 novum
1058 427 1142 476 est
1167 463 1181 484 ,
1212 418 1346 477 nihil
1393 421 1627 478 alienum
1650 465 1664 489 ,
1716 421 1848 478 nihil
1875 429 1929 488 Α
1953 442 2035 480 me
2073 426 2263 496 (Ibid.,
2299 428 2409 498 il).
2443 427 2583 498 Quid
2631 436 2713 486 est
2742 429 2905 499 islttd,
2962 444 3125 505 rogo:
3156 432 3360 492 Credite
3394 440 3559 496 milii?

244 512 551 582 separabile
570 553 584 579 ,
616 511 744 567 dum
772 512 824 566 in
854 511 1012 568 Patre
1037 523 1092 569 ct
1129 512 1268 569 Filio
1297 516 1520 571 credere
1551 516 1683 572 deos
1713 515 1850 571 duos

247 607 474 677 impium
503 613 620 672 est,
644 606 771 662 dum
794 607 1009 663 Patrem
1028 617 1084 663 et
1108 606 1302 665 Filium
1327 610 1649 679 singularem
1683 611 1847 667 Deum

244 699 551 774 pradicare
594 701 916 773 sacrilegum
945 710 1063 770 est,
1091 702 1218 759 dum
1251 703 1417 759 [leum
1449 719 1515 759 ex
1559 704 1667 759 Deo
1704 703 1847 774 quod

243 794 305 852 in
323 793 679 852 similitudine
696 794 915 868 generis
933 812 1100 854 unum
1118 798 1227 854 sint
1248 813 1448 871 negare
1468 797 1847 870 blasphemum

243 898 353 948 est.

317 982 411 1041 40.
453 981 568 1040 Nec
593 983 742 1041 aliud
775 993 924 1053 sunt,
954 1001 1047 1042 nec
1072 1001 1205 1042 unus
1227 1002 1247 1042 :
1275 987 1399 1042 dum
1435 995 1483 1043 et
1508 986 1734 1059 loquitur
1754 984 1851 1041 Fi-

242 1078 384 1147 lius,
414 1078 506 1135 sed
530 1094 634 1134 non
671 1096 707 1135 ιι
745 1096 801 1136 se
821 1096 842 1136 :
869 1081 997 1137 dum
1030 1080 1185 1136 Pater
1220 1082 1362 1154 agit,
1395 1081 1487 1136 sed
1520 1097 1611 1151 per
1654 1080 1851 1136 Filium

242 1174 303 1229 in
323 1190 427 1245 quo
453 1184 503 1230 et
530 1184 758 1233 maneat.
781 1204 855 1218 --
881 1176 962 1234 Ac
992 1191 1060 1233 ne
1087 1177 1310 1232 dubium
1344 1177 1448 1233 hoc
1484 1185 1646 1248 atque
1674 1175 1848 1232 ambi-

233 1283 408 1341 guum
426 1279 829 1327 sacramentum
857 1270 990 1328 ﬁdes
1011 1271 1322 1343 evangelica
1348 1254 1650 1342 susciperet
1670 1314 1684 1338 ,
1707 1272 1849 1329 hunc

238 1362 505 1420 doctrina:
532 1378 645 1420 sum
672 1364 932 1421 Dominus
961 1364 1205 1421 ordinem
1249 1366 1457 1421 tenuit:
1491 1364 1617 1421 Non
1643 1365 1851 1420 creditis

238 1455 403 1520 mihi,
452 1454 699 1524 quoniam
742 1471 837 1529 ego
883 1457 939 1511 in
991 1455 1183 1523 Patre,
1217 1454 1301 1528 (l)
1347 1466 1398 1512 et
1427 1455 1586 1512 Pater
1632 1457 1687 1511 in
1734 1457 1852 1512 me?

252 1546 422 1604 Verba
461 1565 578 1620 qua
617 1564 710 1622 ego
750 1549 930 1621 loquor
958 1551 1129 1619 uobis,
1182 1568 1287 1605 non
1323 1567 1356 1605 a
1389 1567 1470 1606 me
1504 1551 1723 1622 loquor;
1761 1550 1852 1606 sed

238 1641 425 1712 Pater,
450 1644 539 1715 qui
563 1643 620 1697 in
640 1658 721 1698 me
736 1654 931 1709 ntanet,
957 1644 1066 1715 ipse
1087 1644 1209 1714 facit
1230 1660 1387 1714 apera
1408 1660 1505 1699 sua
1527 1642 1706 1714 (Joan.
1732 1660 1849 1713 XIV,

242 1738 363 1811 10).
388 1738 619 1808 Quibus,
646 1741 819 1810 rogo,‘
843 1737 965 1793 aliis
990 1740 1043 1793 in
1072 1739 1233 1795 Patre
1253 1751 1307 1794 et
1335 1739 1478 1797 Filio
1503 1749 1708 1796 natura:
1727 1754 1854 1810 pro—

1953 516 2111 574 Certe
2137 520 2204 575 ad
2250 521 2298 574 id
2331 520 2567 576 refertur
2591 523 2731 593 quod
2765 523 2966 579 dictqu
2998 534 3110 582 est:
3147 526 3373 593 Ostende
3412 532 3557 587 nobis

1954 610 2181 668 Patrem.
2235 612 2396 669 Fides
2437 616 2789 672 conﬁrmatur
2833 632 2898 673 ex
2939 619 3215 676 credendi
3245 636 3553 694 praecepto,

1951 716 2006 764 et
2050 724 2113 765 ea
2150 707 2286 765 ﬁdes
2317 710 2391 782 (b)
2420 727 2540 782 quae
2570 713 2783 770 Patrem
2814 715 2915 770 sibi
2942 716 3154 771 ostendi
3205 728 3550 788 poposcerat.

1950 800 2068 858 Non
2099 803 2242 859 enim
2288 804 2577 862 sullecerat
2613 807 2852 862 dixisse:
2887 807 2989 875 Qui
3026 824 3106 863 me
3149 810 3306 875 uidit,
3340 812 3464 866 vidit
3506 821 3555 867 ct

1953 893 2199 962 Patrem,
2227 895 2331 951 nisi
2380 896 2788 969 intelligentiam
2830 908 3070 957 nostram
3105 915 3171 957 eo
3211 917 3381 974 usque
3420 918 3544 975 pro-

1953 988 2231 1055 tenderet,
2260 998 2317 1045 ut
2357 1005 2481 1047 cum
2508 990 2723 1049 Patrem
2757 1006 3107 1051 nosceremus
3150 996 3201 1051 in
3255 996 3431 1066 Filio,
3459 997 3569 1055 Εἰς·

1951 1080 2082 1137 lium
2116 1091 2295 1140 tamen
2337 1098 2460 1141 esse
2487 1084 2924 1142 meminissemus
2966 1088 3016 1143 in
3047 1088 3241 1146 Patre:
3271 1106 3340 1147 ne
3368 1097 3553 1148 trans-

1951 1173 2093 1232 fusio
2121 1178 2297 1248 potius
2319 1178 2541 1235 alterius
2574 1180 2627 1235 in
2658 1179 2886 1237 alterum
2909 1182 3356 1251 exisﬁtnaretur,
3388 1200 3551 1257 quam

1953 1283 2051 1340 per
2076 1271 2482 1340 generationem
2529 1274 2969 1345 nativitatemque
3011 1276 3189 1333 unitas
3220 1279 3463 1348 ejusdem
3496 1282 3548 1335 in

1953 1371 2181 1434 utroque
2210 1375 2436 1420 naturae.
2464 1364 2624 1420 Credi
2664 1366 2847 1437 itaque
2873 1368 2972 1424 sibi
3005 1369 3266 1427 Dominus
3294 1373 3404 1426 vult
3424 1410 3439 1439 ,
3484 1390 3552 1429 ne

1954 1454 2094 1511 forte
2117 1471 2210 1527 per
2230 1458 2393 1530 209
2411 1462 2667 1530 assumpti
2686 1459 2921 1517 hominis
2946 1461 3399 1534 dispensationem
3430 1466 3551 1524 ﬁdei

1954 1550 2282 1605 conscientia
2327 1550 2682 1622 periclitetur.
2714 1553 2873 1614 Certe
2906 1554 2953 1610 si
2984 1555 3111 1626 quid
3142 1557 3334 1614 aﬂ‘erat
3375 1560 3551 1616 ambi-

1953 1643 2172 1713 guitatis
2199 1657 2358 1711 caro,
2387 1652 2443 1699 et
2464 1658 2695 1715 corpus,
2719 1655 2772 1701 et
2803 1648 3016 1716 passio:
3048 1648 3131 1702 vel
3153 1650 3408 1720 operibus
3432 1666 3556 1708 cre-

1954 1734 2146 1801 datur,
2192 1735 2361 1792 Deum
2404 1737 2457 1792 in
2488 1737 2600 1793 Deo
2630 1753 2785 1806 esse,
2816 1749 2872 1795 et
2921 1755 2991 1796 ex
3036 1741 3149 1797 Deo
3200 1743 3369 1799 Deum
3412 1759 3555 1811 esse,

238 1830 447 1903 prietas
500 1831 897 1898 demonstrari,
933 1847 1093 1903 quam
1126 1831 1210 1889 his
1261 1832 1393 1905 ipsis
1444 1832 1645 1900 verbis,
1680 1832 1852 1903 potuit
1880 1840 1929 1901 Β
1955 1844 2121 1884 unum
2161 1844 2257 1886 eos
2294 1845 2455 1887 esse:
2489 1830 2616 1887 dum
2663 1845 2868 1889 natura:
2906 1835 3106 1892 virtute
3144 1847 3370 1909 uterque
3409 1843 3463 1896 in
3494 1853 3556 1897 se

237 1933 304 1983 et
339 1934 534 1997 potest,
566 1925 861 1982 nativitatis
892 1925 1147 1981 tamenin
1176 1925 1429 1982 omnibus
1459 1925 1852 1996 signiﬁcatione
1953 1936 2070 1988 est,
2100 1935 2154 1983 et
2185 1934 2375 1981 neuter
2404 1928 2523 1983 sine
2559 1928 2736 1985 altero
2762 1940 2880 1985 eSt:
2910 1929 3036 1984 dum
3063 1938 3121 1987 et
3144 1932 3304 1989 Pater
3328 1934 3462 1991 nihil
3490 1953 3558 1993 ex

241 2020 502 2091 przelata?
530 2018 665 2076 Cum
696 2020 841 2076 enim
870 2019 1168 2093 208ml:
1200 2018 1367 2075 Verba
1393 2036 1508 2090 qua:
1545 2036 1637 2094 ego
1675 2024 1855 2092 loquor
1952 2020 2065 2076 suis
2094 2018 2296 2077 amittit
2317 2020 2368 2075 in
2393 2020 2533 2076 Filio
2554 2064 2569 2089 ,
2601 2033 2656 2079 et
2687 2021 2857 2078 Filius
2886 2033 3057 2079 totum
3099 2031 3267 2081 sumit
3300 2042 3365 2083 ex
3396 2027 3558 2088 Patre

248 2112 424 2180 nobis,
444 2129 596 2169 nona
618 2113 933 2184 meloquor;
963 2128 1072 2168 non
1100 2114 1304 2168 exemit
1335 2127 1618 2184 personam
1639 2155 1655 2180 ,
1680 2129 1856 2185 neque
1954 2113 2097 2186 quod
2137 2113 2278 2170 illius
2308 2123 2410 2171 est.
2442 2114 2557 2170 Non
2588 2127 2671 2172 est
2700 2118 3064 2189 corporalium
3107 2129 3419 2178 naturarum
3458 2124 3557 2180 ista

253 2223 321 2266 se
349 2208 513 2265 lilium
537 2209 862 2281 denegavit,
895 2223 995 2265 nec
1019 2215 1269 2264 naturam
1301 2209 1354 2263 in
1383 2223 1444 2265 se
1476 2218 1717 2280 paterna:
1742 2208 1854 2263 vir-
1955 2207 2195 2264 conditio
2219 2249 2235 2273 ,
2264 2215 2324 2263 ut
2362 2207 2528 2264 insint
2557 2209 2657 2265 sibi
2689 2210 2919 2266 invicem
2939 2252 2953 2278 ,
2989 2223 3047 2267 ut
3092 2213 3435 2270 subsistentis
3464 2232 3562 2271 na-

252 2305 385 2361 tutis
401 2303 701 2360 abscondit.
725 2302 858 2358 Nam
886 2303 1013 2361 dum
1037 2304 1272 2374 loquitur
1294 2304 1411 2374 ipse
1434 2304 1701 2376 (signatus
1732 2316 1859 2374 pro-

248 2398 472 2454 nomine
498 2402 652 2470 ego),
683 2397 737 2453 in
782 2394 1083 2453 substantia
1129 2410 1357 2452 manens
1405 2396 1686 2468 loquitur:
1727 2395 1855 2451 dum

250 2501 435 2549 autem
464 2507 572 2548 non
604 2492 672 2548 ab
696 2506 757 2549 se
792 2491 1062 2565 loquitur,
1094 2489 1437 2547 nativitatem
1480 2493 1533 2546 in
1570 2506 1630 2547 se
1659 2491 1753 2548 Dei
1789 2506 1859 2547 ex

251 2586 370 2644 Deo
409 2599 565 2659 patre
594 2594 839 2643 testatur.
876 2587 994 2656 Ipse
1037 2587 1090 2641 in
1137 2585 1460 2657 separabilis
1494 2587 1565 2643 ab
1589 2601 1658 2643 eo
1698 2596 1860 2658 atque

250 2679 596 2739 indissimilis
624 2679 833 2736 unitate
861 2690 1071 2737 natura;
1096 2698 1111 2736 :
1140 2678 1263 2751 quia
1295 2679 1542 2750 quamvis
1570 2680 1639 2737 ab
1682 2696 1749 2736 eo
1780 2681 1861 2738 lo-

253 2776 641 2849 quatur,.ipse
684 2784 864 2833 tamen
903 2775 1163 2845 loquitur.
1189 2772 1326 2831 Nam
1361 2774 1456 2846 qui
1482 2790 1590 2831 non
1633 2790 1663 2831 a
1693 2791 1755 2832 se
1783 2775 1863 2831 loc

253 2872 476 2943 quitur.
504 2881 562 2928 et
589 2881 769 2928 tamen
802 2870 1070 2942 loquitur,
1109 2884 1216 2925 non
1242 2877 1425 2940 potest
1457 2883 1564 2925 non
1587 2883 1709 2926 esse
1732 2870 1861 2925 dum

254 2964 536 3037 loquitur:
565 2975 618 3020 et
646 2964 773 3019 dum
821 2978 932 3019 non
979 2979 1011 3019 a
1050 2978 1110 3019 se
1164 2963 1435 3035 loquitur,
1478 2963 1719 3019 ostendit
1754 2979 1862 3019 non

254 3073 419 3113 suum
444 3066 653 3114 tantum
678 3072 801 3115 esse
829 3058 973 3128 quod
1003 3055 1259 3127 loquitur.
1284 3056 1523 3127 Subjecit
1550 3058 1693 3113 enim
1718 3074 1732 3112 :
1756 3056 1865 3113 Sed

262 3150 460 3231 Pater,
489 3153 578 3226 qui
604 3153 661 3208 in
692 3168 772 3209 me
794 3161 963 3209 manet
984 3194 1000 3216 .
1028 3154 1140 3226 ipse
1162 3153 1285 3224 facit
1316 3169 1474 3223 Opera
1497 3170 1615 3210 sua.
1644 3153 1864 3211 Manere

1959 2310 2094 2359 tura:
2126 2303 2362 2359 habeant
2390 2303 2690 2376 perfectam
2719 2307 2977 2363 unitatem
2997 2350 3012 2373 ,
3042 2318 3099 2362 ut
3125 2324 3348 2364 manens
3373 2310 3560 2382 unige-

1958 2395 2056 2453 niti
2104 2396 2356 2452 nativitas
2398 2412 2429 2451 a
2471 2406 2709 2468 paterna:
2752 2398 3050 2454 divinitatis
3085 2401 3157 2455 sit
3188 2403 3562 2474 inseparabilis

1958 2489 2211 2547 veritate.
2244 2488 2533 2561 Unigenito
2575 2501 2779 2545 tantum
2810 2492 2952 2548 istud
2995 2493 3108 2549 Deo
3140 2497 3415 2565 proprium
3442 2505 3561 2563 est,

1961 2584 2095 2642 etin
2122 2593 2462 2641 sacramento
2492 2600 2639 2641 vera:
2680 2586 2971 2641 nativitatis
3016 2586 3149 2643 ﬁdes
3202 2589 3303 2644 ista
3346 2597 3464 2657 est,
3512 2600 3568 2646 et

1961 2679 2036 2753 (c)
2064 2679 2323 2750 spiritalis
2355 2678 2568 2735 virtutis
2593 2678 2699 2736 hoc
2726 2696 2864 2751 opus
2889 2690 2993 2749 est,
3024 2681 3157 2738 nihil
3182 2682 3402 2740 dill‘erre
3441 2699 3565 2742 esse

1961 2780 2018 2827 et
2065 2772 2244 2829 inesse
2278 2788 2292 2826 :
2324 2773 2488 2846 310
2523 2774 2701 2829 inesse
2730 2784 2911 2831 autem
2944 2791 3050 2830 non
3077 2775 3222 2833 aliud
3252 2776 3305 2832 in
3334 2777 3476 2844 alio,
3509 2789 3568 2835 ut

1964 2879 2160 2936 corpus
2188 2866 2241 2921 in
2272 2880 2537 2935 corpore;
2563 2866 2658 2921 sed
2690 2867 2761 2922 ita
2797 2881 2920 2925 esse
2955 2882 3019 2925 ac
3062 2868 3395 2937 subsistere,
3427 2872 3566 2927 utin

1965 2958 2298 3016 subsistente
2321 2957 2491 3024 insit;
2517 2958 2586 3013 ita
2616 2973 2746 3013 vero
2776 2960 2957 3016 inesse
2979 3001 2993 3025 ,
3026 2971 3085 3015 ut
3121 2969 3178 3015 et
3208 2962 3322 3032 ipse
3361 2964 3569 3019 subsis-

1968 3061 2064 3109 tat.
2106 3052 2237 3107 Naut
2285 3060 2512 3123 uterque
2541 3052 2872 3120 subsistens,
2909 3069 3006 3125 per
3050 3055 3100 3109 id
3143 3072 3252 3112 non
3294 3058 3413 3113 sine
3459 3059 3568 3115 alio

1968 3154 2083 3215 est,
2116 3146 2198 3218 (ά)
2226 3144 2353 3200 dum
2386 3145 2684 3201 secundum
2712 3149 3116 3219 generationem
3147 3159 3204 3206 et
3231 3151 3569 3208 nativitatem

259 3244 318 3303 in
342 3245 484 3303 Filio
513 3246 760 3315 Patrem,
784 3261 895 3303 non
918 3256 1004 3303 est
1030 3247 1319 3318 singularis
1339 3255 1500 3318 atque
1521 3245 1662 3302 unici
1688 3266 1702 3302 :
1736 3262 1868 3317 epe-
1892 3234 1938 3300 C
1971 3239 2314 3296 subsistentia
2341 3252 2529 3296 natura
2566 3257 2671 3297 non
2697 3242 2798 3297 alia
2825 3251 2926 3299 est.
2959 3244 3094 3300 Hinc
3121 3246 3264 3300 enim
3288 3245 3422 3302 illud
3450 3256 3568 3304 est:

260 3339 379 3396 rari
402 3354 535 3395 vero
565 3356 661 3410 per
686 3339 880 3397 Filium
908 3336 1127 3397 Patrem
1145 3382 1159 3404 .
1194 3355 1301 3396 non
1332 3350 1417 3396 est
1445 3339 1747 3397 differentis
1775 3350 1871 3396 aut

259 3433 458 3489 exteri.
489 3432 662 3489 Sicuti
704 3449 810 3490 non
854 3441 1013 3492 unius
1037 3440 1155 3501 est,
1198 3448 1306 3488 nun
1349 3432 1419 3487 ab
1465 3447 1525 3489 se
1574 3432 1721 3503 loqui
1750 3448 1872 3505 qua:

261 3523 548 3597 loquatur;
581 3541 758 3599 neque
785 3541 1001 3583 rursum
1032 3525 1195 3581 alieni
1220 3541 1285 3581 ac
1317 3524 1635 3596 separabilis
1659 3525 1765 3593 sit,
1793 3523 1875 3581 lo-

261 3617 359 3689 qui
379 3634 476 3690 per
494 3620 804 3691 loquentem
832 3637 846 3677 :
869 3618 965 3676 sed
994 3624 1095 3675 hoc
1115 3634 1304 3676 eorum
1333 3627 1729 3677 sacramentum
1752 3628 1838 3676 est
1854 3659 1871 3686 ,

262 3714 358 3786 qui
404 3730 570 3772 unum
619 3722 766 3772 sunt.
808 3713 889 3787 (2)
929 3713 1007 3788 (τι)
1039 3714 1107 3771 Et
1135 3726 1363 3787 uterque
1396 3732 1503 3771 non
1529 3715 1675 3771 aliud
1710 3722 1869 3782 sunt,

264 3808 358 3880 qui
399 3824 494 3880 per
520 3817 728 3866 natum
759 3809 1143 3881 proprietatem
1181 3808 1235 3865 in
1273 3824 1397 3865 sese
1439 3817 1604 3866 sunt:
1644 3823 1874 3881 quorum

264 3901 387 3959 hac
410 3902 592 3959 unitas
628 3912 748 3969 est,
780 3911 837 3958 ut
860 3903 1086 3974 loquens
1125 3917 1233 3958 non
1260 3901 1330 3957 ab
1364 3915 1424 3958 se
1463 3901 1747 3973 loquatur;
1779 3916 1876 3958 ne-

265 4008 373 4069 que
391 3994 488 4068 qui
507 4010 615 4052 non
635 3995 705 4050 ab
724 4010 784 4052 se
812 3994 1079 4067 loquitur,
1111 4011 1220 4051 non
1250 3996 1516 4068 loquatur.
1548 3996 1616 4051 Et
1653 3994 1777 4067 quia
1819 3994 1874 4051 in

268 4102 330 4144 se
369 4087 588 4144 Patrem
627 4094 686 4144 et
728 4086 875 4158 loqui
918 4096 976 4143 et
1014 4087 1231 4159 operari
1277 4087 1573 4154 docuerat;
1619 4085 1877 4158 perfectae

268 4180 435 4253 hujus
458 4181 684 4237 unitatis
708 4180 871 4237 ﬁdem
906 4182 1121 4248 statuit,
1153 4180 1378 4237 dicens:
1416 4179 1523 4237 Sed
1564 4177 1723 4235 Pater
1742 4220 1758 4247 ,
1789 4178 1878 4251 qui

268 4277 323 4332 in
340 4292 426 4331 me
452 4284 654 4343 manet,
675 4275 787 4347 ipse
821 4275 946 4346 facit
974 4291 1131 4350 apera
1158 4291 1273 4330 sua.
1315 4274 1520 4332 Credite
1545 4274 1711 4340 mihi,
1741 4290 1875 4347 quo-

268 4369 415 4425 niam
443 4384 538 4441 ego
572 4369 628 4423 in
679 4366 871 4433 Patre.
899 4378 947 4423 et
991 4367 1151 4424 Pater
1175 4369 1231 4424 in
1265 4385 1365 4424 me.
1409 4368 1508 4424 Sin
1555 4377 1758 4432 autem,
1800 4368 1880 4424 vel

268 4470 482 4534 prapter
516 4477 674 4532 opera
711 4462 826 4533 ipsa
853 4462 1043 4516 credite
1073 4460 1263 4533 (lbid.,
1287 4458 1399 4535 il).
1425 4461 1589 4519 Pater
1623 4469 1881 4534 operatur

269 4559 324 4615 in
350 4558 526 4625 Filio;
556 4557 651 4614 sed
671 4566 727 4614 et
753 4557 922 4614 Filius
946 4572 1085 4626 opus
1111 4558 1287 4613 Patris
1311 4567 1589 4628 operatur.

1971 3335 2085 3409 Ego
2113 3346 2162 3390 et
2195 3334 2354 3391 Pater
2379 3351 2541 3390 unum
2564 3350 2775 3405 sumus,
2807 3348 2900 3393 et:
2931 3337 3032 3404 Qui
3058 3355 3141 3393 me
3174 3340 3328 3407 vidit,
3361 3342 3485 3396 uidit
3525 3352 3574 3397 et

1973 3428 2215 3495 Patrem,
2242 3438 2296 3485 et
2321 3446 2335 3483 :
2366 3428 2478 3501 Ego
2521 3430 2578 3485 in
2606 3428 2765 3485 Patre
2785 3472 2800 3499 ,
2827 3441 2877 3487 et
2918 3429 3079 3488 Pater
3102 3434 3155 3488 in
3191 3450 3270 3489 me
3294 3434 3350 3507 (1
3357 3453 3476 3491 oan.
3502 3452 3539 3491 χ
3556 3478 3572 3502 ,

1970 3523 2082 3591 29;
2115 3522 2225 3591 1b.,
2258 3539 2377 3591 xw,
2409 3523 2471 3592 9;
2506 3521 2667 3591 Ibid.,
2695 3523 2826 3593 il):
2862 3525 2987 3596 quia
3016 3542 3121 3583 non
3148 3528 3330 3585 dill‘ert
3354 3546 3456 3587 nec
3481 3531 3575 3589 de-

1974 3627 2197 3690 generat
2220 3617 2507 3686 nativitas,
2539 3619 2664 3688 quia
2693 3618 2853 3674 unius
2877 3621 2930 3675 in
2959 3620 3119 3678 Patre
3141 3632 3193 3677 et
3217 3621 3356 3679 Filio
3381 3624 3577 3680 divini-

1977 3710 2102 3765 tatis
2122 3719 2519 3787 saeramentum
2536 3709 2831 3766 nativitatis
2852 3721 3038 3768 natura
3057 3726 3426 3783 consummat,
3449 3719 3576 3772 dum

1976 3807 2074 3865 Dei
2110 3808 2252 3864 ﬁlius
2291 3822 2398 3863 non
2435 3807 2580 3863 aliud
2613 3823 2770 3878 quam
2804 3808 2947 3865 Deus
2973 3819 3074 3866 est.
3112 3811 3180 3867 Et
3220 3811 3424 3869 idcirco
3465 3831 3573 3869 non

1978 3904 2031 3960 in
2060 3904 2193 3961 deos
2235 3903 2373 3959 duos
2404 3902 2667 3974 unigeniti
2694 3903 2970 3975 generatio
3009 3903 3296 3975 deputatur
3323 3924 3338 3960 :
3370 3907 3492 3978 quia
3523 3908 3577 3965 in

1978 3996 2150 4053 Deum
2192 3996 2332 4052 ﬁlius
2361 3996 2459 4051 Dei
2506 4009 2767 4060 nascens,
2804 4006 3050 4052 naturam
3081 3995 3136 4051 in
3175 4012 3236 4054 se
3272 3998 3367 4055 Dei
3397 4014 3458 4055 se
3501 4001 3578 4071 εἰς

1980 4092 2193 4163 gnentis
2222 4090 2486 4147 exhibuit.

2296 4229 2655 4303 211-212
2706 4225 2912 4284 LlBER
2959 4223 3137 4285 OCTA
3149 4227 3298 4288 VUS.

1983 4365 2290 4423 Naluralent
2333 4363 2464 4420 Filii
2504 4372 2551 4419 et
2587 4364 2758 4419 Patris
2787 4364 3032 4419 unitatem
3063 4376 3375 4438 prapugnat.
3409 4366 3590 4425 Proce-

2054 4463 2216 4517 mium
2262 4460 2317 4515 in
2368 4475 2427 4515 eo
2477 4468 2747 4526 uersatur,
2791 4467 2849 4513 ut
2893 4459 3135 4530 episcopo
3193 4476 3288 4517 nec
3344 4463 3590 4520 innocen-

2058 4556 2181 4612 tiam
2217 4554 2328 4614 sine
2385 4552 2599 4608 scientia
2627 4595 2641 4617 ,
2709 4568 2803 4607 nec
2847 4553 2958 4609 sine
2997 4553 3285 4609 innocentia
3325 4557 3589 4613 scientiam

340 4652 441 4709 Η.
484 4650 782 4708 Nativitatis
819 4662 869 4708 et
911 4662 1113 4709 natum
1151 4668 1261 4709 sua:
1306 4653 1493 4709 diuinte
1520 4653 1677 4724 ﬁdem
1711 4654 1877 4726 poscit
1900 4638 1957 4700 D
2053 4649 2282 4721 sufﬁcere
2316 4646 2569 4702 ostendat.
2603 4644 2734 4700 Tum
2764 4647 2881 4717 pius
2908 4661 3051 4718 teque
3078 4663 3141 4701 ac
3173 4648 3354 4705 doctus
3384 4648 3591 4707 Ρνωεηι

272 4746 532 4804 Christus.
564 4746 839 4820 Unigenito
882 4748 1152 4819 proprium
1188 4757 1261 4803 est
1304 4749 1470 4803 inesse
1494 4747 1650 4804 simul
1675 4756 1723 4803 et
1756 4747 1878 4803 sub-

270 4843 472 4898 sistere.
498 4870 569 4883 —-
592 4841 672 4898 Ne
710 4857 840 4913 ergo
884 4858 980 4913 per
1009 4842 1221 4898 virtutis
1264 4843 1607 4899 efﬁcientiam
1628 4885 1643 4907 ,
1672 4854 1729 4900 ct
1771 4858 1878 4899 non

275 4950 374 5006 per
396 4943 604 4989 natura:
634 4948 755 5005 qttte
783 4933 1078 4991 secundum
1109 4935 1440 4991 nativitatem
1469 4943 1554 4992 est
1576 4936 1880 5007 proprieta-

274 5036 388 5086 tem
410 5069 427 5097 ,
455 5027 617 5085 Pater
646 5031 699 5085 in
729 5027 867 5084 Filio
896 5037 951 5085 et
991 5032 1204 5100 operari
1244 5030 1558 5087 crederetur
1609 5040 1662 5088 et
1698 5030 1881 5103 loqui;

278 5121 385 5178 ait:
413 5118 616 5177 Credite
643 5122 803 5191 mihi,
835 5122 1075 5194 quoniam
1115 5140 1206 5195 ego
1233 5125 1289 5179 in
1317 5122 1508 5194 Patre,
1549 5133 1597 5179 et
1639 5124 1799 5180 Pater
1826 5124 1883 5179 in

356 5261 439 5338 (l)
479 5259 548 5317 Et
576 5260 733 5318 Pater
755 5263 810 5318 in
836 5280 916 5319 me
939 5265 1049 5319 est?

358 5379 443 5451 (al
479 5378 570 5436 Sic
597 5379 776 5451 potior
800 5380 971 5437 codex
1001 5377 1155 5437 Colb.
1185 5395 1308 5438 cum
1351 5381 1536 5439 Germ.
1568 5380 1678 5438 Alii
1724 5397 1889 5449 vero,

285 5452 574 5539 quinilan
593 5462 754 5539 sntit,
780 5453 870 5539 qui
894 5462 1102 5539 uterque
1133 5468 1236 5510 non
1263 5455 1408 5510 aliud
1432 5464 1580 5522 sunt,
1612 5456 1715 5511 nisi
1746 5453 1892 5528 quod

288 5524 346 5582 in
371 5524 527 5580 Mart.
555 5534 607 5580 et
628 5525 718 5597 qui
738 5533 977 5597 uterque,
1007 5524 1114 5581 etc.

364 5614 442 5693 (li)
484 5616 577 5672 Er.
610 5615 757 5687 Lips.
790 5627 844 5673 et
866 5616 1139 5693 Parsqua.
1182 5617 1349 5693 Magis
1376 5619 1581 5692 placuit
1618 5636 1731 5693 qua:
1772 5634 1895 5678 cum

293 5688 427 5745 Bad.
460 5698 517 5745 et
563 5702 693 5744 mss.
725 5704 953 5756 quorum
1004 5688 1059 5746 in
1104 5688 1491 5748 vetustioribus
1543 5688 1666 5748 mox
1724 5701 1900 5749 exstat

300 5770 530 5839 posceret
548 5803 562 5825 ,
586 5777 691 5816 non
725 5772 1048 5834 poposcerat.

2056 4743 2221 4798 varias
2259 4740 2327 4794 ad
2367 4738 2626 4809 simplices
2667 4737 2993 4808 decipiendos
3036 4739 3350 4796 Arianorum
3382 4745 3593 4799 (cennos

2060 4835 2372 4908 fallacesque
2407 4831 2924 4902 interrogatiunculas
2954 4833 3183 4904 exponit.
3219 4835 3351 4901 Quia
3370 4849 3488 4890 vero
3513 4834 3595 4892 illi

2058 4927 2250 4986 Christi
2288 4924 2459 4990 verba,
2490 4923 2599 4995 Ego
2626 4935 2680 4980 et
2719 4924 2879 4981 Pater
2908 4942 3071 4982 unum
3102 4941 3288 4984 sumus
3322 4930 3391 4983 ad
3428 4930 3596 4985 solam

2059 5019 2336 5078 uoluntatis
2358 5018 2683 5074 concerdiam
2709 5018 3026 5090 detorquent.
3057 5036 3268 5091 eamque
3292 5023 3600 5096 interpreta-

2063 5116 2253 5172 tionent
2290 5113 2369 5168 Itis
2397 5113 2516 5169 aliis
2542 5112 2849 5184 conﬁrmare
2882 5113 3063 5170 solent.
3101 5112 3446 5174 Credentium
3477 5128 3599 5176 erat

2066 5256 2143 5331 (2)
2185 5255 2287 5323 Qui
2316 5265 2545 5329 uterque.

1997 5386 2343 5455 opponantur
2367 5374 2612 5455 proxime
2631 5374 2811 5444 dictis,
2835 5374 2959 5435 Non
2985 5388 3063 5435 est
3081 5381 3428 5455 corporalium
3450 5395 3604 5444 natu-

1999 5446 2181 5504 rarum
2206 5451 2306 5504 ista
2324 5446 2565 5504 conditio.

2074 5520 2159 5648 gl)
2180 5520 2336 5604 Apud
2364 5521 2485 5575 Par.
2508 5520 2847 5606 desideratur
2867 5523 3303 5613 particuladum:
3320 5529 3443 5590 Mox
3468 5536 3603 5596 Bad,

2125 5609 2170 5648 r.
2195 5594 2494 5648 subsistens.
2528 5593 2714 5648 Melius
2734 5593 2826 5648 aln
2852 5595 2992 5648 ltbrt.
3013 5596 3345 5648 ευὸειειρηιη,
3374 5610 3564 5648 ςηηηιιι
3586 5626 3603 5642 ο

2002 5603 2058 5678 et
2074 5592 2170 5676 Er.
2195 5592 2494 5678 subsistens.
2528 5593 2714 5678 uenus
2734 5593 2826 5648 alii
2852 5595 2992 5678 una,
3013 5596 3348 5668 subsistentis,
3373 5592 3604 5678 supple}

2002 5666 2305 5753 utriusque:
2335 5665 2736 5753 hoc‘estj‘dum
2771 5680 2876 5753 non
2905 5667 3007 5721 alia
3039 5678 3226 5753 natura
3255 5665 3343 5731 est
3367 5665 3490 5753 ejtis
3510 5665 3607 5753 qui

2006 5737 2306 5813 secundum
2329 5737 2756 5813 generationem,
2785 5751 2880 5792 seu
2904 5754 3007 5807 qua
3030 5742 3244 5811 genitor
3266 5759 3370 5813 est,
3395 5737 3607 5810 'sulis'is;

2008 5809 2092 5878 tit,
2124 5821 2179 5864 et
2208 5809 2327 5882 ejus
2367 5810 2457 5881 qui
2497 5807 2744 5865 subsistit
2779 5807 3076 5869 secundum
3111 5807 3478 5891 nativitatem,
3504 5807 3609 5883 seu

371 5872 442 5949 (c)
475 5873 606 5932 Bad.
648 5882 706 5932 et
751 5873 848 5931 Er.
881 5876 1117 5947 specialis
1143 5894 1164 5936 :
1208 5879 1388 5937 minus
1416 5878 1576 5949 bene,
1619 5893 1744 5938 cum
1786 5878 1905 5937 haec
2008 5872 2113 5953 qua
2142 5872 2320 5937 natus.

729 5969 1008 6034 PATnOL.
1055 5972 1142 6035 X.

3054 5981 3096 6046 8
