3988 6332
442 312 551 375 255

1655 296 1901 363 SANCTI
1939 293 2199 361 HILARII
2238 292 2550 361 EPISCOPI

3638 290 3738 364 Q36

517 432 702 492 anima
737 436 792 489 et
820 441 916 487 cor
948 438 1113 485 unum
1143 437 1159 491 ;
1202 429 1289 491 et,
1327 417 1429 491 Qui
1472 418 1683 491 plantat
1708 428 1761 474 et
1787 418 1878 488 qui
1914 416 2052 488 rigat.
2080 434 2130 493 Α
2225 414 2454 485 quadam
2478 412 2757 485 qualitate,
2787 420 2837 469 et
2875 427 2977 482 non
3021 408 3079 469 in
3119 416 3309 469 natura
3344 409 3527 471 habere
3562 415 3735 486 utan;

444 586 447 595 _
517 546 684 587 unum
706 534 862 592 sunt;
883 533 953 594 et,
968 521 1039 580 Ut
1062 533 1253 577 omnes
1274 532 1441 574 unum
1462 515 1589 582 sint,
1614 513 1756 571 sicut
1773 523 1849 579 tu,
1874 512 2056 579 Pater,

517 623 572 678 in
608 635 716 689 me,
743 627 801 675 et
824 631 925 688 ego
946 615 997 672 in
1031 625 1082 669 te
1108 631 1122 669 :
1146 609 1403 669 contendit
1431 623 1729 675 unumesse,
1744 605 1923 677 ﬁdeles
1943 605 2058 676 qui-

519 716 633 773 dem
678 730 767 784 per
789 726 946 767 unam
975 709 1131 764 unius
1158 705 1280 777 ﬁdei
1307 712 1567 769 naturam,
1603 701 1915 773 plantantem
1942 714 2057 755 vero

515 820 567 869 et
610 811 882 882 rigentem,
913 812 1161 876 quatenus
1206 817 1308 857 uno
1353 798 1604 870 baptismo
1633 812 1736 859 una
1772 811 1853 850 res
1893 791 2060 860 e/Iecti

516 905 672 963 unius
695 905 850 959 etiam
880 896 1277 969 regenerationis
1304 897 1406 949 sint
1434 892 1688 947 ministri:
1719 889 1928 947 demum
1954 888 2055 949 im-

516 999 675 1072 perite
719 995 925 1057 omnino
971 991 1233 1048 Christum
1275 989 1533 1045 dicturum
1580 987 1741 1058 fuisse
1781 993 1842 1040 ut
1888 998 2053 1041 unum

514 1095 648 1161 sint,
684 1108 779 1164 pro
804 1097 868 1147 ut
899 1102 1070 1147 unum
1090 1085 1277 1152 velint,
1302 1084 1347 1138 si
1362 1081 1527 1138 solant
1551 1079 1824 1136 voluntatis
1845 1094 2056 1134 concor—

512 1190 655 1247 diam
674 1186 780 1243 suis
801 1183 999 1255 precari
1027 1179 1291 1237 uoluisset.
1324 1175 1460 1231 Hinc
1481 1190 1582 1246 qua
1603 1173 1823 1238 ratione,
1846 1170 2053 1227 Christo

510 1281 786 1345 mediante,
822 1292 983 1332 unum
1022 1289 1141 1330 cum
1170 1272 1330 1327 Patre
1367 1269 1672 1325 naturaliter
1696 1268 1858 1322 simus
1886 1266 2055 1338 expli-

513 1382 630 1430 cat:
660 1371 816 1442 idque
848 1367 1076 1441 defendit
1114 1364 1259 1421 nobis
1281 1362 1519 1434 praestari
1548 1370 1658 1416 tum
1692 1376 1781 1431 per
1804 1371 2053 1423 wternam

510 1466 750 1540 gloriam,
780 1481 881 1536 qua
910 1463 1153 1516 honorem
1180 1460 1279 1531 ipsi
1303 1475 1335 1512 a
1356 1456 1516 1511 Patre
1536 1456 1713 1511 datum
1738 1454 2047 1525 accipimus,

510 1572 620 1618 tum
646 1577 737 1633 per
764 1556 1148 1615 lncarnationis
1179 1553 1492 1625 mysterium,
1522 1567 1623 1623 quo
1652 1552 1917 1621 propriam
1937 1566 2054 1605 car-

510 1657 590 1711 nis
616 1664 805 1711 nostra!
825 1663 1060 1709 naturam
1078 1650 1254 1705 retinet
1282 1646 1567 1703 arctissime
1601 1644 1700 1700 sibi
1733 1646 2047 1715 copulatam,

508 1759 616 1807 tum
638 1765 861 1807 manante
875 1765 964 1817 per
987 1742 1332 1803 Eucharistite
1345 1749 1740 1803 sacramentum,
1764 1755 1864 1810 quo
1881 1754 2050 1794 ueram

2233 522 2387 576 quam
2414 506 2467 560 in
2494 506 2674 560 virtute
2709 521 2769 560 ac
2801 505 2999 563 unitate
3027 515 3227 562 naturae
3252 506 3540 577 ponendam
3563 489 3759 580 conﬁp~

2234 610 2338 655 mat
2366 599 2587 666 Paulus,
2615 600 2703 657 ubi
2743 600 2951 673 subjicit
2980 617 3070 671 pa
3097 599 3357 659 Christum
3383 612 3433 658 et
3463 602 3517 657 in
3554 599 3741 661 Christo

2232 704 2406 750 creata
2435 704 2482 750 et
2522 695 2854 751 reconciliata
2880 711 2990 753 esse
3018 696 3225 762 cumis;
3263 705 3314 752 et
3354 695 3415 752 id
3439 696 3635 768 quidem
3657 699 3739 767 ita,

2232 799 2286 847 ut
2316 789 2368 845 in
2402 806 2462 846 eo
2501 791 2862 849 reconciliante
2894 791 3185 849 reconciliet
3227 790 3401 849 Pater.
3444 790 3659 848 Domum
3693 796 3745 851 in

2229 899 2331 957 quo
2375 884 2642 955 plenitudo
2678 885 2958 939 divinitatis
2986 885 3320 958 corporaliter
3347 884 3509 959 213
3528 926 3545 953 ,
3575 886 3628 940 id
3655 896 3740 952 est,

2229 994 2345 1034 aere
2375 989 2425 1037 et
2454 979 2857 1039 substantialiter
2876 979 3074 1039 habitat
3093 1023 3109 1048 ,
3142 998 3245 1038 non
3263 991 3431 1054 potest
3456 999 3560 1038 non
3578 981 3745 1039 habere

2228 1076 2366 1143 quod
2382 1071 2523 1129 Deus
2539 1083 2628 1142 est,
2647 1084 2693 1129 et
2716 1074 2925 1145 perinde
2936 1091 3072 1131 unus
3084 1084 3159 1134 est
3171 1091 3287 1131 cuiu
3299 1091 3364 1131 eo
3375 1073 3538 1133 Deus.
3552 1076 3747 1133 ltum

2228 1168 2282 1224 in
2302 1168 2382 1225 his
2396 1170 2628 1227 omnibus
2646 1168 2770 1227 Filii
2781 1186 2901 1227 cum
2923 1169 3084 1227 Patre
3104 1174 3349 1229 unitatem
3369 1175 3652 1230 ..θυσίαι
3665 1175 3746 1231 de-

2229 1271 2475 1319 monstrat
2498 1274 2551 1319 ut
2566 1264 2761 1335 pariter
2773 1264 3015 1320 adstruat
3024 1281 3363 1336 personarum
3371 1267 3743 1324 distirtctioneat.

2229 1370 2283 1424 1.
2319 1368 2669 1441 Episcopuset
2693 1370 2808 1441 pius
2829 1370 2975 1427 debet
2993 1385 3099 1426 esse
3123 1380 3170 1426 et
3191 1374 3390 1427 doctus.
3414 1372 3523 1428 Cur
3550 1371 3746 1443 Episco-

2155 1476 2251 1532 pus
2267 1472 2314 1517 et
2338 1460 2499 1516 bonus
2524 1472 2569 1517 et
2590 1462 2771 1519 doctus
2788 1479 2903 1518 esse
2918 1461 3115 1518 debeat.
3131 1459 3380 1519 Praecidit
3399 1461 3603 1519 Paulus
3621 1468 3744 1536 fore,

2152 1555 2334 1625 quibus
2383 1565 2638 1610 teneretur
2681 1554 2971 1629 Episcopus
3019 1557 3393 1615 contradicere.
3440 1587 3515 1599 —
3569 1557 3746 1615 Beatus

2153 1647 2428 1719 apostolus
2498 1647 2697 1705 Paulus
2761 1647 2993 1705 formam
3067 1649 3435 1707 constituendi
3507 1649 3747 1723 Episcopi

2155 1742 2366 1813 ﬁngens
2417 1740 2496 1813 (l)
2543 1741 2659 1814 (α),
2720 1750 2778 1799 et
2802 1742 2967 1814 plane
2984 1758 3181 1799 novum
3207 1740 3465 1801 Ecclesiae
3490 1744 3750 1802 hominem

510 1848 650 1902 illius
676 1859 883 1899 carnem
924 1857 986 1896 ac
1014 1839 1314 1911 sanguinem
1342 1836 1611 1892 sumimus.
1657 1833 1839 1906 Neque
1865 1832 1951 1887 hic
1971 1843 2049 1887 ta-
2079 1846 2129 1907 Β
2152 1836 2439 1909 praeceptis
2464 1837 2577 1892 suis
2597 1837 2859 1906 condens,
2885 1837 3025 1895 hanc
3051 1839 3213 1895 veluti
3236 1853 3504 1895 summam
3536 1838 3617 1911 (ὁ)
3637 1854 3752 1895 eon-

512 1948 654 1996 cetur
679 1934 993 1992 incredibilis
1022 1932 1376 1989 haereticorum
1403 1928 1685 1994 calumnia,
1713 1926 1863 1996 uulgo
1890 1926 2055 1999 jacti—

513 2029 736 2087 tantium
767 2028 980 2085 Patrem
1005 2036 1055 2082 et
1084 2023 1286 2079 Filium
1314 2022 1378 2079 ab
1407 2023 1471 2078 iis
1497 2020 1759 2077 discordes
1784 2020 2049 2091 aﬁirmari,

508 2126 600 2197 qui
626 2124 822 2183 nudam
847 2123 993 2178 illam
1019 2118 1295 2179 volumatis
1312 2118 1639 2174 concordiam
1660 2134 1760 2172 non
1778 2116 2050 2187 recipiunt.

443 2215 698 2290 Deinceps
746 2218 1038 2273 naturalem
1088 2215 1350 2284 utriusque
1391 2212 1633 2267 unitatem
1691 2209 1923 2283 pluribus
1964 2207 2054 2263 de-

514 2320 803 2373 monstrat:
852 2308 1077 2376 Primo,
1126 2308 1248 2378 quia
1307 2305 1539 2377 Spiritus
1574 2313 1816 2368 sanctus,
1864 2318 1981 2359 cum
2020 2317 2054 2357 a

512 2405 671 2462 Patre
701 2403 967 2476 procedat,
1001 2418 1034 2455 a
1067 2399 1215 2456 Filio
1244 2409 1414 2455 tamen
1444 2408 1492 2453 et
1522 2397 1743 2453 mittitur
1763 2404 1810 2450 et
1831 2394 2051 2464 accipit;

509 2507 557 2555 et
595 2498 692 2554 hoc
726 2497 954 2564 quidem,
992 2496 1115 2565 quia
1148 2493 1313 2565 ipsius
1352 2501 1469 2547 sunt
1509 2489 1685 2545 omnia
1721 2504 1840 2559 aute
1873 2486 2052 2543 Patris

505 2602 645 2648 sunt.
693 2590 967 2653 Secundo,
1018 2588 1143 2657 quia
1183 2585 1363 2641 Patris
1407 2595 1456 2640 et
1504 2582 1633 2638 Filii
1686 2581 1758 2638 ita
1805 2598 1941 2638 unus
1977 2590 2053 2638 est

511 2686 766 2758 Spiritus,
804 2693 861 2740 ut
902 2683 1135 2755 Spiritus
1178 2681 1370 2737 Christi
1406 2678 1599 2735 habitet
1637 2679 1693 2735 in
1734 2679 1897 2743 nobis,
1935 2695 2052 2734 cum

510 2782 566 2835 in
604 2778 751 2834 nobis
781 2787 858 2835 est
894 2776 1125 2849 Spiritus
1161 2772 1279 2830 Dei.
1312 2772 1507 2837 Tertio,
1543 2773 1664 2843 quia
1698 2771 1807 2829 sine
1839 2771 2053 2827 anathe-

508 2881 646 2927 mate
682 2879 823 2938 sunt,
863 2871 951 2941 qui
983 2867 1190 2924 Christo
1232 2867 1428 2923 cultum
1467 2865 1793 2933 exhibeant;
1837 2880 1956 2921 cum
1996 2865 2053 2920 in

508 2965 779 3022 maledicto
809 2964 876 3018 sit
905 2962 1087 3034 religio
1111 2971 1379 3023 creatura.
1415 2957 1635 3025 Quarto,
1677 2959 1801 3030 quia
1836 2958 1890 3012 in
1920 2955 2050 3028 Spi-

509 3059 615 3115 ritu
653 3057 753 3115 Dei
794 3056 1039 3128 loquitur,
1087 3053 1174 3127 qui
1216 3052 1398 3109 Iesum
1447 3068 1557 3108 esse
1605 3066 1721 3107 uere
1767 3048 2052 3105 Daminum

2156 1942 2548 1987 summatarum
2569 1930 2623 1986 in
2645 1945 2713 1987 eo
2734 1930 2991 1987 virtutum
3021 1945 3149 1988 esse
3174 1932 3357 1988 docuit
3386 1932 3583 1989 dicens
3611 1953 3626 1990 :
3660 1931 3755 1988 ω.

2158 2023 2397 2077 tinentem
2419 2021 2705 2079 secundum
2729 2023 3022 2080 doctrinam
3044 2024 3171 2095 ﬁdei
3220 2025 3462 2093 uerbum,
3492 2038 3552 2080 ut
3589 2036 3752 2097 potens

2158 2117 2223 2172 sit
2247 2115 2510 2173 exhortari
2536 2116 2605 2172 ad
2633 2118 2924 2174 doctrinam
2974 2136 3155 2174 sanam
3174 2161 3190 2185 ,
3244 2130 3293 2175 et
3348 2121 3755 2177 contradicentes

2156 2210 2429 2266 revincere.
2458 2211 2596 2268 Sunt
2616 2213 2751 2267 enim
2779 2213 2929 2267 multi
2949 2211 3025 2286 (c)
3054 2223 3101 2268 et
3129 2229 3235 2268 non
3259 2212 3471 2281 subditi,
3502 2214 3753 2284 cartilagini

2156 2316 2206 2361 et
2228 2306 2524 2363 seductores
2551 2306 2680 2380 (Tit.
2705 2322 2757 2375 ι,
2779 2306 2860 2382 9).
2892 2307 2967 2363 ita
2997 2310 3144 2365 enim
3196 2325 3319 2381 quae
3349 2309 3573 2380 propria
3612 2307 3757 2365 disci-

2158 2403 2321 2473 plinas
2348 2418 2411 2459 ac
2437 2417 2651 2459 morum
2677 2413 2841 2470 sunt,
2886 2404 2953 2459 ad
2990 2404 3277 2461 sacerdotii
3322 2403 3580 2461 meritum
3619 2404 3756 2461 utilia

2156 2510 2278 2551 esse
2316 2494 2621 2567 signiﬁcat,
2664 2497 2711 2551 si
2757 2495 2921 2551 etiam
2960 2495 3079 2553 haec
3112 2511 3236 2567 quae
3285 2496 3354 2553 ad
3396 2497 3663 2555 docenda
3703 2510 3760 2553 sc

2159 2588 2374 2645 tuenda:
2403 2588 2530 2645 ﬁdei
2555 2589 2838 2645 scientiam
2861 2589 3171 2646 necessaria
3198 2599 3326 2646 sunt
3346 2633 3362 2657 ,
3396 2590 3543 2646 inter
3563 2590 3758 2659 reliqua

2157 2699 2267 2740 non
2290 2683 2552 2748 deerunt,
2583 2682 2707 2754 quia
2735 2697 2843 2738 non
2869 2685 3053 2739 statim
3071 2682 3201 2739 boni
3228 2692 3388 2754 atque
3426 2680 3575 2739 utilis
3592 2697 3761 2739 sacer-

2155 2779 2300 2836 dotis
2354 2790 2457 2846 est,
2499 2789 2590 2835 aut
2648 2778 3019 2835 tantummodo
3063 2780 3382 2835 innocenter
3429 2793 3637 2850 egere,
3675 2788 3761 2839 unt

2156 2872 2535 2929 tantummodo
2604 2872 2839 2929 scienter
2908 2873 3205 2944 praedicare
3268 2890 3281 2926 :
3335 2887 3460 2928 cum
3502 2883 3561 2928 et
3614 2873 3760 2928 inuo-

2153 2985 2285 3026 cens
2338 2970 2439 3027 sibi
2496 2979 2704 3026 tantum
2773 2971 3050 3041 proﬁciat,
3099 2971 3200 3026 nisi
3253 2970 3448 3027 doetus
3517 2973 3589 3027 sit
3638 2988 3653 3040 ;
3712 2976 3761 3027 et

2156 3062 2354 3119 doctus
2375 3064 2496 3120 sine
2524 3062 2786 3120 doctrinm
2825 3062 2896 3119 sit
2948 3064 3306 3133 auctoritate,
3355 3063 3460 3119 nisi
3504 3064 3759 3121 innocuis

510 3151 800 3222 conﬁtetur.
828 3147 1038 3214 Quinto,
1068 3147 1193 3217 quia
1218 3162 1320 3201 non
1344 3144 1551 3200 nomine
1578 3143 1713 3210 solo,
1744 3144 1835 3199 sed
1860 3153 2050 3199 natura
2153 3160 2245 3218 δη.
2278 3161 2395 3218 Non
2445 3162 2589 3218 enim
2629 3160 2962 3230 “06.0mm
2998 3174 3181 3217 sermo
3234 3158 3519 3230 probiwa
3579 3161 3764 3215 boue?

511 3242 795 3307 Dominum
815 3257 936 3299 eum
960 3256 1067 3296 esse
1097 3239 1313 3295 credidit
1340 3238 1641 3310 Apostolus,
1670 3237 1760 3308 qui
1791 3235 2053 3307 spiritalia

2178 3254 2401 3326 ,atisque
2428 3253 2716 3325 praeceptis
2741 3252 3017 3309 hominem
3059 3261 3269 3308 tantum
3293 3252 3499 3309 saeculo
3550 3250 3767 3308 θαητοῖ-

513 3337 763 3394 Ecclesiae
807 3335 948 3391 dona
988 3334 1050 3389 ob
1098 3332 1330 3405 Spiritus
1376 3331 1628 3388 unitatem
1676 3329 1831 3385 modo
1881 3328 2054 3398 Patri,
2165 3356 2279 3402 mat
2305 3346 2373 3402 ad
2402 3346 2599 3411 vitam,
2632 3361 2809 3418 neque
2830 3359 3044 3401 mnum
3076 3360 3172 3416 Pe,
3192 3343 3456 3400 mm”
3483 3342 3761 3400 “iam.”

515 3432 667 3489 modo
698 3429 922 3487 Domino
962 3427 1212 3484 attribuit.
1257 3426 1439 3494 Sexto,
1482 3427 1607 3498 quia
1647 3440 1761 3480 uere
1802 3423 2060 3481 Dominus
2165 3443 2403 3499 sum",
2426 3441 2726 3514 synagoga;
2755 3441 2983 3496 ίηειίωίι
3008 3439 3077 3494 ad
3127 3439 3301 3511 iege“,
3354 3455 3369 3493 ε
3428 3435 3531 3494 ωδ
3564 3436 3764 3509 pm,

516 3540 613 3598 est,
644 3531 733 3601 qui
761 3545 893 3585 unus
914 3538 1026 3583 est:
1046 3536 1137 3582 aut
1158 3535 1291 3582 certe
1312 3527 1355 3581 si
1380 3523 1617 3583 Christus
1644 3541 1778 3579 unus
1803 3521 2065 3579 Dominus
2174 3544 2286 3590 mm
2311 3534 2565 3590 Ecclesia;
2592 3534 2887 3605 principem
2917 3532 3169 3603 perfectis
3198 3530 3561 3591 nam“.
3601 3532 3765 3586 νίκη.

517 3640 622 3679 non
649 3623 716 3677 sit
745 3619 910 3686 Deus,
942 3621 1064 3691 quia
1098 3616 1243 3674 Deus
1280 3634 1415 3673 unus
1455 3628 1563 3685 est;
1608 3617 1767 3674 Pater
1796 3617 1914 3687 pari
1936 3620 2056 3690 jure

2178 3640 2283 3684 tum
2305 3629 2462 3685 bonis
2483 3626 2566 3701 (‘2)
2582 3630 2842 3693 instituit,
2876 3634 2938 3682 ut
2965 3637 3021 3683 et
3051 3626 3161 3681 vita
3184 3625 3304 3697 ejus
3324 3635 3557 3683 ornetur
3574 3624 3765 3682 docen-

521 3714 786 3789 negandus
828 3715 925 3770 erit
970 3712 1247 3769 Dominus.
1299 3711 1549 3781 Septimo,
1606 3711 1729 3781 quia
1764 3726 1868 3766 non
1910 3710 2061 3765 modo

523 3807 799 3876 Dominus,
844 3808 933 3863 sed
986 3816 1032 3863 et
1077 3806 1223 3863 Deus
1268 3818 1432 3875 super
1475 3802 1653 3863 omnia
1711 3813 2058 3874 nuncupatur.

529 3902 740 3969 Octauo,
781 3902 904 3973 quia
947 3901 1063 3956 licet
1107 3900 1224 3968 hoc,
1276 3897 1423 3955 Deus
1449 3913 1515 3954 ex
1553 3912 1661 3968 quo
1700 3899 1920 3965 Omnia,
1976 3907 2063 3953 et:

524 3997 781 4054 Dominus
799 4012 895 4067 per
915 4011 1075 4067 quem
1095 3993 1299 4059 omnia,
1325 4008 1661 4063 personarum
1685 3992 2067 4051 distinctionem

523 4100 687 4156 sonet,
718 4088 996 4161 efﬁcientia:
1032 4096 1222 4152 tamen,
1270 4085 1466 4141 virtutis
1496 4102 1556 4140 ac
1584 4095 1780 4145 natura:
1805 4086 2065 4158 significat

526 4185 806 4252 unitatem;
832 4183 961 4237 adeo
991 4189 1047 4236 ut
1071 4180 1201 4235 alias
1230 4179 1379 4234 etiam
1414 4179 1476 4233 de
1518 4176 1721 4234 Christo
1751 4179 1888 4234 dicat
1921 4179 2061 4250 Apo-

528 4280 709 4345 stolus,
740 4295 803 4334 ex
842 4279 959 4348 ipso
995 4283 1048 4331 et
1078 4289 1174 4344 per
1205 4273 1378 4343 ipsum
1409 4282 1462 4327 et
1492 4274 1545 4327 in
1586 4272 1703 4343 ipso
1730 4289 1837 4328 esse
1865 4273 2058 4327 omnia.

534 4372 707 4439 Nono,
748 4372 871 4441 quia
905 4386 1019 4425 cum
1060 4366 1215 4421 vitam
1241 4365 1489 4436 largiatur
1526 4373 1768 4421 wternam
1796 4376 2073 4436 propterea.

528 4466 666 4536 quod
697 4466 870 4536 ipsum
901 4459 1118 4533 signauit
1148 4456 1340 4523 Pater;
1369 4472 1572 4513 necesse
1602 4468 1674 4512 est
1717 4458 1783 4510 sit
1821 4456 2065 4527 signacu-

529 4565 635 4618 lum
661 4561 803 4617 illius
832 4559 1001 4615 vivum
1021 4573 1082 4611 ac
1119 4553 1351 4628 plenum,
1380 4554 1529 4623 cujus
1558 4553 1612 4607 in
1649 4569 1703 4607 se
1733 4568 1934 4607 omnem
1973 4571 2067 4610 ea:-

2168 3722 2241 3779 do
2261 3765 2276 3789 ,
2303 3733 2355 3779 et
2377 3722 2623 3779 doctrina
2651 3721 2905 3779 vivendo.
2936 3719 3183 3790 Denique
3239 3720 3413 3790 ipsum
3462 3717 3652 3785 illurn,
3702 3714 3766 3775 ad

2170 3832 2331 3890 quem
2357 3816 2407 3872 ei
2435 3830 2616 3871 sermo
2640 3822 2793 3882 erat,
2845 3812 3024 3870 Titum
3066 3811 3145 3885 (d)
3196 3811 3501 3869 istiusmodi
3549 3811 3761 3866 (heroic

2170 3908 2614 3965 consummantia:
2640 3908 2916 3979 religionis
2948 3906 3209 3961 instruxit
3259 3921 3277 3957 :
3329 3902 3401 3958 bis
3447 3903 3683 3958 oneribus
3722 3913 3770 3954 te

2170 4003 2341 4075 ipsum
2364 4003 2615 4065 bonorum
2639 4004 2894 4072 factorum
2941 4000 3174 4070 praebens
3195 3996 3491 4068 exemplum
3513 3996 3771 4051 ὀοοαιωιι

2170 4111 2288 4149 cum
2310 4096 2626 4151 veneratione
2648 4093 2854 4150 uerbum
2880 4108 3083 4161 sanum,
3104 4088 3551 4162 irreprehensibile
3564 4104 3587 4154 ξ
3610 4096 3665 4143 ut
3680 4084 3773 4141 ad-

2172 4191 2429 4245 uersarius
2448 4198 2757 4254 revereatur,
2786 4187 2916 4244 nihil
2943 4187 3143 4243 habens
3173 4194 3327 4258 turpe
3351 4194 3443 4239 aut
3469 4183 3668 4239 malum
3706 4180 3769 4235 de

2174 4285 2319 4340 nobis
2348 4284 2516 4339 dicere
2540 4281 2667 4357 (Tit.
2717 4299 2754 4339 η
2779 4325 2795 4351 ,
2832 4283 2885 4351 7,
2939 4282 3018 4353 8).
3048 4280 3167 4337 Non
3190 4280 3459 4352 ignoravit
3482 4279 3671 4335 doctor
3689 4275 3771 4330 hic

2172 4378 2412 4449 gentium
2434 4417 2449 4442 ,
2479 4387 2535 4433 et
2559 4418 2573 4445 ,
2598 4393 2665 4433 ex
2720 4376 3052 4433 conscientia
3085 4373 3355 4446 loquentis
3405 4381 3573 4445 atque
3615 4367 3767 4426 babi-

2175 4472 2339 4527 tautis
2392 4472 2444 4526 in
2495 4486 2555 4527 se
2600 4469 2841 4539 Christi,
2908 4470 3169 4528 Ecclesim
3231 4468 3440 4524 electus
3498 4466 3775 4538 magister,

2175 4562 2407 4619 morbidi
2439 4563 2640 4634 eloquii
2665 4570 2977 4632 grassatum
2998 4575 3121 4617 esse
3164 4559 3447 4629 contagia,
3494 4566 3551 4613 et
3586 4554 3769 4610 adver-

530 4659 682 4732 plicet
721 4662 960 4728 foratum,
1005 4660 1206 4708 omnem
1240 4649 1476 4704 uirtutem
1506 4647 1780 4702 contineat.
1831 4646 1917 4701 Ita
1946 4665 2056 4703 vero

2178 4673 2298 4715 sum
2328 4658 2612 4715 Sanitatem
2642 4657 2930 4711 verborum
2962 4654 3202 4709 ﬁdelium
3241 4651 3615 4707 desmuituram
3645 4646 3769 4700 doc-

531 4752 729 4807 tlrcimo
775 4751 973 4803 omnem
1009 4744 1230 4813 explicat
1272 4738 1451 4795 Patris
1481 4741 1724 4809 formam,
1768 4750 1821 4795 ut
1864 4757 1980 4796 eum
2010 4743 2065 4798 in

531 4846 704 4903 forma
746 4841 862 4907 Dei,
903 4841 958 4894 in
986 4855 1087 4908 qua
1123 4834 1233 4891 Deo
1264 4829 1476 4904 aequalis
1514 4834 1601 4899 sit,
1629 4834 1901 4904 Apostolus
1930 4852 2069 4907 pm»-

532 4940 687 4994 dicet.
711 4933 1015 4997 Undecimo,
1033 4931 1154 4999 quia
1171 4930 1342 5000 imago
1364 4936 1437 4982 est
1457 4926 1555 4982 Dei
1581 4927 1866 4994 inuiubilis,
1885 4930 2067 5001 proin-

532 5031 691 5101 deque
720 5044 810 5081 nec
836 5022 1066 5086 visibilis,
1098 5037 1191 5076 nec
1210 5035 1506 5091 corporeus,
1542 5036 1635 5075 nec
1655 5021 1850 5088 ﬁnitus.
1883 5019 2069 5093 Neque

533 5133 697 5198 potest
742 5120 847 5176 dici
907 5118 1039 5174 lianc
1101 5115 1341 5190 imaginis
1405 5114 1655 5172 rationem
1708 5117 1769 5172 in
1810 5118 2059 5174 inuisibili

533 5268 614 5342 (l)
638 5262 848 5342 igent.

526 5336 607 5413 ('2)
632 5336 873 5390 Instruit.

526 5455 603 5530 (a)
637 5455 767 5509 Bad.
801 5460 856 5508 et
888 5450 977 5505 Er.
1011 5462 1129 5503 cum
1158 5444 1343 5501 codice
1373 5444 1486 5500 bas.
1525 5444 1642 5505 Vat.
1683 5461 1750 5503 ac
1777 5448 2050 5504 recentia-

449 5545 512 5589 re
534 5528 687 5597 Coll).
721 5526 885 5597 ﬁgens
906 5536 925 5578 :
946 5520 1097 5597 quod
1118 5519 1286 5597 prima
1310 5515 1485 5577 fronte
1512 5517 1805 5597 placuerat.
2046 5552 2050 5556 Α

521 5600 596 5671 (b)
634 5590 781 5671 Mss:
795 5596 913 5671 vat.
945 5590 1142 5671 bas._e_t
1171 5590 1897 5671 Martuconsummandartun.

519 5659 591 5743 (ε)
627 5669 946 5731 Particulam
975 5663 1152 5743 et_h_ic
1177 5672 1229 5743 et
1270 5659 1405 5717 infra
1449 5662 1711 5743 expunxit
1742 5662 2038 5743 timemus,

442 5732 688 5816 quamvis
715 5749 890 5797 exstet
909 5736 1071 5807 apud.
1099 5735 1228 5791 Bad.
1261 5747 1363 5790 nec
1390 5749 1497 5789 non
1522 5735 1573 5788 in
1609 5732 1862 5791 omnibus
1899 5749 2035 5791 mss.

441 5827 500 5871 ut
550 5818 601 5870 in
647 5828 826 5887 grazco
855 5820 1022 5887 textu.
1151 5879 1161 5887 _
1218 5879 1228 5887 _
1401 5877 1433 5887 η
1476 5876 1506 5887 __

508 5888 589 5961 (ιι)
615 5877 733 5944 Vat.
767 5885 882 5941 bas.
911 5880 1079 5939 codex
1103 5920 1117 5947 ,
1144 5877 1433 5935 istiusmodi
1454 5877 1607 5934 dicto.

2180 4752 2337 4807 trinae
2364 4750 2633 4820 pestilens
2652 4747 3057 4819 corruptionem
3076 4788 3089 4812 ,
3121 4761 3244 4817 quae
3268 4745 3452 4815 impia:
3478 4738 3772 4809 intelligen-

2178 4848 2269 4903 tiae
2296 4845 2502 4917 su;1‘(c‘)
2530 4845 2672 4899 luem
2700 4842 2955 4914 usquead
2985 4844 3162 4912 ipsam
3215 4840 3403 4896 sedem
3446 4836 3638 4893 animi:
3672 4831 3768 4888 de«

2179 4956 2432 5012 mergens
2451 4981 2466 5005 ,
2503 4937 2768 5009 profundo
2791 4944 3038 5006 serperet
3066 4936 3232 4989 malo.
3261 4934 3338 4988 Eu
3374 4932 3460 4987 his
3486 4932 3628 4986 enim
3650 4927 3721 4981 ait
3748 4943 3762 4981 :

2180 5036 2418 5100 Quorum
2443 5046 2608 5086 sermo
2631 5038 2685 5085 ut
2706 5046 2889 5084 cancer
2919 5030 3072 5100 serpit
3096 5012 3167 5100 (li
3185 5025 3325 5082 Tini.
3351 5025 3419 5092 ll,
3452 5022 3561 5097 Π),
3592 5017 3765 5081 latenti

2176 5141 2394 5197 semper
2415 5124 2837 5196 subrepentique
2863 5122 3117 5194 contagio
3136 5121 3424 5178 sanitatem
3453 5118 3538 5192 (ὃ)
3560 5114 3629 5191 (f)
3659 5127 3766 5188 pen

2250 5264 2331 5340 (3)
2356 5263 2635 5321 Ρετυεηω.

3272 5443 3386 5507 tius
3413 5442 3466 5499 in
3515 5453 3649 5499 ωειλ.
3689 5435 3760 5492 ευρ

2250 5446 2320 5520 (c)
2354 5449 2507 5517 Apud
2536 5447 2689 5517 Lips.
2717 5455 2772 5503 et
2790 5446 3129 5524 Parc‘luhcem.
3160 5446 3386 5524 inscitius
3413 5446 3466 5499 in
3507 5456 3517 5524 ρ

3304 5532 3351 5570 r.
3402 5514 3641 5591 minus
3658 5513 3763 5569 erat

2166 5516 2277 5603 cem
2358 5516 2452 5590 pro
2481 5536 2584 5591 qun
2608 5516 2746 5574 ’voce
2790 5516 2934 5589 apud
2983 5516 3112 5577 ΒΜ,
3152 5525 3209 5573 et

2164 5606 2463 5735 ψ(ιῆᾟίεά
2490 5660 2617 5735 Vat.
2644 5661 2757 5735 bas.
2784 5669 2839 5735 et
2867 5658 3033 5719 Cum.
3068 5674 3334 5735 peruersis.
3394 5656 3552 5735 hiant.
3606 5651 3756 5734 Coro.

2161 5729 2361 5802 aliique
2386 5750 2506 5788 cum
2536 5734 2669 5790 edit.
2698 5732 2830 5788 Bud.
2862 5747 3157 5803 persuasat.
3177 5729 3551 5791 Retinendum
3597 5729 3759 5803 omni-

2160 5820 2235 5861 no
2265 5797 2519 5877 pervasis,
2548 5806 2693 5877 quod
2746 5813 2830 5859 est
2864 5797 3036 5861 'Colb.
3093 5802 3432 5874 aliorumque
3486 5797 3755 5874 quamplu-

2158 5878 2301 5934 rium
2327 5878 2682 5949 probze'nots:
2710 5892 2843 5935 mss.
