3988 6332
302 312 423 399 se:

1526 312 1615 373 DE
1642 310 2015 373 TRINITATE
2054 309 2261 369 LIBER
2288 310 2421 370 VIII.

3512 312 3621 377 258

314 456 461 498 vaste
519 438 715 498 mentis
753 435 1024 493 inliciens.
1065 433 1150 491 0b
1200 431 1343 505 quod
1385 429 1501 489 sani
1543 428 1812 487 sermonis
1861 427 1913 482 in
1944 425 2320 490 Adift‘erentis
2367 443 2398 484 a
2451 427 2610 484 Patre
2662 437 2907 495 naturae,
2965 425 3159 486 eodem
3216 429 3617 502 praedicationis

316 535 590 605 Episcopo
612 529 784 587 voluit
807 544 931 587 esse
954 526 1253 584 doctrinam
1276 565 1296 589 ,
1322 522 1442 579 fidei
1474 520 1866 577 conscientiam
1898 558 1913 585 ,

316 622 483 701 ιιι
523 634 577 680 et
603 622 1038 679 exltortationum
1060 616 1341 675 scientiam
1367 657 1380 681 ,
1411 613 1699 669 adversum
1723 612 1915 682 impias

314 730 371 775 et
390 718 684 775 metidaces
708 724 765 771 et
784 729 1011 770 vesanus
1042 709 1497 768 contradictiones
1538 705 1620 781 (η)
1667 706 1916 762 obtinen-

317 821 446 869 tem.
476 810 629 866 Multi
655 808 801 864 enim
826 814 977 874 sunt,
1008 805 1099 875 qui
1127 804 1448 861 simulantes
1470 800 1631 857 ﬁdem
1658 816 1764 854 nun
1789 798 1915 853 sub-

313 907 413 964 diti
440 914 568 962 sunt
594 904 716 959 ﬁdei
742 944 759 971 ,
787 902 997 970 sibique
1026 898 1184 955 ﬁdem
1212 896 1316 968 ipsi
1348 896 1525 964 potius
1550 893 1913 959 constituunt,

313 1002 800 1077 quantaccipiunt.
854 1011 1023 1055 sensu
1068 996 1323 1052 humanae
1366 992 1639 1050 inanitatis
1704 988 1912 1059 inﬂati,

314 1099 444 1154 diam:
463 1111 587 1167 qua:
610 1093 799 1150 volunt
826 1091 1079 1161 sapiunt,
1106 1097 1162 1144 et
1183 1087 1371 1144 uolunt
1414 1100 1609 1157 sapere
1636 1099 1759 1155 qua:
1787 1097 1913 1139 vera

314 1201 444 1251 sunt
472 1208 486 1247 :
516 1206 640 1249 eum
673 1189 957 1261 sapierttire
985 1188 1101 1242 haec
1120 1186 1328 1241 veritas
1372 1183 1479 1248 sit,
1520 1198 1585 1238 ea
1640 1178 1912 1235 interdum

313 1298 511 1357 sapere
535 1298 657 1356 quae
677 1283 838 1339 nolis.
864 1280 1118 1351 Sequitur
1145 1293 1276 1334 vero
1314 1276 1452 1331 hanc
1501 1274 1802 1331 voluntatis
1824 1287 1915 1327 sa-

316 1379 573 1452 pientiam
598 1377 683 1451 (b)
706 1390 887 1433 sermo
902 1374 1181 1437 stultitia:
1208 1374 1335 1443 quia
1361 1384 1593 1427 necesse
1631 1379 1715 1427 est
1769 1368 1912 1438 quod

314 1475 481 1532 stulte
517 1474 743 1545 sapitur,
773 1472 939 1528 stulte
958 1479 1015 1527 ct
1042 1468 1390 1541 praedicetur.
1419 1465 1541 1523 1am
1571 1480 1702 1521 vero
1752 1464 1913 1520 stulta

315 1569 635 1641 praedicatio
662 1577 918 1639 quantum
940 1564 1143 1622 malum
1166 1571 1250 1618 est
1274 1561 1637 1625 audientium,
1662 1574 1784 1615 cum
1822 1568 1909 1615 se-

316 1663 588 1720 ducuutur
616 1663 669 1716 in
699 1660 1023 1717 sententiam
1078 1655 1328 1712 stultitiae
1375 1654 1475 1709 sub
1514 1651 1773 1722 opinione
1823 1666 1914 1707 sa-

312 1757 570 1829 pientiae?
599 1753 669 1810 Bt
695 1754 904 1810 idclrco
932 1750 1226 1822 Apostolus
1255 1748 1399 1805 hunc
1422 1747 1493 1805 de
1522 1747 1607 1803 his
1661 1745 1911 1803 ordinem

2020 530 2219 578 nostra:
2258 538 2419 579 cursu
2473 522 2794 580 duceremus
2844 540 2858 578 :
2903 524 2975 579 ita
3017 534 3075 580 ut
3130 539 3231 581 nec
3284 525 3613 597 singularem

2019 617 2189 673 Deum
2223 612 2357 672 ﬁdes
2389 616 2679 683 Ecclesiae,
2721 633 2823 673 nec
2864 617 2998 673 duos
3049 617 3185 675 deos
3238 618 3616 689 proﬁteretur;

2015 724 2137 765 cum
2166 710 2327 783 215
2353 724 2450 765 nec
2479 709 2734 767 nativitas
2762 709 2856 765 Dei
2902 709 3204 766 solitarium
3251 711 3421 766 Deum
3470 712 3618 767 siue—

2019 812 2138 868 ret,
2180 818 2279 857 nec
2333 803 2584 857 nativitas
2628 800 2867 873 perfecta
2913 802 3249 859 diversarum
3299 814 3612 859 naturarum

2017 895 2236 951 nomina
2263 894 2316 950 in
2348 892 2451 949 diis
2475 894 2686 950 duobus
2716 894 3042 951 admitteret.
3071 895 3275 966 Duplex
3302 907 3482 952 autem
3518 914 3617 950 no-

2017 988 2099 1043 bis
2131 987 2182 1042 in
2213 986 2521 1043 refellendis
2547 1002 2733 1043 eorum
2760 988 3081 1057 vaniloquiis
3105 1002 3231 1045 cura
3264 1000 3380 1056 est,
3420 997 3478 1043 ιιι
3504 989 3616 1060 pri-

2018 1096 2163 1137 mum
2194 1097 2314 1153 qua)
2341 1089 2467 1137 sunt
2495 1091 2678 1137 sancta
2710 1091 2761 1137 et
2794 1078 3029 1153 perfecta
3062 1092 3113 1136 et
3137 1098 3268 1138 sana
3295 1081 3610 1149 doceamus,

2016 1190 2192 1246 neque
2222 1190 2405 1232 sermo
2449 1188 2631 1231 noster
2705 1191 2800 1247 per
2857 1174 3098 1232 deﬂexus
3144 1176 3407 1248 quosdam
3455 1189 3616 1247 atque

2014 1269 2289 1326 anfractus
2334 1271 2593 1329 oberrans
2614 1312 2628 1335 ,
2658 1282 2713 1326 et
2756 1287 2822 1326 ex
2854 1270 3025 1328 deviis
3051 1282 3212 1342 atque
3227 1273 3471 1327 erraticis
3523 1288 3617 1328 cu-

2016 1363 2208 1419 niculis
2232 1378 2543 1435 emergens,
2572 1365 2851 1420 veritatem
2882 1372 3089 1436 qnmrat
3110 1363 3288 1435 potius
3316 1380 3473 1436 quam
3520 1381 3613 1420 os-

2017 1456 2201 1512 tendat
2232 1473 2245 1510 :
2279 1465 2393 1513 tum
2422 1456 2617 1513 deinde
2645 1468 2700 1511 ut
2726 1473 2845 1527 qua:
2875 1455 2943 1513 ab
2975 1455 3080 1511 illis
3108 1456 3343 1512 inanium
3368 1472 3431 1513 ac
3464 1456 3615 1512 falla-

2017 1551 2157 1607 ciutn
2173 1552 2557 1608 sententiarum
2586 1552 2810 1623 argutiis
2837 1550 2904 1608 ad
2936 1553 3172 1623 speciem
3195 1552 3308 1608 veri
3334 1551 3617 1610 blandien-

2019 1644 2086 1701 tis
2110 1655 2384 1717 aptantur,
2410 1661 2471 1703 ea
2524 1647 2638 1718 ipsa
2692 1648 3039 1703 conscientiae
3091 1648 3330 1704 omnium
3384 1649 3613 1706 ridicula

2017 1754 2140 1796 esse
2185 1751 2240 1795 et
2283 1740 2463 1811 inepta
2497 1740 2816 1812 pandamus.
2871 1739 2987 1797 Non
3038 1742 3184 1797 enim
3228 1741 3430 1798 sufﬁcit
3458 1742 3615 1799 nobis

315 1825 490 1908 tenuit
511 1850 701 1907 dicens
726 1865 742 1903 :
766 1846 902 1905 Sunt
929 1846 1067 1901 enim
1087 1843 1235 1898 νηιιαὶ
1257 1851 1304 1899 et
1331 1857 1431 1899 non
1462 1838 1689 1905 subditi,
1714 1838 1911 1895 uattilo-
1941 1825 1989 1887 Β
2014 1832 2264 1895 docuisse
2289 1850 2407 1905 quae
2439 1834 2524 1906 pia
2549 1843 2692 1900 sunt,
2727 1835 2826 1890 nisi
2843 1833 3079 1905 piissima
3097 1850 3160 1891 ca
3188 1850 3308 1893 esse
3337 1851 3433 1908 per
3454 1834 3504 1893 id
3536 1836 3616 1891 in-

312 1945 403 2013 qui
427 1941 800 1999 etaestimares.
824 1934 1321 1994 Contradicenduut
1350 1932 1531 2003 itaque
1552 1940 1637 1987 est
1656 1972 1669 1995 ,
1698 1938 1754 1987 et
1811 1929 1913 1983 im-

312 2040 498 2110 pietuti
526 2035 813 2101 insolenti,
842 2043 899 2088 et
927 2028 1231 2086 insolentiae
1255 2027 1563 2095 vaniloquus
1581 2064 1599 2091 ,
1622 2032 1678 2081 et
1703 2021 1912 2077 vanilo-

318 2134 448 2203 quio
465 2128 739 2187 Μαθηιὶ
774 2138 864 2182 :et
892 2121 1369 2181 contradicendum
1402 2134 1496 2189 per
1525 2117 1787 2173 doctrina:
1824 2129 1910 2170 sa-

321 2227 570 2291 nitatem,
602 2238 699 2294 per
727 2220 853 2276 ﬁdei
894 2217 1211 2281 veritatem,
1242 2230 1339 2285 per
1365 2212 1655 2270 verborum
1687 2208 1911 2264 sinceri-

316 2330 512 2387 tatem;
549 2326 691 2375 utet
724 2315 795 2391 (c)
847 2314 1134 2372 sinceritas
1179 2309 1424 2367 veritatis
1460 2307 1564 2374 sit,
1611 2312 1666 2362 et
1710 2304 1911 2359 veritas

311 2414 581 2473 sanitatis.

376 2509 433 2564 2.
466 2505 580 2562 Hoc
602 2502 908 2574 tempusaibi
919 2496 1341 2557 obvenissssentit
1368 2493 1624 2550 Hilarius.
1646 2490 1781 2565 Quid
1793 2490 1909 2560 jam

303 2602 436 2656 rain
456 2616 515 2655 re
530 2597 816 2670 perfecerit.
849 2595 1018 2662 Quam
1045 2592 1183 2646 viam
1201 2599 1383 2645 contra
1407 2584 1676 2644 haereticos
1719 2591 1905 2639 tenent.

301 2714 378 2737 ι·-
402 2696 483 2751 Ac
506 2693 639 2750 mihi
668 2690 883 2763 quidem
913 2704 976 2745 ea
1006 2701 1151 2743 nunc
1196 2680 1690 2742 commemoranda:
1750 2677 1910 2748 hujus

300 2788 590 2845 umentis
617 2782 928 2856 apostolica:
949 2780 1052 2837 fuit
1077 2793 1236 2835 causa
1256 2819 1272 2844 ,
1304 2777 1427 2849 quia
1461 2774 1708 2830 homines
1729 2779 1909 2827 mente

303 2880 578 2955 perversi,
612 2887 665 2934 et
693 2874 1029 2948 professione
1060 2873 1276 2927 fallaces
1297 2912 1313 2939 ,
1362 2880 1415 2924 et
1472 2884 1569 2940 spe
1600 2868 1822 2931 inanes,
1855 2875 1911 2921 et

301 2988 562 3033 sermone
583 2970 827 3043 viperei.
858 2963 1264 3025 contradicendi
1320 2962 1477 3018 nobis
1525 2959 1908 3016 necessitatem

302 3070 588 3141 iotponuut
620 3066 791 3122 :dum
819 3062 1054 3120 lethales
1074 3060 1380 3122 doctrinas,
1423 3066 1478 3112 et
1524 3053 1905 3110 morhidasin-

302 3159 653 3233 telligentias,
678 3168 733 3214 et
751 3165 1032 3226 corruptas
1062 3152 1368 3208 voluntates
1388 3190 1403 3216 ,
1434 3144 1767 3217 simplicitati
1811 3159 1906 3198 au-

300 3257 568 3315 dientium
589 3269 684 3325 per
710 3252 947 3323 speciem
979 3245 1260 3318 religionis
1290 3242 1569 3298 insinuant

301 3364 401 3410 eos
429 3349 792 3423 praetermissa
819 3344 1130 3417 apostolicae
1176 3337 1658 3412 praedicationibus
1681 3333 1907 3390 sinceri-

304 3457 417 3502 tate
467 3453 721 3516 agentes,
770 3456 841 3496 ne
893 3439 1049 3494 Pater
1095 3445 1248 3506 pater
1274 3434 1381 3499 sit,
1427 3446 1500 3487 ne
1548 3428 1719 3485 Filius
1765 3427 1909 3482 lilius

302 3544 405 3604 sit,
438 3553 507 3593 ne
533 3537 679 3593 Deus
706 3535 842 3591 deus
867 3534 969 3598 sit,
999 3545 1068 3585 ne
1099 3528 1232 3584 ﬁdes
1254 3526 1389 3581 ﬁdes
1413 3525 1504 3579 sit.
1529 3522 1771 3592 Quorum
1815 3534 1909 3576 tte—-

303 3634 453 3690 sanis
476 3630 771 3687 mendaciis
796 3628 1097 3683 renitentes
1122 3637 1294 3693 usque
1339 3635 1404 3676 eo
1438 3620 1550 3689 jam
1600 3631 1907 3694 sermonem

303 3723 681 3796 reaponsionis
731 3732 932 3777 nostra:
980 3715 1337 3779 tetendimns,
1396 3722 1452 3768 ut
1495 3726 1618 3767 cum
1666 3708 1801 3777 (Lib.
1826 3711 1904 3779 ιν)

306 3819 478 3874 Deum
506 3814 791 3880 etDeum,
822 3823 874 3868 ct
902 3809 1044 3884 (Lib.
1095 3811 1157 3878 ν)
1207 3822 1396 3864 verum
1444 3805 1615 3860 Deum
1672 3804 1725 3859 in
1773 3817 1903 3858 vero

304 3909 423 3966 Deo
440 3908 973 3964 detnonstrassetnus
1003 3917 1071 3958 ex
1093 3901 1245 3972 lege;
1287 3907 1397 3955 tum
1434 3895 1630 3952 deinde
1659 3894 1797 3967 (Lib.
1824 3893 1902 3965 v1)

304 4002 603 4073 perfectam
647 4016 713 4055 uc
764 4012 948 4054 veram
999 3992 1403 4065 unigenititDei
1453 3989 1788 4045 nativitatem
1837 4004 1904 4043 ex

301 4095 632 4166 evangelicis
659 4102 821 4164 atque
844 4087 1158 4160 apostolicis
1180 4082 1441 4141 doctrinis
1469 4080 1900 4145 ostenderemus;

306 4198 587 4264 postremo
610 4187 750 4261 (Lib.
775 4184 874 4257 vn)
906 4195 964 4240 ut
988 4197 1175 4240 verum
1213 4180 1383 4236 Deum
1414 4177 1511 4233 Dei
1540 4176 1707 4245 lilium
1737 4186 1792 4232 ct
1823 4176 1904 4231 in—

379 4302 462 4379 (f)
493 4305 764 4378 Optamus.

380 4416 538 4494 (a)ln
573 4418 829 4494 vulgatis,
865 4415 1186 4494 obnitenlcttt.
1365 4402 1752 4494 vetustissimis
1762 4414 1899 4494 mss.

308 4479 571 4549 Vaifbas.
595 4479 751 4547 cuiu.
779 4488 942 4545 Carn.
976 4500 1035 4543 ιιι
1062 4496 1112 4542 et
1134 4486 1299 4541 Coi-li.
1331 4484 1401 4538 ab
1433 4479 1651 4549 antiqua
1702 4489 1863 4557 manu
1884 4512 1899 4536 ,

307 4581 541 4634 quorum
574 4577 872 4634 consensus
905 4562 1149 4615 maxume
1178 4558 1339 4634 debet
1364 4570 1486 4609 esse
1524 4555 1895 4634 auctoritatis.

308 4628 651 4708 praeferimus
674 4633 977 4689 obtinentem
999 4675 1011 4693 ,
1037 4631 1230 4708 supple
1259 4628 1487 4708 palmam
1521 4641 1533 4675 :
1561 4631 1618 4708 ut
1641 4635 1702 4708 ea
1735 4632 1897 4708 ιιιιιιι-

308 4688 441 4765 iuni
456 4688 707 4763 doctrina
735 4688 834 4765 sit.
863 4721 982 4777 qu_:e
1003 4688 1206 4777 vincat
1227 4688 1288 4755 ac
1338 4699 1582 4777 revipcat
1627 4688 1900 4777 οοιιῑτῆίλῖῖ

310 4759 1054 4837 centes:Cuiﬁleaioni'favet
1080 4772 1209 4829 illud
1239 4786 1384 4826 num.
1412 4768 1483 4842 19
1530 4768 1622 4821 lib.
1654 4778 1772 4823 ~xtt,
1804 4759 1898 4842 ubi

310 4830 429 4909 55in
443 4830 514 4905 iii
534 4830 1060 4906 Paistoreiscientiam
1090 4844 1321 4900 llilarius
1348 4840 1512 4911 exigit
1531 4881 1545 4903 ,
1578 4852 1699 4918 qiue
1718 4830 1902 4918 szeculi

311 4923 614 4993 sapientum
660 4920 939 4977 scientiam
971 4925 1191 4987 superet
1247 4924 1371 4993 :“ut
1424 4918 1649 4993 quanta,
1688 4912 1900 4993 inquit,

310 4974 424 5050 terra
434 5012 482 5047 m
502 4995 789 5049 divinarmn
804 4974 1243 5058 Immanarumque
1254 4974 1491 5058 discretio
1508 4991 1599 5047 est,
1616 4988 1756 5033 tanta
1764 4974 1907 5058 ultra

314 5048 530 5192 terres;
544 5048 728 5121 studia
766 5065 898 5119 ratio
943 5048 1169 5119 celestis
1205 5063 1225 5129 (
1257 5060 1308 5113 iu
1334 5054 1535 5111 Christi
1579 5048 1901 5125 paStoribus)

321 5155 439 5192 exce
534 5177 550 5192 .

321 5155 550 5193 meum.

384 5210 461 5283 (b)
496 5212 691 5283 Eorum
732 5208 969 5274 scilicet,
1002 5206 1091 5278 qui
1130 5203 1269 5283 nihil
1311 5204 1520 5283 volunt.
1550 5207 1765 5283 νενιξηῖΔ
1780 5202 1910 5283 Ῡξξθ

315 5272 416 5337 nisi
441 5272 583 5351 quod
611 5283 856 5352 sapiunt,
882 5272 975 5335 seu
1000 5272 1142 5351 quod
1167 5277 1398 5352 humana
1425 5272 1632 5352 ratione
1653 5277 1903 5352 comprc:

316 5336 556 5424 henditnt
588 5371 599 5407 :
632 5336 751 5424 qute
773 5336 1065 5408 voluntatis
1092 5348 1355 5421 sapientia
1386 5355 1498 5401 toto
1550 5343 1642 5397 lib.
1690 5353 1747 5393 ιιι
1791 5336 1907 5389 fuse

302 5420 647 5491 confutatur.

390 5495 459 5566 (c)
486 5498 571 5552 Er.
604 5500 747 5566 Lips.
782 5505 834 5552 et
863 5495 986 5550 Par.
1019 5495 1211 5547 sanitas
1238 5489 1482 5566 veritatis.
1644 5556 1659 5566 _
1863 5549 1875 5560 ε

391 5556 473 5642 (τί)
510 5556 867 5625 Vetus-codex
892 5566 1127 5642 Colb.__et
1154 5580 1289 5642 unus
1314 5562 1547 5642 Sui-bon.
1593 5556 1910 5642 adaestuat-

322 5631 487 5710 uet‘n',
511 5642 823 5696 vindicantes
849 5636 1225 5712 seirreligiosi.
1253 5632 1471 5712 Rectius
1498 5632 1567 5712 _in
1612 5631 1765 5712 aliis,
1796 5631 1909 5712 oin-

320 5694 441 5784 stin?
462 5694 569 5784 esse
584 5694 881 5784 irreligiosi,
912 5710 1015 5784 hoc
1036 5694 1361 5784 e§t_vincaut
1385 5702 1674 5784 impietatis
1701 5694 1902 5784 studio.

324 5769 469 5841 lianc
484 5769 810 5840 Arianorum
839 5769 889 5837 in
921 5777 1316 5836 dissetninanda
1341 5793 1434 5832 sua
1463 5769 1654 5829 haeresi
1706 5769 1904 5841 sollici-

323 5839 558 5913 tudinem
586 5871 648 5912 ac
666 5839 943 5911 vafritiem
983 5851 1296 5908 describens
1342 5844 1686 5911 Athanasius,
1717 5844 1808 5898 0r.
1866 5839 1902 5895 2

1623 3257 1635 3291 :
1683 3239 1734 3293 id
1762 3236 1903 3308 apud
1931 3218 1978 3283 (ἶ

2018 1927 2347 1999 telligantur,
2379 1927 2507 1984 dum
2537 1945 2658 1998 qua:
2687 1928 2849 2003 impia
2876 1936 3005 1983 sunt
3024 1926 3366 1984 refelluntur.

2085 2023 2138 2078 5.
2176 2020 2422 2077 (heretici
2443 2022 2557 2092 plus
2578 2022 2877 2094 impendunt
2903 2039 3039 2079 cura:
3062 2022 3131 2078 ad
3144 2024 3279 2096 falsa
3298 2023 3615 2079 insinuanda

2012 2131 2168 2187 quant
2193 2112 2445 2170 Catholici
2469 2116 2537 2171 ad
2561 2131 2699 2171 vera.
2734 2115 3169 2191 lnterrogationes
3202 2119 3383 2190 quibus
3414 2120 3618 2190 simpli-

2013 2208 2150 2261 cium
2171 2206 2295 2277 ﬁdei
2322 2208 2651 2261 insidiantur.
2678 2237 2749 2249 -—
2778 2208 2848 2264 Ut
2873 2225 3000 2263 vero
3028 2210 3182 2265 hortis
3238 2220 3293 2265 et
3343 2208 3612 2280 prudenti-

2012 2298 2112 2353 bus
2139 2299 2267 2353 viris
2292 2309 2495 2354 naturae
2518 2315 2581 2355 ac
2607 2300 2768 2355 studii
2787 2311 2869 2356 est
2890 2342 2903 2368 ,
2936 2308 3080 2356 totos
3110 2316 3169 2356 se
3191 2301 3255 2355 ad
3284 2302 3453 2356 beatae
3497 2301 3614 2372 spei

2011 2392 2237 2461 alicujus
2269 2391 2614 2448 obtinendam
2643 2391 2727 2447 vel
2758 2409 2870 2449 rem
2923 2394 3006 2450 vel
3030 2401 3242 2465 tempus
3272 2409 3610 2465 prmparare,

2013 2503 2081 2543 ne
2112 2489 2166 2542 in
2194 2488 2373 2557 aliquo
2405 2488 2583 2541 minor
2607 2488 2677 2541 sit
2705 2484 3112 2557 exspecmtione
3142 2488 3490 2557 procinctus;
3540 2486 3614 2541 ita

2012 2578 2130 2637 istis
2154 2581 2407 2637 hteretico
2427 2584 2610 2637 lurore
2636 2580 2943 2636 amentibus
2965 2580 3348 2637 sollicitudinis
3365 2581 3613 2637 maxime

2011 2685 2094 2731 est
2121 2716 2135 2741 ,
2169 2682 2280 2730 toto
2304 2673 2563 2730 adversus
2592 2674 2690 2746 piae
2709 2673 2831 2730 fidei
2865 2674 3147 2730 veritatem
3177 2674 3467 2745 impietatis
3499 2683 3615 2729 Siue

2014 2770 2229 2842 ingenio
2259 2770 2507 2825 laborare
2539 2788 2551 2824 :
2581 2781 2636 2825 ut
2663 2769 2923 2825 adversus
2948 2784 3043 2825 cos
3062 2812 3077 2837 ,
3106 2770 3196 2841 qui
3224 2768 3465 2841 religiOsi
3487 2778 3615 2824 sunt

2012 2866 2089 2937 (ά)
2115 2864 2332 2920 vincant
2361 2880 2483 2921 esse
2509 2865 2832 2936 irreligiosi;
2858 2873 2912 2920 et
2942 2865 3077 2920 ultra
3109 2880 3260 2935 spem
3310 2864 3436 2921 vita:
3481 2880 3609 2920 nos-

2013 2972 2109 3017 irae
2150 2961 2272 3016 vitae
2297 2976 2408 3016 sum
2434 2959 2816 3028 desperatione
2842 2961 3075 3030 potiores
3100 2962 3242 3029 sint;
3272 2969 3327 3016 et
3357 2959 3477 3031 plus
3509 2960 3613 3014 im~

2013 3054 2248 3125 pendant
2276 3054 2620 3124 cogitationis
2662 3053 2729 3107 ad
2796 3052 2960 3118 falsa,
2998 3068 3158 3128 quam
3201 3068 3298 3107 nos
3349 3052 3613 3107 doctrina:

2012 3151 2082 3223 (ε)
2110 3163 2356 3222 aptamus
2372 3149 2447 3222 (l)
2470 3148 2538 3205 ad
2563 3164 2707 3205 vera.
2740 3149 2848 3204 Piis
2869 3147 3014 3206 enim
3040 3148 3163 3204 lidei
3188 3157 3385 3205 nostra:
3409 3147 3614 3215 profes-

2011 3245 2255 3303 sionibus
2283 3247 2379 3300 has
2407 3244 2583 3315 impiae
2612 3241 2850 3314 perﬁdire
2882 3240 3473 3299 suae'contradicdones
3494 3243 3610 3298 cla-

2016 3341 2368 3407 horavcruut,
2396 3348 2455 3395 ut
2484 3340 2716 3412 primum
2744 3338 3041 3410 requirant,
3071 3347 3326 3395 utrumne
3354 3337 3512 3395 nobis
3557 3338 3611 3395 in

2012 3436 2118 3492 ﬁde
2167 3435 2313 3491 Deus
2368 3449 2509 3490 unus
2550 3432 2656 3499 sit;
2711 3428 2907 3488 deinde
2949 3431 3278 3501 subjiciam,
3329 3447 3396 3487 an
3446 3431 3611 3487 etiam

2011 3529 2259 3586 Christus
2299 3528 2442 3583 Deus
2480 3527 2575 3596 sit;
2611 3536 2920 3599 postremo,
2945 3541 3014 3581 an
3047 3525 3205 3581 Pater
3227 3524 3398 3598 major
3428 3526 3500 3583 sit
3521 3525 3614 3580 Fi-

2012 3623 2086 3679 lio
2120 3641 2131 3676 :
2168 3630 2227 3678 ut
2255 3636 2376 3676 cum
2407 3619 2679 3676 audierint
2701 3618 2755 3673 in
2781 3618 3120 3690 professione
3183 3618 3349 3675 Deum
3399 3634 3564 3674 unum
3593 3661 3608 3684 ,

2014 3725 2234 3771 utantur
2259 3730 2318 3767 ea
2341 3713 2411 3768 ad
2442 3711 2493 3768 id
2514 3754 2531 3779 ,
2554 3728 2619 3767 ne
2636 3710 2883 3766 Christus
2911 3710 3053 3765 Deus
3080 3710 3167 3765 sit.
3196 3709 3312 3765 Non
3356 3711 3500 3766 enim
3543 3710 3611 3765 de

2011 3807 2147 3863 Filio
2177 3815 2455 3877 quierunt,
2487 3820 2553 3858 an
2581 3803 2718 3860 Deus
2740 3802 2809 3857 sit
2840 3819 2851 3857 :
2885 3802 2979 3858 sed
3034 3800 3086 3857 id
3144 3810 3348 3858 tantum
3382 3801 3609 3869 volunt,

2007 3902 2075 3956 de
2103 3898 2411 3971 Christum
2444 3896 2861 3968 interrogando,
2897 3911 2965 3952 ne
2989 3894 3127 3952 lilius
3165 3896 3272 3961 sit;
3319 3905 3370 3953 ul
3403 3896 3611 3969 simpli-

2009 3993 2089 4049 cis
2111 3992 2229 4047 ﬁdei
2255 3991 2528 4045 hominem
2561 3998 2874 4059 captantes,
2900 4004 2997 4058 per
3027 3988 3179 4044 unius
3204 4004 3326 4044 eum
3390 3990 3483 4045 Dei
3539 3990 3605 4044 ﬁ-

2009 4085 2130 4140 dem
2158 4099 2187 4138 a
2214 4080 2410 4138 Christi
2475 4083 2566 4138 Dei
2605 4081 2947 4139 confessione
2972 4079 3279 4151 depellant,
3328 4081 3453 4139 dum
3490 4082 3606 4154 jam

2011 4195 2117 4235 non
2143 4193 2277 4232 unus
2299 4175 2442 4232 Deus
2463 4175 2553 4243 sit,
2581 4175 2627 4232 si
2646 4176 2716 4231 sit
2745 4176 2882 4232 Deus
2905 4174 3247 4232 conﬁtendus
3265 4182 3315 4230 et
3334 4172 3602 4234 Christus.

2007 4408 2152 4456 cont.
2188 4399 2283 4486 ᾼιο.
2315 4410 2370 4472 p.
2394 4400 2637 4486 I§29,_ait
2656 4416 2751 4457 eos
2794 4414 2891 4474 per
2929 4403 3102 4486 lorum
3133 4407 3560 4486 circumcursare
3581 4460 3599 4486 ,

2005 4488 2070 4548 ac
2099 4473 2263 4528 modo
2288 4474 2519 4541 puellam
2540 4473 2879 4548 interrogare
2909 4493 2928 4530 :
2951 4477 3028 4532 An
3057 4478 3102 4531 is
3121 4481 3213 4548 qui
3235 4493 3342 4546 est,
3379 4503 3482 4541 non
3511 4473 3601 4544 eat-'-

2004 4545 2234 4622 istenteni
2264 4561 2325 4600 ea:
2348 4563 2446 4622 non
2470 4546 2712 4622 existente
2730 4548 2949 4622 [ecit,an
2975 4545 3288 4622 resistentem,
3317 4564 3447 4622 etc.;
3480 4577 3600 4614 mo-

2004 4618 2076 4672 do
2100 4617 2446 4673 mulierculas
2491 4618 2755 4695 sciscitari
2809 4637 2823 4673 :
2861 4620 2956 4695 Ἀρι
2990 4620 3223 4695 ΔΙιιιιηέιηιιι
3261 4617 3445 4695 ﬁliuni
3482 4643 3600 4688 ante

2001 4705 2154 4759 quant
2177 4704 2422 4773 pareres,
2447 4689 2535 4743 sed
2556 4689 2705 4771 sicuti
2730 4706 2832 4773 non
2851 4690 3093 4758 habebas,
3124 4695 3198 4750 ita
3221 4689 3270 4752 ei
3312 4698 3411 4756 Dei
3457 4704 3598 4773 ﬁlius

2003 4777 2109 4815 non
2130 4771 2239 4815 erat
2266 4771 2536 4831 antequam
2565 4762 2872 4832 gigneretur.

2078 4833 2147 4900 (c)
2179 4832 2406 4904 Quidam
2441 4832 2621 4901 proba:
2650 4843 2793 4886 natm
2821 4848 2952 4891 mss.
2982 4846 3241 4904 optamus.

2082 4904 2154 4977 (
2179 4903 2306 4977 AVat.
2335 4904 2447 4977 has.
2470 4914 2568 4958 tus.
2595 4903 2932 4976 interrogare.
2958 4903 3046 4963 Sic
3068 4911 3337 4969 reddenda
3361 4924 3467 4973 lOla
3489 4923 3605 4977 haec

2008 4974 2223 5045 phrasis
2254 4994 2264 5028 :
2295 4976 2385 5029 sed
2414 4974 2866 5047 interrogando‘dc
2908 4977 3108 5036 Christo
3148 4993 3341 5039 tantum
3402 4990 3456 5043 id
3510 4974 3600 5047 vo;

2014 5047 2123 5120 lunt
2146 5063 2207 5100 ne
2232 5047 2372 5113 ﬁlius
2392 5048 2476 5102 sit.
2503 5046 2772 5102 CltriStnm
2800 5050 2962 5105 Deum
2988 5062 3172 5120 aperte
3201 5072 3398 5120 negare
3421 5046 3604 5120 Ariani

2014 5119 2436 5198 etttitnescebant
2463 5120 2623 5198 etiam
2650 5130 2893 5198 tempore
2920 5119 3198 5198 Augustini
3225 5172 3239 5198 ,
3266 5119 3333 5185 de
3362 5132 3448 5197 iis,
3494 5137 3526 5188 1,
3559 5153 3579 5190 ι

2015 5199 2197 5246 contra
2229 5190 2441 5274 hlaxiul.
2466 5206 2515 5246 c.
2552 5190 2619 5247 16
2642 5233 2657 5255 ,
2691 5178 2935 5274 dicentis,
2966 5178 3203 5256 Dimidi
3225 5178 3603 5274 ἒῐῆιὶιὶὲζ

2008 5271 2054 5337 et
2074 5279 2163 5316 vos
2189 5262 2358 5327 vultis,
2392 5263 2524 5337 Dens
2545 5270 2618 5316 est
2639 5271 2683 5317 et
2705 5264 2931 5335 Spiritus
2952 5281 3180 5337 sanctus,
3203 5262 3301 5328 etsi.
3314 5293 3412 5329 non
3431 5262 3600 5336 cultis,

2010 5336 2250 5417 cumque
2280 5348 2466 5417 citrum
2490 5335 2716 5417 Sermo,
2748 5352 2908 5417 quem
2937 5335 3291 5417 refellendum
3323 5348 3561 5417 suscepit

2018 5408 2088 5461 ab
2112 5398 2194 5481 in;
2219 5407 2398 5481 verbis
2421 5407 2678 5477 inciperet
2746 5398 3000 5481 Dominus
3029 5422 3197 5468 noster
3243 5398 3608 5481 lauda/iris:

2018 5488 2100 5554 tus
2115 5477 2573 5554 Densunigenirus,
2599 5490 2731 5554 etc,
2755 5479 2992 5549 ejusdem
3015 5487 3395 5546 refutationem
3420 5495 3499 5550 sic
3516 5477 3606 5554 ni-

2015 5550 2193 5605 ditur:
2219 5550 2419 5633 Eorum
2445 5551 2753 5633 praecedenti
2770 5554 3103 5624 disputationi
3134 5555 3233 5633 hac
3259 5550 3605 5633 disputatione

2011 5626 2314 5697 respondeo,
2333 5624 2419 5697 qui
2444 5640 2562 5697 cuni
2590 5622 2864 5677 Dominum
2885 5635 3113 5697 nostrum
3137 5628 3169 5681 ,Ι
3177 5646 3315 5687 esum
3344 5622 3606 5697 Christum

2009 5693 2236 5766 fatemur
2294 5693 2499 5766 quidem
2526 5694 2689 5771 Deum
2709 5739 2721 5763 ,
2757 5704 2861 5771 etc.
2904 5696 3161 5771 Adeoque
3186 5702 3386 5763 Christi
3419 5693 3610 5770 divini;

2010 5774 2173 5844 tatem
2198 5776 2493 5844 taniuniex
2520 5766 2739 5844 obliquo
2763 5766 3168 5844 pulsabantflta
3193 5789 3308 5835 erat
3342 5782 3392 5839 in
3415 5766 3609 5844 τιηίξείῇ,

2005 5840 2246 5895 omnium
2279 5838 2514 5895 ﬁdelium
2540 5838 2703 5894 insita
2727 5839 2895 5912 ipsius
2922 5838 3076 5901 ﬁdes.
