3988 6332
428 325 537 385 259

1652 305 1900 367 SANCTI
1929 301 2188 364 HILARII
2226 298 2543 362 EPISCOPI

3604 292 3697 354 240

433 442 554 499 Jam
578 454 709 499 vero
762 437 851 496 hic
902 441 1095 509 quanta
1140 429 1416 490 saecularis
1482 428 1682 502 ingenii
1738 426 2035 484 subtilitate
2063 426 2112 487 A
2141 422 2272 494 ipsis
2299 421 2403 477 hoc
2428 417 2643 477 Domini
2666 414 2740 491 (e)
2769 414 2940 473 nostri
2965 409 3390 485 professionibus
3417 409 3601 484 placuit
3618 428 3698 469 os-

435 537 805 599 contendunt,
835 548 956 591 cum
980 531 1199 597 dicunt,
1232 526 1311 602 (a)
1347 527 1402 586 Si
1436 538 1575 583 unus
1620 532 1739 589 est,
1791 522 2034 596 quisquis

436 636 531 693 ille
560 635 695 690 alius
725 628 994 687 videbitur
1011 641 1163 693 esse,
1192 626 1303 696 jam
1334 623 1580 680 nouerit.
1608 618 1762 690 Quod
1804 619 1847 672 si
1898 616 2036 673 alius

437 738 522 786 est
542 771 556 795 ,
576 728 684 798 jam
710 739 848 781 unus
880 722 968 779 hic
995 735 1102 777 non
1133 718 1239 777 erit
1269 736 1284 774 :
1312 733 1434 775 cum
1477 728 1663 772 natura
1707 730 1813 769 non
1857 712 2031 776 sinat,

433 829 498 878 ut
521 821 608 877 ubi
632 819 768 875 alius
791 828 871 873 est
891 858 908 884 ,
941 816 1013 871 ibi
1043 830 1182 870 unus
1204 812 1312 869 sit:
1339 811 1429 887 (l)
1457 798 1536 884 (b)
1558 817 1650 864 aut
1669 806 1833 882 216
1853 804 1940 860 ubi
1967 803 2038 859 sit

437 930 601 982 unus,
625 912 714 968 ubi
737 911 875 968 alius
896 911 985 966 sit.
1007 908 1214 965 Dehinc
1246 920 1369 963 cum
1424 902 1734 961 facilitatem
1766 898 2038 957 credentis

437 1017 597 1081 atque
622 1005 891 1062 audientis
910 1045 924 1070 ,
959 1011 1076 1059 arte
1102 1000 1345 1057 subdolm
1371 999 1528 1071 hujus
1551 995 1867 1053 assertionis
1923 993 2040 1049 elu-

437 1103 643 1170 serint,
667 1110 779 1157 tum
810 1098 862 1155 id
890 1096 964 1172 (e)
993 1105 1208 1168 aptant,
1233 1095 1377 1167 quod
1406 1105 1677 1166 tamquam
1699 1090 1810 1162 jam
1833 1088 2041 1145 facilio-

438 1213 499 1254 re
525 1198 611 1252 via
630 1196 910 1250 obtineant
934 1234 949 1257 ,
975 1200 1033 1246 ut
1056 1191 1201 1246 Deus
1223 1189 1470 1246 Christus
1504 1202 1574 1243 ex
1620 1185 1841 1241 nomine
1863 1181 2041 1254 potius

436 1306 600 1363 quam
623 1305 689 1345 ex
721 1296 908 1342 natura
939 1284 1039 1351 sit;
1073 1282 1194 1355 quia
1225 1282 1478 1355 generale
1506 1280 1608 1336 hoc
1639 1281 1691 1334 iu
1744 1293 1811 1335 eo
1841 1290 2038 1333 nomen

438 1385 494 1440 iu
525 1382 674 1439 nullo
702 1396 819 1438 eam
846 1423 860 1446 ,
889 1396 1009 1452 qum
1040 1394 1167 1434 vera
1195 1380 1313 1435 sola
1354 1385 1432 1431 est
1452 1419 1466 1442 ,
1514 1375 1674 1431 unius
1727 1373 1821 1429 Dei
1874 1372 2034 1428 ﬁdem

438 1476 682 1533 destruat
714 1482 804 1529 :et
828 1486 921 1542 per
953 1472 1053 1526 hoc'
1074 1471 1234 1525 Pater
1264 1469 1375 1525 ﬁlio
1404 1467 1578 1539 major
1606 1468 1711 1534 sit,
1736 1464 1858 1536 quia
1886 1464 2042 1521 diﬁc-

440 1575 596 1624 rcnte
622 1574 846 1631 natura,
870 1578 992 1619 eum
1024 1578 1130 1617 non
1161 1560 1265 1617 nisi
1318 1544 1459 1617 Deu's
1502 1574 1640 1615 unus
1689 1566 1806 1625 est,
1867 1556 2042 1627 major

441 1660 600 1718 Pater
620 1659 689 1715 sit
721 1659 1051 1731 proprietate
1078 1667 1319 1724 naturae;
1351 1653 1423 1713 sit
1451 1672 1557 1728 quo
1586 1654 1676 1710 hic
1698 1660 2040 1724 nuncupatus

439 1754 582 1812 ﬁlius
601 1798 616 1821 ,
641 1765 696 1811 et
718 1752 920 1810 creatio
947 1768 1014 1807 ex
1040 1751 1136 1807 Dei
1159 1752 1437 1809 voluntate
1467 1748 1769 1804 subsistens
1787 1787 1804 1813 ,
1835 1747 1957 1817 quia
1988 1751 2043 1801 et

2143 515 2323 582 tendi,
2355 515 2444 585 qui
2472 526 2594 568 cum
2618 511 2936 582 frequenter
2960 507 3083 565 fidei
3111 521 3174 563 ac
3194 506 3309 577 spei
3338 515 3529 562 nostra:
3551 505 3699 560 Deum

2145 625 2307 665 unum
2332 607 2659 671 intimasset,
2691 615 2749 660 ut
2776 611 3174 660 sacramentum
3196 599 3354 655 unius
3374 598 3466 654 Dei
3485 611 3540 653 se
3563 598 3698 671 217

2143 716 2357 775 quoque
2383 701 2495 757 Deo
2519 697 2768 772 professo
2793 696 3127 768 probatoque
3153 692 3394 748 ﬁrmaret
3416 690 3574 746 dixit:
3601 688 3700 761 Ego

2144 806 2193 851 et
2224 794 2381 850 Pater
2400 808 2562 849 unum
2587 806 2764 848 sumus
2789 805 2808 845 :
2832 798 2906 857 et,
2929 787 2991 845 Si
3007 788 3148 843 scitis
3164 801 3265 854 me,
3299 783 3436 839 scitis
3455 793 3501 838 et
3525 780 3704 836 Patrem

2146 904 2315 945 meum
2340 903 2359 943 :
2384 893 2464 954 et,
2500 885 2603 953 Qui
2628 900 2708 940 me
2728 883 2857 939 vidit
2882 923 2897 948 ,
2928 880 3054 936 vidit
3081 890 3126 935 et
3155 878 3364 933 Patrem
3396 886 3513 942 :et,
3550 873 3703 942 Pater,

2145 982 2234 1054 qui
2256 981 2311 1036 in
2339 979 2780 1047 mentanet,ipse
2826 975 2953 1048 facit
2995 988 3156 1045 opera
3182 988 3282 1027 sua
3336 986 3356 1026 :
3400 979 3485 1035 et,
3533 965 3712 1025 Credite

2145 1074 2304 1142 mihi,
2336 1075 2458 1142 quia
2488 1072 2647 1127 Pater
2669 1072 2722 1125 in
2746 1083 2858 1135 me,
2885 1077 2933 1123 et
2961 1083 3059 1140 ego
3075 1067 3130 1121 in
3160 1063 3318 1121 Patre
3363 1080 3383 1120 :
3435 1062 3513 1117 sin
3565 1071 3711 1117 autent

2146 1170 2223 1223 vel
2247 1176 2455 1241 propter
2477 1182 2633 1238 opera
2651 1165 2769 1235 ipsa
2786 1161 2977 1218 credite
3020 1159 3200 1234 (Joan.
3231 1174 3303 1225 ι,
3349 1158 3457 1224 '50;
3509 1172 3617 1223 stv,
3658 1156 3711 1221 'l;

2147 1258 2287 1315 Ibid.
2331 1260 2399 1327 9,
2434 1260 2539 1326 i0,
2574 1260 2634 1315 ii
2673 1298 2690 1324 ,
2747 1257 2860 1328 1%).
2896 1255 3245 1312 Nativitatem
3262 1267 3414 1310 suam
3441 1250 3717 1307 iuuentute

2147 1352 2315 1424 patris
2353 1353 2657 1424 expressit,
2693 1347 2762 1424 (Ι)
2799 1349 3052 1421 cognosci
3096 1347 3314 1404 Patrem
3368 1344 3422 1401 in
3450 1359 3507 1401 se
3530 1341 3716 1414 cognito

2146 1446 2325 1502 docet.
2351 1445 2623 1503 Unitatem
2656 1455 2863 1501 naturae
2889 1443 3108 1509 fatetur,
3130 1456 3253 1498 cum
3277 1440 3437 1496 Pater
3460 1438 3514 1495 in
3538 1452 3595 1494 se
3619 1437 3717 1492 viso

2145 1542 2379 1598 videtur.
2411 1538 2839 1612 lnseparabiletn
2866 1552 2928 1595 se
2953 1553 2985 1593 a
3014 1537 3172 1593 Patre
3219 1541 3469 1601 testatur,
3517 1546 3633 1589 cum
3670 1530 3716 1587 in

2148 1646 2400 1695 manente
2422 1633 2502 1709 (g)
2525 1637 2660 1691 inse
2688 1641 2873 1689 manet
2921 1631 3101 1687 Patre.
3148 1627 3428 1686 Fiduciam
3468 1625 3718 1681 conscien-

2146 1741 2237 1797 tiae
2267 1749 2442 1806 tenet,
2468 1751 2592 1793 eum
2624 1734 2709 1792 his
2738 1734 2899 1790 dictis
2919 1732 3033 1788 suis
3057 1727 3208 1786 credi
3258 1725 3494 1798 postulat
3521 1740 3582 1781 ex
3607 1737 3719 1794 ope-

440 1848 619 1904 minor
646 1847 803 1904 Patre
828 1846 935 1911 sit;
966 1856 1021 1902 et
1041 1844 1188 1903 Deus
1232 1860 1336 1900 non
1393 1844 1499 1911 sit,
1550 1844 1676 1915 quia
1710 1841 1855 1898 Deus
1906 1853 2045 1895 unus
2073 1836 2120 1899 B
2148 1833 2361 1890 ratione
2388 1828 2623 1887 virtutis.
2654 1828 2832 1899 Atque
2858 1827 2928 1881 ita
2958 1824 3015 1880 in
3045 1823 3145 1878 hac
3165 1820 3423 1893 perfectae
3452 1818 3717 1875 nativitatis

439 1942 610 1999 Deum
637 1941 800 1997 alium
827 1954 949 1997 esse
971 1953 1077 1995 non
1107 1939 1330 2010 patitur,
1359 1946 1415 1993 et
1441 1936 1533 2008 qui
1557 1936 1738 1991 minor
1775 1943 1858 1990 cst
1876 1973 1891 1999 ,
1942 1946 2038 1988 ne-

436 2048 592 2092 cesse
614 2044 695 2090 est
721 2043 781 2089 ut
806 2043 1012 2090 naturm
1035 2033 1103 2088 ab
1123 2047 1220 2098 eo,
1251 2032 1343 2103 qui
1377 2045 1435 2086 se
1482 2038 1565 2086 est
1617 2028 1812 2099 major,
1843 2027 2042 2082 alienae

438 2129 531 2187 sit.
556 2129 627 2186 Et
656 2129 709 2185 hi
731 2127 946 2201 quidem
979 2142 1138 2201 quam
1194 2124 1406 2182 ridiculi
1437 2124 1488 2179 in
1512 2139 1578 2181 eo
1605 2131 1732 2178 sunt
1751 2164 1764 2187 ,
1794 2120 2037 2192 praescri-

437 2228 632 2286 bentes
661 2228 774 2287 Deo
796 2270 812 2298 ,
843 2244 967 2285 cum
1002 2227 1081 2302 (ά)
1111 2234 1397 2293 asserunt,
1440 2241 1508 2280 ex
1555 2238 1662 2278 uno
1712 2221 1860 2277 nasci
1910 2218 2043 2276 nihil

438 2338 601 2395 posse
626 2366 642 2392 ,
668 2323 793 2393 quia
822 2322 1196 2379 universarum
1223 2336 1402 2376 rerum
1426 2334 1492 2375 ex
1515 2318 1744 2373 duorum
1776 2317 2042 2385 conjunc-

437 2416 588 2472 tione
632 2416 884 2473 nativitas
909 2426 994 2472 est
1056 2433 1069 2469 :
1126 2416 1294 2470 Deum
1362 2422 1541 2468 autem
1602 2408 2042 2466 indemntabilem

438 2512 644 2566 nullam
672 2527 741 2566 ex
768 2525 829 2567 se
871 2510 1212 2565 nativitatem
1263 2507 1503 2562 tribuere
1557 2520 1717 2575 posse
1763 2500 2041 2567 nascenti;

440 2601 565 2674 quia
588 2617 687 2658 nec
712 2601 1009 2658 acccssioni
1042 2599 1094 2655 id
1114 2600 1256 2671 quod
1286 2614 1390 2654 non
1419 2598 1724 2652 demutatur
1750 2593 2043 2650 obnoxium

440 2698 539 2762 sit,
571 2710 672 2751 nec
696 2694 917 2752 solitarii
946 2701 1105 2765 atque
1144 2691 1308 2748 unius
1338 2700 1528 2747 natura
1578 2688 1627 2744 id
1669 2687 1720 2743 iu
1770 2703 1828 2743 se
1852 2686 2048 2742 haheat

442 2790 769 2846 conditionis
794 2832 808 2856 ,
842 2798 904 2844 ut
930 2798 1175 2859 generet.

514 2884 570 2940 4.
603 2883 757 2939 Fides
781 2881 1035 2938 catholica
1059 2882 1307 2937 hactenus
1333 2889 1529 2936 asserta
1557 2889 1605 2936 et
1636 2896 1792 2935 sensu
1819 2894 2047 2934 comnm-

445 2978 499 3032 ni
519 2986 569 3032 et
603 2975 809 3031 Domini
841 2975 989 3029 dictis
1021 2975 1376 3045 conﬁrmatur.
1401 3004 1473 3015 ——
1504 2971 1611 3028 Nos
1659 2981 1836 3027 autem
1877 2986 2043 3027 evan-

438 3069 664 3141 gelicum
686 3076 847 3138 atque
873 3065 1227 3137 apostolicam
1290 3065 1448 3119 ﬁdem
1498 3063 1756 3121 doctrinis
1788 3061 2049 3132 spiritali-

444 3159 542 3217 bus
562 3160 826 3227 assecuti,
859 3167 917 3214 et
936 3159 1108 3215 beata:
1135 3159 1454 3214 aeternitatis
1501 3172 1651 3229 spem
1702 3155 1755 3211 in
1799 3154 1972 3209 Patris
1992 3163 2049 3211 et

2150 1927 2458 1984 beatissima
2488 1922 2622 1990 fide,
2647 1921 2839 1977 vitium
2868 1932 3030 1975 omne
3050 1956 3065 1984 ,
3089 1924 3147 1972 et
3184 1914 3352 1971 duum
3402 1913 3618 1970 deorum
3635 1952 3650 1978 ,
3674 1918 3721 1967 et

2146 2020 2243 2076 Dei
2274 2018 2568 2091 singularis
2594 2013 2955 2085 exstinguitur
3014 2027 3028 2065 :
3070 2023 3193 2065 cum
3239 2007 3331 2078 qui
3379 2020 3541 2067 unum
3586 2012 3720 2071 sunt,

2148 2129 2255 2169 non
2278 2114 2348 2169 sit
2371 2126 2542 2177 unus;
2576 2120 2629 2166 ct
2652 2108 2746 2180 qui
2775 2123 2881 2162 non
2904 2120 3044 2162 unus
3066 2112 3185 2172 est,
3219 2117 3329 2158 nou
3363 2111 3541 2159 tamen
3566 2099 3628 2155 ab
3664 2109 3720 2155 eo

2148 2208 2377 2279 quiest,
2407 2205 2478 2260 ita
2505 2219 2574 2261 ex
2599 2202 2779 2273 aliquo
2826 2198 3072 2263 diﬁ‘erat,
3099 2205 3157 2252 ut
3183 2203 3415 2266 uterque
3443 2207 3550 2251 non
3578 2205 3720 2249 unum

2147 2302 2278 2358 sint.

2221 2398 2274 2451 5.
2304 2394 2425 2452 Eoo
2444 2409 2514 2449 ετ
2541 2407 2720 2449 parun
2740 2405 2885 2447 UNUII
2915 2403 3105 2454 susws,
3157 2392 3420 2456 exponunt
3451 2381 3514 2436 de
3551 2379 3722 2437 unitate

2153 2504 2467 2555 consensus;
2521 2489 2702 2561 quibus
2749 2484 3084 2559 argumentis.
3113 2510 3186 2523 -—-
3214 2480 3344 2536 Haec
3409 2479 3566 2549 igitur
3615 2471 3722 2546 quia

2152 2582 2396 2641 haeretici
2429 2596 2628 2652 negare
2653 2595 2762 2636 nou
2793 2585 3039 2650 possunt,
3090 2575 3289 2646 quippe
3327 2585 3457 2628 cum
3504 2569 3609 2625 sint
3631 2579 3722 2623 tam

2149 2678 2397 2734 absolute
2454 2675 2598 2731 dicta
2650 2682 2812 2744 atque
2842 2670 3140 2737 intellecta,
3196 2677 3379 2722 tamen
3425 2662 3720 2720 stultissimo

2150 2771 2444 2842 impietatis
2487 2783 2601 2825 sum
2644 2765 2926 2823 mendacio
2949 2763 3032 2837 (It)
3083 2759 3326 2833 neganda
3374 2762 3720 2828 corrumpunt.

2150 2865 2206 2921 id
2237 2865 2383 2921 enim
2415 2862 2558 2934 quod
2588 2862 2696 2916 ait:
2728 2858 2841 2931 Ego
2863 2869 2910 2913 et
2938 2856 3093 2912 Pater
3113 2869 3269 2910 unum
3292 2869 3473 2908 suum
3494 2849 3721 2925 (locus,

2150 2962 2264 3033 50).
2296 2968 2502 3016 tentant
2528 2957 2594 3012 ad
2622 2954 2992 3011 unanimitatis
3046 2950 3252 3008 referre
3287 2961 3645 3010 consensum;
3678 2949 3727 2999 ut

2151 3038 2469 3108 voluntatis
2494 3050 2546 3105 in
2580 3048 2668 3104 his
2708 3048 2885 3102 unitas
2930 3047 3021 3110 sit,
3065 3059 3172 3100 non
3204 3052 3438 3108 naturae,
3478 3039 3530 3097 id
3557 3045 3652 3103 cst,
3678 3041 3728 3092 ut

2151 3163 2260 3204 non
2288 3163 2386 3218 per
2408 3145 2459 3201 id
2484 3143 2626 3216 quod
2659 3141 2722 3215 (ἰ)
2754 3149 2901 3208 sunt,
2929 3139 3026 3196 sed
3074 3153 3171 3210 per
3198 3137 3250 3193 id
3306 3134 3456 3208 quod
3496 3132 3630 3190 idem
3651 3145 3729 3186 vo-

444 3254 560 3311 Filii
588 3225 929 3312 confessione
954 3262 1250 3320 sectantes,
1282 3225 1654 3308 demonstrato
1694 3249 1788 3306 Dei
1845 3258 1899 3305 et
1952 3248 2047 3306 Dei
2078 3245 2125 3310 C
2156 3243 2293 3308 lunt,
2319 3256 2482 3295 unum
2513 3239 2640 3293 sint.
2674 3236 2740 3292 Ει
2769 3235 2921 3301 illud,
2945 3232 3088 3305 quod
3110 3240 3192 3288 csl
3236 3231 3291 3286 ἱιι
3341 3229 3566 3286 Actibus
3605 3225 3728 3297 Δρο-

443 3361 509 3403 ex
542 3347 661 3419 lege
687 3354 1061 3412 sacramento,
1096 3359 1270 3415 neque
1300 3343 1458 3399 unius
1479 3342 1574 3399 Dei
1598 3341 1757 3397 ﬁdem
1776 3340 2046 3397 exceden-

449 3449 565 3504 tes,
624 3452 799 3509 neque
842 3451 950 3492 non
1005 3444 1060 3493 et
1109 3436 1279 3491 Deum
1323 3433 1597 3489 Christum
1642 3432 2033 3504 praedicantes,

439 3529 586 3586 hunc
611 3544 677 3585 ex
708 3528 1013 3601 Evangeliis
1041 3527 1410 3598 responsionis
1423 3526 1666 3583 ordinem
1694 3526 2047 3597 sumpsimus,

444 3631 505 3679 ut
533 3638 716 3682 verant
744 3637 808 3677 ex
828 3622 940 3677 Deo
958 3630 1112 3692 patre
1135 3621 1467 3677 nativitatem
1500 3619 1757 3693 unigeniti
1807 3620 1900 3675 Dei
1949 3618 2049 3675 do-

446 3728 730 3780 ceremus;
760 3715 884 3785 quia
903 3729 1002 3786 per
1028 3728 1146 3769 eam
1170 3722 1223 3770 et
1249 3713 1392 3769 Deus
1421 3727 1583 3769 verus
1605 3722 1790 3780 esset,
1819 3725 1992 3784 neque
2019 3725 2051 3765 a

447 3819 638 3864 natura
668 3807 828 3865 unius
854 3807 956 3881 Dei
981 3807 1094 3865 veri
1121 3817 1266 3865 esset
1320 3808 1570 3873 alienus;
1624 3824 1685 3863 ac
1739 3808 1820 3863 sic
1875 3820 2051 3876 neque

445 3900 591 3957 Deus
618 3900 801 3974 negari
826 3910 1050 3972 posset,
1076 3915 1251 3972 neque
1280 3900 1395 3971 ipse
1413 3901 1554 3955 alius
1582 3901 1725 3956 Deus
1753 3897 1895 3964 dici;
1926 3897 2052 3969 quia

447 4002 504 4050 et
530 3995 699 4050 Deum
731 3993 967 4068 (supple,
991 3992 1134 4066 esse)
1152 3993 1407 4049 nativitas
1431 4000 1746 4064 praestaret,
1774 4001 1829 4047 et
1860 3998 2050 4046 natura

446 4088 503 4145 in
526 4105 591 4145 eo
618 4089 775 4146 unius
798 4089 891 4145 Dei
923 4105 986 4144 ex
1018 4088 1162 4157 Deo,
1187 4104 1310 4145 eum
1357 4087 1411 4143 in
1465 4089 1634 4143 Dcttm
1687 4087 1916 4142 alterum
1944 4100 2050 4140 non

451 4193 747 4254 separaret.
778 4183 840 4239 Et
872 4198 1200 4254 quamquam
1230 4183 1293 4238 ad
1317 4181 1370 4238 id
1402 4197 1501 4238 nos
1528 4181 1836 4237 communis
1888 4177 2052 4234 intel-

451 4276 691 4348 ligentia:
716 4292 906 4334 sensus
933 4276 1273 4346 impelleret;
1305 4291 1372 4331 ne
1406 4275 1457 4329 in
1491 4284 1681 4328 natura
1709 4271 1899 4328 eadem
1958 4285 2055 4324 na-

456 4380 698 4427 turarum
734 4370 951 4426 nomina
974 4368 1351 4433 convenirent,
1401 4374 1458 4423 et
1483 4381 1588 4422 non
1640 4380 1805 4419 unum
1836 4371 2051 4430 essent,

453 4463 651 4536 quibus
676 4461 731 4519 id
758 4462 901 4534 quod
948 4472 1072 4518 sunt
1100 4478 1207 4517 non
1250 4460 1489 4515 ditl‘erret
1516 4459 1569 4513 in
1592 4468 1832 4528 genere:
1870 4461 2053 4509 tamen

2154 3330 2415 3389 stolorum
2445 3331 2525 3405 (j)
2545 3370 2561 3398 ,
2586 3329 2712 3384 huic
2735 3326 3032 3383 defensioni
3062 3338 3175 3381 sua:
3203 3332 3433 3394 aptant:
3464 3315 3729 3376 Multitudi-

2149 3428 2230 3481 nis
2260 3436 2428 3480 autem
2468 3421 2781 3478 credentium
2809 3428 2916 3475 erat
2939 3416 3018 3490 (lt)
3049 3417 3224 3473 anima
3247 3424 3295 3471 et
3320 3431 3415 3470 cor
3434 3429 3589 3471 unum
3608 3408 3726 3482 (Act.

2158 3533 2232 3585 tv,
2256 3519 2382 3589 5:2);
2416 3525 2475 3572 ut
2507 3514 2807 3571 animarum
2829 3525 2881 3569 et
2911 3510 3155 3568 cordium
3204 3509 3516 3575 diversitas,
3565 3506 3617 3562 in
3651 3513 3733 3559 cor

2155 3627 2322 3669 ttmtm
2371 3621 2535 3681 atque
2596 3609 2827 3664 animam
2887 3621 2985 3677 per
3032 3603 3470 3662 convenientiam
3516 3596 3733 3671 ejusdem

2156 3704 2448 3762 voluntatis
2471 3702 2533 3774 (Ι)
2583 3700 2761 3756 unitas
2805 3698 2895 3754 sit.
2928 3697 3030 3755 Vel
3080 3697 3233 3764 illud,
3284 3696 3431 3768 quod
3471 3694 3537 3751 ad
3561 3689 3733 3751 Corin-

2157 3798 2300 3854 thios
2326 3795 2621 3853 scribitur:
2656 3794 2758 3859 Qui
2785 3794 2989 3865 plantat
3015 3801 3204 3856 autem,
3236 3800 3283 3846 et
3312 3792 3403 3862 qui
3422 3790 3576 3863 rigat,
3593 3797 3735 3843 ιιιιιιιιι

2154 3900 2271 3949 sunt
2302 3890 2346 3961 (l
2377 3888 2498 3945 Cor.
2532 3904 2608 3956 ιιι,
2643 3886 2700 3958 8)
2731 3905 2744 3941 :
2778 3896 2837 3942 ut
2857 3901 2965 3941 non
3009 3884 3297 3941 diﬁ‘erente
3344 3882 3640 3939 ministerio
3677 3875 3735 3933 ad

2158 3987 2389 4042 salutem
2420 3993 2473 4039 et
2498 3982 2553 4038 in
2576 3981 2819 4052 ejusdem
2850 3976 3178 4035 sacramenti
3212 3977 3540 4048 profectum,
3561 3973 3735 4031 volun-

2161 4081 2287 4138 tatis
2313 4078 2381 4134 sit
2410 4079 2589 4133 uuitas
2613 4076 2667 4132 in
2699 4076 2932 4133 duobus.
2964 4073 3062 4130 Vel
3095 4072 3171 4143 id,
3199 4072 3339 4144 quod
3383 4071 3638 4128 Dominus
3664 4081 3739 4123 sa-

2159 4176 2326 4232 lutem
2350 4172 2749 4229 crediturarum
2776 4171 2829 4224 iu
2854 4184 2914 4226 se
2939 4168 3180 4241 gentium
3204 4181 3234 4221 a
3261 4166 3423 4222 Patre
3464 4162 3736 4237 postulans,

2159 4268 2271 4324 ait:
2308 4267 2431 4331 Non
2460 4283 2553 4339 pro
2580 4266 2659 4322 Itis
2686 4274 2858 4320 autent
2890 4280 3015 4335 rogo
3039 4272 3258 4329 tantum,
3306 4262 3400 4318 sed
3451 4270 3499 4316 et
3543 4275 3630 4330 pro
3671 4255 3739 4310 Itis

2160 4363 2245 4433 qui
2266 4360 2511 4416 credituri
2535 4368 2654 4414 sunt
2685 4374 2774 4428 per
2794 4358 3001 4414 verbum
3014 4372 3190 4411 eorum
3207 4356 3263 4410 in
3286 4372 3388 4424 me,
3412 4365 3467 4410 ut
3488 4344 3738 4425 omnes(m)

2163 4471 2321 4509 unum
2344 4453 2446 4508 sint
2477 4453 2629 4521 sicut,
2648 4460 2725 4520 tu,
2755 4449 2931 4517 Pater,
2950 4452 3117 4518 inme,
3146 4460 3195 4505 et
3222 4467 3313 4522 ego
3333 4450 3389 4505 in
3410 4459 3480 4517 te,
3510 4457 3564 4504 ut
3588 4455 3631 4502 et
3655 4439 3741 4517 ipsi

528 4605 610 4679 (l)
641 4605 741 4660 Aut
758 4603 829 4660 ibi
856 4604 919 4658 sit
948 4620 1079 4659 unus
1104 4641 1120 4670 ,
1151 4601 1239 4656 ubi
1261 4599 1396 4654 alius
1414 4600 1504 4654 sit.
1533 4595 1756 4661 Deinde,
1790 4602 1894 4650 etc.
1925 4592 2091 4650 Paulo
2118 4601 2271 4665 post,
2301 4604 2411 4648 ιιιηι
2426 4593 2482 4648 id
2504 4603 2746 4664 tanquam
2755 4592 2871 4664 jam
2896 4590 3183 4666 faciliorem
3213 4591 3346 4647 viam
3377 4589 3648 4646 obtineant.

536 4724 613 4798 (a)
641 4723 699 4781 In
721 4738 852 4781 mss.
881 4722 1093 4798 Martio.
1131 4718 1176 4774 0
1192 4719 1235 4774 si
1256 4734 1410 4798 unus.

534 4784 609 4861 lbi
639 4798 767 4852 Mss.
802 4806 890 4851 aut
916 4794 985 4849 ibi
1010 4794 1075 4848 sit
1104 4808 1236 4847 unus
1257 4832 1271 4854 ,
1295 4791 1380 4844 ubi
1396 4787 1529 4841 alius
1547 4784 1631 4861 sit.

536 4806 588 4861 (b
639 4806 767 4852 Mss.
802 4806 890 4851 aut
916 4806 984 4849 tot
1010 4806 1075 4848 stt
1104 4808 1236 4847 unus
1257 4832 1271 4854 ,
1295 4806 1379 4844 um
1396 4806 1529 4841 auus
1547 4806 1631 4841 sit.

536 4806 609 4943 (ei
635 4868 872 4943 Verbum
895 4874 1106 4943 aptant,
1154 4878 1275 4918 cum
1324 4859 1585 4943 sequenti
1621 4855 1844 4943 relativo
1888 4854 2055 4928 quod,

465 4927 718 4996 omittunt
745 4927 944 5009 vulgati
968 4953 1033 5009 ac
1063 4927 1245 5009 plures
1271 4927 2058 5009 mss.Exhibenfautenlcum

466 5013 653 5070 codice
681 5014 796 5065 has.
831 4999 931 5064 Vat
976 4999 1081 5061 duo
1103 5002 1259 5059 Coll).
1310 5008 1367 5057 et
1416 5015 1556 5055 unus
1599 4999 1830 5056 Sorhou.
1879 5000 2060 5056 Malle-

469 5099 592 5140 IDUS
620 5094 796 5138 tamen
815 5088 1033 5149 captant
1053 5092 1119 5149 eo
1141 5089 1301 5149 sensu
1320 5112 1336 5137 ,
1368 5087 1474 5149 quo
1517 5070 1864 5149 Ambrosius,
1886 5071 2057 5149 epist.

469 5170 615 5211 nunc
645 5170 769 5218 xxv,
801 5168 856 5206 n.
878 5142 939 5207 ἶι.
974 5147 1038 5201 ad
1072 5144 1317 5218 Studium
1342 5142 1555 5218 scripsit
1580 5160 1595 5218 :_
1620 5143 1754 5218 Cum
1775 5142 2062 5198 adulteram

464 5215 768 5296 reperissent
790 5220 965 5296 Judazi
990 5235 1005 5281 ;
1029 5215 1318 5296 obtulerunt
1340 5230 1451 5267 eam
1483 5215 1756 5296 .Salvatori
1773 5258 1787 5281 ,
1837 5225 2055 5286 captan-

469 5286 542 5353 tes
563 5308 616 5351 ut
647 5295 693 5350 si
720 5293 997 5347 absolveret
1022 5304 1133 5343 eant
1152 5328 1167 5352 ,
1198 5286 1450 5339 uideretur
1474 5286 1632 5357 legem
1660 5288 1869 5342 solvere.

546 5368 624 5438 (d)
656 5369 853 5438 Iliorum
879 5361 1045 5438 verba
1074 5360 1285 5438 propria
1318 5358 1613 5438 exstant,_l.
1644 5374 1720 5421 tu,
1754 5376 1806 5414 n.
1838 5357 2053 5438 ‘8‘.Quod

472 5428 649 5495 autem
683 5432 960 5492 Eudosius
989 5447 1050 5487 ca
1077 5429 1145 5486 de
1173 5445 1231 5483 re
1258 5428 1413 5500 longe
1440 5430 1655 5486 crudius
1685 5430 1928 5501 protulit,
1962 5432 2057 5484 ha-

468 5511 628 5567 betur
658 5509 753 5563 lib.
785 5506 838 5559 iu
861 5502 1046 5559 Const.
1077 5518 1131 5556 ιι.
1168 5502 1253 5556 15.

546 5580 618 5651 (e)
639 5578 698 5651 lu
723 5574 949 5651 vulgatis
974 5590 1106 5648 quac
1136 5573 1252 5651 loco
1298 5574 1478 5651 nostri.

540 5643 610 5721 (Π
641 5643 963 5721 Particulam
984 5643 1144 5721 _Eum,_
1183 5643 1480 5721 faventibus
1506 5645 1715 5721 duobus
1740 5657 1870 5699 mss.
1905 5643 2057 5721 (lolb.

475 5714 574 5775 hic
592 5714 892 5775 addendam
919 5716 1086 5787 prima
1125 5714 1298 5772 fronte
1337 5717 1778 5787 conjectavituus,
1811 5730 1915 5787 qua
1945 5714 2061 5770 haec

472 5789 739 5846 sententia
768 5805 887 5845 cum
917 5786 1196 5864 superiore
1241 5788 1601 5864 copularetur.
1635 5786 1749 5864 Non
1799 5786 1936 5840 male
1983 5794 2062 5843 ta-

475 5878 599 5921 men
628 5869 855 5935 utraque
882 5858 1126 5917 absoluta
1158 5858 1494 5930 intelligitur,
1525 5869 1581 5914 ut
1614 5858 1782 5929 prima
1829 5872 2058 5930 respon-

2083 4711 2287 4777 Ddeat
2312 4711 2493 4769 verbis
2526 4730 2539 4765 :
2571 4709 2683 4783 Ego
2711 4722 2758 4767 et
2801 4709 2961 4767 Pater
3010 4727 3170 4783 unum
3214 4726 3411 4776 sumus,
3459 4708 3622 4765 altera
3668 4717 3741 4761 se-

2162 4785 2453 4855 quentibus
2478 4801 2490 4837 :
2522 4783 2582 4840 Si
2612 4782 2752 4839 scitis
2774 4801 2873 4849 me,
2900 4784 3039 4855 scitis
3065 4792 3112 4838 et
3139 4782 3366 4855 Patrem,
3395 4790 3503 4838 etc.

2230 4856 2313 4939 '(g)
2346 4856 2511 4924 Editi,
2538 4856 2592 4910 in
2620 4872 2674 4910 se
2698 4847 2869 4910 manet
2909 4853 3086 4923 Pater,
3138 4853 3501 4910 emendantur
3523 4867 3589 4909 ex
3624 4847 3741 4908 scri-

2169 4936 2295 5000 ptis.

2239 4997 2316 5072 (It)
2386 4998 2762 5072 ln__vulgatis,
2809 5000 3044 5071 negando
3100 5014 3118 5054 :
3179 4998 3321 5072 quod
3378 5005 3579 5072 pugnat
3633 5006 3742 5049 cum

2165 5068 2410 5142 proxime
2436 5068 2615 5130 dictis,
2647 5086 2834 5142 negare
2865 5068 2965 5142 non
2999 5068 3232 5140 possunt.
3266 5068 3487 5125 Rectius
3538 5070 3588 5123 in
3624 5078 3738 5122 mss.

2165 5141 2420 5219 negantia,
2445 5142 2548 5219 hoc
2575 5151 2678 5219 est,
2708 5141 2815 5219 quo
2842 5141 3072 5219 subinde
3085 5143 3310 5219 possint
3338 5156 3557 5212 negare.

2230 5214 2295 5284 (il
2321 5213 2375 5268 In
2425 5214 2673 5284 vulgatis.
2708 5214 2843 5269 idem
2868 5225 3009 5268 sunt.
3037 5213 3206 5269 Abest
3230 5214 3365 5268 idem
3386 5229 3415 5266 ιι
3448 5226 3578 5267 mss.

2232 5282 2308 5357 (λ)
2341 5285 2500 5349 Ειιὶιὶ,
2523 5282 2756 5357 excepto
2791 5285 2910 5339 Par.
2944 5285 3062 5338 huic
3093 5284 3383 5357 eli/ﬁnitioni
3412 5299 3539 5338 sure.

2234 5347 2309 5428 (lc)
2336 5357 2424 5413 Sic
2454 5347 2581 5411 mss.
2614 5347 2849 5427 potiores
2887 5347 3201 5413 constanter
3224 5357 3375 5427 juxta
3406 5367 3655 5428 grmcﬂm-
3679 5347 3744 5406 Αι

2161 5427 2319 5512 (εᾳὶιι,⁸
2340 5428 2513 5485 anima
2540 5445 2680 5484 una:
2710 5436 2767 5485 et
2804 5444 2952 5497 mox,
2984 5430 3215 5485 animant
3243 5445 3400 5483 unam
3420 5427 3427 5428 7
3439 5444 3529 5500 per
3576 5437 3741 5481 conve-

2162 5512 2426 5555 ιιιειιιισιιι.

2238 5571 2303 5644 (Ι)
2333 5571 2560 5639 Quidam
2606 5573 2935 5630 recentiores
2963 5587 3096 5629 mss.
3130 5573 3273 5628 mtita
3294 5572 3379 5641 sit,
3412 5571 3571 5644 male:

2238 5639 2336 5714 (in)
2392 5645 2507 5700 Vat.
2552 5645 2671 5699 bas.
2725 5659 2829 5699 ms.
2878 5646 2929 5700 in
2958 5662 3037 5701 me
3062 5662 3224 5711 unum
3246 5639 3371 5699 sint.
3399 5644 3519 5700 Mm:
3547 5639 3743 5714 Bad.'et

2166 5708 2259 5769 Er.
2311 5707 2453 5798 tiret
2500 5714 2601 5784 ipsi
2648 5732 2809 5798 unum
2841 5717 2974 5798 _sint.
3013 5717 3126 5798 Etsi
3157 5707 3264 5773 non
3296 5707 3740 5798 exstatuuuumnitl

2169 5801 2299 5841 mss.
2343 5786 2393 5842 id
2438 5778 2634 5851 tamen,
2669 5787 2892 5857 perinde
2918 5803 2982 5844 ac
3006 5789 3052 5845 si
3082 5798 3344 5855 exstaret,
3372 5784 3634 5845 intellexit
3660 5778 3739 5837 Hic

2127 5927 2130 5930 ,
2168 5857 2355 5925 larius,
2386 5866 2442 5913 ut
2466 5858 2634 5929 liquot
2665 5874 2728 5915 ex
2759 5876 2906 5917 num.
2947 5860 3029 5915 it.
