  <div class='ocr_page' id='page_1' title='image "/cluster/home/n/w/nwhite01/storage/ocr_20150623/10/hvd.32044015471279/126.png"; bbox 0 0 3988 6332; ppageno 0'>
   <div class='ocr_carea' id='block_1_1' title="bbox 306 357 407 414">
    <p class='ocr_par' dir='ltr' id='par_1_1' title="bbox 306 357 407 414">
     <span class='ocr_line' id='line_1_1' title="bbox 306 357 407 414; baseline 0 -1"><span class='ocrx_word' id='word_1_1' title='bbox 306 357 407 414; x_wconf 72' lang='lat' dir='ltr'><strong>2U</strong></span> 
     </span>
    </p>
   </div>
   <div class='ocr_carea' id='block_1_2' title="bbox 1513 355 2423 418">
    <p class='ocr_par' dir='ltr' id='par_1_2' title="bbox 1513 355 2423 418">
     <span class='ocr_line' id='line_1_2' title="bbox 1513 355 2423 418; baseline 0.002 -5"><span class='ocrx_word' id='word_1_2' title='bbox 1513 358 1600 414; x_wconf 79' lang='lat' dir='ltr'><strong>DE</strong></span> <span class='ocrx_word' id='word_1_3' title='bbox 1641 355 2009 416; x_wconf 80' lang='lat' dir='ltr'><strong>TRINITATE</strong></span> <span class='ocrx_word' id='word_1_4' title='bbox 2046 360 2248 417; x_wconf 77' lang='lat' dir='ltr'><strong>LIBER</strong></span> <span class='ocrx_word' id='word_1_5' title='bbox 2292 361 2423 418; x_wconf 83' lang='lat' dir='ltr'><strong>Vlll.</strong></span> 
     </span>
    </p>
   </div>
   <div class='ocr_carea' id='block_1_3' title="bbox 3506 369 3615 427">
    <p class='ocr_par' dir='ltr' id='par_1_3' title="bbox 3506 369 3615 427">
     <span class='ocr_line' id='line_1_3' title="bbox 3506 369 3615 427; baseline 0.018 -2"><span class='ocrx_word' id='word_1_6' title='bbox 3506 369 3615 427; x_wconf 67' lang='lat'><strong>242</strong></span> 
     </span>
    </p>
   </div>
   <div class='ocr_carea' id='block_1_4' title="bbox 304 458 3612 556">
    <p class='ocr_par' dir='ltr' id='par_1_4' title="bbox 304 458 3612 556">
     <span class='ocr_line' id='line_1_4' title="bbox 304 458 3612 556; baseline 0.002 -23"><span class='ocrx_word' id='word_1_7' title='bbox 304 477 407 533; x_wconf 87' lang='lat' dir='ltr'><strong>sint</strong></span> <span class='ocrx_word' id='word_1_8' title='bbox 445 477 501 531; x_wconf 86' lang='lat' dir='ltr'><strong>in</strong></span> <span class='ocrx_word' id='word_1_9' title='bbox 533 476 676 533; x_wconf 85' lang='lat' dir='ltr'><strong>nobis</strong></span> <span class='ocrx_word' id='word_1_10' title='bbox 720 478 898 551; x_wconf 81' lang='lat' dir='ltr'><strong>(Joau.</strong></span> <span class='ocrx_word' id='word_1_11' title='bbox 936 494 1064 545; x_wconf 78' lang='lat' dir='ltr'><strong>xrn,</strong></span> <span class='ocrx_word' id='word_1_12' title='bbox 1098 479 1189 545; x_wconf 62' lang='grc' dir='ltr'><strong>ΞΟ,</strong></span> <span class='ocrx_word' id='word_1_13' title='bbox 1236 458 1368 552; x_wconf 75' lang='lat' dir='ltr'><strong>2i):</strong></span> <span class='ocrx_word' id='word_1_14' title='bbox 1405 489 1462 536; x_wconf 92' lang='lat' dir='ltr'><strong>ut</strong></span> <span class='ocrx_word' id='word_1_15' title='bbox 1500 481 1623 553; x_wconf 89' lang='lat' dir='ltr'><strong>quia</strong></span> <span class='ocrx_word' id='word_1_16' title='bbox 1662 478 1911 537; x_wconf 83' lang='lat' dir='ltr'><strong>homines</strong></span> <span class='ocrx_word' id='word_1_17' title='bbox 1937 482 1990 541; x_wconf 81' lang='grc' dir='ltr'>Λ</span> <span class='ocrx_word' id='word_1_18' title='bbox 2018 489 2177 551; x_wconf 90' lang='lat' dir='ltr'><strong>rupto</strong></span> <span class='ocrx_word' id='word_1_19' title='bbox 2221 479 2486 535; x_wconf 89' lang='lat' dir='ltr'><strong>dictorum</strong></span> <span class='ocrx_word' id='word_1_20' title='bbox 2544 494 2706 537; x_wconf 88' lang='lat' dir='ltr'><strong>sensu</strong></span> <span class='ocrx_word' id='word_1_21' title='bbox 2752 479 2930 551; x_wconf 87' lang='lat' dir='ltr'><strong>aliqua</strong></span> <span class='ocrx_word' id='word_1_22' title='bbox 2988 494 3057 537; x_wconf 77' lang='lat' dir='ltr'><strong>ex</strong></span> <span class='ocrx_word' id='word_1_23' title='bbox 3106 478 3191 538; x_wconf 87' lang='lat' dir='ltr'><strong>his</strong></span> <span class='ocrx_word' id='word_1_24' title='bbox 3232 481 3301 556; x_wconf 69' lang='grc' dir='ltr'><strong>(Ι)</strong></span> <span class='ocrx_word' id='word_1_25' title='bbox 3346 484 3612 541; x_wconf 87' lang='lat' dir='ltr'><strong>ementita</strong></span> 
     </span>
    </p>
   </div>
   <div class='ocr_carea' id='block_1_5' title="bbox 303 561 1903 644">
    <p class='ocr_par' dir='ltr' id='par_1_5' title="bbox 303 561 1903 644">
     <span class='ocr_line' id='line_1_5' title="bbox 303 561 1903 644; baseline 0.002 -18"><span class='ocrx_word' id='word_1_26' title='bbox 303 570 520 627; x_wconf 91' lang='lat' dir='ltr'><strong>rcfundi</strong></span> <span class='ocrx_word' id='word_1_27' title='bbox 565 572 618 627; x_wconf 92' lang='lat' dir='ltr'><strong>in</strong></span> <span class='ocrx_word' id='word_1_28' title='bbox 649 561 817 629; x_wconf 87' lang='lat' dir='ltr'><strong>Deum</strong></span> <span class='ocrx_word' id='word_1_29' title='bbox 866 588 973 629; x_wconf 89' lang='lat' dir='ltr'><strong>non</strong></span> <span class='ocrx_word' id='word_1_30' title='bbox 1021 584 1266 644; x_wconf 85' lang='lat' dir='ltr'><strong>possunt,</strong></span> <span class='ocrx_word' id='word_1_31' title='bbox 1298 573 1385 629; x_wconf 79' lang='lat' dir='ltr'><strong>vel</strong></span> <span class='ocrx_word' id='word_1_32' title='bbox 1429 573 1530 643; x_wconf 83' lang='lat' dir='ltr'><strong>ipsi</strong></span> <span class='ocrx_word' id='word_1_33' title='bbox 1573 573 1803 630; x_wconf 91' lang='lat' dir='ltr'><strong>invicem</strong></span> <span class='ocrx_word' id='word_1_34' title='bbox 1847 571 1903 629; x_wconf 92' lang='lat' dir='ltr'><strong>in</strong></span> 
     </span>
    </p>
   </div>
   <div class='ocr_carea' id='block_1_6' title="bbox 305 664 1904 736">
    <p class='ocr_par' dir='ltr' id='par_1_6' title="bbox 305 664 1904 736">
     <span class='ocr_line' id='line_1_6' title="bbox 305 664 1904 736; baseline 0.001 -16"><span class='ocrx_word' id='word_1_35' title='bbox 305 678 473 720; x_wconf 88' lang='lat' dir='ltr'><strong>unum</strong></span> <span class='ocrx_word' id='word_1_36' title='bbox 520 671 685 735; x_wconf 88' lang='lat' dir='ltr'><strong>atque</strong></span> <span class='ocrx_word' id='word_1_37' title='bbox 731 664 1086 723; x_wconf 89' lang='lat' dir='ltr'><strong>indiscretum</strong></span> <span class='ocrx_word' id='word_1_38' title='bbox 1143 681 1395 723; x_wconf 78' lang='lat' dir='ltr'><strong>acervum</strong></span> <span class='ocrx_word' id='word_1_39' title='bbox 1438 666 1609 734; x_wconf 91' lang='lat' dir='ltr'><strong>coire,</strong></span> <span class='ocrx_word' id='word_1_40' title='bbox 1662 664 1715 722; x_wconf 87' lang='lat' dir='ltr'><strong>id</strong></span> <span class='ocrx_word' id='word_1_41' title='bbox 1760 665 1904 736; x_wconf 91' lang='lat' dir='ltr'><strong>quod</strong></span> 
     </span>
    </p>
   </div>
   <div class='ocr_carea' id='block_1_7' title="bbox 300 757 1901 825">
    <p class='ocr_par' dir='ltr' id='par_1_7' title="bbox 300 757 1901 825">
     <span class='ocr_line' id='line_1_7' title="bbox 300 757 1901 825; baseline 0.002 -14"><span class='ocrx_word' id='word_1_42' title='bbox 300 771 470 811; x_wconf 85' lang='lat' dir='ltr'><strong>unum</strong></span> <span class='ocrx_word' id='word_1_43' title='bbox 502 764 650 823; x_wconf 87' lang='lat' dir='ltr'><strong>sunt,</strong></span> <span class='ocrx_word' id='word_1_44' title='bbox 682 772 747 813; x_wconf 83' lang='lat' dir='ltr'><strong>ex</strong></span> <span class='ocrx_word' id='word_1_45' title='bbox 781 757 986 813; x_wconf 72' lang='lat' dir='ltr'><strong>unitate</strong></span> <span class='ocrx_word' id='word_1_46' title='bbox 1017 760 1088 813; x_wconf 90' lang='lat' dir='ltr'><strong>sit</strong></span> <span class='ocrx_word' id='word_1_47' title='bbox 1113 758 1426 825; x_wconf 77' lang='lat' dir='ltr'><strong>voluntatis,</strong></span> <span class='ocrx_word' id='word_1_48' title='bbox 1467 772 1590 814; x_wconf 90' lang='lat' dir='ltr'><strong>cum</strong></span> <span class='ocrx_word' id='word_1_49' title='bbox 1632 764 1689 816; x_wconf 87' lang='lat' dir='ltr'><strong>et</strong></span> <span class='ocrx_word' id='word_1_50' title='bbox 1714 773 1901 816; x_wconf 87' lang='lat' dir='ltr'><strong>omnes</strong></span> 
     </span>
    </p>
   </div>
   <div class='ocr_carea' id='block_1_8' title="bbox 305 847 1902 922">
    <p class='ocr_par' dir='ltr' id='par_1_8' title="bbox 305 847 1902 922">
     <span class='ocr_line' id='line_1_8' title="bbox 305 847 1902 922; baseline 0.004 -19"><span class='ocrx_word' id='word_1_51' title='bbox 305 847 418 904; x_wconf 88' lang='lat' dir='ltr'><strong>Deo</strong></span> <span class='ocrx_word' id='word_1_52' title='bbox 447 847 644 918; x_wconf 86' lang='lat' dir='ltr'><strong>placita</strong></span> <span class='ocrx_word' id='word_1_53' title='bbox 672 857 855 919; x_wconf 77' lang='lat' dir='ltr'><strong>agant.</strong></span> <span class='ocrx_word' id='word_1_54' title='bbox 881 858 936 906; x_wconf 91' lang='lat' dir='ltr'><strong>et</strong></span> <span class='ocrx_word' id='word_1_55' title='bbox 967 849 1069 922; x_wconf 89' lang='lat' dir='ltr'><strong>ipsi</strong></span> <span class='ocrx_word' id='word_1_56' title='bbox 1102 866 1210 906; x_wconf 87' lang='lat' dir='ltr'><strong>non</strong></span> <span class='ocrx_word' id='word_1_57' title='bbox 1243 849 1633 908; x_wconf 68' lang='lat' dir='ltr'><strong>dissidentibus</strong></span> <span class='ocrx_word' id='word_1_58' title='bbox 1664 852 1805 907; x_wconf 89' lang='lat' dir='ltr'><strong>inter</strong></span> <span class='ocrx_word' id='word_1_59' title='bbox 1840 866 1902 911; x_wconf 88' lang='lat' dir='ltr'><strong>se</strong></span> 
     </span>
    </p>
   </div>
   <div class='ocr_carea' id='block_1_9' title="bbox 304 940 1899 1018">
    <p class='ocr_par' dir='ltr' id='par_1_9' title="bbox 304 940 1899 1018">
     <span class='ocr_line' id='line_1_9' title="bbox 304 940 1899 1018; baseline 0.002 -22"><span class='ocrx_word' id='word_1_60' title='bbox 304 940 613 996; x_wconf 87' lang='lat' dir='ltr'><strong>animorum</strong></span> <span class='ocrx_word' id='word_1_61' title='bbox 663 942 902 998; x_wconf 85' lang='lat' dir='ltr'><strong>motibus</strong></span> <span class='ocrx_word' id='word_1_62' title='bbox 956 954 1181 1010; x_wconf 83' lang='lat' dir='ltr'><strong>coeant;</strong></span> <span class='ocrx_word' id='word_1_63' title='bbox 1225 945 1389 1018; x_wconf 70' lang='lat'><strong>218</strong></span> <span class='ocrx_word' id='word_1_64' title='bbox 1410 952 1571 1013; x_wconf 87' lang='lat' dir='ltr'><strong>atque</strong></span> <span class='ocrx_word' id='word_1_65' title='bbox 1615 944 1688 1000; x_wconf 90' lang='lat' dir='ltr'><strong>ita</strong></span> <span class='ocrx_word' id='word_1_66' title='bbox 1737 956 1899 1000; x_wconf 88' lang='lat' dir='ltr'><strong>unum</strong></span> 
     </span>
    </p>
   </div>
   <div class='ocr_carea' id='block_1_10' title="bbox 304 1038 1581 1104">
    <p class='ocr_par' dir='ltr' id='par_1_10' title="bbox 304 1038 1581 1104">
     <span class='ocr_line' id='line_1_10' title="bbox 304 1038 1581 1104; baseline 0 -12"><span class='ocrx_word' id='word_1_67' title='bbox 304 1049 407 1092; x_wconf 89' lang='lat' dir='ltr'><strong>eos</strong></span> <span class='ocrx_word' id='word_1_68' title='bbox 434 1049 558 1091; x_wconf 88' lang='lat' dir='ltr'><strong>esse</strong></span> <span class='ocrx_word' id='word_1_69' title='bbox 587 1050 694 1092; x_wconf 90' lang='lat' dir='ltr'><strong>non</strong></span> <span class='ocrx_word' id='word_1_70' title='bbox 723 1045 913 1093; x_wconf 88' lang='lat' dir='ltr'><strong>natura</strong></span> <span class='ocrx_word' id='word_1_71' title='bbox 943 1038 1165 1104; x_wconf 82' lang='lat' dir='ltr'><strong>efficiat,</strong></span> <span class='ocrx_word' id='word_1_72' title='bbox 1193 1040 1288 1094; x_wconf 87' lang='lat' dir='ltr'><strong>sed</strong></span> <span class='ocrx_word' id='word_1_73' title='bbox 1314 1039 1581 1095; x_wconf 77' lang='lat' dir='ltr'><strong>voluntas.</strong></span> 
     </span>
    </p>
   </div>
   <div class='ocr_carea' id='block_1_11' title="bbox 377 1128 1901 1204">
    <p class='ocr_par' dir='ltr' id='par_1_11' title="bbox 377 1128 1901 1204">
     <span class='ocr_line' id='line_1_11' title="bbox 377 1128 1901 1204; baseline 0.002 -19"><span class='ocrx_word' id='word_1_74' title='bbox 377 1129 433 1185; x_wconf 87' lang='lat'><strong>6.</strong></span> <span class='ocrx_word' id='word_1_75' title='bbox 456 1128 769 1185; x_wconf 84' lang='lat' dir='ltr'><strong>Arianorum</strong></span> <span class='ocrx_word' id='word_1_76' title='bbox 798 1130 1035 1186; x_wconf 92' lang='lat' dir='ltr'><strong>stultitia.</strong></span> <span class='ocrx_word' id='word_1_77' title='bbox 1064 1159 1137 1173; x_wconf 89' lang='lat'><strong>-</strong></span> <span class='ocrx_word' id='word_1_78' title='bbox 1168 1130 1346 1187; x_wconf 80' lang='lat' dir='ltr'><strong>Nescit</strong></span> <span class='ocrx_word' id='word_1_79' title='bbox 1373 1132 1534 1203; x_wconf 83' lang='lat' dir='ltr'><strong>plane</strong></span> <span class='ocrx_word' id='word_1_80' title='bbox 1560 1147 1771 1203; x_wconf 86' lang='lat' dir='ltr'><strong>sapere,</strong></span> <span class='ocrx_word' id='word_1_81' title='bbox 1811 1133 1901 1204; x_wconf 91' lang='lat' dir='ltr'><strong>qui</strong></span> 
     </span>
    </p>
   </div>
   <div class='ocr_carea' id='block_1_12' title="bbox 304 1223 1902 1299">
    <p class='ocr_par' dir='ltr' id='par_1_12' title="bbox 304 1223 1902 1299">
     <span class='ocr_line' id='line_1_12' title="bbox 304 1223 1902 1299; baseline 0.003 -20"><span class='ocrx_word' id='word_1_82' title='bbox 304 1223 474 1281; x_wconf 89' lang='lat' dir='ltr'><strong>Deum</strong></span> <span class='ocrx_word' id='word_1_83' title='bbox 500 1223 694 1282; x_wconf 82' lang='lat' dir='ltr'><strong>nescit.</strong></span> <span class='ocrx_word' id='word_1_84' title='bbox 724 1225 792 1280; x_wconf 84' lang='lat' dir='ltr'><strong>Et</strong></span> <span class='ocrx_word' id='word_1_85' title='bbox 834 1240 955 1282; x_wconf 94' lang='lat' dir='ltr'><strong>cum</strong></span> <span class='ocrx_word' id='word_1_86' title='bbox 986 1227 1247 1299; x_wconf 85' lang='lat' dir='ltr'><strong>sapientia</strong></span> <span class='ocrx_word' id='word_1_87' title='bbox 1277 1226 1527 1282; x_wconf 83' lang='lat' dir='ltr'><strong>Christus</strong></span> <span class='ocrx_word' id='word_1_88' title='bbox 1553 1227 1645 1291; x_wconf 87' lang='lat' dir='ltr'><strong>sit,</strong></span> <span class='ocrx_word' id='word_1_89' title='bbox 1678 1242 1902 1284; x_wconf 89' lang='lat' dir='ltr'><strong>necesse</strong></span> 
     </span>
    </p>
   </div>
   <div class='ocr_carea' id='block_1_13' title="bbox 300 1319 1903 1395">
    <p class='ocr_par' dir='ltr' id='par_1_13' title="bbox 300 1319 1903 1395">
     <span class='ocr_line' id='line_1_13' title="bbox 300 1319 1903 1395; baseline 0.002 -19"><span class='ocrx_word' id='word_1_90' title='bbox 300 1327 390 1376; x_wconf 86' lang='lat' dir='ltr'><strong>est</strong></span> <span class='ocrx_word' id='word_1_91' title='bbox 418 1330 477 1376; x_wconf 90' lang='lat' dir='ltr'><strong>ut</strong></span> <span class='ocrx_word' id='word_1_92' title='bbox 502 1328 652 1375; x_wconf 78' lang='lat' dir='ltr'><strong>extra</strong></span> <span class='ocrx_word' id='word_1_93' title='bbox 683 1320 1005 1393; x_wconf 86' lang='lat' dir='ltr'><strong>sapientiam</strong></span> <span class='ocrx_word' id='word_1_94' title='bbox 1051 1321 1142 1389; x_wconf 89' lang='lat' dir='ltr'><strong>sit,</strong></span> <span class='ocrx_word' id='word_1_95' title='bbox 1177 1322 1271 1392; x_wconf 88' lang='lat' dir='ltr'><strong>qui</strong></span> <span class='ocrx_word' id='word_1_96' title='bbox 1308 1319 1581 1378; x_wconf 85' lang='lat' dir='ltr'><strong>Christum</strong></span> <span class='ocrx_word' id='word_1_97' title='bbox 1630 1334 1724 1378; x_wconf 90' lang='lat' dir='ltr'><strong>aut</strong></span> <span class='ocrx_word' id='word_1_98' title='bbox 1752 1325 1903 1395; x_wconf 83' lang='lat' dir='ltr'><strong>igno-</strong></span> 
     </span>
    </p>
   </div>
   <div class='ocr_carea' id='block_1_14' title="bbox 298 1412 1894 1487">
    <p class='ocr_par' dir='ltr' id='par_1_14' title="bbox 298 1412 1894 1487">
     <span class='ocr_line' id='line_1_14' title="bbox 298 1412 1894 1487; baseline 0.001 -17"><span class='ocrx_word' id='word_1_99' title='bbox 298 1424 408 1480; x_wconf 87' lang='lat' dir='ltr'><strong>rat,</strong></span> <span class='ocrx_word' id='word_1_100' title='bbox 438 1423 530 1469; x_wconf 90' lang='lat' dir='ltr'><strong>aut</strong></span> <span class='ocrx_word' id='word_1_101' title='bbox 557 1412 708 1469; x_wconf 88' lang='lat' dir='ltr'><strong>audit</strong></span> <span class='ocrx_word' id='word_1_102' title='bbox 733 1431 746 1468; x_wconf 90' lang='lat'>:</span> <span class='ocrx_word' id='word_1_103' title='bbox 775 1423 835 1469; x_wconf 88' lang='lat' dir='ltr'><strong>ut</strong></span> <span class='ocrx_word' id='word_1_104' title='bbox 864 1415 974 1482; x_wconf 85' lang='lat' dir='ltr'><strong>isti,</strong></span> <span class='ocrx_word' id='word_1_105' title='bbox 1017 1414 1106 1487; x_wconf 91' lang='lat' dir='ltr'><strong>qui</strong></span> <span class='ocrx_word' id='word_1_106' title='bbox 1146 1414 1448 1486; x_wconf 75' lang='lat' dir='ltr'><strong>maiestatis</strong></span> <span class='ocrx_word' id='word_1_107' title='bbox 1477 1416 1790 1483; x_wconf 88' lang='lat' dir='ltr'><strong>Dominum,</strong></span> <span class='ocrx_word' id='word_1_108' title='bbox 1839 1424 1894 1473; x_wconf 83' lang='lat' dir='ltr'><strong>et</strong></span> 
     </span>
    </p>
   </div>
   <div class='ocr_carea' id='block_1_15' title="bbox 297 1504 1897 1580">
    <p class='ocr_par' dir='ltr' id='par_1_15' title="bbox 297 1504 1897 1580">
     <span class='ocr_line' id='line_1_15' title="bbox 297 1504 1897 1580; baseline 0.002 -18"><span class='ocrx_word' id='word_1_109' title='bbox 297 1504 505 1573; x_wconf 68' lang='lat' dir='ltr'><strong>Regem</strong></span> <span class='ocrx_word' id='word_1_110' title='bbox 550 1506 897 1572; x_wconf 71' lang='lat' dir='ltr'><strong>stecuiurum,</strong></span> <span class='ocrx_word' id='word_1_111' title='bbox 944 1514 999 1564; x_wconf 89' lang='lat' dir='ltr'><strong>et</strong></span> <span class='ocrx_word' id='word_1_112' title='bbox 1029 1507 1362 1580; x_wconf 79' lang='lat' dir='ltr'><strong>unigenitum</strong></span> <span class='ocrx_word' id='word_1_113' title='bbox 1394 1508 1565 1565; x_wconf 92' lang='lat' dir='ltr'><strong>Deum</strong></span> <span class='ocrx_word' id='word_1_114' title='bbox 1593 1519 1897 1565; x_wconf 83' lang='lat' dir='ltr'><strong>creaturam</strong></span> 
     </span>
    </p>
   </div>
   <div class='ocr_carea' id='block_1_16' title="bbox 298 1597 1899 1671">
    <p class='ocr_par' dir='ltr' id='par_1_16' title="bbox 298 1597 1899 1671">
     <span class='ocr_line' id='line_1_16' title="bbox 298 1597 1899 1671; baseline 0.004 -18"><span class='ocrx_word' id='word_1_115' title='bbox 298 1597 397 1654; x_wconf 92' lang='lat' dir='ltr'><strong>Dei</strong></span> <span class='ocrx_word' id='word_1_116' title='bbox 429 1599 615 1654; x_wconf 81' lang='lat' dir='ltr'><strong>volunt</strong></span> <span class='ocrx_word' id='word_1_117' title='bbox 636 1600 818 1670; x_wconf 87' lang='lat' dir='ltr'><strong>potius</strong></span> <span class='ocrx_word' id='word_1_118' title='bbox 846 1612 1151 1671; x_wconf 77' lang='lat' dir='ltr'><strong>essequam</strong></span> <span class='ocrx_word' id='word_1_119' title='bbox 1197 1599 1366 1656; x_wconf 86' lang='lat' dir='ltr'><strong>lilium</strong></span> <span class='ocrx_word' id='word_1_120' title='bbox 1407 1619 1421 1656; x_wconf 91' lang='lat'><strong>:</strong></span> <span class='ocrx_word' id='word_1_121' title='bbox 1467 1610 1521 1657; x_wconf 86' lang='lat' dir='ltr'><strong>et</strong></span> <span class='ocrx_word' id='word_1_122' title='bbox 1567 1617 1689 1658; x_wconf 90' lang='lat' dir='ltr'><strong>cum</strong></span> <span class='ocrx_word' id='word_1_123' title='bbox 1733 1601 1899 1659; x_wconf 85' lang='lat' dir='ltr'><strong>stulte</strong></span> 
     </span>
    </p>
   </div>
   <div class='ocr_carea' id='block_1_17' title="bbox 298 1692 1897 1760">
    <p class='ocr_par' dir='ltr' id='par_1_17' title="bbox 298 1692 1897 1760">
     <span class='ocr_line' id='line_1_17' title="bbox 298 1692 1897 1760; baseline 0.002 -11"><span class='ocrx_word' id='word_1_124' title='bbox 298 1692 657 1760; x_wconf 89' lang='lat' dir='ltr'><strong>mentiantur,</strong></span> <span class='ocrx_word' id='word_1_125' title='bbox 704 1693 924 1749; x_wconf 85' lang='lat' dir='ltr'><strong>stultius</strong></span> <span class='ocrx_word' id='word_1_126' title='bbox 951 1702 1132 1749; x_wconf 87' lang='lat' dir='ltr'><strong>tamen</strong></span> <span class='ocrx_word' id='word_1_127' title='bbox 1176 1692 1228 1749; x_wconf 91' lang='lat' dir='ltr'><strong>in</strong></span> <span class='ocrx_word' id='word_1_128' title='bbox 1276 1693 1595 1751; x_wconf 87' lang='lat' dir='ltr'><strong>defensione</strong></span> <span class='ocrx_word' id='word_1_129' title='bbox 1629 1694 1897 1752; x_wconf 88' lang='lat' dir='ltr'><strong>mendacii</strong></span> 
     </span>
    </p>
   </div>
   <div class='ocr_carea' id='block_1_18' title="bbox 298 1772 1896 1858">
    <p class='ocr_par' dir='ltr' id='par_1_18' title="bbox 298 1772 1896 1858">
     <span class='ocr_line' id='line_1_18' title="bbox 298 1772 1896 1858; baseline 0.003 -18"><span class='ocrx_word' id='word_1_130' title='bbox 298 1786 383 1841; x_wconf 87' lang='lat' dir='ltr'><strong>sui</strong></span> <span class='ocrx_word' id='word_1_131' title='bbox 427 1785 670 1857; x_wconf 56' lang='lat' dir='ltr'><strong>sapiunt.</strong></span> <span class='ocrx_word' id='word_1_132' title='bbox 710 1785 887 1842; x_wconf 86' lang='lat' dir='ltr'><strong>Dilata</strong></span> <span class='ocrx_word' id='word_1_133' title='bbox 934 1787 1078 1843; x_wconf 89' lang='lat' dir='ltr'><strong>enim</strong></span> <span class='ocrx_word' id='word_1_134' title='bbox 1109 1786 1382 1857; x_wconf 85' lang='lat' dir='ltr'><strong>paululum</strong></span> <span class='ocrx_word' id='word_1_135' title='bbox 1421 1772 1771 1844; x_wconf 49' lang='lat' dir='ltr'><strong>etiam&#39;nunc</strong></span> <span class='ocrx_word' id='word_1_136' title='bbox 1808 1804 1896 1858; x_wconf 87' lang='lat' dir='ltr'><strong>ea,</strong></span> 
     </span>
    </p>
   </div>
   <div class='ocr_carea' id='block_1_19' title="bbox 2011 571 3610 645">
    <p class='ocr_par' dir='ltr' id='par_1_19' title="bbox 2011 571 3610 645">
     <span class='ocr_line' id='line_1_19' title="bbox 2011 571 3610 645; baseline 0.004 -17"><span class='ocrx_word' id='word_1_137' title='bbox 2011 572 2410 644; x_wconf 82' lang='lat' dir='ltr'><strong>compingimus</strong></span> <span class='ocrx_word' id='word_1_138' title='bbox 2436 589 2448 627; x_wconf 89' lang='lat'><strong>:</strong></span> <span class='ocrx_word' id='word_1_139' title='bbox 2476 571 2570 628; x_wconf 87' lang='lat' dir='ltr'><strong>sed</strong></span> <span class='ocrx_word' id='word_1_140' title='bbox 2599 586 2746 628; x_wconf 79' lang='lat' dir='ltr'><strong>sanae</strong></span> <span class='ocrx_word' id='word_1_141' title='bbox 2774 571 3038 629; x_wconf 63' lang='lat' dir='ltr'><strong>doctrinae</strong></span> <span class='ocrx_word' id='word_1_142' title='bbox 3073 571 3302 632; x_wconf 88' lang='lat' dir='ltr'><strong>formam</strong></span> <span class='ocrx_word' id='word_1_143' title='bbox 3334 583 3610 645; x_wconf 89' lang='lat' dir='ltr'><strong>tenentes,</strong></span> 
     </span>
    </p>
   </div>
   <div class='ocr_carea' id='block_1_20' title="bbox 2006 665 3606 737">
    <p class='ocr_par' dir='ltr' id='par_1_20' title="bbox 2006 665 3606 737">
     <span class='ocr_line' id='line_1_20' title="bbox 2006 665 3606 737; baseline 0.004 -17"><span class='ocrx_word' id='word_1_144' title='bbox 2006 680 2128 737; x_wconf 69' lang='lat' dir='ltr'><strong>qua:</strong></span> <span class='ocrx_word' id='word_1_145' title='bbox 2169 665 2379 721; x_wconf 88' lang='lat' dir='ltr'><strong>sincera</strong></span> <span class='ocrx_word' id='word_1_146' title='bbox 2431 673 2556 720; x_wconf 90' lang='lat' dir='ltr'><strong>sunt</strong></span> <span class='ocrx_word' id='word_1_147' title='bbox 2602 666 2867 734; x_wconf 88' lang='lat' dir='ltr'><strong>sapimus,</strong></span> <span class='ocrx_word' id='word_1_148' title='bbox 2912 673 2965 722; x_wconf 92' lang='lat' dir='ltr'><strong>et</strong></span> <span class='ocrx_word' id='word_1_149' title='bbox 3006 666 3389 737; x_wconf 77' lang='lat' dir='ltr'><strong>praedicamus.</strong></span> <span class='ocrx_word' id='word_1_150' title='bbox 3428 669 3606 729; x_wconf 86' lang='lat' dir='ltr'><strong>Docet</strong></span> 
     </span>
    </p>
   </div>
   <div class='ocr_carea' id='block_1_21' title="bbox 2002 758 3609 829">
    <p class='ocr_par' dir='ltr' id='par_1_21' title="bbox 2002 758 3609 829">
     <span class='ocr_line' id='line_1_21' title="bbox 2002 758 3609 829; baseline 0.005 -16"><span class='ocrx_word' id='word_1_151' title='bbox 2002 758 2148 814; x_wconf 89' lang='lat' dir='ltr'><strong>enim</strong></span> <span class='ocrx_word' id='word_1_152' title='bbox 2179 758 2476 829; x_wconf 85' lang='lat' dir='ltr'><strong>Apostolus</strong></span> <span class='ocrx_word' id='word_1_153' title='bbox 2504 773 2572 813; x_wconf 80' lang='lat' dir='ltr'><strong>ex</strong></span> <span class='ocrx_word' id='word_1_154' title='bbox 2604 767 2796 813; x_wconf 88' lang='lat' dir='ltr'><strong>natura</strong></span> <span class='ocrx_word' id='word_1_155' title='bbox 2820 767 3288 816; x_wconf 82' lang='lat' dir='ltr'><strong>sacramentorum</strong></span> <span class='ocrx_word' id='word_1_156' title='bbox 3316 774 3440 818; x_wconf 88' lang='lat' dir='ltr'><strong>esse</strong></span> <span class='ocrx_word' id='word_1_157' title='bbox 3468 762 3609 821; x_wconf 88' lang='lat' dir='ltr'><strong>hanc</strong></span> 
     </span>
    </p>
   </div>
   <div class='ocr_carea' id='block_1_22' title="bbox 2008 851 3613 920">
    <p class='ocr_par' dir='ltr' id='par_1_22' title="bbox 2008 851 3613 920">
     <span class='ocr_line' id='line_1_22' title="bbox 2008 851 3613 920; baseline 0.001 -11"><span class='ocrx_word' id='word_1_158' title='bbox 2008 853 2244 909; x_wconf 86' lang='lat' dir='ltr'><strong>fidelium</strong></span> <span class='ocrx_word' id='word_1_159' title='bbox 2265 854 2548 918; x_wconf 85' lang='lat' dir='ltr'><strong>unitatem,</strong></span> <span class='ocrx_word' id='word_1_160' title='bbox 2570 852 2636 907; x_wconf 88' lang='lat' dir='ltr'><strong>ad</strong></span> <span class='ocrx_word' id='word_1_161' title='bbox 2655 851 2871 909; x_wconf 86' lang='lat' dir='ltr'><strong>Galatas</strong></span> <span class='ocrx_word' id='word_1_162' title='bbox 2891 852 3133 908; x_wconf 84' lang='lat' dir='ltr'><strong>scribens</strong></span> <span class='ocrx_word' id='word_1_163' title='bbox 3157 869 3171 908; x_wconf 89' lang='lat'><strong>:</strong></span> <span class='ocrx_word' id='word_1_164' title='bbox 3206 852 3466 920; x_wconf 83' lang='lat' dir='ltr'><strong>Quotquot</strong></span> <span class='ocrx_word' id='word_1_165' title='bbox 3476 857 3613 912; x_wconf 85' lang='lat' dir='ltr'><strong>enim</strong></span> 
     </span>
    </p>
   </div>
   <div class='ocr_carea' id='block_1_23' title="bbox 2002 941 3614 1012">
    <p class='ocr_par' dir='ltr' id='par_1_23' title="bbox 2002 941 3614 1012">
     <span class='ocr_line' id='line_1_23' title="bbox 2002 941 3614 1012; baseline 0.001 -11"><span class='ocrx_word' id='word_1_166' title='bbox 2002 947 2059 1001; x_wconf 85' lang='lat' dir='ltr'><strong>in</strong></span> <span class='ocrx_word' id='word_1_167' title='bbox 2087 944 2290 1001; x_wconf 81' lang='lat' dir='ltr'><strong>Christo</strong></span> <span class='ocrx_word' id='word_1_168' title='bbox 2317 944 2560 1012; x_wconf 82' lang='lat' dir='ltr'><strong>baptizati</strong></span> <span class='ocrx_word' id='word_1_169' title='bbox 2587 944 2726 1012; x_wconf 88' lang='lat' dir='ltr'><strong>estis,</strong></span> <span class='ocrx_word' id='word_1_170' title='bbox 2757 941 3021 999; x_wconf 79' lang='lat' dir='ltr'><strong>Christum</strong></span> <span class='ocrx_word' id='word_1_171' title='bbox 3040 944 3300 1000; x_wconf 86' lang='lat' dir='ltr'><strong>induistis.</strong></span> <span class='ocrx_word' id='word_1_172' title='bbox 3335 945 3458 1001; x_wconf 87' lang='lat' dir='ltr'><strong>Non</strong></span> <span class='ocrx_word' id='word_1_173' title='bbox 3480 948 3614 1003; x_wconf 86' lang='lat' dir='ltr'><strong>inest</strong></span> 
     </span>
    </p>
   </div>
   <div class='ocr_carea' id='block_1_24' title="bbox 2003 1038 3610 1111">
    <p class='ocr_par' dir='ltr' id='par_1_24' title="bbox 2003 1038 3610 1111">
     <span class='ocr_line' id='line_1_24' title="bbox 2003 1038 3610 1111; baseline 0 -15"><span class='ocrx_word' id='word_1_174' title='bbox 2003 1039 2218 1096; x_wconf 80' lang='lat' dir='ltr'><strong>Judaus</strong></span> <span class='ocrx_word' id='word_1_175' title='bbox 2265 1056 2425 1111; x_wconf 85' lang='lat' dir='ltr'><strong>neque</strong></span> <span class='ocrx_word' id='word_1_176' title='bbox 2465 1038 2698 1104; x_wconf 72' lang='lat' dir='ltr'><strong>Gnaeus,</strong></span> <span class='ocrx_word' id='word_1_177' title='bbox 2748 1054 2849 1093; x_wconf 85' lang='lat' dir='ltr'><strong>non</strong></span> <span class='ocrx_word' id='word_1_178' title='bbox 2897 1039 3028 1095; x_wconf 81' lang='lat' dir='ltr'><strong>inest</strong></span> <span class='ocrx_word' id='word_1_179' title='bbox 3055 1055 3227 1094; x_wconf 82' lang='lat' dir='ltr'><strong>seruus</strong></span> <span class='ocrx_word' id='word_1_180' title='bbox 3276 1056 3436 1110; x_wconf 84' lang='lat' dir='ltr'><strong>neque</strong></span> <span class='ocrx_word' id='word_1_181' title='bbox 3463 1040 3610 1109; x_wconf 85' lang='lat' dir='ltr'><strong>liber,</strong></span> 
     </span>
    </p>
   </div>
   <div class='ocr_carea' id='block_1_25' title="bbox 2004 1132 3608 1209">
    <p class='ocr_par' dir='ltr' id='par_1_25' title="bbox 2004 1132 3608 1209">
     <span class='ocr_line' id='line_1_25' title="bbox 2004 1132 3608 1209; baseline 0.001 -20"><span class='ocrx_word' id='word_1_182' title='bbox 2004 1149 2106 1189; x_wconf 84' lang='lat' dir='ltr'><strong>non</strong></span> <span class='ocrx_word' id='word_1_183' title='bbox 2148 1134 2277 1189; x_wconf 88' lang='lat' dir='ltr'><strong>inest</strong></span> <span class='ocrx_word' id='word_1_184' title='bbox 2305 1132 2562 1188; x_wconf 87' lang='lat' dir='ltr'><strong>masculus</strong></span> <span class='ocrx_word' id='word_1_185' title='bbox 2607 1147 2765 1204; x_wconf 86' lang='lat' dir='ltr'><strong>neque</strong></span> <span class='ocrx_word' id='word_1_186' title='bbox 2789 1132 3018 1203; x_wconf 79' lang='lat' dir='ltr'><strong>femina;</strong></span> <span class='ocrx_word' id='word_1_187' title='bbox 3048 1148 3223 1187; x_wconf 86' lang='lat' dir='ltr'><strong>omnes</strong></span> <span class='ocrx_word' id='word_1_188' title='bbox 3269 1135 3436 1209; x_wconf 71' lang='lat'><strong>219</strong></span> <span class='ocrx_word' id='word_1_189' title='bbox 3472 1137 3608 1191; x_wconf 78' lang='lat' dir='ltr'><strong>enim</strong></span> 
     </span>
    </p>
   </div>
   <div class='ocr_carea' id='block_1_26' title="bbox 2003 1225 3611 1302">
    <p class='ocr_par' dir='ltr' id='par_1_26' title="bbox 2003 1225 3611 1302">
     <span class='ocr_line' id='line_1_26' title="bbox 2003 1225 3611 1302; baseline 0.001 -17"><span class='ocrx_word' id='word_1_190' title='bbox 2003 1246 2090 1285; x_wconf 80' lang='lat' dir='ltr'><strong>vos</strong></span> <span class='ocrx_word' id='word_1_191' title='bbox 2134 1246 2293 1290; x_wconf 71' lang='lat' dir='ltr'><strong>notum</strong></span> <span class='ocrx_word' id='word_1_192' title='bbox 2340 1229 2459 1284; x_wconf 84' lang='lat' dir='ltr'><strong>estis</strong></span> <span class='ocrx_word' id='word_1_193' title='bbox 2502 1228 2557 1282; x_wconf 87' lang='lat' dir='ltr'><strong>in</strong></span> <span class='ocrx_word' id='word_1_194' title='bbox 2600 1225 2803 1283; x_wconf 84' lang='lat' dir='ltr'><strong>Christo</strong></span> <span class='ocrx_word' id='word_1_195' title='bbox 2844 1225 2973 1282; x_wconf 74' lang='lat' dir='ltr'><strong>Iesu</strong></span> <span class='ocrx_word' id='word_1_196' title='bbox 3023 1225 3165 1301; x_wconf 83' lang='lat' dir='ltr'><strong>(Gal.</strong></span> <span class='ocrx_word' id='word_1_197' title='bbox 3216 1243 3294 1293; x_wconf 84' lang='grc' dir='ltr'>ιιι,</span> <span class='ocrx_word' id='word_1_198' title='bbox 3340 1228 3432 1294; x_wconf 81' lang='lat'><strong>27,</strong></span> <span class='ocrx_word' id='word_1_199' title='bbox 3482 1229 3611 1302; x_wconf 86' lang='lat'><strong>28).</strong></span> 
     </span>
    </p>
   </div>
   <div class='ocr_carea' id='block_1_27' title="bbox 2004 1322 3598 1395">
    <p class='ocr_par' dir='ltr' id='par_1_27' title="bbox 2004 1322 3598 1395">
     <span class='ocr_line' id='line_1_27' title="bbox 2004 1322 3598 1395; baseline 0.001 -15"><span class='ocrx_word' id='word_1_200' title='bbox 2004 1324 2155 1395; x_wconf 84' lang='lat' dir='ltr'><strong>Quod</strong></span> <span class='ocrx_word' id='word_1_201' title='bbox 2201 1340 2365 1379; x_wconf 91' lang='lat' dir='ltr'><strong>unum</strong></span> <span class='ocrx_word' id='word_1_202' title='bbox 2414 1331 2539 1378; x_wconf 91' lang='lat' dir='ltr'><strong>sunt</strong></span> <span class='ocrx_word' id='word_1_203' title='bbox 2586 1322 2639 1377; x_wconf 92' lang='lat' dir='ltr'><strong>in</strong></span> <span class='ocrx_word' id='word_1_204' title='bbox 2687 1329 2835 1377; x_wconf 84' lang='lat' dir='ltr'><strong>tanta</strong></span> <span class='ocrx_word' id='word_1_205' title='bbox 2881 1324 3148 1392; x_wconf 79' lang='lat' dir='ltr'><strong>gentium,</strong></span> <span class='ocrx_word' id='word_1_206' title='bbox 3207 1323 3598 1393; x_wconf 90' lang='lat' dir='ltr'><strong>conditionum,</strong></span> 
     </span>
    </p>
   </div>
   <div class='ocr_carea' id='block_1_28' title="bbox 2002 1416 3602 1489">
    <p class='ocr_par' dir='ltr' id='par_1_28' title="bbox 2002 1416 3602 1489">
     <span class='ocr_line' id='line_1_28' title="bbox 2002 1416 3602 1489; baseline 0 -12"><span class='ocrx_word' id='word_1_207' title='bbox 2002 1435 2230 1477; x_wconf 80' lang='lat' dir='ltr'><strong>sexuum</strong></span> <span class='ocrx_word' id='word_1_208' title='bbox 2257 1418 2607 1480; x_wconf 85' lang='lat' dir='ltr'><strong>diversitate:</strong></span> <span class='ocrx_word' id='word_1_209' title='bbox 2639 1416 2898 1489; x_wconf 91' lang='lat' dir='ltr'><strong>numquid</strong></span> <span class='ocrx_word' id='word_1_210' title='bbox 2948 1433 3014 1473; x_wconf 83' lang='lat' dir='ltr'><strong>ex</strong></span> <span class='ocrx_word' id='word_1_211' title='bbox 3060 1431 3284 1474; x_wconf 82' lang='lat' dir='ltr'><strong>assensu</strong></span> <span class='ocrx_word' id='word_1_212' title='bbox 3311 1418 3602 1477; x_wconf 81' lang='lat' dir='ltr'><strong>voluntatis</strong></span> 
     </span>
    </p>
   </div>
   <div class='ocr_carea' id='block_1_29' title="bbox 2001 1510 3597 1584">
    <p class='ocr_par' dir='ltr' id='par_1_29' title="bbox 2001 1510 3597 1584">
     <span class='ocr_line' id='line_1_29' title="bbox 2001 1510 3597 1584; baseline 0.001 -14"><span class='ocrx_word' id='word_1_213' title='bbox 2001 1522 2108 1577; x_wconf 86' lang='lat' dir='ltr'><strong>est,</strong></span> <span class='ocrx_word' id='word_1_214' title='bbox 2136 1522 2230 1567; x_wconf 92' lang='lat' dir='ltr'><strong>aut</strong></span> <span class='ocrx_word' id='word_1_215' title='bbox 2258 1528 2323 1567; x_wconf 81' lang='lat' dir='ltr'><strong>ex</strong></span> <span class='ocrx_word' id='word_1_216' title='bbox 2353 1511 2680 1568; x_wconf 88' lang='lat' dir='ltr'><strong>sacramenti</strong></span> <span class='ocrx_word' id='word_1_217' title='bbox 2708 1510 2932 1576; x_wconf 86' lang='lat' dir='ltr'><strong>unitate,</strong></span> <span class='ocrx_word' id='word_1_218' title='bbox 2964 1511 3087 1583; x_wconf 90' lang='lat' dir='ltr'><strong>quia</strong></span> <span class='ocrx_word' id='word_1_219' title='bbox 3116 1510 3198 1568; x_wconf 89' lang='lat' dir='ltr'><strong>his</strong></span> <span class='ocrx_word' id='word_1_220' title='bbox 3227 1521 3282 1567; x_wconf 91' lang='lat' dir='ltr'><strong>et</strong></span> <span class='ocrx_word' id='word_1_221' title='bbox 3329 1510 3597 1584; x_wconf 78' lang='lat' dir='ltr'><strong>baptisma</strong></span> 
     </span>
    </p>
   </div>
   <div class='ocr_carea' id='block_1_30' title="bbox 2002 1601 3601 1674">
    <p class='ocr_par' dir='ltr' id='par_1_30' title="bbox 2002 1601 3601 1674">
     <span class='ocr_line' id='line_1_30' title="bbox 2002 1601 3601 1674; baseline -0.001 -11"><span class='ocrx_word' id='word_1_222' title='bbox 2002 1606 2074 1663; x_wconf 90' lang='lat' dir='ltr'><strong>sit</strong></span> <span class='ocrx_word' id='word_1_223' title='bbox 2119 1620 2310 1674; x_wconf 84' lang='lat' dir='ltr'><strong>unum,</strong></span> <span class='ocrx_word' id='word_1_224' title='bbox 2358 1613 2414 1661; x_wconf 90' lang='lat' dir='ltr'><strong>et</strong></span> <span class='ocrx_word' id='word_1_225' title='bbox 2455 1618 2621 1662; x_wconf 91' lang='lat' dir='ltr'><strong>unum</strong></span> <span class='ocrx_word' id='word_1_226' title='bbox 2661 1601 2937 1661; x_wconf 84' lang='lat' dir='ltr'><strong>Christum</strong></span> <span class='ocrx_word' id='word_1_227' title='bbox 2984 1603 3156 1661; x_wconf 89' lang='lat' dir='ltr'><strong>induti</strong></span> <span class='ocrx_word' id='word_1_228' title='bbox 3203 1620 3395 1661; x_wconf 90' lang='lat' dir='ltr'><strong>omnes</strong></span> <span class='ocrx_word' id='word_1_229' title='bbox 3440 1606 3601 1663; x_wconf 80' lang='lat' dir='ltr'><strong>sunt?</strong></span> 
     </span>
    </p>
   </div>
   <div class='ocr_carea' id='block_1_31' title="bbox 2001 1696 3603 1771">
    <p class='ocr_par' dir='ltr' id='par_1_31' title="bbox 2001 1696 3603 1771">
     <span class='ocr_line' id='line_1_31' title="bbox 2001 1696 3603 1771; baseline 0.003 -19"><span class='ocrx_word' id='word_1_230' title='bbox 2001 1698 2142 1768; x_wconf 86' lang='lat' dir='ltr'><strong>Quid</strong></span> <span class='ocrx_word' id='word_1_231' title='bbox 2170 1713 2299 1771; x_wconf 79' lang='lat' dir='ltr'><strong>ergo</strong></span> <span class='ocrx_word' id='word_1_232' title='bbox 2334 1698 2422 1754; x_wconf 89' lang='lat' dir='ltr'><strong>hic</strong></span> <span class='ocrx_word' id='word_1_233' title='bbox 2460 1698 2765 1754; x_wconf 90' lang='lat' dir='ltr'><strong>animorum</strong></span> <span class='ocrx_word' id='word_1_234' title='bbox 2809 1696 3096 1753; x_wconf 86' lang='lat' dir='ltr'><strong>concordia</strong></span> <span class='ocrx_word' id='word_1_235' title='bbox 3128 1697 3308 1763; x_wconf 87' lang='lat' dir='ltr'><strong>faciet,</strong></span> <span class='ocrx_word' id='word_1_236' title='bbox 3353 1713 3476 1754; x_wconf 92' lang='lat' dir='ltr'><strong>cum</strong></span> <span class='ocrx_word' id='word_1_237' title='bbox 3507 1713 3603 1768; x_wconf 86' lang='lat' dir='ltr'><strong>per</strong></span> 
     </span>
    </p>
   </div>
   <div class='ocr_carea' id='block_1_32' title="bbox 2002 1789 3599 1862">
    <p class='ocr_par' dir='ltr' id='par_1_32' title="bbox 2002 1789 3599 1862">
     <span class='ocr_line' id='line_1_32' title="bbox 2002 1789 3599 1862; baseline 0.002 -16"><span class='ocrx_word' id='word_1_238' title='bbox 2002 1789 2056 1846; x_wconf 91' lang='lat' dir='ltr'><strong>id</strong></span> <span class='ocrx_word' id='word_1_239' title='bbox 2096 1806 2258 1847; x_wconf 90' lang='lat' dir='ltr'><strong>unum</strong></span> <span class='ocrx_word' id='word_1_240' title='bbox 2309 1791 2438 1855; x_wconf 89' lang='lat' dir='ltr'><strong>sint,</strong></span> <span class='ocrx_word' id='word_1_241' title='bbox 2481 1790 2621 1861; x_wconf 88' lang='lat' dir='ltr'><strong>quod</strong></span> <span class='ocrx_word' id='word_1_242' title='bbox 2663 1806 2768 1848; x_wconf 89' lang='lat' dir='ltr'><strong>uno</strong></span> <span class='ocrx_word' id='word_1_243' title='bbox 2795 1789 3012 1846; x_wconf 80' lang='lat' dir='ltr'><strong>Christo</strong></span> <span class='ocrx_word' id='word_1_244' title='bbox 3039 1805 3135 1862; x_wconf 90' lang='lat' dir='ltr'><strong>per</strong></span> <span class='ocrx_word' id='word_1_245' title='bbox 3163 1800 3411 1849; x_wconf 84' lang='lat' dir='ltr'><strong>naturam</strong></span> <span class='ocrx_word' id='word_1_246' title='bbox 3440 1792 3599 1849; x_wconf 87' lang='lat' dir='ltr'><strong>unius</strong></span> 
     </span>
    </p>
   </div>
   <div class='ocr_carea' id='block_1_33' title="bbox 299 1877 2628 1956">
    <p class='ocr_par' dir='ltr' id='par_1_33' title="bbox 299 1877 2628 1956">
     <span class='ocr_line' id='line_1_33' title="bbox 299 1877 2628 1956; baseline 0.003 -25"><span class='ocrx_word' id='word_1_247' title='bbox 299 1891 421 1950; x_wconf 74' lang='lat' dir='ltr'><strong>qua:</strong></span> <span class='ocrx_word' id='word_1_248' title='bbox 460 1877 514 1932; x_wconf 90' lang='lat' dir='ltr'><strong>in</strong></span> <span class='ocrx_word' id='word_1_249' title='bbox 561 1877 675 1934; x_wconf 89' lang='lat' dir='ltr'><strong>Deo</strong></span> <span class='ocrx_word' id='word_1_250' title='bbox 721 1888 872 1949; x_wconf 86' lang='lat' dir='ltr'><strong>patre</strong></span> <span class='ocrx_word' id='word_1_251' title='bbox 913 1887 967 1933; x_wconf 89' lang='lat' dir='ltr'><strong>et</strong></span> <span class='ocrx_word' id='word_1_252' title='bbox 1014 1879 1066 1935; x_wconf 92' lang='lat' dir='ltr'><strong>iu</strong></span> <span class='ocrx_word' id='word_1_253' title='bbox 1105 1880 1219 1935; x_wconf 88' lang='lat' dir='ltr'><strong>Deo</strong></span> <span class='ocrx_word' id='word_1_254' title='bbox 1248 1880 1358 1936; x_wconf 86' lang='lat' dir='ltr'><strong>lilio</strong></span> <span class='ocrx_word' id='word_1_255' title='bbox 1385 1892 1500 1949; x_wconf 90' lang='lat' dir='ltr'><strong>cst,</strong></span> <span class='ocrx_word' id='word_1_256' title='bbox 1536 1881 1755 1937; x_wconf 84' lang='lat' dir='ltr'><strong>unitatis</strong></span> <span class='ocrx_word' id='word_1_257' title='bbox 1783 1896 1903 1952; x_wconf 85' lang='lat' dir='ltr'><strong>pro-</strong></span> <span class='ocrx_word' id='word_1_258' title='bbox 1937 1885 1987 1948; x_wconf 91' lang='lat' dir='ltr'><strong>B</strong></span> <span class='ocrx_word' id='word_1_259' title='bbox 2013 1884 2266 1956; x_wconf 85' lang='lat' dir='ltr'><strong>baptismi</strong></span> <span class='ocrx_word' id='word_1_260' title='bbox 2299 1883 2628 1940; x_wconf 83' lang='lat' dir='ltr'><strong>induantur?</strong></span> 
     </span>
    </p>
   </div>
   <div class='ocr_carea' id='block_1_34' title="bbox 298 1968 1901 2045">
    <p class='ocr_par' dir='ltr' id='par_1_34' title="bbox 298 1968 1901 2045">
     <span class='ocr_line' id='line_1_34' title="bbox 298 1968 1901 2045; baseline 0.004 -19"><span class='ocrx_word' id='word_1_261' title='bbox 298 1972 550 2043; x_wconf 87' lang='lat' dir='ltr'><strong>prietate,</strong></span> <span class='ocrx_word' id='word_1_262' title='bbox 583 1987 650 2029; x_wconf 82' lang='lat' dir='ltr'><strong>ex</strong></span> <span class='ocrx_word' id='word_1_263' title='bbox 679 1971 763 2029; x_wconf 88' lang='lat' dir='ltr'><strong>his</strong></span> <span class='ocrx_word' id='word_1_264' title='bbox 790 1973 924 2045; x_wconf 86' lang='lat' dir='ltr'><strong>ipsis</strong></span> <span class='ocrx_word' id='word_1_265' title='bbox 948 1974 1144 2045; x_wconf 88' lang='lat' dir='ltr'><strong>quibus</strong></span> <span class='ocrx_word' id='word_1_266' title='bbox 1176 1984 1398 2030; x_wconf 87' lang='lat' dir='ltr'><strong>utuntur</strong></span> <span class='ocrx_word' id='word_1_267' title='bbox 1421 1968 1706 2032; x_wconf 77' lang='lat' dir='ltr'><strong>refellendi</strong></span> <span class='ocrx_word' id='word_1_268' title='bbox 1751 1984 1901 2033; x_wconf 90' lang='lat' dir='ltr'><strong>sunt.</strong></span> 
     </span>
    </p>
   </div>
   <div class='ocr_carea' id='block_1_35' title="bbox 2079 1978 3610 2052">
    <p class='ocr_par' dir='ltr' id='par_1_35' title="bbox 2079 1978 3610 2052">
     <span class='ocr_line' id='line_1_35' title="bbox 2079 1978 3610 2052; baseline 0.001 -17"><span class='ocrx_word' id='word_1_269' title='bbox 2079 1979 2132 2036; x_wconf 91' lang='lat'><strong>9.</strong></span> <span class='ocrx_word' id='word_1_270' title='bbox 2171 1980 2273 2045; x_wconf 81' lang='lat' dir='ltr'><strong>Qui</strong></span> <span class='ocrx_word' id='word_1_271' title='bbox 2303 1981 2504 2051; x_wconf 82' lang='lat' dir='ltr'><strong>plantat</strong></span> <span class='ocrx_word' id='word_1_272' title='bbox 2548 1990 2595 2034; x_wconf 91' lang='lat' dir='ltr'><strong>et</strong></span> <span class='ocrx_word' id='word_1_273' title='bbox 2622 1978 2710 2048; x_wconf 89' lang='lat' dir='ltr'><strong>qui</strong></span> <span class='ocrx_word' id='word_1_274' title='bbox 2754 1979 2889 2052; x_wconf 85' lang='lat' dir='ltr'><strong>rigat</strong></span> <span class='ocrx_word' id='word_1_275' title='bbox 2934 1987 3121 2034; x_wconf 85' lang='lat' dir='ltr'><strong>natura</strong></span> <span class='ocrx_word' id='word_1_276' title='bbox 3162 1995 3324 2035; x_wconf 86' lang='lat' dir='ltr'><strong>unum</strong></span> <span class='ocrx_word' id='word_1_277' title='bbox 3366 1987 3509 2037; x_wconf 85' lang='lat' dir='ltr'><strong>sunt.</strong></span> <span class='ocrx_word' id='word_1_278' title='bbox 3535 2007 3610 2025; x_wconf 89' lang='lat'><strong>--</strong></span> 
     </span>
    </p>
   </div>
   <div class='ocr_carea' id='block_1_36' title="bbox 374 2066 3613 2143">
    <p class='ocr_par' dir='ltr' id='par_1_36' title="bbox 374 2066 3613 2143">
     <span class='ocr_line' id='line_1_36' title="bbox 374 2066 3613 2143; baseline 0.002 -21"><span class='ocrx_word' id='word_1_279' title='bbox 374 2066 431 2122; x_wconf 88' lang='lat'><strong>7.</strong></span> <span class='ocrx_word' id='word_1_280' title='bbox 489 2066 764 2123; x_wconf 82' lang='lat' dir='ltr'><strong>Naturalis</strong></span> <span class='ocrx_word' id='word_1_281' title='bbox 813 2079 888 2123; x_wconf 88' lang='lat' dir='ltr'><strong>est</strong></span> <span class='ocrx_word' id='word_1_282' title='bbox 937 2068 1169 2140; x_wconf 87' lang='lat' dir='ltr'><strong>ﬁdelium</strong></span> <span class='ocrx_word' id='word_1_283' title='bbox 1216 2085 1308 2140; x_wconf 87' lang='lat' dir='ltr'><strong>per</strong></span> <span class='ocrx_word' id='word_1_284' title='bbox 1332 2070 1487 2124; x_wconf 87' lang='lat' dir='ltr'><strong>unius</strong></span> <span class='ocrx_word' id='word_1_285' title='bbox 1515 2069 1637 2139; x_wconf 90' lang='lat' dir='ltr'><strong>ﬁdei</strong></span> <span class='ocrx_word' id='word_1_286' title='bbox 1666 2080 1905 2126; x_wconf 81' lang='lat' dir='ltr'><strong>naturain</strong></span> <span class='ocrx_word' id='word_1_287' title='bbox 2009 2075 2118 2128; x_wconf 87' lang='lat' dir='ltr'><strong>Aut</strong></span> <span class='ocrx_word' id='word_1_288' title='bbox 2140 2086 2262 2127; x_wconf 90' lang='lat' dir='ltr'><strong>cum</strong></span> <span class='ocrx_word' id='word_1_289' title='bbox 2292 2072 2383 2143; x_wconf 87' lang='lat' dir='ltr'><strong>qui</strong></span> <span class='ocrx_word' id='word_1_290' title='bbox 2415 2071 2642 2143; x_wconf 88' lang='lat' dir='ltr'><strong>plantat,</strong></span> <span class='ocrx_word' id='word_1_291' title='bbox 2675 2080 2730 2126; x_wconf 90' lang='lat' dir='ltr'><strong>et</strong></span> <span class='ocrx_word' id='word_1_292' title='bbox 2758 2072 2847 2141; x_wconf 92' lang='lat' dir='ltr'><strong>qui</strong></span> <span class='ocrx_word' id='word_1_293' title='bbox 2879 2071 3037 2143; x_wconf 76' lang='lat' dir='ltr'><strong>rigat,</strong></span> <span class='ocrx_word' id='word_1_294' title='bbox 3068 2087 3236 2128; x_wconf 88' lang='lat' dir='ltr'><strong>unum</strong></span> <span class='ocrx_word' id='word_1_295' title='bbox 3260 2072 3404 2139; x_wconf 87' lang='lat' dir='ltr'><strong>sint;</strong></span> <span class='ocrx_word' id='word_1_296' title='bbox 3453 2088 3613 2129; x_wconf 89' lang='lat' dir='ltr'><strong>num-</strong></span> 
     </span>
    </p>
   </div>
   <div class='ocr_carea' id='block_1_37' title="bbox 306 2159 1900 2222">
    <p class='ocr_par' dir='ltr' id='par_1_37' title="bbox 306 2159 1900 2222">
     <span class='ocr_line' id='line_1_37' title="bbox 306 2159 1900 2222; baseline 0.003 -6"><span class='ocrx_word' id='word_1_297' title='bbox 306 2161 498 2216; x_wconf 85' lang='lat' dir='ltr'><strong>unitas.</strong></span> <span class='ocrx_word' id='word_1_298' title='bbox 533 2159 739 2217; x_wconf 77' lang='lat' dir='ltr'><strong>Fideles</strong></span> <span class='ocrx_word' id='word_1_299' title='bbox 765 2178 830 2218; x_wconf 79' lang='lat' dir='ltr'><strong>ea:</strong></span> <span class='ocrx_word' id='word_1_300' title='bbox 879 2164 1078 2217; x_wconf 85' lang='lat' dir='ltr'><strong>unitate</strong></span> <span class='ocrx_word' id='word_1_301' title='bbox 1106 2172 1544 2218; x_wconf 84' lang='lat' dir='ltr'><strong>sacramentorum</strong></span> <span class='ocrx_word' id='word_1_302' title='bbox 1570 2173 1688 2219; x_wconf 85' lang='lat' dir='ltr'><strong>sunt</strong></span> <span class='ocrx_word' id='word_1_303' title='bbox 1717 2180 1900 2222; x_wconf 86' lang='lat' dir='ltr'><strong>unum.</strong></span> 
     </span>
    </p>
   </div>
   <div class='ocr_carea' id='block_1_38' title="bbox 304 2254 1900 2331">
    <p class='ocr_par' dir='ltr' id='par_1_38' title="bbox 304 2254 1900 2331">
     <span class='ocr_line' id='line_1_38' title="bbox 304 2254 1900 2331; baseline 0.003 -21"><span class='ocrx_word' id='word_1_304' title='bbox 304 2284 375 2297; x_wconf 94' lang='lat'>—</span> <span class='ocrx_word' id='word_1_305' title='bbox 402 2254 641 2328; x_wconf 81' lang='lat' dir='ltr'><strong>Namque</strong></span> <span class='ocrx_word' id='word_1_306' title='bbox 689 2270 925 2329; x_wconf 90' lang='lat' dir='ltr'><strong>quorum</strong></span> <span class='ocrx_word' id='word_1_307' title='bbox 974 2256 1151 2311; x_wconf 90' lang='lat' dir='ltr'><strong>anima</strong></span> <span class='ocrx_word' id='word_1_308' title='bbox 1216 2266 1271 2313; x_wconf 90' lang='lat' dir='ltr'><strong>et</strong></span> <span class='ocrx_word' id='word_1_309' title='bbox 1299 2272 1397 2314; x_wconf 89' lang='lat' dir='ltr'><strong>cor</strong></span> <span class='ocrx_word' id='word_1_310' title='bbox 1442 2272 1607 2313; x_wconf 89' lang='lat' dir='ltr'><strong>unum</strong></span> <span class='ocrx_word' id='word_1_311' title='bbox 1640 2257 1717 2331; x_wconf 90' lang='lat' dir='ltr'><strong>(a)</strong></span> <span class='ocrx_word' id='word_1_312' title='bbox 1761 2267 1900 2326; x_wconf 88' lang='lat' dir='ltr'><strong>erat,</strong></span> 
     </span>
    </p>
   </div>
   <div class='ocr_carea' id='block_1_39' title="bbox 2011 2164 3613 2240">
    <p class='ocr_par' dir='ltr' id='par_1_39' title="bbox 2011 2164 3613 2240">
     <span class='ocr_line' id='line_1_39' title="bbox 2011 2164 3613 2240; baseline 0 -17"><span class='ocrx_word' id='word_1_313' title='bbox 2011 2166 2139 2238; x_wconf 89' lang='lat' dir='ltr'><strong>quid</strong></span> <span class='ocrx_word' id='word_1_314' title='bbox 2184 2183 2293 2223; x_wconf 89' lang='lat' dir='ltr'><strong>non</strong></span> <span class='ocrx_word' id='word_1_315' title='bbox 2336 2182 2434 2238; x_wconf 84' lang='lat' dir='ltr'><strong>per</strong></span> <span class='ocrx_word' id='word_1_316' title='bbox 2480 2166 2582 2222; x_wconf 92' lang='lat' dir='ltr'><strong>hoc</strong></span> <span class='ocrx_word' id='word_1_317' title='bbox 2627 2181 2790 2221; x_wconf 89' lang='lat' dir='ltr'><strong>unum</strong></span> <span class='ocrx_word' id='word_1_318' title='bbox 2842 2177 2987 2234; x_wconf 89' lang='lat' dir='ltr'><strong>sunt,</strong></span> <span class='ocrx_word' id='word_1_319' title='bbox 3017 2167 3141 2237; x_wconf 86' lang='lat' dir='ltr'><strong>quia</strong></span> <span class='ocrx_word' id='word_1_320' title='bbox 3169 2164 3247 2240; x_wconf 86' lang='lat' dir='ltr'><strong>(g)</strong></span> <span class='ocrx_word' id='word_1_321' title='bbox 3275 2166 3376 2238; x_wconf 83' lang='lat' dir='ltr'><strong>ipsi</strong></span> <span class='ocrx_word' id='word_1_322' title='bbox 3418 2166 3470 2222; x_wconf 92' lang='lat' dir='ltr'><strong>in</strong></span> <span class='ocrx_word' id='word_1_323' title='bbox 3503 2181 3613 2224; x_wconf 91' lang='lat' dir='ltr'><strong>uno</strong></span> 
     </span>
    </p>
   </div>
   <div class='ocr_carea' id='block_1_40' title="bbox 2007 2259 3613 2332">
    <p class='ocr_par' dir='ltr' id='par_1_40' title="bbox 2007 2259 3613 2332">
     <span class='ocr_line' id='line_1_40' title="bbox 2007 2259 3613 2332; baseline 0.002 -17"><span class='ocrx_word' id='word_1_324' title='bbox 2007 2260 2278 2332; x_wconf 87' lang='lat' dir='ltr'><strong>baptismo</strong></span> <span class='ocrx_word' id='word_1_325' title='bbox 2325 2260 2496 2315; x_wconf 84' lang='lat' dir='ltr'><strong>renati</strong></span> <span class='ocrx_word' id='word_1_326' title='bbox 2540 2274 2645 2315; x_wconf 92' lang='lat' dir='ltr'><strong>una</strong></span> <span class='ocrx_word' id='word_1_327' title='bbox 2713 2259 2870 2315; x_wconf 87' lang='lat' dir='ltr'><strong>unius</strong></span> <span class='ocrx_word' id='word_1_328' title='bbox 2919 2259 3294 2331; x_wconf 77' lang='lat' dir='ltr'><strong>regenerantis</strong></span> <span class='ocrx_word' id='word_1_329' title='bbox 3353 2259 3613 2332; x_wconf 85' lang='lat' dir='ltr'><strong>baptismi</strong></span> 
     </span>
    </p>
   </div>
   <div class='ocr_carea' id='block_1_41' title="bbox 297 2349 3612 2426">
    <p class='ocr_par' dir='ltr' id='par_1_41' title="bbox 297 2349 3612 2426">
     <span class='ocr_line' id='line_1_41' title="bbox 297 2349 3612 2426; baseline 0.003 -24"><span class='ocrx_word' id='word_1_330' title='bbox 297 2362 484 2419; x_wconf 65' lang='grc' dir='ltr'><strong>(πιπτει-ο</strong></span> <span class='ocrx_word' id='word_1_331' title='bbox 541 2359 720 2405; x_wconf 89' lang='lat' dir='ltr'><strong>utrum</strong></span> <span class='ocrx_word' id='word_1_332' title='bbox 782 2366 877 2418; x_wconf 78' lang='lat' dir='ltr'><strong>per</strong></span> <span class='ocrx_word' id='word_1_333' title='bbox 934 2349 1092 2406; x_wconf 81' lang='lat' dir='ltr'><strong>[idem</strong></span> <span class='ocrx_word' id='word_1_334' title='bbox 1157 2350 1247 2405; x_wconf 86' lang='lat' dir='ltr'><strong>Dei</strong></span> <span class='ocrx_word' id='word_1_335' title='bbox 1296 2365 1458 2406; x_wconf 89' lang='lat' dir='ltr'><strong>unum</strong></span> <span class='ocrx_word' id='word_1_336' title='bbox 1511 2358 1649 2407; x_wconf 86' lang='lat' dir='ltr'><strong>erat.</strong></span> <span class='ocrx_word' id='word_1_337' title='bbox 1704 2349 1903 2424; x_wconf 85' lang='lat' dir='ltr'><strong>Utique</strong></span> <span class='ocrx_word' id='word_1_338' title='bbox 2006 2352 2341 2425; x_wconf 84' lang='lat' dir='ltr'><strong>dispensatio</strong></span> <span class='ocrx_word' id='word_1_339' title='bbox 2372 2352 2521 2407; x_wconf 88' lang='lat' dir='ltr'><strong>sint?</strong></span> <span class='ocrx_word' id='word_1_340' title='bbox 2550 2350 2811 2424; x_wconf 90' lang='lat' dir='ltr'><strong>numquid</strong></span> <span class='ocrx_word' id='word_1_341' title='bbox 2851 2365 2961 2408; x_wconf 88' lang='lat' dir='ltr'><strong>non</strong></span> <span class='ocrx_word' id='word_1_342' title='bbox 3011 2350 3155 2408; x_wconf 89' lang='lat' dir='ltr'><strong>idem</strong></span> <span class='ocrx_word' id='word_1_343' title='bbox 3201 2353 3403 2426; x_wconf 76' lang='lat' dir='ltr'><strong>agunt?</strong></span> <span class='ocrx_word' id='word_1_344' title='bbox 3453 2369 3612 2411; x_wconf 84' lang='lat' dir='ltr'><strong>num-</strong></span> 
     </span>
    </p>
   </div>
   <div class='ocr_carea' id='block_1_42' title="bbox 293 2441 1897 2515">
    <p class='ocr_par' dir='ltr' id='par_1_42' title="bbox 293 2441 1897 2515">
     <span class='ocr_line' id='line_1_42' title="bbox 293 2441 1897 2515; baseline 0.003 -17"><span class='ocrx_word' id='word_1_345' title='bbox 293 2455 396 2512; x_wconf 86' lang='lat' dir='ltr'><strong>per</strong></span> <span class='ocrx_word' id='word_1_346' title='bbox 445 2441 607 2498; x_wconf 86' lang='lat' dir='ltr'><strong>fidem</strong></span> <span class='ocrx_word' id='word_1_347' title='bbox 662 2461 676 2499; x_wconf 90' lang='lat'><strong>:</strong></span> <span class='ocrx_word' id='word_1_348' title='bbox 740 2458 838 2515; x_wconf 88' lang='lat' dir='ltr'><strong>per</strong></span> <span class='ocrx_word' id='word_1_349' title='bbox 882 2460 1001 2501; x_wconf 87' lang='lat' dir='ltr'><strong>eam</strong></span> <span class='ocrx_word' id='word_1_350' title='bbox 1042 2444 1186 2501; x_wconf 86' lang='lat' dir='ltr'><strong>enim</strong></span> <span class='ocrx_word' id='word_1_351' title='bbox 1231 2446 1407 2500; x_wconf 88' lang='lat' dir='ltr'><strong>anima</strong></span> <span class='ocrx_word' id='word_1_352' title='bbox 1474 2454 1529 2502; x_wconf 91' lang='lat' dir='ltr'><strong>et</strong></span> <span class='ocrx_word' id='word_1_353' title='bbox 1579 2460 1676 2502; x_wconf 89' lang='lat' dir='ltr'><strong>cor</strong></span> <span class='ocrx_word' id='word_1_354' title='bbox 1732 2463 1897 2504; x_wconf 90' lang='lat' dir='ltr'><strong>unum</strong></span> 
     </span>
    </p>
   </div>
   <div class='ocr_carea' id='block_1_43' title="bbox 294 2521 1892 2611">
    <p class='ocr_par' dir='ltr' id='par_1_43' title="bbox 294 2521 1892 2611">
     <span class='ocr_line' id='line_1_43' title="bbox 294 2521 1892 2611; baseline 0.007 -23"><span class='ocrx_word' id='word_1_355' title='bbox 294 2535 540 2590; x_wconf 88' lang='lat' dir='ltr'><strong>omnium</strong></span> <span class='ocrx_word' id='word_1_356' title='bbox 610 2545 749 2593; x_wconf 91' lang='lat' dir='ltr'><strong>erat.</strong></span> <span class='ocrx_word' id='word_1_357' title='bbox 814 2521 881 2594; x_wconf 76' lang='lat' dir='ltr'><strong>Et</strong></span> <span class='ocrx_word' id='word_1_358' title='bbox 931 2538 1245 2611; x_wconf 76' lang='lat' dir='ltr'><strong>interrogo,</strong></span> <span class='ocrx_word' id='word_1_359' title='bbox 1305 2549 1482 2595; x_wconf 91' lang='lat' dir='ltr'><strong>utrum</strong></span> <span class='ocrx_word' id='word_1_360' title='bbox 1540 2541 1675 2598; x_wconf 84' lang='lat' dir='ltr'><strong>ﬁdes</strong></span> <span class='ocrx_word' id='word_1_361' title='bbox 1738 2557 1842 2598; x_wconf 91' lang='lat' dir='ltr'><strong>una</strong></span> <span class='ocrx_word' id='word_1_362' title='bbox 1877 2586 1892 2609; x_wconf 95' lang='lat'><strong>,</strong></span> 
     </span>
    </p>
   </div>
   <div class='ocr_carea' id='block_1_44' title="bbox 288 2628 1896 2708">
    <p class='ocr_par' dir='ltr' id='par_1_44' title="bbox 288 2628 1896 2708">
     <span class='ocr_line' id='line_1_44' title="bbox 288 2628 1896 2708; baseline 0.006 -25"><span class='ocrx_word' id='word_1_363' title='bbox 288 2643 435 2684; x_wconf 88' lang='lat' dir='ltr'><strong>anne</strong></span> <span class='ocrx_word' id='word_1_364' title='bbox 477 2628 645 2687; x_wconf 85' lang='lat' dir='ltr'><strong>altera</strong></span> <span class='ocrx_word' id='word_1_365' title='bbox 696 2629 807 2687; x_wconf 78' lang='lat' dir='ltr'><strong>sit?</strong></span> <span class='ocrx_word' id='word_1_366' title='bbox 863 2631 977 2689; x_wconf 87' lang='lat' dir='ltr'><strong>Una</strong></span> <span class='ocrx_word' id='word_1_367' title='bbox 1020 2640 1199 2699; x_wconf 87' lang='lat' dir='ltr'><strong>certe,</strong></span> <span class='ocrx_word' id='word_1_368' title='bbox 1255 2632 1417 2688; x_wconf 90' lang='lat' dir='ltr'><strong>etiam</strong></span> <span class='ocrx_word' id='word_1_369' title='bbox 1475 2633 1592 2705; x_wconf 89' lang='lat' dir='ltr'><strong>ipso</strong></span> <span class='ocrx_word' id='word_1_370' title='bbox 1638 2635 1896 2708; x_wconf 80' lang='lat' dir='ltr'><strong>Apostolo</strong></span> 
     </span>
    </p>
   </div>
   <div class='ocr_carea' id='block_1_45' title="bbox 286 2721 1896 2797">
    <p class='ocr_par' dir='ltr' id='par_1_45' title="bbox 286 2721 1896 2797">
     <span class='ocr_line' id='line_1_45' title="bbox 286 2721 1896 2797; baseline 0.007 -22"><span class='ocrx_word' id='word_1_371' title='bbox 286 2732 516 2778; x_wconf 87' lang='lat' dir='ltr'><strong>auctore</strong></span> <span class='ocrx_word' id='word_1_372' title='bbox 536 2721 755 2796; x_wconf 79' lang='lat' dir='ltr'><strong>(Ephes.</strong></span> <span class='ocrx_word' id='word_1_373' title='bbox 786 2723 938 2793; x_wconf 65' lang='lat' dir='ltr'><strong>md,</strong></span> <span class='ocrx_word' id='word_1_374' title='bbox 971 2724 1051 2797; x_wconf 76' lang='lat'><strong>5),</strong></span> <span class='ocrx_word' id='word_1_375' title='bbox 1091 2739 1251 2781; x_wconf 90' lang='lat' dir='ltr'><strong>unam</strong></span> <span class='ocrx_word' id='word_1_376' title='bbox 1298 2726 1480 2796; x_wconf 86' lang='lat' dir='ltr'><strong>tidem,</strong></span> <span class='ocrx_word' id='word_1_377' title='bbox 1523 2728 1680 2784; x_wconf 92' lang='lat' dir='ltr'><strong>siculi</strong></span> <span class='ocrx_word' id='word_1_378' title='bbox 1729 2745 1896 2786; x_wconf 89' lang='lat' dir='ltr'><strong>unum</strong></span> 
     </span>
    </p>
   </div>
   <div class='ocr_carea' id='block_1_46' title="bbox 288 2817 1898 2899">
    <p class='ocr_par' dir='ltr' id='par_1_46' title="bbox 288 2817 1898 2899">
     <span class='ocr_line' id='line_1_46' title="bbox 288 2817 1898 2899; baseline 0.006 -26"><span class='ocrx_word' id='word_1_379' title='bbox 288 2817 611 2887; x_wconf 90' lang='lat' dir='ltr'><strong>Dominum,</strong></span> <span class='ocrx_word' id='word_1_380' title='bbox 650 2832 705 2878; x_wconf 87' lang='lat' dir='ltr'><strong>et</strong></span> <span class='ocrx_word' id='word_1_381' title='bbox 731 2838 895 2879; x_wconf 90' lang='lat' dir='ltr'><strong>unum</strong></span> <span class='ocrx_word' id='word_1_382' title='bbox 930 2822 1216 2894; x_wconf 88' lang='lat' dir='ltr'><strong>baptisma,</strong></span> <span class='ocrx_word' id='word_1_383' title='bbox 1248 2831 1301 2879; x_wconf 91' lang='lat' dir='ltr'><strong>et</strong></span> <span class='ocrx_word' id='word_1_384' title='bbox 1342 2839 1502 2879; x_wconf 91' lang='lat' dir='ltr'><strong>unam</strong></span> <span class='ocrx_word' id='word_1_385' title='bbox 1534 2840 1682 2896; x_wconf 87' lang='lat' dir='ltr'><strong>spem</strong></span> <span class='ocrx_word' id='word_1_386' title='bbox 1715 2825 1813 2899; x_wconf 85' lang='lat' dir='ltr'><strong>(b),</strong></span> <span class='ocrx_word' id='word_1_387' title='bbox 1843 2836 1898 2883; x_wconf 90' lang='lat' dir='ltr'><strong>et</strong></span> 
     </span>
    </p>
   </div>
   <div class='ocr_carea' id='block_1_47' title="bbox 288 2915 1892 2991">
    <p class='ocr_par' dir='ltr' id='par_1_47' title="bbox 288 2915 1892 2991">
     <span class='ocr_line' id='line_1_47' title="bbox 288 2915 1892 2991; baseline 0.004 -22"><span class='ocrx_word' id='word_1_388' title='bbox 288 2928 463 2969; x_wconf 89' lang='lat' dir='ltr'><strong>unum</strong></span> <span class='ocrx_word' id='word_1_389' title='bbox 512 2915 681 2972; x_wconf 70' lang='lat' dir='ltr'><strong>Deum</strong></span> <span class='ocrx_word' id='word_1_390' title='bbox 716 2917 1062 2986; x_wconf 73' lang='lat' dir='ltr'><strong>praedicante.</strong></span> <span class='ocrx_word' id='word_1_391' title='bbox 1096 2919 1150 2975; x_wconf 92' lang='lat' dir='ltr'><strong>Si</strong></span> <span class='ocrx_word' id='word_1_392' title='bbox 1180 2934 1310 2991; x_wconf 82' lang='lat' dir='ltr'><strong>ergo</strong></span> <span class='ocrx_word' id='word_1_393' title='bbox 1340 2936 1437 2991; x_wconf 87' lang='lat' dir='ltr'><strong>per</strong></span> <span class='ocrx_word' id='word_1_394' title='bbox 1462 2919 1646 2987; x_wconf 86' lang='lat' dir='ltr'><strong>fidem,</strong></span> <span class='ocrx_word' id='word_1_395' title='bbox 1689 2920 1742 2976; x_wconf 93' lang='lat' dir='ltr'><strong>id</strong></span> <span class='ocrx_word' id='word_1_396' title='bbox 1787 2928 1892 2989; x_wconf 90' lang='lat' dir='ltr'><strong>est,</strong></span> 
     </span>
    </p>
   </div>
   <div class='ocr_carea' id='block_1_48' title="bbox 283 3008 1893 3087">
    <p class='ocr_par' dir='ltr' id='par_1_48' title="bbox 283 3008 1893 3087">
     <span class='ocr_line' id='line_1_48' title="bbox 283 3008 1893 3087; baseline 0.006 -26"><span class='ocrx_word' id='word_1_397' title='bbox 283 3021 389 3079; x_wconf 85' lang='lat' dir='ltr'><strong>per</strong></span> <span class='ocrx_word' id='word_1_398' title='bbox 430 3009 591 3063; x_wconf 89' lang='lat' dir='ltr'><strong>unius</strong></span> <span class='ocrx_word' id='word_1_399' title='bbox 634 3008 760 3065; x_wconf 86' lang='lat' dir='ltr'><strong>fidei</strong></span> <span class='ocrx_word' id='word_1_400' title='bbox 805 3022 1052 3067; x_wconf 86' lang='lat' dir='ltr'><strong>naturam</strong></span> <span class='ocrx_word' id='word_1_401' title='bbox 1095 3014 1268 3068; x_wconf 71' lang='lat' dir='ltr'><strong>unum&quot;</strong></span> <span class='ocrx_word' id='word_1_402' title='bbox 1289 3028 1483 3070; x_wconf 89' lang='lat' dir='ltr'><strong>omnes</strong></span> <span class='ocrx_word' id='word_1_403' title='bbox 1521 3023 1707 3083; x_wconf 84' lang='lat' dir='ltr'><strong>erant;</strong></span> <span class='ocrx_word' id='word_1_404' title='bbox 1754 3029 1893 3087; x_wconf 84' lang='lat' dir='ltr'><strong>quo-</strong></span> 
     </span>
    </p>
   </div>
   <div class='ocr_carea' id='block_1_49' title="bbox 284 3100 1891 3178">
    <p class='ocr_par' dir='ltr' id='par_1_49' title="bbox 284 3100 1891 3178">
     <span class='ocr_line' id='line_1_49' title="bbox 284 3100 1891 3178; baseline 0.004 -22"><span class='ocrx_word' id='word_1_405' title='bbox 284 3100 455 3156; x_wconf 88' lang='lat' dir='ltr'><strong>modo</strong></span> <span class='ocrx_word' id='word_1_406' title='bbox 483 3115 588 3156; x_wconf 86' lang='lat' dir='ltr'><strong>non</strong></span> <span class='ocrx_word' id='word_1_407' title='bbox 621 3104 922 3159; x_wconf 89' lang='lat' dir='ltr'><strong>naturalem</strong></span> <span class='ocrx_word' id='word_1_408' title='bbox 971 3105 1027 3159; x_wconf 90' lang='lat' dir='ltr'><strong>in</strong></span> <span class='ocrx_word' id='word_1_409' title='bbox 1053 3103 1140 3159; x_wconf 86' lang='lat' dir='ltr'><strong>his</strong></span> <span class='ocrx_word' id='word_1_410' title='bbox 1171 3105 1426 3177; x_wconf 78' lang='lat' dir='ltr'><strong>intelligis</strong></span> <span class='ocrx_word' id='word_1_411' title='bbox 1472 3107 1750 3172; x_wconf 87' lang='lat' dir='ltr'><strong>unitatem,</strong></span> <span class='ocrx_word' id='word_1_412' title='bbox 1801 3107 1891 3178; x_wconf 93' lang='lat' dir='ltr'><strong>qui</strong></span> 
     </span>
    </p>
   </div>
   <div class='ocr_carea' id='block_1_50' title="bbox 286 3198 1890 3268">
    <p class='ocr_par' dir='ltr' id='par_1_50' title="bbox 286 3198 1890 3268">
     <span class='ocr_line' id='line_1_50' title="bbox 286 3198 1890 3268; baseline 0.003 -15"><span class='ocrx_word' id='word_1_413' title='bbox 286 3210 392 3268; x_wconf 86' lang='lat' dir='ltr'><strong>per</strong></span> <span class='ocrx_word' id='word_1_414' title='bbox 419 3205 665 3254; x_wconf 89' lang='lat' dir='ltr'><strong>naturam</strong></span> <span class='ocrx_word' id='word_1_415' title='bbox 698 3198 857 3254; x_wconf 89' lang='lat' dir='ltr'><strong>unius</strong></span> <span class='ocrx_word' id='word_1_416' title='bbox 886 3198 1009 3255; x_wconf 83' lang='lat' dir='ltr'><strong>fidei</strong></span> <span class='ocrx_word' id='word_1_417' title='bbox 1042 3214 1209 3256; x_wconf 91' lang='lat' dir='ltr'><strong>unum</strong></span> <span class='ocrx_word' id='word_1_418' title='bbox 1238 3200 1400 3256; x_wconf 87' lang='lat' dir='ltr'><strong>sunt?</strong></span> <span class='ocrx_word' id='word_1_419' title='bbox 1423 3198 1624 3256; x_wconf 89' lang='lat' dir='ltr'><strong>Omnes</strong></span> <span class='ocrx_word' id='word_1_420' title='bbox 1641 3202 1786 3257; x_wconf 89' lang='lat' dir='ltr'><strong>enim</strong></span> <span class='ocrx_word' id='word_1_421' title='bbox 1802 3215 1890 3258; x_wconf 85' lang='lat' dir='ltr'><strong>re-</strong></span> 
     </span>
    </p>
   </div>
   <div class='ocr_carea' id='block_1_51' title="bbox 2003 2444 3609 2521">
    <p class='ocr_par' dir='ltr' id='par_1_51' title="bbox 2003 2444 3609 2521">
     <span class='ocr_line' id='line_1_51' title="bbox 2003 2444 3609 2521; baseline 0.001 -18"><span class='ocrx_word' id='word_1_422' title='bbox 2003 2447 2132 2521; x_wconf 89' lang='lat' dir='ltr'><strong>quid</strong></span> <span class='ocrx_word' id='word_1_423' title='bbox 2178 2461 2284 2503; x_wconf 90' lang='lat' dir='ltr'><strong>non</strong></span> <span class='ocrx_word' id='word_1_424' title='bbox 2335 2447 2389 2502; x_wconf 90' lang='lat' dir='ltr'><strong>in</strong></span> <span class='ocrx_word' id='word_1_425' title='bbox 2440 2461 2548 2502; x_wconf 92' lang='lat' dir='ltr'><strong>uno</strong></span> <span class='ocrx_word' id='word_1_426' title='bbox 2592 2461 2762 2502; x_wconf 90' lang='lat' dir='ltr'><strong>unum</strong></span> <span class='ocrx_word' id='word_1_427' title='bbox 2811 2446 2974 2502; x_wconf 88' lang='lat' dir='ltr'><strong>sunt?</strong></span> <span class='ocrx_word' id='word_1_428' title='bbox 3021 2444 3208 2518; x_wconf 87' lang='lat' dir='ltr'><strong>Itaque</strong></span> <span class='ocrx_word' id='word_1_429' title='bbox 3244 2446 3339 2518; x_wconf 89' lang='lat' dir='ltr'><strong>qui</strong></span> <span class='ocrx_word' id='word_1_430' title='bbox 3369 2462 3466 2517; x_wconf 88' lang='lat' dir='ltr'><strong>per</strong></span> <span class='ocrx_word' id='word_1_431' title='bbox 3491 2462 3609 2505; x_wconf 88' lang='lat' dir='ltr'><strong>rem</strong></span> 
     </span>
    </p>
   </div>
   <div class='ocr_carea' id='block_1_52' title="bbox 2005 2537 3600 2608">
    <p class='ocr_par' dir='ltr' id='par_1_52' title="bbox 2005 2537 3600 2608">
     <span class='ocr_line' id='line_1_52' title="bbox 2005 2537 3600 2608; baseline -0.002 -11"><span class='ocrx_word' id='word_1_432' title='bbox 2005 2539 2255 2597; x_wconf 87' lang='lat' dir='ltr'><strong>eamdem</strong></span> <span class='ocrx_word' id='word_1_433' title='bbox 2288 2555 2456 2595; x_wconf 88' lang='lat' dir='ltr'><strong>unum</strong></span> <span class='ocrx_word' id='word_1_434' title='bbox 2488 2549 2637 2608; x_wconf 90' lang='lat' dir='ltr'><strong>sunt,</strong></span> <span class='ocrx_word' id='word_1_435' title='bbox 2668 2547 2858 2595; x_wconf 89' lang='lat' dir='ltr'><strong>natura</strong></span> <span class='ocrx_word' id='word_1_436' title='bbox 2905 2537 3069 2596; x_wconf 87' lang='lat' dir='ltr'><strong>etiam</strong></span> <span class='ocrx_word' id='word_1_437' title='bbox 3101 2554 3270 2595; x_wconf 90' lang='lat' dir='ltr'><strong>unum</strong></span> <span class='ocrx_word' id='word_1_438' title='bbox 3311 2548 3462 2604; x_wconf 90' lang='lat' dir='ltr'><strong>sunt,</strong></span> <span class='ocrx_word' id='word_1_439' title='bbox 3491 2555 3600 2595; x_wconf 93' lang='lat' dir='ltr'><strong>non</strong></span> 
     </span>
    </p>
   </div>
   <div class='ocr_carea' id='block_1_53' title="bbox 2002 2632 3612 2707">
    <p class='ocr_par' dir='ltr' id='par_1_53' title="bbox 2002 2632 3612 2707">
     <span class='ocr_line' id='line_1_53' title="bbox 2002 2632 3612 2707; baseline -0.001 -17"><span class='ocrx_word' id='word_1_440' title='bbox 2002 2643 2212 2691; x_wconf 85' lang='lat' dir='ltr'><strong>tantum</strong></span> <span class='ocrx_word' id='word_1_441' title='bbox 2266 2634 2544 2690; x_wconf 88' lang='lat' dir='ltr'><strong>voluntate</strong></span> <span class='ocrx_word' id='word_1_442' title='bbox 2589 2652 2603 2690; x_wconf 90' lang='lat'><strong>:</strong></span> <span class='ocrx_word' id='word_1_443' title='bbox 2652 2634 2776 2707; x_wconf 89' lang='lat' dir='ltr'><strong>quia</strong></span> <span class='ocrx_word' id='word_1_444' title='bbox 2817 2642 2873 2690; x_wconf 89' lang='lat' dir='ltr'><strong>et</strong></span> <span class='ocrx_word' id='word_1_445' title='bbox 2914 2634 3016 2706; x_wconf 89' lang='lat' dir='ltr'><strong>ipsi</strong></span> <span class='ocrx_word' id='word_1_446' title='bbox 3061 2649 3151 2692; x_wconf 84' lang='lat' dir='ltr'><strong>res</strong></span> <span class='ocrx_word' id='word_1_447' title='bbox 3195 2633 3384 2691; x_wconf 90' lang='lat' dir='ltr'><strong>eadem</strong></span> <span class='ocrx_word' id='word_1_448' title='bbox 3434 2632 3612 2691; x_wconf 82' lang='lat' dir='ltr'><strong>eﬂ&#39;ecti</strong></span> 
     </span>
    </p>
   </div>
   <div class='ocr_carea' id='block_1_54' title="bbox 2001 2729 3592 2803">
    <p class='ocr_par' dir='ltr' id='par_1_54' title="bbox 2001 2729 3592 2803">
     <span class='ocr_line' id='line_1_54' title="bbox 2001 2729 3592 2803; baseline -0.001 -16"><span class='ocrx_word' id='word_1_449' title='bbox 2001 2741 2146 2799; x_wconf 84' lang='lat' dir='ltr'><strong>sunt,</strong></span> <span class='ocrx_word' id='word_1_450' title='bbox 2162 2729 2243 2803; x_wconf 87' lang='lat' dir='ltr'><strong>(h)</strong></span> <span class='ocrx_word' id='word_1_451' title='bbox 2267 2740 2321 2786; x_wconf 91' lang='lat' dir='ltr'><strong>et</strong></span> <span class='ocrx_word' id='word_1_452' title='bbox 2339 2730 2581 2801; x_wconf 84' lang='lat' dir='ltr'><strong>ejusdem</strong></span> <span class='ocrx_word' id='word_1_453' title='bbox 2604 2730 2683 2785; x_wconf 89' lang='lat' dir='ltr'><strong>rei</strong></span> <span class='ocrx_word' id='word_1_454' title='bbox 2710 2737 2870 2800; x_wconf 89' lang='lat' dir='ltr'><strong>atque</strong></span> <span class='ocrx_word' id='word_1_455' title='bbox 2889 2729 3193 2787; x_wconf 65' lang='lat' dir='ltr'><strong>efﬁcientia:</strong></span> <span class='ocrx_word' id='word_1_456' title='bbox 3209 2729 3318 2787; x_wconf 89' lang='lat' dir='ltr'><strong>sint</strong></span> <span class='ocrx_word' id='word_1_457' title='bbox 3337 2729 3592 2785; x_wconf 90' lang='lat' dir='ltr'><strong>ministri.</strong></span> 
     </span>
    </p>
   </div>
   <div class='ocr_carea' id='block_1_55' title="bbox 2076 2823 3604 2898">
    <p class='ocr_par' dir='ltr' id='par_1_55' title="bbox 2076 2823 3604 2898">
     <span class='ocr_line' id='line_1_55' title="bbox 2076 2823 3604 2898; baseline -0.001 -18"><span class='ocrx_word' id='word_1_458' title='bbox 2076 2827 2163 2883; x_wconf 81' lang='lat' dir='ltr'><strong>lt).</strong></span> <span class='ocrx_word' id='word_1_459' title='bbox 2199 2825 2435 2882; x_wconf 86' lang='lat' dir='ltr'><strong>Stultitia</strong></span> <span class='ocrx_word' id='word_1_460' title='bbox 2457 2842 2511 2880; x_wconf 88' lang='lat' dir='ltr'><strong>se</strong></span> <span class='ocrx_word' id='word_1_461' title='bbox 2535 2826 2651 2897; x_wconf 86' lang='lat' dir='ltr'><strong>ipsa</strong></span> <span class='ocrx_word' id='word_1_462' title='bbox 2677 2826 2867 2898; x_wconf 85' lang='lat' dir='ltr'><strong>prodit,</strong></span> <span class='ocrx_word' id='word_1_463' title='bbox 2906 2825 3029 2879; x_wconf 81' lang='lat' dir='ltr'><strong>dum</strong></span> <span class='ocrx_word' id='word_1_464' title='bbox 3058 2825 3356 2881; x_wconf 82' lang='lat' dir='ltr'><strong>adversatur</strong></span> <span class='ocrx_word' id='word_1_465' title='bbox 3380 2823 3604 2885; x_wconf 80' lang='lat' dir='ltr'><strong>veritati.</strong></span> 
     </span>
    </p>
   </div>
   <div class='ocr_carea' id='block_1_56' title="bbox 2002 2916 3611 2990">
    <p class='ocr_par' dir='ltr' id='par_1_56' title="bbox 2002 2916 3611 2990">
     <span class='ocr_line' id='line_1_56' title="bbox 2002 2916 3611 2990; baseline -0.001 -18"><span class='ocrx_word' id='word_1_466' title='bbox 2002 2917 2155 2974; x_wconf 82' lang='lat' dir='ltr'><strong>Fidei</strong></span> <span class='ocrx_word' id='word_1_467' title='bbox 2182 2934 2434 2990; x_wconf 69' lang='lat' dir='ltr'><strong>peruersa</strong></span> <span class='ocrx_word' id='word_1_468' title='bbox 2454 2934 2572 2989; x_wconf 86' lang='lat' dir='ltr'><strong>spes</strong></span> <span class='ocrx_word' id='word_1_469' title='bbox 2593 2917 2759 2973; x_wconf 86' lang='lat' dir='ltr'><strong>nulla.</strong></span> <span class='ocrx_word' id='word_1_470' title='bbox 2791 2917 3060 2988; x_wconf 84' lang='lat' dir='ltr'><strong>Simplicis</strong></span> <span class='ocrx_word' id='word_1_471' title='bbox 3097 2918 3353 2973; x_wconf 84' lang='lat' dir='ltr'><strong>meritum.</strong></span> <span class='ocrx_word' id='word_1_472' title='bbox 3380 2946 3452 2958; x_wconf 89' lang='lat'><strong><em>—</em></strong></span> <span class='ocrx_word' id='word_1_473' title='bbox 3474 2916 3611 2973; x_wconf 90' lang='lat' dir='ltr'><strong>Pro-</strong></span> 
     </span>
    </p>
   </div>
   <div class='ocr_carea' id='block_1_57' title="bbox 2003 3009 3604 3084">
    <p class='ocr_par' dir='ltr' id='par_1_57' title="bbox 2003 3009 3604 3084">
     <span class='ocr_line' id='line_1_57' title="bbox 2003 3009 3604 3084; baseline -0.002 -16"><span class='ocrx_word' id='word_1_474' title='bbox 2003 3012 2111 3068; x_wconf 83' lang='lat' dir='ltr'><strong>ﬁeit</strong></span> <span class='ocrx_word' id='word_1_475' title='bbox 2137 3023 2316 3068; x_wconf 87' lang='lat' dir='ltr'><strong>autem</strong></span> <span class='ocrx_word' id='word_1_476' title='bbox 2348 3025 2565 3084; x_wconf 83' lang='lat' dir='ltr'><strong>semper</strong></span> <span class='ocrx_word' id='word_1_477' title='bbox 2588 3011 2950 3067; x_wconf 86' lang='lat' dir='ltr'><strong>contradictio</strong></span> <span class='ocrx_word' id='word_1_478' title='bbox 2973 3010 3260 3066; x_wconf 87' lang='lat' dir='ltr'><strong>stultorum</strong></span> <span class='ocrx_word' id='word_1_479' title='bbox 3307 3009 3372 3064; x_wconf 90' lang='lat' dir='ltr'><strong>ad</strong></span> <span class='ocrx_word' id='word_1_480' title='bbox 3418 3009 3604 3064; x_wconf 81' lang='lat' dir='ltr'><strong>stulti-</strong></span> 
     </span>
    </p>
   </div>
   <div class='ocr_carea' id='block_1_58' title="bbox 2005 3101 3604 3177">
    <p class='ocr_par' dir='ltr' id='par_1_58' title="bbox 2005 3101 3604 3177">
     <span class='ocr_line' id='line_1_58' title="bbox 2005 3101 3604 3177; baseline -0.002 -15"><span class='ocrx_word' id='word_1_481' title='bbox 2005 3107 2093 3163; x_wconf 67' lang='lat' dir='ltr'><strong>tia:</strong></span> <span class='ocrx_word' id='word_1_482' title='bbox 2118 3108 2638 3163; x_wconf 89' lang='lat' dir='ltr'><strong>demonstrationem</strong></span> <span class='ocrx_word' id='word_1_483' title='bbox 2674 3124 2686 3160; x_wconf 93' lang='lat'>:</span> <span class='ocrx_word' id='word_1_484' title='bbox 2722 3104 2845 3176; x_wconf 89' lang='lat' dir='ltr'><strong>quia</strong></span> <span class='ocrx_word' id='word_1_485' title='bbox 2881 3121 3003 3177; x_wconf 71' lang='lat' dir='ltr'><strong>qute</strong></span> <span class='ocrx_word' id='word_1_486' title='bbox 3034 3104 3251 3177; x_wconf 81' lang='lat' dir='ltr'><strong>ingenio</strong></span> <span class='ocrx_word' id='word_1_487' title='bbox 3299 3101 3604 3175; x_wconf 90' lang='lat' dir='ltr'><strong>insipientis</strong></span> 
     </span>
    </p>
   </div>
   <div class='ocr_carea' id='block_1_59' title="bbox 2005 3200 3598 3275">
    <p class='ocr_par' dir='ltr' id='par_1_59' title="bbox 2005 3200 3598 3275">
     <span class='ocr_line' id='line_1_59' title="bbox 2005 3200 3598 3275; baseline -0.001 -18"><span class='ocrx_word' id='word_1_488' title='bbox 2005 3210 2098 3257; x_wconf 87' lang='lat' dir='ltr'><strong>aut</strong></span> <span class='ocrx_word' id='word_1_489' title='bbox 2137 3217 2407 3275; x_wconf 63' lang='lat' dir='ltr'><strong>perversa:</strong></span> <span class='ocrx_word' id='word_1_490' title='bbox 2435 3201 2805 3273; x_wconf 75' lang='lat' dir='ltr'><strong>intelligentiae</strong></span> <span class='ocrx_word' id='word_1_491' title='bbox 2829 3201 3087 3256; x_wconf 89' lang='lat' dir='ltr'><strong>adversus</strong></span> <span class='ocrx_word' id='word_1_492' title='bbox 3116 3200 3398 3255; x_wconf 89' lang='lat' dir='ltr'><strong>veritatem</strong></span> <span class='ocrx_word' id='word_1_493' title='bbox 3430 3214 3598 3270; x_wconf 77' lang='lat' dir='ltr'><strong>coap—</strong></span> 
     </span>
    </p>
   </div>
   <div class='ocr_carea' id='block_1_60' title="bbox 286 3294 3600 3369">
    <p class='ocr_par' dir='ltr' id='par_1_60' title="bbox 286 3294 3600 3369">
     <span class='ocr_line' id='line_1_60' title="bbox 286 3294 3600 3369; baseline -0.001 -18"><span class='ocrx_word' id='word_1_494' title='bbox 286 3296 401 3351; x_wconf 87' lang='lat' dir='ltr'><strong>nati</strong></span> <span class='ocrx_word' id='word_1_495' title='bbox 433 3295 505 3368; x_wconf 91' lang='lat' dir='ltr'><strong>(c)</strong></span> <span class='ocrx_word' id='word_1_496' title='bbox 537 3297 776 3354; x_wconf 88' lang='lat' dir='ltr'><strong>erantad</strong></span> <span class='ocrx_word' id='word_1_497' title='bbox 809 3298 1195 3365; x_wconf 91' lang='lat' dir='ltr'><strong>innocentiam,</strong></span> <span class='ocrx_word' id='word_1_498' title='bbox 1229 3299 1296 3355; x_wconf 91' lang='lat' dir='ltr'><strong>ad</strong></span> <span class='ocrx_word' id='word_1_499' title='bbox 1316 3299 1795 3369; x_wconf 86' lang='lat' dir='ltr'><strong>immortalitatem,</strong></span> <span class='ocrx_word' id='word_1_500' title='bbox 1818 3301 1885 3358; x_wconf 86' lang='lat' dir='ltr'><strong>ad</strong></span> <span class='ocrx_word' id='word_1_501' title='bbox 1915 3303 1960 3368; x_wconf 85' lang='lat' dir='ltr'>C</span> <span class='ocrx_word' id='word_1_502' title='bbox 1993 3296 2334 3358; x_wconf 62' lang='lat' dir='ltr'><strong>tantundutn</strong></span> <span class='ocrx_word' id='word_1_503' title='bbox 2349 3296 2730 3352; x_wconf 89' lang='lat' dir='ltr'><strong>etinconcussa</strong></span> <span class='ocrx_word' id='word_1_504' title='bbox 2750 3307 2806 3351; x_wconf 88' lang='lat' dir='ltr'><strong>et</strong></span> <span class='ocrx_word' id='word_1_505' title='bbox 2827 3294 3114 3350; x_wconf 88' lang='lat' dir='ltr'><strong>immobilis</strong></span> <span class='ocrx_word' id='word_1_506' title='bbox 3140 3303 3243 3359; x_wconf 88' lang='lat' dir='ltr'><strong>est,</strong></span> <span class='ocrx_word' id='word_1_507' title='bbox 3274 3307 3498 3349; x_wconf 88' lang='lat' dir='ltr'><strong>necesse</strong></span> <span class='ocrx_word' id='word_1_508' title='bbox 3515 3301 3600 3351; x_wconf 88' lang='lat' dir='ltr'><strong>est</strong></span> 
     </span>
    </p>
   </div>
   <div class='ocr_carea' id='block_1_61' title="bbox 283 3382 1887 3469">
    <p class='ocr_par' dir='ltr' id='par_1_61' title="bbox 283 3382 1887 3469">
     <span class='ocr_line' id='line_1_61' title="bbox 283 3382 1887 3469; baseline 0.003 -20"><span class='ocrx_word' id='word_1_509' title='bbox 283 3393 653 3465; x_wconf 84' lang='lat' dir='ltr'><strong>cognitionem</strong></span> <span class='ocrx_word' id='word_1_510' title='bbox 701 3395 818 3461; x_wconf 89' lang='lat' dir='ltr'><strong>Dei,</strong></span> <span class='ocrx_word' id='word_1_511' title='bbox 864 3395 944 3469; x_wconf 75' lang='grc' dir='ltr'><strong>(Δ)</strong></span> <span class='ocrx_word' id='word_1_512' title='bbox 985 3397 1050 3452; x_wconf 92' lang='lat' dir='ltr'><strong>ad</strong></span> <span class='ocrx_word' id='word_1_513' title='bbox 1081 3382 1195 3468; x_wconf 82' lang='lat' dir='ltr'><strong>spei</strong></span> <span class='ocrx_word' id='word_1_514' title='bbox 1225 3397 1407 3453; x_wconf 83' lang='lat' dir='ltr'><strong>tidem.</strong></span> <span class='ocrx_word' id='word_1_515' title='bbox 1454 3397 1520 3454; x_wconf 90' lang='lat' dir='ltr'><strong>Et</strong></span> <span class='ocrx_word' id='word_1_516' title='bbox 1547 3399 1593 3454; x_wconf 92' lang='lat' dir='ltr'><strong>si</strong></span> <span class='ocrx_word' id='word_1_517' title='bbox 1620 3398 1737 3455; x_wconf 72' lang='lat' dir='ltr'><strong>hmc</strong></span> <span class='ocrx_word' id='word_1_518' title='bbox 1781 3414 1887 3454; x_wconf 90' lang='lat' dir='ltr'><strong>non</strong></span> 
     </span>
    </p>
   </div>
   <div class='ocr_carea' id='block_1_62' title="bbox 285 3488 1892 3565">
    <p class='ocr_par' dir='ltr' id='par_1_62' title="bbox 285 3488 1892 3565">
     <span class='ocr_line' id='line_1_62' title="bbox 285 3488 1892 3565; baseline 0.006 -24"><span class='ocrx_word' id='word_1_519' title='bbox 285 3496 519 3559; x_wconf 86' lang='lat' dir='ltr'><strong>possunt</strong></span> <span class='ocrx_word' id='word_1_520' title='bbox 563 3488 665 3543; x_wconf 90' lang='lat' dir='ltr'><strong>sibi</strong></span> <span class='ocrx_word' id='word_1_521' title='bbox 705 3503 828 3546; x_wconf 81' lang='lat' dir='ltr'><strong>esse</strong></span> <span class='ocrx_word' id='word_1_522' title='bbox 857 3489 1092 3557; x_wconf 82' lang='lat' dir='ltr'><strong>diversa,</strong></span> <span class='ocrx_word' id='word_1_523' title='bbox 1125 3491 1248 3563; x_wconf 85' lang='lat' dir='ltr'><strong>quia</strong></span> <span class='ocrx_word' id='word_1_524' title='bbox 1281 3500 1335 3547; x_wconf 89' lang='lat' dir='ltr'><strong>et</strong></span> <span class='ocrx_word' id='word_1_525' title='bbox 1364 3506 1488 3565; x_wconf 89' lang='lat' dir='ltr'><strong>spes</strong></span> <span class='ocrx_word' id='word_1_526' title='bbox 1534 3508 1637 3548; x_wconf 92' lang='lat' dir='ltr'><strong>una</strong></span> <span class='ocrx_word' id='word_1_527' title='bbox 1681 3504 1784 3559; x_wconf 88' lang='lat' dir='ltr'><strong>est,</strong></span> <span class='ocrx_word' id='word_1_528' title='bbox 1835 3502 1892 3550; x_wconf 91' lang='lat' dir='ltr'><strong>et</strong></span> 
     </span>
    </p>
   </div>
   <div class='ocr_carea' id='block_1_63' title="bbox 283 3581 1887 3659">
    <p class='ocr_par' dir='ltr' id='par_1_63' title="bbox 283 3581 1887 3659">
     <span class='ocr_line' id='line_1_63' title="bbox 283 3581 1887 3659; baseline 0.002 -21"><span class='ocrx_word' id='word_1_529' title='bbox 283 3581 433 3638; x_wconf 90' lang='lat' dir='ltr'><strong>Deus</strong></span> <span class='ocrx_word' id='word_1_530' title='bbox 462 3599 625 3653; x_wconf 91' lang='lat' dir='ltr'><strong>unus,</strong></span> <span class='ocrx_word' id='word_1_531' title='bbox 656 3583 811 3640; x_wconf 90' lang='lat' dir='ltr'><strong>sicuti</strong></span> <span class='ocrx_word' id='word_1_532' title='bbox 842 3593 899 3641; x_wconf 90' lang='lat' dir='ltr'><strong>et</strong></span> <span class='ocrx_word' id='word_1_533' title='bbox 919 3584 1182 3641; x_wconf 84' lang='lat' dir='ltr'><strong>Dominus</strong></span> <span class='ocrx_word' id='word_1_534' title='bbox 1226 3603 1362 3642; x_wconf 89' lang='lat' dir='ltr'><strong>unus</strong></span> <span class='ocrx_word' id='word_1_535' title='bbox 1402 3596 1507 3654; x_wconf 90' lang='lat' dir='ltr'><strong>est,</strong></span> <span class='ocrx_word' id='word_1_536' title='bbox 1540 3595 1594 3643; x_wconf 87' lang='lat' dir='ltr'><strong>et</strong></span> <span class='ocrx_word' id='word_1_537' title='bbox 1625 3587 1887 3659; x_wconf 87' lang='lat' dir='ltr'><strong>baptisma</strong></span> 
     </span>
    </p>
   </div>
   <div class='ocr_carea' id='block_1_64' title="bbox 283 3675 1888 3749">
    <p class='ocr_par' dir='ltr' id='par_1_64' title="bbox 283 3675 1888 3749">
     <span class='ocr_line' id='line_1_64' title="bbox 283 3675 1888 3749; baseline 0.003 -20"><span class='ocrx_word' id='word_1_538' title='bbox 283 3675 719 3744; x_wconf 82' lang='lat' dir='ltr'><strong>regenerationis</strong></span> <span class='ocrx_word' id='word_1_539' title='bbox 769 3692 933 3731; x_wconf 91' lang='lat' dir='ltr'><strong>unum</strong></span> <span class='ocrx_word' id='word_1_540' title='bbox 986 3686 1069 3733; x_wconf 89' lang='lat' dir='ltr'><strong>est</strong></span> <span class='ocrx_word' id='word_1_541' title='bbox 1118 3693 1131 3731; x_wconf 92' lang='lat'><strong>:</strong></span> <span class='ocrx_word' id='word_1_542' title='bbox 1181 3677 1227 3734; x_wconf 90' lang='lat' dir='ltr'><strong>si</strong></span> <span class='ocrx_word' id='word_1_543' title='bbox 1276 3678 1394 3735; x_wconf 62' lang='lat' dir='ltr'><strong>haec</strong></span> <span class='ocrx_word' id='word_1_544' title='bbox 1436 3694 1663 3735; x_wconf 89' lang='lat' dir='ltr'><strong>assensu</strong></span> <span class='ocrx_word' id='word_1_545' title='bbox 1712 3678 1888 3749; x_wconf 86' lang='lat' dir='ltr'><strong>potius</strong></span> 
     </span>
    </p>
   </div>
   <div class='ocr_carea' id='block_1_65' title="bbox 284 3771 1890 3845">
    <p class='ocr_par' dir='ltr' id='par_1_65' title="bbox 284 3771 1890 3845">
     <span class='ocr_line' id='line_1_65' title="bbox 284 3771 1890 3845; baseline 0.002 -19"><span class='ocrx_word' id='word_1_546' title='bbox 284 3786 455 3826; x_wconf 87' lang='lat' dir='ltr'><strong>unum</strong></span> <span class='ocrx_word' id='word_1_547' title='bbox 483 3781 628 3834; x_wconf 89' lang='lat' dir='ltr'><strong>sunt.</strong></span> <span class='ocrx_word' id='word_1_548' title='bbox 662 3786 822 3843; x_wconf 86' lang='lat' dir='ltr'><strong>quam</strong></span> <span class='ocrx_word' id='word_1_549' title='bbox 852 3779 1078 3837; x_wconf 84' lang='lat' dir='ltr'><strong>natura;</strong></span> <span class='ocrx_word' id='word_1_550' title='bbox 1126 3771 1207 3827; x_wconf 86' lang='lat' dir='ltr'><strong>his</strong></span> <span class='ocrx_word' id='word_1_551' title='bbox 1254 3787 1488 3843; x_wconf 89' lang='lat' dir='ltr'><strong>quoque,</strong></span> <span class='ocrx_word' id='word_1_552' title='bbox 1531 3773 1622 3845; x_wconf 92' lang='lat' dir='ltr'><strong>qui</strong></span> <span class='ocrx_word' id='word_1_553' title='bbox 1673 3773 1725 3829; x_wconf 92' lang='lat' dir='ltr'><strong>in</strong></span> <span class='ocrx_word' id='word_1_554' title='bbox 1774 3773 1890 3830; x_wconf 64' lang='lat' dir='ltr'><strong>haec</strong></span> 
     </span>
    </p>
   </div>
   <div class='ocr_carea' id='block_1_66' title="bbox 281 3864 1885 3931">
    <p class='ocr_par' dir='ltr' id='par_1_66' title="bbox 281 3864 1885 3931">
     <span class='ocr_line' id='line_1_66' title="bbox 281 3864 1885 3931; baseline 0.001 -10"><span class='ocrx_word' id='word_1_555' title='bbox 281 3866 463 3921; x_wconf 88' lang='lat' dir='ltr'><strong>renati</strong></span> <span class='ocrx_word' id='word_1_556' title='bbox 507 3874 653 3931; x_wconf 90' lang='lat' dir='ltr'><strong>sunt,</strong></span> <span class='ocrx_word' id='word_1_557' title='bbox 698 3866 962 3921; x_wconf 90' lang='lat' dir='ltr'><strong>unitatem</strong></span> <span class='ocrx_word' id='word_1_558' title='bbox 1007 3864 1298 3921; x_wconf 86' lang='lat' dir='ltr'><strong>voluntatis</strong></span> <span class='ocrx_word' id='word_1_559' title='bbox 1342 3865 1612 3922; x_wconf 86' lang='lat' dir='ltr'><strong>adseribe.</strong></span> <span class='ocrx_word' id='word_1_560' title='bbox 1659 3864 1718 3922; x_wconf 89' lang='lat' dir='ltr'><strong>Si</strong></span> <span class='ocrx_word' id='word_1_561' title='bbox 1751 3880 1885 3922; x_wconf 92' lang='lat' dir='ltr'><strong>vero</strong></span> 
     </span>
    </p>
   </div>
   <div class='ocr_carea' id='block_1_67' title="bbox 280 3957 1883 4030">
    <p class='ocr_par' dir='ltr' id='par_1_67' title="bbox 280 3957 1883 4030">
     <span class='ocr_line' id='line_1_67' title="bbox 280 3957 1883 4030; baseline 0 -16"><span class='ocrx_word' id='word_1_562' title='bbox 280 3961 589 4030; x_wconf 71' lang='lat' dir='ltr'><strong>regenerati</strong></span> <span class='ocrx_word' id='word_1_563' title='bbox 622 3957 677 4014; x_wconf 91' lang='lat' dir='ltr'><strong>in</strong></span> <span class='ocrx_word' id='word_1_564' title='bbox 707 3959 866 4015; x_wconf 90' lang='lat' dir='ltr'><strong>unius</strong></span> <span class='ocrx_word' id='word_1_565' title='bbox 908 3959 1032 4014; x_wconf 69' lang='lat' dir='ltr'><strong>vitae</strong></span> <span class='ocrx_word' id='word_1_566' title='bbox 1069 3968 1233 4029; x_wconf 90' lang='lat' dir='ltr'><strong>atque</strong></span> <span class='ocrx_word' id='word_1_567' title='bbox 1273 3958 1594 4015; x_wconf 72' lang='lat' dir='ltr'><strong>mternitatis</strong></span> <span class='ocrx_word' id='word_1_568' title='bbox 1636 3968 1883 4015; x_wconf 83' lang='lat' dir='ltr'><strong>naturam</strong></span> 
     </span>
    </p>
   </div>
   <div class='ocr_carea' id='block_1_68' title="bbox 280 4050 1888 4122">
    <p class='ocr_par' dir='ltr' id='par_1_68' title="bbox 280 4050 1888 4122">
     <span class='ocr_line' id='line_1_68' title="bbox 280 4050 1888 4122; baseline -0.001 -14"><span class='ocrx_word' id='word_1_569' title='bbox 280 4061 434 4113; x_wconf 87' lang='lat' dir='ltr'><strong>sunt,</strong></span> <span class='ocrx_word' id='word_1_570' title='bbox 466 4066 564 4122; x_wconf 84' lang='lat' dir='ltr'><strong>per</strong></span> <span class='ocrx_word' id='word_1_571' title='bbox 595 4051 737 4122; x_wconf 90' lang='lat' dir='ltr'><strong>quod</strong></span> <span class='ocrx_word' id='word_1_572' title='bbox 766 4050 945 4106; x_wconf 88' lang='lat' dir='ltr'><strong>anima</strong></span> <span class='ocrx_word' id='word_1_573' title='bbox 972 4066 1158 4106; x_wconf 89' lang='lat' dir='ltr'><strong>eorum</strong></span> <span class='ocrx_word' id='word_1_574' title='bbox 1190 4059 1244 4106; x_wconf 89' lang='lat' dir='ltr'><strong>et</strong></span> <span class='ocrx_word' id='word_1_575' title='bbox 1273 4064 1370 4105; x_wconf 91' lang='lat' dir='ltr'><strong>cor</strong></span> <span class='ocrx_word' id='word_1_576' title='bbox 1400 4064 1564 4104; x_wconf 91' lang='lat' dir='ltr'><strong>unum</strong></span> <span class='ocrx_word' id='word_1_577' title='bbox 1610 4060 1727 4117; x_wconf 90' lang='lat' dir='ltr'><strong>est;</strong></span> <span class='ocrx_word' id='word_1_578' title='bbox 1769 4065 1888 4107; x_wconf 86' lang='lat' dir='ltr'><strong>ces-</strong></span> 
     </span>
    </p>
   </div>
   <div class='ocr_carea' id='block_1_69' title="bbox 283 4142 1884 4217">
    <p class='ocr_par' dir='ltr' id='par_1_69' title="bbox 283 4142 1884 4217">
     <span class='ocr_line' id='line_1_69' title="bbox 283 4142 1884 4217; baseline 0.001 -18"><span class='ocrx_word' id='word_1_579' title='bbox 283 4152 372 4199; x_wconf 85' lang='lat' dir='ltr'><strong>sat</strong></span> <span class='ocrx_word' id='word_1_580' title='bbox 420 4144 476 4198; x_wconf 86' lang='lat' dir='ltr'><strong>in</strong></span> <span class='ocrx_word' id='word_1_581' title='bbox 519 4142 604 4200; x_wconf 88' lang='lat' dir='ltr'><strong>his</strong></span> <span class='ocrx_word' id='word_1_582' title='bbox 644 4158 899 4200; x_wconf 86' lang='lat' dir='ltr'><strong>assensus</strong></span> <span class='ocrx_word' id='word_1_583' title='bbox 941 4143 1153 4211; x_wconf 87' lang='lat' dir='ltr'><strong>unitas,</strong></span> <span class='ocrx_word' id='word_1_584' title='bbox 1207 4143 1297 4214; x_wconf 88' lang='lat' dir='ltr'><strong>qui</strong></span> <span class='ocrx_word' id='word_1_585' title='bbox 1346 4159 1508 4198; x_wconf 87' lang='lat' dir='ltr'><strong>unum</strong></span> <span class='ocrx_word' id='word_1_586' title='bbox 1565 4153 1690 4200; x_wconf 91' lang='lat' dir='ltr'><strong>sunt</strong></span> <span class='ocrx_word' id='word_1_587' title='bbox 1718 4145 1788 4217; x_wconf 87' lang='lat' dir='ltr'><strong>(e)</strong></span> <span class='ocrx_word' id='word_1_588' title='bbox 1830 4146 1884 4200; x_wconf 91' lang='lat' dir='ltr'><strong>in</strong></span> 
     </span>
    </p>
   </div>
   <div class='ocr_carea' id='block_1_70' title="bbox 284 4236 1228 4309">
    <p class='ocr_par' dir='ltr' id='par_1_70' title="bbox 284 4236 1228 4309">
     <span class='ocr_line' id='line_1_70' title="bbox 284 4236 1228 4309; baseline -0.002 -16"><span class='ocrx_word' id='word_1_589' title='bbox 284 4236 534 4309; x_wconf 80' lang='lat' dir='ltr'><strong>ejusdem</strong></span> <span class='ocrx_word' id='word_1_590' title='bbox 563 4239 974 4309; x_wconf 82' lang='lat' dir='ltr'><strong>regeneratione</strong></span> <span class='ocrx_word' id='word_1_591' title='bbox 1003 4250 1228 4294; x_wconf 71' lang='lat' dir='ltr'><strong>naturae.</strong></span> 
     </span>
    </p>
   </div>
   <div class='ocr_carea' id='block_1_71' title="bbox 355 4329 1883 4389">
    <p class='ocr_par' dir='ltr' id='par_1_71' title="bbox 355 4329 1883 4389">
     <span class='ocr_line' id='line_1_71' title="bbox 355 4329 1883 4389; baseline 0 0"><span class='ocrx_word' id='word_1_592' title='bbox 355 4331 410 4389; x_wconf 90' lang='lat'><strong>8.</strong></span> <span class='ocrx_word' id='word_1_593' title='bbox 447 4329 606 4387; x_wconf 82' lang='lat' dir='ltr'><strong>Pauli</strong></span> <span class='ocrx_word' id='word_1_594' title='bbox 644 4333 696 4386; x_wconf 85' lang='lat' dir='ltr'><strong>in</strong></span> <span class='ocrx_word' id='word_1_595' title='bbox 744 4348 856 4386; x_wconf 85' lang='lat' dir='ltr'><strong>eam</strong></span> <span class='ocrx_word' id='word_1_596' title='bbox 892 4349 1001 4387; x_wconf 76' lang='lat' dir='ltr'><strong>rem</strong></span> <span class='ocrx_word' id='word_1_597' title='bbox 1040 4332 1308 4388; x_wconf 76' lang='lat' dir='ltr'><strong>sententia.</strong></span> <span class='ocrx_word' id='word_1_598' title='bbox 1335 4330 1545 4387; x_wconf 86' lang='lat' dir='ltr'><strong>--Nou</strong></span> <span class='ocrx_word' id='word_1_599' title='bbox 1572 4340 1759 4387; x_wconf 82' lang='lat' dir='ltr'><strong>nostra</strong></span> <span class='ocrx_word' id='word_1_600' title='bbox 1799 4333 1883 4389; x_wconf 88' lang='lat' dir='ltr'><strong>lo-</strong></span> 
     </span>
    </p>
   </div>
   <div class='ocr_carea' id='block_1_72' title="bbox 279 4424 1881 4498">
    <p class='ocr_par' dir='ltr' id='par_1_72' title="bbox 279 4424 1881 4498">
     <span class='ocr_line' id='line_1_72' title="bbox 279 4424 1881 4498; baseline 0.001 -17"><span class='ocrx_word' id='word_1_601' title='bbox 279 4427 526 4498; x_wconf 89' lang='lat' dir='ltr'><strong>quimur,</strong></span> <span class='ocrx_word' id='word_1_602' title='bbox 560 4441 734 4497; x_wconf 91' lang='lat' dir='ltr'><strong>neque</strong></span> <span class='ocrx_word' id='word_1_603' title='bbox 762 4425 829 4481; x_wconf 91' lang='lat' dir='ltr'><strong>ad</strong></span> <span class='ocrx_word' id='word_1_604' title='bbox 872 4424 1179 4482; x_wconf 84' lang='lat' dir='ltr'><strong>illudendas</strong></span> <span class='ocrx_word' id='word_1_605' title='bbox 1203 4424 1536 4482; x_wconf 90' lang='lat' dir='ltr'><strong>audientium</strong></span> <span class='ocrx_word' id='word_1_606' title='bbox 1568 4441 1729 4482; x_wconf 88' lang='lat' dir='ltr'><strong>aures</strong></span> <span class='ocrx_word' id='word_1_607' title='bbox 1756 4439 1881 4482; x_wconf 86' lang='lat' dir='ltr'><strong>cor-</strong></span> 
     </span>
    </p>
   </div>
   <div class='ocr_carea' id='block_1_73' title="bbox 381 4540 1511 4612">
    <p class='ocr_par' dir='ltr' id='par_1_73' title="bbox 381 4540 1511 4612">
     <span class='ocr_line' id='line_1_73' title="bbox 381 4540 1511 4612; baseline -0.001 -17"><span class='ocrx_word' id='word_1_608' title='bbox 381 4541 435 4612; x_wconf 89' lang='lat' dir='ltr'><strong>a)</strong></span> <span class='ocrx_word' id='word_1_609' title='bbox 465 4541 522 4597; x_wconf 84' lang='lat' dir='ltr'><strong>in</strong></span> <span class='ocrx_word' id='word_1_610' title='bbox 553 4541 685 4597; x_wconf 88' lang='lat' dir='ltr'><strong>solis</strong></span> <span class='ocrx_word' id='word_1_611' title='bbox 715 4541 876 4597; x_wconf 84' lang='lat' dir='ltr'><strong>editis</strong></span> <span class='ocrx_word' id='word_1_612' title='bbox 906 4540 992 4596; x_wconf 89' lang='lat' dir='ltr'><strong>hic</strong></span> <span class='ocrx_word' id='word_1_613' title='bbox 1019 4540 1235 4596; x_wconf 84' lang='lat' dir='ltr'><strong>additur</strong></span> <span class='ocrx_word' id='word_1_614' title='bbox 1262 4541 1511 4612; x_wconf 86' lang='lat' dir='ltr'><strong>omnium.</strong></span> 
     </span>
    </p>
   </div>
   <div class='ocr_carea' id='block_1_74' title="bbox 384 4611 1884 4685">
    <p class='ocr_par' dir='ltr' id='par_1_74' title="bbox 384 4611 1884 4685">
     <span class='ocr_line' id='line_1_74' title="bbox 384 4611 1884 4685; baseline 0 -16"><span class='ocrx_word' id='word_1_615' title='bbox 384 4611 436 4685; x_wconf 88' lang='lat' dir='ltr'><strong>b)</strong></span> <span class='ocrx_word' id='word_1_616' title='bbox 462 4614 557 4671; x_wconf 78' lang='lat' dir='ltr'><strong>Ms.</strong></span> <span class='ocrx_word' id='word_1_617' title='bbox 587 4613 749 4670; x_wconf 73' lang='lat' dir='ltr'><strong>Curii.</strong></span> <span class='ocrx_word' id='word_1_618' title='bbox 784 4613 984 4685; x_wconf 88' lang='lat' dir='ltr'><strong>aliique</strong></span> <span class='ocrx_word' id='word_1_619' title='bbox 1013 4611 1258 4669; x_wconf 88' lang='lat' dir='ltr'><strong>nonnulli</strong></span> <span class='ocrx_word' id='word_1_620' title='bbox 1290 4611 1379 4668; x_wconf 88' lang='lat' dir='ltr'><strong>hic</strong></span> <span class='ocrx_word' id='word_1_621' title='bbox 1405 4612 1629 4679; x_wconf 88' lang='lat' dir='ltr'><strong>addttnt,</strong></span> <span class='ocrx_word' id='word_1_622' title='bbox 1656 4620 1705 4668; x_wconf 83' lang='lat' dir='ltr'><strong>et</strong></span> <span class='ocrx_word' id='word_1_623' title='bbox 1725 4629 1884 4669; x_wconf 87' lang='lat' dir='ltr'><strong>unum</strong></span> 
     </span>
    </p>
   </div>
   <div class='ocr_carea' id='block_1_75' title="bbox 281 4688 543 4759">
    <p class='ocr_par' dir='ltr' id='par_1_75' title="bbox 281 4688 543 4759">
     <span class='ocr_line' id='line_1_75' title="bbox 281 4688 543 4759; baseline -0.004 -18"><span class='ocrx_word' id='word_1_624' title='bbox 281 4688 543 4759; x_wconf 79' lang='lat' dir='ltr'><strong>spiritum.</strong></span> 
     </span>
    </p>
   </div>
   <div class='ocr_carea' id='block_1_76' title="bbox 358 4755 1264 4832">
    <p class='ocr_par' dir='ltr' id='par_1_76' title="bbox 358 4755 1264 4832">
     <span class='ocr_line' id='line_1_76' title="bbox 358 4755 1264 4832; baseline -0.003 -18"><span class='ocrx_word' id='word_1_625' title='bbox 358 4760 432 4832; x_wconf 79' lang='grc' dir='ltr'><strong>(ο)</strong></span> <span class='ocrx_word' id='word_1_626' title='bbox 464 4759 729 4832; x_wconf 70' lang='grc' dir='ltr'><strong>ᾼηιίηυιις</strong></span> <span class='ocrx_word' id='word_1_627' title='bbox 757 4757 925 4815; x_wconf 80' lang='lat' dir='ltr'><strong>codex</strong></span> <span class='ocrx_word' id='word_1_628' title='bbox 951 4755 1264 4832; x_wconf 77' lang='lat' dir='ltr'><strong>Colh._nat_i.</strong></span> 
     </span>
    </p>
   </div>
   <div class='ocr_carea' id='block_1_77' title="bbox 355 4829 1878 4901">
    <p class='ocr_par' dir='ltr' id='par_1_77' title="bbox 355 4829 1878 4901">
     <span class='ocr_line' id='line_1_77' title="bbox 355 4829 1878 4901; baseline -0.001 -15"><span class='ocrx_word' id='word_1_629' title='bbox 355 4829 438 4901; x_wconf 71' lang='lat' dir='ltr'><strong>(tl)</strong></span> <span class='ocrx_word' id='word_1_630' title='bbox 464 4830 537 4887; x_wconf 84' lang='lat' dir='ltr'><strong>lta</strong></span> <span class='ocrx_word' id='word_1_631' title='bbox 567 4832 890 4886; x_wconf 73' lang='lat' dir='ltr'><strong>vetustiores</strong></span> <span class='ocrx_word' id='word_1_632' title='bbox 934 4846 1063 4886; x_wconf 89' lang='lat' dir='ltr'><strong>mss.</strong></span> <span class='ocrx_word' id='word_1_633' title='bbox 1092 4830 1237 4885; x_wconf 84' lang='lat' dir='ltr'><strong>Editi</strong></span> <span class='ocrx_word' id='word_1_634' title='bbox 1273 4844 1423 4898; x_wconf 87' lang='lat' dir='ltr'><strong>vero,</strong></span> <span class='ocrx_word' id='word_1_635' title='bbox 1456 4829 1527 4883; x_wconf 87' lang='lat' dir='ltr'><strong>ad</strong></span> <span class='ocrx_word' id='word_1_636' title='bbox 1554 4845 1698 4897; x_wconf 84' lang='lat' dir='ltr'><strong>spent</strong></span> <span class='ocrx_word' id='word_1_637' title='bbox 1737 4829 1878 4897; x_wconf 85' lang='lat' dir='ltr'><strong>ﬁdei.</strong></span> 
     </span>
    </p>
   </div>
   <div class='ocr_carea' id='block_1_78' title="bbox 283 4901 1879 4975">
    <p class='ocr_par' dir='ltr' id='par_1_78' title="bbox 283 4901 1879 4975">
     <span class='ocr_line' id='line_1_78' title="bbox 283 4901 1879 4975; baseline -0.003 -16"><span class='ocrx_word' id='word_1_638' title='bbox 283 4902 422 4975; x_wconf 86' lang='lat' dir='ltr'><strong>Tum</strong></span> <span class='ocrx_word' id='word_1_639' title='bbox 466 4902 846 4975; x_wconf 81' lang='lat' dir='ltr'><strong>subjicichant.</strong></span> <span class='ocrx_word' id='word_1_640' title='bbox 895 4914 941 4956; x_wconf 90' lang='lat' dir='ltr'><strong>et</strong></span> <span class='ocrx_word' id='word_1_641' title='bbox 988 4918 1088 4957; x_wconf 88' lang='lat' dir='ltr'><strong>non</strong></span> <span class='ocrx_word' id='word_1_642' title='bbox 1132 4912 1344 4975; x_wconf 88' lang='lat' dir='ltr'><strong>possunt</strong></span> <span class='ocrx_word' id='word_1_643' title='bbox 1389 4903 1518 4970; x_wconf 70' lang='lat' dir='ltr'><strong>hcc,</strong></span> <span class='ocrx_word' id='word_1_644' title='bbox 1567 4901 1770 4957; x_wconf 90' lang='lat' dir='ltr'><strong>omisso</strong></span> <span class='ocrx_word' id='word_1_645' title='bbox 1811 4902 1879 4970; x_wconf 89' lang='lat' dir='ltr'><strong>si,</strong></span> 
     </span>
    </p>
   </div>
   <div class='ocr_carea' id='block_1_79' title="bbox 283 4973 1154 5045">
    <p class='ocr_par' dir='ltr' id='par_1_79' title="bbox 283 4973 1154 5045">
     <span class='ocr_line' id='line_1_79' title="bbox 283 4973 1154 5045; baseline 0 -16"><span class='ocrx_word' id='word_1_646' title='bbox 283 4974 427 5045; x_wconf 84' lang='lat' dir='ltr'><strong>quod</strong></span> <span class='ocrx_word' id='word_1_647' title='bbox 460 4982 633 5030; x_wconf 72' lang='lat' dir='ltr'><strong>exstat</strong></span> <span class='ocrx_word' id='word_1_648' title='bbox 662 4973 716 5030; x_wconf 93' lang='lat' dir='ltr'><strong>in</strong></span> <span class='ocrx_word' id='word_1_649' title='bbox 747 4974 997 5031; x_wconf 83' lang='lat' dir='ltr'><strong>omnibus</strong></span> <span class='ocrx_word' id='word_1_650' title='bbox 1025 4973 1154 5030; x_wconf 66' lang='lat' dir='ltr'><strong>mss.</strong></span> 
     </span>
    </p>
   </div>
   <div class='ocr_carea' id='block_1_80' title="bbox 287 5062 1885 5192">
    <p class='ocr_par' dir='ltr' id='par_1_80' title="bbox 287 5062 1885 5192">
     <span class='ocr_line' id='line_1_80' title="bbox 287 5062 1885 5192; baseline 0.001 -71"><span class='ocrx_word' id='word_1_651' title='bbox 287 5064 433 5192; x_wconf 47' lang='lat' dir='ltr'><strong>die)</strong></span> <span class='ocrx_word' id='word_1_652' title='bbox 482 5064 536 5121; x_wconf 90' lang='lat' dir='ltr'><strong>lu</strong></span> <span class='ocrx_word' id='word_1_653' title='bbox 589 5080 723 5121; x_wconf 90' lang='lat' dir='ltr'><strong>mss.</strong></span> <span class='ocrx_word' id='word_1_654' title='bbox 754 5065 879 5123; x_wconf 80' lang='lat' dir='ltr'><strong>Vat.</strong></span> <span class='ocrx_word' id='word_1_655' title='bbox 908 5066 1023 5121; x_wconf 87' lang='lat' dir='ltr'><strong>bas.</strong></span> <span class='ocrx_word' id='word_1_656' title='bbox 1068 5076 1121 5121; x_wconf 91' lang='lat' dir='ltr'><strong>et</strong></span> <span class='ocrx_word' id='word_1_657' title='bbox 1150 5062 1366 5124; x_wconf 84' lang='lat' dir='ltr'><strong>Martio.</strong></span> <span class='ocrx_word' id='word_1_658' title='bbox 1400 5064 1487 5123; x_wconf 90' lang='lat' dir='ltr'><strong>hic</strong></span> <span class='ocrx_word' id='word_1_659' title='bbox 1530 5065 1786 5149; x_wconf 21' lang='lat' dir='ltr'><strong>adjicitur.</strong></span> <span class='ocrx_word' id='word_1_660' title='bbox 1828 5077 1885 5123; x_wconf 88' lang='lat' dir='ltr'><strong>ut</strong></span> 
     </span>
     <span class='ocr_line' id='line_1_81' title="bbox 325 5154 1841 5192; baseline 0 0"><span class='ocrx_word' id='word_1_661' title='bbox 325 5154 531 5192; x_wconf 72' lang='lat' dir='ltr'><strong>tartmus.</strong></span> <span class='ocrx_word' id='word_1_662' title='bbox 1834 5170 1841 5175; x_wconf 62' lang='grc' dir='ltr'><strong>ι</strong></span> 
     </span>
    </p>
   </div>
   <div class='ocr_carea' id='block_1_81' title="bbox 325 5154 1841 5194">
    <p class='ocr_par' dir='ltr' id='par_1_81' title="bbox 325 5154 1841 5194">
     <span class='ocr_line' id='line_1_82' title="bbox 325 5154 1841 5194; baseline -0.011 -2"><span class='ocrx_word' id='word_1_663' title='bbox 325 5154 531 5194; x_wconf 73' lang='lat' dir='ltr'><strong>txtmus.</strong></span> <span class='ocrx_word' id='word_1_664' title='bbox 1834 5170 1841 5175; x_wconf 82' lang='lat'><strong>.</strong></span> 
     </span>
    </p>
   </div>
   <div class='ocr_carea' id='block_1_82' title="bbox 286 5231 1879 5377">
    <p class='ocr_par' dir='ltr' id='par_1_82' title="bbox 286 5231 1879 5377">
     <span class='ocr_line' id='line_1_83' title="bbox 286 5231 1879 5377; baseline -0.001 -72"><span class='ocrx_word' id='word_1_665' title='bbox 286 5231 527 5377; x_wconf 48' lang='lat' dir='ltr'><strong>ﬁdleflliul&#39;?</strong></span> <span class='ocrx_word' id='word_1_666' title='bbox 551 5231 780 5362; x_wconf 49' lang='grc' dir='ltr'><strong>ῧὲάίἕιῖ)</strong></span> <span class='ocrx_word' id='word_1_667' title='bbox 784 5231 1355 5363; x_wconf 50' lang='lat' dir='ltr'><strong>E1::Lnga;.nfgstentiti.</strong></span> <span class='ocrx_word' id='word_1_668' title='bbox 1384 5232 1509 5291; x_wconf 77' lang='lat' dir='ltr'><strong>Mox</strong></span> <span class='ocrx_word' id='word_1_669' title='bbox 1538 5236 1592 5292; x_wconf 93' lang='lat' dir='ltr'><strong>in</strong></span> <span class='ocrx_word' id='word_1_670' title='bbox 1622 5236 1879 5309; x_wconf 66' lang='lat' dir='ltr'><strong>vulgatis,</strong></span> 
     </span>
     <span class='ocr_line' id='line_1_84' title="bbox 472 5324 1210 5361; baseline -0.046 -2"><span class='ocrx_word' id='word_1_671' title='bbox 472 5324 486 5359; x_wconf 71' lang='grc' dir='ltr'><strong>Ῑ</strong></span> <span class='ocrx_word' id='word_1_672' title='bbox 649 5345 665 5360; x_wconf 80' lang='grc'><em>,</em></span> <span class='ocrx_word' id='word_1_673' title='bbox 1195 5346 1210 5361; x_wconf 55' lang='grc'><strong>⁸</strong></span> 
     </span>
    </p>
   </div>
   <div class='ocr_carea' id='block_1_83' title="bbox 472 5324 1210 5361">
    <p class='ocr_par' dir='ltr' id='par_1_83' title="bbox 472 5324 1210 5361">
     <span class='ocr_line' id='line_1_85' title="bbox 472 5324 1210 5361; baseline 0.003 -2"><span class='ocrx_word' id='word_1_674' title='bbox 472 5324 520 5359; x_wconf 83' lang='grc' dir='ltr'><strong>ηι</strong></span> <span class='ocrx_word' id='word_1_675' title='bbox 551 5324 665 5361; x_wconf 74' lang='grc' dir='ltr'><strong>νει.</strong></span> <span class='ocrx_word' id='word_1_676' title='bbox 697 5324 867 5361; x_wconf 73' lang='grc' dir='ltr'><strong>Λυθδι</strong></span> <span class='ocrx_word' id='word_1_677' title='bbox 896 5324 994 5360; x_wconf 86' lang='lat' dir='ltr'><strong>uet</strong></span> <span class='ocrx_word' id='word_1_678' title='bbox 1022 5324 1053 5361; x_wconf 75' lang='lat'><strong>3</strong></span> <span class='ocrx_word' id='word_1_679' title='bbox 1078 5324 1210 5361; x_wconf 87' lang='lat' dir='ltr'><strong>mss.</strong></span> 
     </span>
    </p>
   </div>
   <div class='ocr_carea' id='block_1_84' title="bbox 357 5399 1881 5474">
    <p class='ocr_par' dir='ltr' id='par_1_84' title="bbox 357 5399 1881 5474">
     <span class='ocr_line' id='line_1_86' title="bbox 357 5399 1881 5474; baseline 0.002 -17"><span class='ocrx_word' id='word_1_680' title='bbox 357 5399 438 5474; x_wconf 70' lang='grc' dir='ltr'><strong>(θ)</strong></span> <span class='ocrx_word' id='word_1_681' title='bbox 468 5401 628 5460; x_wconf 87' lang='lat' dir='ltr'><strong>Edlti.</strong></span> <span class='ocrx_word' id='word_1_682' title='bbox 659 5401 779 5469; x_wconf 87' lang='lat' dir='ltr'><strong>quia</strong></span> <span class='ocrx_word' id='word_1_683' title='bbox 804 5402 934 5470; x_wconf 81' lang='lat' dir='ltr'><strong>ipsis</strong></span> <span class='ocrx_word' id='word_1_684' title='bbox 960 5402 1013 5456; x_wconf 89' lang='lat' dir='ltr'><strong>in</strong></span> <span class='ocrx_word' id='word_1_685' title='bbox 1035 5418 1138 5457; x_wconf 89' lang='lat' dir='ltr'><strong>uno</strong></span> <span class='ocrx_word' id='word_1_686' title='bbox 1177 5401 1430 5474; x_wconf 85' lang='lat' dir='ltr'><strong>baptismo</strong></span> <span class='ocrx_word' id='word_1_687' title='bbox 1456 5406 1743 5459; x_wconf 83' lang='lat' dir='ltr'><strong>renatis....</strong></span> <span class='ocrx_word' id='word_1_688' title='bbox 1771 5404 1881 5460; x_wconf 81' lang='lat' dir='ltr'><strong>dis-</strong></span> 
     </span>
    </p>
   </div>
   <div class='ocr_carea' id='block_1_85' title="bbox 287 5474 1881 5547">
    <p class='ocr_par' dir='ltr' id='par_1_85' title="bbox 287 5474 1881 5547">
     <span class='ocr_line' id='line_1_87' title="bbox 287 5474 1881 5547; baseline 0.004 -23"><span class='ocrx_word' id='word_1_689' title='bbox 287 5475 515 5544; x_wconf 82' lang='lat' dir='ltr'><strong>pensatio</strong></span> <span class='ocrx_word' id='word_1_690' title='bbox 554 5474 995 5547; x_wconf 63' lang='lat' dir='ltr'><strong>sit._llest_ituitur</strong></span> <span class='ocrx_word' id='word_1_691' title='bbox 1023 5490 1090 5530; x_wconf 81' lang='lat' dir='ltr'><strong>ex</strong></span> <span class='ocrx_word' id='word_1_692' title='bbox 1133 5489 1403 5547; x_wconf 74' lang='lat' dir='ltr'><strong>ctntsensu</strong></span> <span class='ocrx_word' id='word_1_693' title='bbox 1435 5491 1545 5531; x_wconf 91' lang='lat' dir='ltr'><strong>mss</strong></span> <span class='ocrx_word' id='word_1_694' title='bbox 1573 5476 1768 5547; x_wconf 74' lang='lat' dir='ltr'><strong>ipsi...</strong></span> <span class='ocrx_word' id='word_1_695' title='bbox 1797 5492 1881 5531; x_wconf 87' lang='lat' dir='ltr'><strong>re—</strong></span> 
     </span>
    </p>
   </div>
   <div class='ocr_carea' id='block_1_86' title="bbox 285 5544 1878 5621">
    <p class='ocr_par' dir='ltr' id='par_1_86' title="bbox 285 5544 1878 5621">
     <span class='ocr_line' id='line_1_88' title="bbox 285 5544 1878 5621; baseline 0.003 -23"><span class='ocrx_word' id='word_1_696' title='bbox 285 5546 391 5601; x_wconf 85' lang='lat' dir='ltr'><strong>nati</strong></span> <span class='ocrx_word' id='word_1_697' title='bbox 413 5561 434 5600; x_wconf 90' lang='lat'><strong><em>:</em></strong></span> <span class='ocrx_word' id='word_1_698' title='bbox 458 5544 887 5621; x_wconf 80' lang='lat' dir='ltr'><strong>ex__Co_lhe_rtino</strong></span> <span class='ocrx_word' id='word_1_699' title='bbox 910 5556 1187 5621; x_wconf 79' lang='lat' dir='ltr'><strong>autemac</strong></span> <span class='ocrx_word' id='word_1_700' title='bbox 1206 5546 1389 5603; x_wconf 88' lang='lat' dir='ltr'><strong>Germ.</strong></span> <span class='ocrx_word' id='word_1_701' title='bbox 1422 5544 1735 5621; x_wconf 75' lang='lat' dir='ltr'><strong>dispensatio</strong></span> <span class='ocrx_word' id='word_1_702' title='bbox 1755 5550 1878 5621; x_wconf 86' lang='lat' dir='ltr'><strong>sint,</strong></span> 
     </span>
    </p>
   </div>
   <div class='ocr_carea' id='block_1_87' title="bbox 288 5616 1884 5692">
    <p class='ocr_par' dir='ltr' id='par_1_87' title="bbox 288 5616 1884 5692">
     <span class='ocr_line' id='line_1_89' title="bbox 288 5616 1884 5692; baseline 0.001 -20"><span class='ocrx_word' id='word_1_703' title='bbox 288 5633 391 5692; x_wconf 78' lang='lat' dir='ltr'><strong>non</strong></span> <span class='ocrx_word' id='word_1_704' title='bbox 422 5616 691 5692; x_wconf 12' lang='lat' dir='ltr'><strong>sit.rUnde</strong></span> <span class='ocrx_word' id='word_1_705' title='bbox 717 5616 990 5689; x_wconf 84' lang='lat' dir='ltr'><strong>duplicem</strong></span> <span class='ocrx_word' id='word_1_706' title='bbox 1020 5619 1112 5692; x_wconf 86' lang='lat' dir='ltr'><strong>qui</strong></span> <span class='ocrx_word' id='word_1_707' title='bbox 1143 5620 1348 5690; x_wconf 85' lang='lat' dir='ltr'><strong>plantat</strong></span> <span class='ocrx_word' id='word_1_708' title='bbox 1375 5630 1429 5675; x_wconf 89' lang='lat' dir='ltr'><strong>et</strong></span> <span class='ocrx_word' id='word_1_709' title='bbox 1457 5616 1547 5692; x_wconf 82' lang='lat' dir='ltr'><strong>qui</strong></span> <span class='ocrx_word' id='word_1_710' title='bbox 1594 5620 1735 5692; x_wconf 80' lang='lat' dir='ltr'><strong>rigat</strong></span> <span class='ocrx_word' id='word_1_711' title='bbox 1787 5620 1884 5677; x_wconf 81' lang='lat' dir='ltr'><strong>ha-</strong></span> 
     </span>
    </p>
   </div>
   <div class='ocr_carea' id='block_1_88' title="bbox 288 5688 1886 5765">
    <p class='ocr_par' dir='ltr' id='par_1_88' title="bbox 288 5688 1886 5765">
     <span class='ocr_line' id='line_1_90' title="bbox 288 5688 1886 5765; baseline 0.001 -20"><span class='ocrx_word' id='word_1_712' title='bbox 288 5688 416 5765; x_wconf 79' lang='lat' dir='ltr'><strong>bent</strong></span> <span class='ocrx_word' id='word_1_713' title='bbox 444 5691 731 5765; x_wconf 81' lang='lat' dir='ltr'><strong>unitatem,</strong></span> <span class='ocrx_word' id='word_1_714' title='bbox 764 5688 1088 5745; x_wconf 83' lang='lat' dir='ltr'><strong>sacramenti</strong></span> <span class='ocrx_word' id='word_1_715' title='bbox 1118 5688 1394 5765; x_wconf 81' lang='lat' dir='ltr'><strong>nimirum,</strong></span> <span class='ocrx_word' id='word_1_716' title='bbox 1424 5688 1548 5765; x_wconf 80' lang='lat' dir='ltr'><strong>quia</strong></span> <span class='ocrx_word' id='word_1_717' title='bbox 1604 5688 1710 5747; x_wconf 80' lang='lat' dir='ltr'><strong>uno</strong></span> <span class='ocrx_word' id='word_1_718' title='bbox 1755 5692 1886 5765; x_wconf 87' lang='lat' dir='ltr'><strong>bap-</strong></span> 
     </span>
    </p>
   </div>
   <div class='ocr_carea' id='block_1_89' title="bbox 293 5760 1884 5833">
    <p class='ocr_par' dir='ltr' id='par_1_89' title="bbox 293 5760 1884 5833">
     <span class='ocr_line' id='line_1_91' title="bbox 293 5760 1884 5833; baseline 0.003 -17"><span class='ocrx_word' id='word_1_719' title='bbox 293 5761 457 5817; x_wconf 88' lang='lat' dir='ltr'><strong>tismo</strong></span> <span class='ocrx_word' id='word_1_720' title='bbox 505 5760 717 5833; x_wconf 75' lang='lat' dir='ltr'><strong>renati,</strong></span> <span class='ocrx_word' id='word_1_721' title='bbox 765 5776 830 5816; x_wconf 88' lang='lat' dir='ltr'><strong>ac</strong></span> <span class='ocrx_word' id='word_1_722' title='bbox 880 5769 1143 5833; x_wconf 82' lang='lat' dir='ltr'><strong>praeterea</strong></span> <span class='ocrx_word' id='word_1_723' title='bbox 1192 5760 1536 5820; x_wconf 84' lang='lat' dir='ltr'><strong>instrumenti</strong></span> <span class='ocrx_word' id='word_1_724' title='bbox 1586 5765 1639 5820; x_wconf 91' lang='lat' dir='ltr'><strong>in</strong></span> <span class='ocrx_word' id='word_1_725' title='bbox 1693 5760 1884 5821; x_wconf 77' lang='lat' dir='ltr'><strong>eodem</strong></span> 
     </span>
    </p>
   </div>
   <div class='ocr_carea' id='block_1_90' title="bbox 288 5832 1886 5906">
    <p class='ocr_par' dir='ltr' id='par_1_90' title="bbox 288 5832 1886 5906">
     <span class='ocr_line' id='line_1_92' title="bbox 288 5832 1886 5906; baseline 0.004 -18"><span class='ocrx_word' id='word_1_726' title='bbox 288 5842 630 5890; x_wconf 86' lang='lat' dir='ltr'><strong>sacramento</strong></span> <span class='ocrx_word' id='word_1_727' title='bbox 692 5832 1075 5906; x_wconf 77' lang='lat' dir='ltr'><strong>dispensando,</strong></span> <span class='ocrx_word' id='word_1_728' title='bbox 1134 5835 1469 5906; x_wconf 87' lang='lat' dir='ltr'><strong>proindequc</strong></span> <span class='ocrx_word' id='word_1_729' title='bbox 1523 5852 1630 5893; x_wconf 90' lang='lat' dir='ltr'><strong>non</strong></span> <span class='ocrx_word' id='word_1_730' title='bbox 1683 5851 1886 5893; x_wconf 89' lang='lat' dir='ltr'><strong>meram</strong></span> 
     </span>
    </p>
   </div>
   <div class='ocr_carea' id='block_1_91' title="bbox 291 5904 1885 5979">
    <p class='ocr_par' dir='ltr' id='par_1_91' title="bbox 291 5904 1885 5979">
     <span class='ocr_line' id='line_1_93' title="bbox 291 5904 1885 5979; baseline 0.003 -20"><span class='ocrx_word' id='word_1_731' title='bbox 291 5905 579 5962; x_wconf 61' lang='lat' dir='ltr'><strong>Voluntatis</strong></span> <span class='ocrx_word' id='word_1_732' title='bbox 596 5904 1025 5964; x_wconf 85' lang='lat' dir='ltr'><strong>unanitnitatetn.</strong></span> <span class='ocrx_word' id='word_1_733' title='bbox 1053 5904 1334 5979; x_wconf 76' lang='lat' dir='ltr'><strong>Augustini</strong></span> <span class='ocrx_word' id='word_1_734' title='bbox 1358 5904 1494 5967; x_wconf 88' lang='lat' dir='ltr'><strong>Coll.</strong></span> <span class='ocrx_word' id='word_1_735' title='bbox 1522 5922 1644 5966; x_wconf 87' lang='lat' dir='ltr'><strong>cum</strong></span> <span class='ocrx_word' id='word_1_736' title='bbox 1667 5908 1885 5966; x_wconf 76' lang='lat' dir='ltr'><strong>Maxim.</strong></span> 
     </span>
    </p>
   </div>
   <div class='ocr_carea' id='block_1_92' title="bbox 1992 3388 3592 3460">
    <p class='ocr_par' dir='ltr' id='par_1_92' title="bbox 1992 3388 3592 3460">
     <span class='ocr_line' id='line_1_94' title="bbox 1992 3388 3592 3460; baseline -0.003 -13"><span class='ocrx_word' id='word_1_737' title='bbox 1992 3401 2051 3447; x_wconf 88' lang='lat' dir='ltr'><strong>ut</strong></span> <span class='ocrx_word' id='word_1_738' title='bbox 2078 3406 2197 3460; x_wconf 70' lang='lat' dir='ltr'><strong>qute</strong></span> <span class='ocrx_word' id='word_1_739' title='bbox 2226 3406 2257 3445; x_wconf 90' lang='lat' dir='ltr'><strong>e</strong></span> <span class='ocrx_word' id='word_1_740' title='bbox 2284 3389 2504 3447; x_wconf 85' lang='lat' dir='ltr'><strong>diverso</strong></span> <span class='ocrx_word' id='word_1_741' title='bbox 2524 3398 2668 3456; x_wconf 91' lang='lat' dir='ltr'><strong>sunt,</strong></span> <span class='ocrx_word' id='word_1_742' title='bbox 2698 3398 2754 3445; x_wconf 91' lang='lat' dir='ltr'><strong>et</strong></span> <span class='ocrx_word' id='word_1_743' title='bbox 2784 3388 2914 3445; x_wconf 88' lang='lat' dir='ltr'><strong>falsa</strong></span> <span class='ocrx_word' id='word_1_744' title='bbox 2945 3388 3310 3459; x_wconf 83' lang='lat' dir='ltr'><strong>intelligantur</strong></span> <span class='ocrx_word' id='word_1_745' title='bbox 3330 3397 3383 3443; x_wconf 86' lang='lat' dir='ltr'><strong>et</strong></span> <span class='ocrx_word' id='word_1_746' title='bbox 3407 3388 3592 3444; x_wconf 91' lang='lat' dir='ltr'><strong>stulta.</strong></span> 
     </span>
    </p>
   </div>
   <div class='ocr_carea' id='block_1_93' title="bbox 1994 3481 3593 3552">
    <p class='ocr_par' dir='ltr' id='par_1_93' title="bbox 1994 3481 3593 3552">
     <span class='ocr_line' id='line_1_95' title="bbox 1994 3481 3593 3552; baseline -0.003 -11"><span class='ocrx_word' id='word_1_747' title='bbox 1994 3484 2327 3541; x_wconf 86' lang='lat' dir='ltr'><strong>Laborantes</strong></span> <span class='ocrx_word' id='word_1_748' title='bbox 2360 3484 2503 3539; x_wconf 89' lang='lat' dir='ltr'><strong>enim</strong></span> <span class='ocrx_word' id='word_1_749' title='bbox 2536 3482 2772 3541; x_wconf 71' lang='lat' dir='ltr'><strong>haeretici</strong></span> <span class='ocrx_word' id='word_1_750' title='bbox 2798 3483 2981 3538; x_wconf 87' lang='lat' dir='ltr'><strong>fallere</strong></span> <span class='ocrx_word' id='word_1_751' title='bbox 3007 3499 3101 3551; x_wconf 88' lang='lat' dir='ltr'><strong>per</strong></span> <span class='ocrx_word' id='word_1_752' title='bbox 3130 3482 3183 3538; x_wconf 87' lang='lat' dir='ltr'><strong>id</strong></span> <span class='ocrx_word' id='word_1_753' title='bbox 3215 3482 3357 3552; x_wconf 91' lang='lat' dir='ltr'><strong>quod</strong></span> <span class='ocrx_word' id='word_1_754' title='bbox 3386 3481 3593 3538; x_wconf 90' lang='lat' dir='ltr'><strong>dictum</strong></span> 
     </span>
    </p>
   </div>
   <div class='ocr_carea' id='block_1_94' title="bbox 1993 3574 3589 3651">
    <p class='ocr_par' dir='ltr' id='par_1_94' title="bbox 1993 3574 3589 3651">
     <span class='ocr_line' id='line_1_96' title="bbox 1993 3574 3589 3651; baseline -0.001 -17"><span class='ocrx_word' id='word_1_755' title='bbox 1993 3587 2079 3635; x_wconf 91' lang='lat' dir='ltr'><strong>est</strong></span> <span class='ocrx_word' id='word_1_756' title='bbox 2108 3595 2121 3633; x_wconf 91' lang='lat'><strong>:</strong></span> <span class='ocrx_word' id='word_1_757' title='bbox 2155 3577 2265 3649; x_wconf 83' lang='lat' dir='ltr'><strong>Ego</strong></span> <span class='ocrx_word' id='word_1_758' title='bbox 2296 3586 2341 3633; x_wconf 89' lang='lat' dir='ltr'><strong>et</strong></span> <span class='ocrx_word' id='word_1_759' title='bbox 2368 3587 2512 3649; x_wconf 86' lang='lat' dir='ltr'><strong>pater</strong></span> <span class='ocrx_word' id='word_1_760' title='bbox 2531 3593 2690 3631; x_wconf 85' lang='lat' dir='ltr'><strong>unum</strong></span> <span class='ocrx_word' id='word_1_761' title='bbox 2717 3593 2897 3631; x_wconf 86' lang='lat' dir='ltr'><strong>sumus</strong></span> <span class='ocrx_word' id='word_1_762' title='bbox 2921 3574 3103 3646; x_wconf 83' lang='lat' dir='ltr'><strong>(Joan.</strong></span> <span class='ocrx_word' id='word_1_763' title='bbox 3133 3593 3190 3645; x_wconf 76' lang='grc' dir='ltr'><strong>ι,</strong></span> <span class='ocrx_word' id='word_1_764' title='bbox 3217 3576 3332 3651; x_wconf 74' lang='lat'><strong>&#39;50),</strong></span> <span class='ocrx_word' id='word_1_765' title='bbox 3376 3591 3446 3633; x_wconf 91' lang='lat' dir='ltr'><strong>ne</strong></span> <span class='ocrx_word' id='word_1_766' title='bbox 3491 3591 3589 3632; x_wconf 84' lang='lat' dir='ltr'><strong>na-</strong></span> 
     </span>
    </p>
   </div>
   <div class='ocr_carea' id='block_1_95' title="bbox 1997 3671 3596 3730">
    <p class='ocr_par' dir='ltr' id='par_1_95' title="bbox 1997 3671 3596 3730">
     <span class='ocr_line' id='line_1_97' title="bbox 1997 3671 3596 3730; baseline -0.001 -1"><span class='ocrx_word' id='word_1_767' title='bbox 1997 3682 2134 3730; x_wconf 70' lang='lat' dir='ltr'><strong>tura:</strong></span> <span class='ocrx_word' id='word_1_768' title='bbox 2159 3673 2213 3729; x_wconf 94' lang='lat' dir='ltr'><strong>in</strong></span> <span class='ocrx_word' id='word_1_769' title='bbox 2242 3671 2327 3728; x_wconf 84' lang='lat' dir='ltr'><strong>his</strong></span> <span class='ocrx_word' id='word_1_770' title='bbox 2359 3673 2534 3728; x_wconf 88' lang='lat' dir='ltr'><strong>unitas</strong></span> <span class='ocrx_word' id='word_1_771' title='bbox 2563 3681 2617 3728; x_wconf 90' lang='lat' dir='ltr'><strong>ct</strong></span> <span class='ocrx_word' id='word_1_772' title='bbox 2658 3671 2970 3729; x_wconf 75' lang='lat' dir='ltr'><strong>indifferens</strong></span> <span class='ocrx_word' id='word_1_773' title='bbox 3003 3671 3298 3728; x_wconf 83' lang='lat' dir='ltr'><strong>divinitatis</strong></span> <span class='ocrx_word' id='word_1_774' title='bbox 3339 3672 3596 3728; x_wconf 86' lang='lat' dir='ltr'><strong>substan-</strong></span> 
     </span>
    </p>
   </div>
   <div class='ocr_carea' id='block_1_96' title="bbox 1993 3763 3588 3833">
    <p class='ocr_par' dir='ltr' id='par_1_96' title="bbox 1993 3763 3588 3833">
     <span class='ocr_line' id='line_1_98' title="bbox 1993 3763 3588 3833; baseline -0.001 -12"><span class='ocrx_word' id='word_1_775' title='bbox 1993 3766 2064 3821; x_wconf 86' lang='lat' dir='ltr'><strong>tia</strong></span> <span class='ocrx_word' id='word_1_776' title='bbox 2095 3765 2434 3833; x_wconf 89' lang='lat' dir='ltr'><strong>crederetur,</strong></span> <span class='ocrx_word' id='word_1_777' title='bbox 2467 3763 2564 3822; x_wconf 87' lang='lat' dir='ltr'><strong>sed</strong></span> <span class='ocrx_word' id='word_1_778' title='bbox 2595 3780 2659 3822; x_wconf 78' lang='lat' dir='ltr'><strong>ex</strong></span> <span class='ocrx_word' id='word_1_779' title='bbox 2683 3765 2976 3823; x_wconf 86' lang='lat' dir='ltr'><strong>dilectione</strong></span> <span class='ocrx_word' id='word_1_780' title='bbox 3002 3774 3189 3821; x_wconf 89' lang='lat' dir='ltr'><strong>mutua</strong></span> <span class='ocrx_word' id='word_1_781' title='bbox 3214 3772 3269 3821; x_wconf 88' lang='lat' dir='ltr'><strong>et</strong></span> <span class='ocrx_word' id='word_1_782' title='bbox 3294 3779 3362 3820; x_wconf 79' lang='lat' dir='ltr'><strong>ex</strong></span> <span class='ocrx_word' id='word_1_783' title='bbox 3393 3764 3588 3820; x_wconf 84' lang='lat' dir='ltr'><strong>volun-</strong></span> 
     </span>
    </p>
   </div>
   <div class='ocr_carea' id='block_1_97' title="bbox 1991 3857 3598 3930">
    <p class='ocr_par' dir='ltr' id='par_1_97' title="bbox 1991 3857 3598 3930">
     <span class='ocr_line' id='line_1_99' title="bbox 1991 3857 3598 3930; baseline -0.001 -14"><span class='ocrx_word' id='word_1_784' title='bbox 1991 3866 2163 3916; x_wconf 85' lang='lat' dir='ltr'><strong>talum</strong></span> <span class='ocrx_word' id='word_1_785' title='bbox 2208 3857 2500 3914; x_wconf 87' lang='lat' dir='ltr'><strong>concordia</strong></span> <span class='ocrx_word' id='word_1_786' title='bbox 2546 3873 2712 3913; x_wconf 88' lang='lat' dir='ltr'><strong>unum</strong></span> <span class='ocrx_word' id='word_1_787' title='bbox 2761 3867 2966 3925; x_wconf 89' lang='lat' dir='ltr'><strong>essent,</strong></span> <span class='ocrx_word' id='word_1_788' title='bbox 3016 3857 3325 3930; x_wconf 78' lang='lat' dir='ltr'><strong>exemplum</strong></span> <span class='ocrx_word' id='word_1_789' title='bbox 3374 3858 3598 3915; x_wconf 87' lang='lat' dir='ltr'><strong>unitatis</strong></span> 
     </span>
    </p>
   </div>
   <div class='ocr_carea' id='block_1_98' title="bbox 1991 3949 3596 4021">
    <p class='ocr_par' dir='ltr' id='par_1_98' title="bbox 1991 3949 3596 4021">
     <span class='ocr_line' id='line_1_100' title="bbox 1991 3949 3596 4021; baseline -0.002 -13"><span class='ocrx_word' id='word_1_790' title='bbox 1991 3952 2168 4018; x_wconf 80' lang='lat' dir='ltr'><strong>iStius,</strong></span> <span class='ocrx_word' id='word_1_791' title='bbox 2200 3949 2527 4021; x_wconf 89' lang='lat' dir='ltr'><strong>ntsuperius</strong></span> <span class='ocrx_word' id='word_1_792' title='bbox 2562 3949 3077 4016; x_wconf 88' lang='lat' dir='ltr'><strong>demonstravimus,</strong></span> <span class='ocrx_word' id='word_1_793' title='bbox 3120 3950 3279 4006; x_wconf 88' lang='lat' dir='ltr'><strong>etiam</strong></span> <span class='ocrx_word' id='word_1_794' title='bbox 3321 3965 3386 4006; x_wconf 73' lang='lat' dir='ltr'><strong>ex</strong></span> <span class='ocrx_word' id='word_1_795' title='bbox 3434 3950 3596 4006; x_wconf 89' lang='lat' dir='ltr'><strong>dictis</strong></span> 
     </span>
    </p>
   </div>
   <div class='ocr_carea' id='block_1_99' title="bbox 1991 4047 3596 4120">
    <p class='ocr_par' dir='ltr' id='par_1_99' title="bbox 1991 4047 3596 4120">
     <span class='ocr_line' id='line_1_101' title="bbox 1991 4047 3596 4120; baseline -0.002 -14"><span class='ocrx_word' id='word_1_796' title='bbox 1991 4049 2280 4106; x_wconf 89' lang='lat' dir='ltr'><strong>dominicis</strong></span> <span class='ocrx_word' id='word_1_797' title='bbox 2320 4049 2668 4120; x_wconf 86' lang='lat' dir='ltr'><strong>protulerunt</strong></span> <span class='ocrx_word' id='word_1_798' title='bbox 2694 4068 2708 4105; x_wconf 92' lang='lat'><strong>:</strong></span> <span class='ocrx_word' id='word_1_799' title='bbox 2745 4047 2812 4104; x_wconf 86' lang='lat' dir='ltr'><strong>Ut</strong></span> <span class='ocrx_word' id='word_1_800' title='bbox 2840 4065 3014 4104; x_wconf 87' lang='lat' dir='ltr'><strong>omnes</strong></span> <span class='ocrx_word' id='word_1_801' title='bbox 3037 4066 3194 4103; x_wconf 84' lang='lat' dir='ltr'><strong>unum</strong></span> <span class='ocrx_word' id='word_1_802' title='bbox 3222 4048 3344 4117; x_wconf 86' lang='lat' dir='ltr'><strong>sint,</strong></span> <span class='ocrx_word' id='word_1_803' title='bbox 3377 4049 3508 4104; x_wconf 84' lang='lat' dir='ltr'><strong>sicut</strong></span> <span class='ocrx_word' id='word_1_804' title='bbox 3537 4057 3596 4103; x_wconf 84' lang='lat' dir='ltr'><strong>tu</strong></span> 
     </span>
    </p>
   </div>
   <div class='ocr_carea' id='block_1_100' title="bbox 1987 4142 3592 4219">
    <p class='ocr_par' dir='ltr' id='par_1_100' title="bbox 1987 4142 3592 4219">
     <span class='ocr_line' id='line_1_102' title="bbox 1987 4142 3592 4219; baseline -0.001 -19"><span class='ocrx_word' id='word_1_805' title='bbox 1987 4144 2145 4200; x_wconf 84' lang='lat' dir='ltr'><strong>Pater</strong></span> <span class='ocrx_word' id='word_1_806' title='bbox 2171 4146 2225 4200; x_wconf 85' lang='lat' dir='ltr'><strong>in</strong></span> <span class='ocrx_word' id='word_1_807' title='bbox 2257 4161 2357 4211; x_wconf 87' lang='lat' dir='ltr'><strong>me,</strong></span> <span class='ocrx_word' id='word_1_808' title='bbox 2391 4155 2438 4199; x_wconf 89' lang='lat' dir='ltr'><strong>et</strong></span> <span class='ocrx_word' id='word_1_809' title='bbox 2458 4160 2550 4219; x_wconf 89' lang='lat' dir='ltr'><strong>ego</strong></span> <span class='ocrx_word' id='word_1_810' title='bbox 2579 4145 2634 4199; x_wconf 90' lang='lat' dir='ltr'><strong>in</strong></span> <span class='ocrx_word' id='word_1_811' title='bbox 2662 4154 2729 4209; x_wconf 87' lang='lat' dir='ltr'><strong>te,</strong></span> <span class='ocrx_word' id='word_1_812' title='bbox 2756 4155 2811 4199; x_wconf 89' lang='lat' dir='ltr'><strong>ut</strong></span> <span class='ocrx_word' id='word_1_813' title='bbox 2834 4154 2883 4199; x_wconf 86' lang='lat' dir='ltr'><strong>et</strong></span> <span class='ocrx_word' id='word_1_814' title='bbox 2907 4144 3007 4211; x_wconf 88' lang='lat' dir='ltr'><strong>ipsi</strong></span> <span class='ocrx_word' id='word_1_815' title='bbox 3034 4144 3134 4199; x_wconf 87' lang='lat' dir='ltr'><strong>sint</strong></span> <span class='ocrx_word' id='word_1_816' title='bbox 3153 4143 3208 4198; x_wconf 88' lang='lat' dir='ltr'><strong>in</strong></span> <span class='ocrx_word' id='word_1_817' title='bbox 3236 4142 3384 4198; x_wconf 85' lang='lat' dir='ltr'><strong>nobis</strong></span> <span class='ocrx_word' id='word_1_818' title='bbox 3405 4142 3592 4213; x_wconf 84' lang='lat' dir='ltr'><strong>(Joan.</strong></span> 
     </span>
    </p>
   </div>
   <div class='ocr_carea' id='block_1_101' title="bbox 1987 4235 3593 4312">
    <p class='ocr_par' dir='ltr' id='par_1_101' title="bbox 1987 4235 3593 4312">
     <span class='ocr_line' id='line_1_103' title="bbox 1987 4235 3593 4312; baseline -0.002 -17"><span class='ocrx_word' id='word_1_819' title='bbox 1987 4254 2123 4306; x_wconf 77' lang='lat' dir='ltr'><strong>xvn,</strong></span> <span class='ocrx_word' id='word_1_820' title='bbox 2150 4237 2267 4312; x_wconf 79' lang='lat'><strong>2|).</strong></span> <span class='ocrx_word' id='word_1_821' title='bbox 2317 4238 2483 4295; x_wconf 74' lang='lat' dir='ltr'><strong>Extra</strong></span> <span class='ocrx_word' id='word_1_822' title='bbox 2524 4238 2834 4309; x_wconf 80' lang='lat' dir='ltr'><strong>evangelica</strong></span> <span class='ocrx_word' id='word_1_823' title='bbox 2884 4236 3148 4308; x_wconf 91' lang='lat' dir='ltr'><strong>promissa</strong></span> <span class='ocrx_word' id='word_1_824' title='bbox 3194 4244 3300 4303; x_wconf 89' lang='lat' dir='ltr'><strong>est,</strong></span> <span class='ocrx_word' id='word_1_825' title='bbox 3346 4235 3593 4307; x_wconf 86' lang='lat' dir='ltr'><strong>quisquis</strong></span> 
     </span>
    </p>
   </div>
   <div class='ocr_carea' id='block_1_102' title="bbox 1988 4327 3591 4401">
    <p class='ocr_par' dir='ltr' id='par_1_102' title="bbox 1988 4327 3591 4401">
     <span class='ocr_line' id='line_1_104' title="bbox 1988 4327 3591 4401; baseline -0.006 -9"><span class='ocrx_word' id='word_1_826' title='bbox 1988 4342 2139 4392; x_wconf 81' lang='lat' dir='ltr'><strong>extra</strong></span> <span class='ocrx_word' id='word_1_827' title='bbox 2187 4332 2347 4388; x_wconf 85' lang='lat' dir='ltr'><strong>fidem</strong></span> <span class='ocrx_word' id='word_1_828' title='bbox 2378 4348 2567 4390; x_wconf 90' lang='lat' dir='ltr'><strong>eorum</strong></span> <span class='ocrx_word' id='word_1_829' title='bbox 2598 4342 2683 4390; x_wconf 78' lang='lat' dir='ltr'><strong>eat.</strong></span> <span class='ocrx_word' id='word_1_830' title='bbox 2710 4349 2724 4386; x_wconf 91' lang='lat'><strong>:</strong></span> <span class='ocrx_word' id='word_1_831' title='bbox 2756 4338 2812 4387; x_wconf 90' lang='lat' dir='ltr'><strong>et</strong></span> <span class='ocrx_word' id='word_1_832' title='bbox 2857 4329 3037 4401; x_wconf 63' lang='lat' dir='ltr'><strong>impiae</strong></span> <span class='ocrx_word' id='word_1_833' title='bbox 3081 4328 3454 4401; x_wconf 73' lang='lat' dir='ltr'><strong>intelligentia:</strong></span> <span class='ocrx_word' id='word_1_834' title='bbox 3478 4327 3591 4384; x_wconf 88' lang='lat' dir='ltr'><strong>cri-</strong></span> 
     </span>
    </p>
   </div>
   <div class='ocr_carea' id='block_1_103' title="bbox 1988 4423 3593 4500">
    <p class='ocr_par' dir='ltr' id='par_1_103' title="bbox 1988 4423 3593 4500">
     <span class='ocr_line' id='line_1_105' title="bbox 1988 4423 3593 4500; baseline -0.001 -18"><span class='ocrx_word' id='word_1_835' title='bbox 1988 4442 2111 4484; x_wconf 92' lang='lat' dir='ltr'><strong>men</strong></span> <span class='ocrx_word' id='word_1_836' title='bbox 2141 4425 2204 4500; x_wconf 92' lang='lat' dir='ltr'><strong>(i)</strong></span> <span class='ocrx_word' id='word_1_837' title='bbox 2237 4441 2391 4497; x_wconf 89' lang='lat' dir='ltr'><strong>spem</strong></span> <span class='ocrx_word' id='word_1_838' title='bbox 2431 4426 2734 4498; x_wconf 89' lang='lat' dir='ltr'><strong>simplicem</strong></span> <span class='ocrx_word' id='word_1_839' title='bbox 2778 4424 3032 4497; x_wconf 87' lang='lat' dir='ltr'><strong>perdidit.</strong></span> <span class='ocrx_word' id='word_1_840' title='bbox 3078 4424 3247 4481; x_wconf 85' lang='lat' dir='ltr'><strong>liabet</strong></span> <span class='ocrx_word' id='word_1_841' title='bbox 3292 4423 3437 4482; x_wconf 89' lang='lat' dir='ltr'><strong>enim</strong></span> <span class='ocrx_word' id='word_1_842' title='bbox 3482 4437 3593 4481; x_wconf 91' lang='lat' dir='ltr'><strong>non</strong></span> 
     </span>
    </p>
   </div>
   <div class='ocr_carea' id='block_1_104' title="bbox 1910 4539 3589 4611">
    <p class='ocr_par' dir='ltr' id='par_1_104' title="bbox 1910 4539 3589 4611">
     <span class='ocr_line' id='line_1_106' title="bbox 1910 4539 3589 4611; baseline -0.003 -13"><span class='ocrx_word' id='word_1_843' title='bbox 1910 4543 2045 4605; x_wconf 88' lang='lat' dir='ltr'><strong>Dn.</strong></span> <span class='ocrx_word' id='word_1_844' title='bbox 2079 4540 2170 4610; x_wconf 78' lang='grc'><strong>14,</strong></span> <span class='ocrx_word' id='word_1_845' title='bbox 2223 4542 2310 4599; x_wconf 89' lang='lat' dir='ltr'><strong>ubi</strong></span> <span class='ocrx_word' id='word_1_846' title='bbox 2359 4540 2488 4596; x_wconf 91' lang='lat' dir='ltr'><strong>illud</strong></span> <span class='ocrx_word' id='word_1_847' title='bbox 2538 4556 2635 4611; x_wconf 88' lang='lat' dir='ltr'><strong>pro</strong></span> <span class='ocrx_word' id='word_1_848' title='bbox 2688 4550 2837 4597; x_wconf 87' lang='lat' dir='ltr'><strong>certo</strong></span> <span class='ocrx_word' id='word_1_849' title='bbox 2881 4541 3074 4611; x_wconf 89' lang='lat' dir='ltr'><strong>ponit:</strong></span> <span class='ocrx_word' id='word_1_850' title='bbox 3130 4539 3352 4606; x_wconf 82' lang='lat' dir='ltr'><strong>Quando</strong></span> <span class='ocrx_word' id='word_1_851' title='bbox 3397 4539 3589 4595; x_wconf 88' lang='lat' dir='ltr'><strong>dicitur</strong></span> 
     </span>
    </p>
   </div>
   <div class='ocr_carea' id='block_1_105' title="bbox 1990 4613 3588 4684">
    <p class='ocr_par' dir='ltr' id='par_1_105' title="bbox 1990 4613 3588 4684">
     <span class='ocr_line' id='line_1_107' title="bbox 1990 4613 3588 4684; baseline -0.002 -14"><span class='ocrx_word' id='word_1_852' title='bbox 1990 4631 2152 4670; x_wconf 87' lang='lat' dir='ltr'><strong>unum</strong></span> <span class='ocrx_word' id='word_1_853' title='bbox 2180 4625 2318 4679; x_wconf 87' lang='lat' dir='ltr'><strong>sunt,</strong></span> <span class='ocrx_word' id='word_1_854' title='bbox 2349 4616 2443 4668; x_wconf 83' lang='lat' dir='ltr'><strong>etsi</strong></span> <span class='ocrx_word' id='word_1_855' title='bbox 2462 4630 2565 4667; x_wconf 87' lang='lat' dir='ltr'><strong>non</strong></span> <span class='ocrx_word' id='word_1_856' title='bbox 2590 4615 2787 4668; x_wconf 83' lang='lat' dir='ltr'><strong>dicatur</strong></span> <span class='ocrx_word' id='word_1_857' title='bbox 2812 4613 2938 4683; x_wconf 87' lang='lat' dir='ltr'><strong>quid</strong></span> <span class='ocrx_word' id='word_1_858' title='bbox 2952 4629 3131 4676; x_wconf 86' lang='lat' dir='ltr'><strong>unum,</strong></span> <span class='ocrx_word' id='word_1_859' title='bbox 3152 4613 3454 4684; x_wconf 86' lang='lat' dir='ltr'><strong>intelligitur</strong></span> <span class='ocrx_word' id='word_1_860' title='bbox 3477 4628 3588 4667; x_wconf 84' lang='lat' dir='ltr'><strong>una</strong></span> 
     </span>
    </p>
   </div>
   <div class='ocr_carea' id='block_1_106' title="bbox 1987 4684 3588 4753">
    <p class='ocr_par' dir='ltr' id='par_1_106' title="bbox 1987 4684 3588 4753">
     <span class='ocr_line' id='line_1_108' title="bbox 1987 4684 3588 4753; baseline -0.001 -13"><span class='ocrx_word' id='word_1_861' title='bbox 1987 4687 2294 4753; x_wconf 80' lang='lat' dir='ltr'><strong>substantia,</strong></span> <span class='ocrx_word' id='word_1_862' title='bbox 2329 4686 2482 4740; x_wconf 88' lang='lat' dir='ltr'><strong>unica</strong></span> <span class='ocrx_word' id='word_1_863' title='bbox 2519 4686 2632 4740; x_wconf 75' lang='lat' dir='ltr'><strong>lucc</strong></span> <span class='ocrx_word' id='word_1_864' title='bbox 2663 4696 2743 4740; x_wconf 88' lang='lat' dir='ltr'><strong>est</strong></span> <span class='ocrx_word' id='word_1_865' title='bbox 2779 4687 2845 4740; x_wconf 87' lang='lat' dir='ltr'><strong>ad</strong></span> <span class='ocrx_word' id='word_1_866' title='bbox 2894 4687 3069 4741; x_wconf 89' lang='lat' dir='ltr'><strong>locum</strong></span> <span class='ocrx_word' id='word_1_867' title='bbox 3107 4684 3326 4739; x_wconf 82' lang='lat' dir='ltr'><strong>allatum</strong></span> <span class='ocrx_word' id='word_1_868' title='bbox 3358 4698 3588 4753; x_wconf 86' lang='lat' dir='ltr'><strong>respon-</strong></span> 
     </span>
    </p>
   </div>
   <div class='ocr_carea' id='block_1_107' title="bbox 1988 4756 3587 4829">
    <p class='ocr_par' dir='ltr' id='par_1_107' title="bbox 1988 4756 3587 4829">
     <span class='ocr_line' id='line_1_109' title="bbox 1988 4756 3587 4829; baseline 0 -16"><span class='ocrx_word' id='word_1_869' title='bbox 1988 4758 2070 4814; x_wconf 89' lang='lat' dir='ltr'><strong>sio</strong></span> <span class='ocrx_word' id='word_1_870' title='bbox 2101 4779 2112 4812; x_wconf 90' lang='lat'><strong>:</strong></span> <span class='ocrx_word' id='word_1_871' title='bbox 2148 4758 2409 4829; x_wconf 77' lang='lat' dir='ltr'><strong>Legimus,</strong></span> <span class='ocrx_word' id='word_1_872' title='bbox 2460 4756 2563 4824; x_wconf 83' lang='lat' dir='ltr'><strong>Qui</strong></span> <span class='ocrx_word' id='word_1_873' title='bbox 2609 4756 2803 4827; x_wconf 87' lang='lat' dir='ltr'><strong>plantat</strong></span> <span class='ocrx_word' id='word_1_874' title='bbox 2845 4765 2891 4811; x_wconf 85' lang='lat' dir='ltr'><strong>et</strong></span> <span class='ocrx_word' id='word_1_875' title='bbox 2926 4758 3013 4828; x_wconf 87' lang='lat' dir='ltr'><strong>qui</strong></span> <span class='ocrx_word' id='word_1_876' title='bbox 3057 4756 3189 4829; x_wconf 79' lang='lat' dir='ltr'><strong>rigat</strong></span> <span class='ocrx_word' id='word_1_877' title='bbox 3235 4772 3395 4809; x_wconf 85' lang='lat' dir='ltr'><strong>unum</strong></span> <span class='ocrx_word' id='word_1_878' title='bbox 3423 4765 3541 4811; x_wconf 84' lang='lat' dir='ltr'><strong>sunt</strong></span> <span class='ocrx_word' id='word_1_879' title='bbox 3564 4773 3587 4813; x_wconf 87' lang='lat'><strong>.&#39;</strong></span> 
     </span>
    </p>
   </div>
   <div class='ocr_carea' id='block_1_108' title="bbox 1987 4827 3582 4903">
    <p class='ocr_par' dir='ltr' id='par_1_108' title="bbox 1987 4827 3582 4903">
     <span class='ocr_line' id='line_1_110' title="bbox 1987 4827 3582 4903; baseline -0.001 -19"><span class='ocrx_word' id='word_1_880' title='bbox 1987 4830 2077 4884; x_wconf 87' lang='lat' dir='ltr'><strong>sed</strong></span> <span class='ocrx_word' id='word_1_881' title='bbox 2113 4827 2262 4884; x_wconf 71' lang='lat' dir='ltr'><strong>(nubo</strong></span> <span class='ocrx_word' id='word_1_882' title='bbox 2306 4829 2535 4884; x_wconf 84' lang='lat' dir='ltr'><strong>homines</strong></span> <span class='ocrx_word' id='word_1_883' title='bbox 2574 4838 2735 4895; x_wconf 83' lang='lat' dir='ltr'><strong>erant,</strong></span> <span class='ocrx_word' id='word_1_884' title='bbox 2762 4827 2992 4903; x_wconf 76' lang='lat' dir='ltr'><strong>ejusdem</strong></span> <span class='ocrx_word' id='word_1_885' title='bbox 3022 4827 3322 4883; x_wconf 67' lang='lat' dir='ltr'><strong>substantiae</strong></span> <span class='ocrx_word' id='word_1_886' title='bbox 3351 4831 3582 4902; x_wconf 76' lang='lat' dir='ltr'><strong>fuerant,</strong></span> 
     </span>
    </p>
   </div>
   <div class='ocr_carea' id='block_1_109' title="bbox 1985 4903 2338 4957">
    <p class='ocr_par' dir='ltr' id='par_1_109' title="bbox 1985 4903 2338 4957">
     <span class='ocr_line' id='line_1_111' title="bbox 1985 4903 2338 4957; baseline -0.006 -1"><span class='ocrx_word' id='word_1_887' title='bbox 1985 4918 2086 4957; x_wconf 86' lang='lat' dir='ltr'><strong>non</strong></span> <span class='ocrx_word' id='word_1_888' title='bbox 2108 4903 2338 4957; x_wconf 78' lang='lat' dir='ltr'><strong>diverste.</strong></span> 
     </span>
    </p>
   </div>
   <div class='ocr_carea' id='block_1_110' title="bbox 2057 4971 3583 5047">
    <p class='ocr_par' dir='ltr' id='par_1_110' title="bbox 2057 4971 3583 5047">
     <span class='ocr_line' id='line_1_112' title="bbox 2057 4971 3583 5047; baseline -0.001 -20"><span class='ocrx_word' id='word_1_889' title='bbox 2057 4973 2136 5047; x_wconf 76' lang='lat' dir='ltr'><strong>(It)</strong></span> <span class='ocrx_word' id='word_1_890' title='bbox 2179 4974 2233 5029; x_wconf 87' lang='grc' dir='ltr'><strong>Ιιι</strong></span> <span class='ocrx_word' id='word_1_891' title='bbox 2269 4988 2370 5029; x_wconf 91' lang='lat' dir='ltr'><strong>ms.</strong></span> <span class='ocrx_word' id='word_1_892' title='bbox 2399 4972 2580 5047; x_wconf 25' lang='lat' dir='ltr'><strong>carni</strong></span> <span class='ocrx_word' id='word_1_893' title='bbox 2602 4982 2658 5027; x_wconf 90' lang='lat' dir='ltr'><strong>ut</strong></span> <span class='ocrx_word' id='word_1_894' title='bbox 2688 4972 2938 5047; x_wconf 73' lang='lat' dir='ltr'><strong>ejusdem,</strong></span> <span class='ocrx_word' id='word_1_895' title='bbox 2969 4971 3147 5047; x_wconf 83' lang='lat' dir='ltr'><strong>minus</strong></span> <span class='ocrx_word' id='word_1_896' title='bbox 3178 4972 3314 5047; x_wconf 85' lang='lat' dir='ltr'><strong>bene</strong></span> <span class='ocrx_word' id='word_1_897' title='bbox 3343 4990 3357 5028; x_wconf 92' lang='lat'><strong>:</strong></span> <span class='ocrx_word' id='word_1_898' title='bbox 3390 4988 3583 5047; x_wconf 85' lang='lat' dir='ltr'><strong>quam-</strong></span> 
     </span>
    </p>
   </div>
   <div class='ocr_carea' id='block_1_111' title="bbox 1991 5044 3580 5117">
    <p class='ocr_par' dir='ltr' id='par_1_111' title="bbox 1991 5044 3580 5117">
     <span class='ocr_line' id='line_1_113' title="bbox 1991 5044 3580 5117; baseline 0 -17"><span class='ocrx_word' id='word_1_899' title='bbox 1991 5044 2074 5117; x_wconf 81' lang='lat' dir='ltr'><strong>vis</strong></span> <span class='ocrx_word' id='word_1_900' title='bbox 2126 5055 2385 5117; x_wconf 87' lang='lat' dir='ltr'><strong>sequatur</strong></span> <span class='ocrx_word' id='word_1_901' title='bbox 2425 5045 2619 5100; x_wconf 88' lang='lat' dir='ltr'><strong>deinde</strong></span> <span class='ocrx_word' id='word_1_902' title='bbox 2665 5044 2825 5099; x_wconf 80' lang='lat' dir='ltr'><strong>etiam</strong></span> <span class='ocrx_word' id='word_1_903' title='bbox 2867 5044 2919 5099; x_wconf 90' lang='lat' dir='ltr'><strong>in</strong></span> <span class='ocrx_word' id='word_1_904' title='bbox 2956 5045 3166 5117; x_wconf 63' lang='lat' dir='ltr'><strong>caeteris</strong></span> <span class='ocrx_word' id='word_1_905' title='bbox 3198 5045 3298 5099; x_wconf 86' lang='lat' dir='ltr'><strong>sint</strong></span> <span class='ocrx_word' id='word_1_906' title='bbox 3338 5046 3580 5100; x_wconf 85' lang='lat' dir='ltr'><strong>ministri.</strong></span> 
     </span>
    </p>
   </div>
   <div class='ocr_carea' id='block_1_112' title="bbox 1989 5116 3578 5181">
    <p class='ocr_par' dir='ltr' id='par_1_112' title="bbox 1989 5116 3578 5181">
     <span class='ocr_line' id='line_1_114' title="bbox 1989 5116 3578 5181; baseline -0.003 -8"><span class='ocrx_word' id='word_1_907' title='bbox 1989 5116 2105 5173; x_wconf 78' lang='lat' dir='ltr'><strong>Hoc</strong></span> <span class='ocrx_word' id='word_1_908' title='bbox 2132 5116 2274 5173; x_wconf 85' lang='lat' dir='ltr'><strong>enim</strong></span> <span class='ocrx_word' id='word_1_909' title='bbox 2307 5116 2511 5172; x_wconf 85' lang='lat' dir='ltr'><strong>Hilario</strong></span> <span class='ocrx_word' id='word_1_910' title='bbox 2542 5117 2819 5181; x_wconf 89' lang='lat' dir='ltr'><strong>usitatum,</strong></span> <span class='ocrx_word' id='word_1_911' title='bbox 2852 5126 2908 5170; x_wconf 88' lang='lat' dir='ltr'><strong>ut</strong></span> <span class='ocrx_word' id='word_1_912' title='bbox 2937 5117 2989 5171; x_wconf 90' lang='lat' dir='ltr'><strong>in</strong></span> <span class='ocrx_word' id='word_1_913' title='bbox 3039 5116 3247 5172; x_wconf 87' lang='lat' dir='ltr'><strong>duabus</strong></span> <span class='ocrx_word' id='word_1_914' title='bbox 3292 5117 3578 5172; x_wconf 84' lang='lat' dir='ltr'><strong>sententiis</strong></span> 
     </span>
    </p>
   </div>
   <div class='ocr_carea' id='block_1_113' title="bbox 1987 5187 3579 5261">
    <p class='ocr_par' dir='ltr' id='par_1_113' title="bbox 1987 5187 3579 5261">
     <span class='ocr_line' id='line_1_115' title="bbox 1987 5187 3579 5261; baseline -0.001 -16"><span class='ocrx_word' id='word_1_915' title='bbox 1987 5189 2367 5261; x_wconf 85' lang='lat' dir='ltr'><strong>conjunctione</strong></span> <span class='ocrx_word' id='word_1_916' title='bbox 2392 5198 2441 5244; x_wconf 90' lang='lat' dir='ltr'><strong>et</strong></span> <span class='ocrx_word' id='word_1_917' title='bbox 2465 5187 2732 5259; x_wconf 88' lang='lat' dir='ltr'><strong>copulatis</strong></span> <span class='ocrx_word' id='word_1_918' title='bbox 2763 5203 2867 5243; x_wconf 86' lang='lat' dir='ltr'><strong>non</strong></span> <span class='ocrx_word' id='word_1_919' title='bbox 2888 5189 3138 5261; x_wconf 75' lang='lat' dir='ltr'><strong>ettmtlem</strong></span> <span class='ocrx_word' id='word_1_920' title='bbox 3166 5189 3407 5261; x_wconf 80' lang='lat' dir='ltr'><strong>retineat</strong></span> <span class='ocrx_word' id='word_1_921' title='bbox 3423 5187 3579 5244; x_wconf 88' lang='lat' dir='ltr'><strong>verbi</strong></span> 
     </span>
    </p>
   </div>
   <div class='ocr_carea' id='block_1_114' title="bbox 1987 5259 3429 5323">
    <p class='ocr_par' dir='ltr' id='par_1_114' title="bbox 1987 5259 3429 5323">
     <span class='ocr_line' id='line_1_116' title="bbox 1987 5259 3429 5323; baseline -0.002 -6"><span class='ocrx_word' id='word_1_922' title='bbox 1987 5259 2228 5318; x_wconf 87' lang='lat' dir='ltr'><strong>modum.</strong></span> <span class='ocrx_word' id='word_1_923' title='bbox 2260 5261 2623 5317; x_wconf 69' lang='lat' dir='ltr'><strong>Prml&#39;erebant</strong></span> <span class='ocrx_word' id='word_1_924' title='bbox 2650 5269 2829 5315; x_wconf 88' lang='lat' dir='ltr'><strong>tamen</strong></span> <span class='ocrx_word' id='word_1_925' title='bbox 2856 5260 3003 5323; x_wconf 86' lang='lat' dir='ltr'><strong>editi,</strong></span> <span class='ocrx_word' id='word_1_926' title='bbox 3041 5269 3162 5315; x_wconf 86' lang='lat' dir='ltr'><strong>sunt</strong></span> <span class='ocrx_word' id='word_1_927' title='bbox 3187 5259 3429 5314; x_wconf 84' lang='lat' dir='ltr'><strong>ministri.</strong></span> 
     </span>
    </p>
   </div>
   <div class='ocr_carea' id='block_1_115' title="bbox 2058 5329 3573 5407">
    <p class='ocr_par' dir='ltr' id='par_1_115' title="bbox 2058 5329 3573 5407">
     <span class='ocr_line' id='line_1_117' title="bbox 2058 5329 3573 5407; baseline -0.001 -18"><span class='ocrx_word' id='word_1_928' title='bbox 2058 5333 2120 5407; x_wconf 91' lang='lat' dir='ltr'><strong>(i)</strong></span> <span class='ocrx_word' id='word_1_929' title='bbox 2164 5334 2314 5407; x_wconf 86' lang='lat' dir='ltr'><strong>Lips.</strong></span> <span class='ocrx_word' id='word_1_930' title='bbox 2341 5341 2398 5407; x_wconf 85' lang='lat' dir='ltr'><strong>et</strong></span> <span class='ocrx_word' id='word_1_931' title='bbox 2440 5331 2563 5388; x_wconf 91' lang='lat' dir='ltr'><strong>Par.</strong></span> <span class='ocrx_word' id='word_1_932' title='bbox 2611 5332 2823 5388; x_wconf 82' lang='lat' dir='ltr'><strong>crimine</strong></span> <span class='ocrx_word' id='word_1_933' title='bbox 2855 5349 2874 5388; x_wconf 90' lang='lat'><strong><em>:</em></strong></span> <span class='ocrx_word' id='word_1_934' title='bbox 2906 5332 3259 5407; x_wconf 81' lang='lat' dir='ltr'><strong>renitentibus</strong></span> <span class='ocrx_word' id='word_1_935' title='bbox 3292 5329 3433 5407; x_wconf 62' lang='lat' dir='ltr'><strong>llud.</strong></span> <span class='ocrx_word' id='word_1_936' title='bbox 3478 5330 3573 5407; x_wconf 69' lang='lat' dir='ltr'><strong>Er.</strong></span> 
     </span>
    </p>
   </div>
   <div class='ocr_carea' id='block_1_116' title="bbox 1986 5400 3578 5474">
    <p class='ocr_par' dir='ltr' id='par_1_116' title="bbox 1986 5400 3578 5474">
     <span class='ocr_line' id='line_1_118' title="bbox 1986 5400 3578 5474; baseline -0.003 -11"><span class='ocrx_word' id='word_1_937' title='bbox 1986 5413 2045 5463; x_wconf 88' lang='lat' dir='ltr'><strong>et</strong></span> <span class='ocrx_word' id='word_1_938' title='bbox 2069 5400 2382 5463; x_wconf 38' lang='lat' dir='ltr'><strong>‘mssflllud</strong></span> <span class='ocrx_word' id='word_1_939' title='bbox 2411 5407 2615 5461; x_wconf 88' lang='lat' dir='ltr'><strong>crimen</strong></span> <span class='ocrx_word' id='word_1_940' title='bbox 2641 5415 2725 5461; x_wconf 86' lang='lat' dir='ltr'><strong>est</strong></span> <span class='ocrx_word' id='word_1_941' title='bbox 2758 5419 2970 5471; x_wconf 89' lang='lat' dir='ltr'><strong>eorum,</strong></span> <span class='ocrx_word' id='word_1_942' title='bbox 3011 5403 3100 5474; x_wconf 92' lang='lat' dir='ltr'><strong>qui</strong></span> <span class='ocrx_word' id='word_1_943' title='bbox 3150 5400 3447 5474; x_wconf 86' lang='lat' dir='ltr'><strong>simplicem</strong></span> <span class='ocrx_word' id='word_1_944' title='bbox 3495 5403 3578 5459; x_wconf 89' lang='lat' dir='ltr'><strong>rei</strong></span> 
     </span>
    </p>
   </div>
   <div class='ocr_carea' id='block_1_117' title="bbox 1986 5472 3577 5547">
    <p class='ocr_par' dir='ltr' id='par_1_117' title="bbox 1986 5472 3577 5547">
     <span class='ocr_line' id='line_1_119' title="bbox 1986 5472 3577 5547; baseline -0.002 -13"><span class='ocrx_word' id='word_1_945' title='bbox 1986 5478 2271 5534; x_wconf 69' lang='lat' dir='ltr'><strong>credenda:</strong></span> <span class='ocrx_word' id='word_1_946' title='bbox 2316 5476 2724 5547; x_wconf 78' lang='lat' dir='ltr'><strong>intelligentiam</strong></span> <span class='ocrx_word' id='word_1_947' title='bbox 2755 5472 3126 5547; x_wconf 78' lang='lat' dir='ltr'><strong>corrumpunt,</strong></span> <span class='ocrx_word' id='word_1_948' title='bbox 3164 5472 3358 5547; x_wconf 81' lang='lat' dir='ltr'><strong>falsam</strong></span> <span class='ocrx_word' id='word_1_949' title='bbox 3397 5474 3447 5547; x_wconf 87' lang='lat' dir='ltr'><strong>ei</strong></span> <span class='ocrx_word' id='word_1_950' title='bbox 3479 5489 3577 5531; x_wconf 87' lang='lat' dir='ltr'><strong>ne-</strong></span> 
     </span>
    </p>
   </div>
   <div class='ocr_carea' id='block_1_118' title="bbox 1987 5545 3577 5622">
    <p class='ocr_par' dir='ltr' id='par_1_118' title="bbox 1987 5545 3577 5622">
     <span class='ocr_line' id='line_1_120' title="bbox 1987 5545 3577 5622; baseline -0.001 -17"><span class='ocrx_word' id='word_1_951' title='bbox 1987 5550 2166 5622; x_wconf 87' lang='lat' dir='ltr'><strong>quiter</strong></span> <span class='ocrx_word' id='word_1_952' title='bbox 2212 5545 2619 5607; x_wconf 85' lang='lat' dir='ltr'><strong>substituentes.</strong></span> <span class='ocrx_word' id='word_1_953' title='bbox 2647 5548 2783 5622; x_wconf 85' lang='lat' dir='ltr'><strong>Tum</strong></span> <span class='ocrx_word' id='word_1_954' title='bbox 2832 5563 2986 5622; x_wconf 85' lang='lat' dir='ltr'><strong>spem_</strong></span> <span class='ocrx_word' id='word_1_955' title='bbox 3018 5545 3320 5622; x_wconf 67' lang='lat' dir='ltr'><strong>simplicem,</strong></span> <span class='ocrx_word' id='word_1_956' title='bbox 3372 5546 3425 5602; x_wconf 91' lang='lat' dir='ltr'><strong>id</strong></span> <span class='ocrx_word' id='word_1_957' title='bbox 3469 5557 3577 5622; x_wconf 79' lang='lat' dir='ltr'><strong>est,</strong></span> 
     </span>
    </p>
   </div>
   <div class='ocr_carea' id='block_1_119' title="bbox 1988 5617 3577 5694">
    <p class='ocr_par' dir='ltr' id='par_1_119' title="bbox 1988 5617 3577 5694">
     <span class='ocr_line' id='line_1_121' title="bbox 1988 5617 3577 5694; baseline -0.002 -17"><span class='ocrx_word' id='word_1_958' title='bbox 1988 5617 2140 5694; x_wconf 80' lang='lat' dir='ltr'><strong>spem</strong></span> <span class='ocrx_word' id='word_1_959' title='bbox 2168 5622 2291 5680; x_wconf 83' lang='lat' dir='ltr'><strong>ﬁdei</strong></span> <span class='ocrx_word' id='word_1_960' title='bbox 2317 5622 2579 5694; x_wconf 88' lang='lat' dir='ltr'><strong>simplicis</strong></span> <span class='ocrx_word' id='word_1_961' title='bbox 2608 5633 2668 5678; x_wconf 86' lang='lat' dir='ltr'><strong>et</strong></span> <span class='ocrx_word' id='word_1_962' title='bbox 2705 5617 2930 5694; x_wconf 75' lang='lat' dir='ltr'><strong>scientia</strong></span> <span class='ocrx_word' id='word_1_963' title='bbox 2955 5617 3259 5694; x_wconf 54' lang='lat' dir='ltr'><strong>destitutae,</strong></span> <span class='ocrx_word' id='word_1_964' title='bbox 3281 5618 3349 5694; x_wconf 85' lang='lat' dir='ltr'><strong>de</strong></span> <span class='ocrx_word' id='word_1_965' title='bbox 3386 5633 3489 5688; x_wconf 89' lang='lat' dir='ltr'><strong>qua</strong></span> <span class='ocrx_word' id='word_1_966' title='bbox 3522 5619 3577 5674; x_wconf 91' lang='lat' dir='ltr'><strong>in</strong></span> 
     </span>
    </p>
   </div>
   <div class='ocr_carea' id='block_1_120' title="bbox 1988 5690 3581 5763">
    <p class='ocr_par' dir='ltr' id='par_1_120' title="bbox 1988 5690 3581 5763">
     <span class='ocr_line' id='line_1_122' title="bbox 1988 5690 3581 5763; baseline -0.005 -10"><span class='ocrx_word' id='word_1_967' title='bbox 1988 5690 2133 5753; x_wconf 71' lang='lat' dir='ltr'><strong>Psal.</strong></span> <span class='ocrx_word' id='word_1_968' title='bbox 2161 5710 2308 5760; x_wconf 68' lang='lat' dir='ltr'><strong>cun,</strong></span> <span class='ocrx_word' id='word_1_969' title='bbox 2337 5690 2538 5763; x_wconf 51' lang='lat' dir='ltr'><strong>litflO,</strong></span> <span class='ocrx_word' id='word_1_970' title='bbox 2580 5707 2730 5748; x_wconf 91' lang='lat' dir='ltr'><strong>num.</strong></span> <span class='ocrx_word' id='word_1_971' title='bbox 2763 5690 2853 5754; x_wconf 82' lang='lat' dir='ltr'><strong>l2,</strong></span> <span class='ocrx_word' id='word_1_972' title='bbox 2889 5690 3192 5747; x_wconf 86' lang='lat' dir='ltr'><strong>habemus:</strong></span> <span class='ocrx_word' id='word_1_973' title='bbox 3231 5690 3366 5747; x_wconf 88' lang='lat' dir='ltr'><strong>Plus</strong></span> <span class='ocrx_word' id='word_1_974' title='bbox 3392 5700 3581 5746; x_wconf 87' lang='lat' dir='ltr'><strong>estau-</strong></span> 
     </span>
    </p>
   </div>
   <div class='ocr_carea' id='block_1_121' title="bbox 1992 5764 3582 5837">
    <p class='ocr_par' dir='ltr' id='par_1_121' title="bbox 1992 5764 3582 5837">
     <span class='ocr_line' id='line_1_123' title="bbox 1992 5764 3582 5837; baseline -0.004 -13"><span class='ocrx_word' id='word_1_975' title='bbox 1992 5777 2094 5824; x_wconf 86' lang='lat' dir='ltr'><strong>tem</strong></span> <span class='ocrx_word' id='word_1_976' title='bbox 2134 5770 2304 5825; x_wconf 86' lang='lat' dir='ltr'><strong>nescio</strong></span> <span class='ocrx_word' id='word_1_977' title='bbox 2333 5767 2458 5828; x_wconf 86' lang='lat' dir='ltr'><strong>quid</strong></span> <span class='ocrx_word' id='word_1_978' title='bbox 2482 5768 2537 5821; x_wconf 92' lang='lat' dir='ltr'><strong>in</strong></span> <span class='ocrx_word' id='word_1_979' title='bbox 2582 5764 2892 5837; x_wconf 81' lang='lat' dir='ltr'><strong>cognitione,</strong></span> <span class='ocrx_word' id='word_1_980' title='bbox 2922 5779 3075 5833; x_wconf 85' lang='lat' dir='ltr'><strong>quam</strong></span> <span class='ocrx_word' id='word_1_981' title='bbox 3115 5764 3169 5817; x_wconf 86' lang='lat' dir='ltr'><strong>in</strong></span> <span class='ocrx_word' id='word_1_982' title='bbox 3210 5765 3333 5834; x_wconf 83' lang='lat' dir='ltr'><strong>ﬁde,</strong></span> <span class='ocrx_word' id='word_1_983' title='bbox 3368 5764 3538 5833; x_wconf 85' lang='lat' dir='ltr'><strong>operis</strong></span> <span class='ocrx_word' id='word_1_984' title='bbox 3564 5805 3582 5832; x_wconf 92' lang='lat'><strong>,</strong></span> 
     </span>
    </p>
   </div>
   <div class='ocr_carea' id='block_1_122' title="bbox 1993 5836 3579 5911">
    <p class='ocr_par' dir='ltr' id='par_1_122' title="bbox 1993 5836 3579 5911">
     <span class='ocr_line' id='line_1_124' title="bbox 1993 5836 3579 5911; baseline -0.003 -17"><span class='ocrx_word' id='word_1_985' title='bbox 1993 5841 2113 5911; x_wconf 89' lang='lat' dir='ltr'><strong>quia</strong></span> <span class='ocrx_word' id='word_1_986' title='bbox 2142 5842 2270 5911; x_wconf 81' lang='lat' dir='ltr'><strong>ﬁdes</strong></span> <span class='ocrx_word' id='word_1_987' title='bbox 2299 5840 2448 5894; x_wconf 81' lang='lat' dir='ltr'><strong>habet</strong></span> <span class='ocrx_word' id='word_1_988' title='bbox 2476 5836 2777 5911; x_wconf 75' lang='lat' dir='ltr'><strong>obedientia:</strong></span> <span class='ocrx_word' id='word_1_989' title='bbox 2802 5837 3065 5911; x_wconf 74' lang='lat' dir='ltr'><strong>meritum,</strong></span> <span class='ocrx_word' id='word_1_990' title='bbox 3103 5852 3206 5911; x_wconf 84' lang='lat' dir='ltr'><strong>non</strong></span> <span class='ocrx_word' id='word_1_991' title='bbox 3237 5837 3385 5911; x_wconf 84' lang='lat' dir='ltr'><strong>habet</strong></span> <span class='ocrx_word' id='word_1_992' title='bbox 3412 5843 3579 5911; x_wconf 70' lang='lat' dir='ltr'><strong>autem</strong></span> 
     </span>
    </p>
   </div>
   <div class='ocr_carea' id='block_1_123' title="bbox 1992 5908 3590 5983">
    <p class='ocr_par' dir='ltr' id='par_1_123' title="bbox 1992 5908 3590 5983">
     <span class='ocr_line' id='line_1_125' title="bbox 1992 5908 3590 5983; baseline -0.004 -15"><span class='ocrx_word' id='word_1_993' title='bbox 1992 5908 2213 5983; x_wconf 74' lang='lat' dir='ltr'><strong>cognita:</strong></span> <span class='ocrx_word' id='word_1_994' title='bbox 2259 5911 2482 5970; x_wconf 72' lang='lat' dir='ltr'><strong>ueritatis</strong></span> <span class='ocrx_word' id='word_1_995' title='bbox 2528 5908 2870 5980; x_wconf 68' lang='lat' dir='ltr'><strong>ﬁduciam...</strong></span> <span class='ocrx_word' id='word_1_996' title='bbox 2902 5908 3003 5978; x_wconf 79' lang='lat' dir='ltr'><strong>Qui</strong></span> <span class='ocrx_word' id='word_1_997' title='bbox 3030 5908 3214 5977; x_wconf 69' lang='lat' dir='ltr'><strong>credit,</strong></span> <span class='ocrx_word' id='word_1_998' title='bbox 3255 5908 3414 5979; x_wconf 78' lang='lat' dir='ltr'><strong>potest</strong></span> <span class='ocrx_word' id='word_1_999' title='bbox 3441 5909 3590 5977; x_wconf 81' lang='lat' dir='ltr'><strong>igno-</strong></span> 
     </span>
    </p>
   </div>
  </div>
