3988 6332
163 304 167 308 ’
262 332 375 391 ets

1477 322 1569 383 DE
1606 316 1986 385 TNNI'I‘ATE
2024 324 2234 386 LIBER
2275 326 2405 387 Vlll.

3465 333 3573 392 246

264 466 370 510 nor
396 450 555 508 datus
577 457 697 520 est;
729 464 906 523 neque
942 451 1015 508 ob
1041 429 1185 509 aliud
1231 451 1389 508 datus
1437 458 1543 517 est,
1593 465 1754 522 quam
1804 459 1866 507 ut
1892 454 1948 515 Α
1969 450 2084 525 25).
2111 452 2218 508 Eos
2246 465 2409 520 nunc,
2438 452 2526 525 qui
2555 453 2697 509 inter
2724 452 2943 510 Patrem
2972 458 3029 511 et
3053 452 3252 512 Filium
3274 453 3567 514 voluntatis

260 560 459 605 omnes
506 559 672 603 unum
716 554 921 602 essent.
970 546 1039 603 Et
1080 560 1203 603 cum
1250 561 1349 619 per
1392 546 1654 603 honorem
1681 544 1866 602 datum
1967 544 2221 617 ingerunt
2263 544 2556 615 unitatem,
2607 545 2880 619 interrogo
2926 555 3180 604 utrumne
3223 560 3318 620 per
3363 558 3570 607 natura:

260 642 426 713 Filio,
458 648 513 699 et
535 655 567 697 a
597 636 740 699 Filio
763 640 1069 713 praestitum
1092 638 1461 708 credentibus,
1486 654 1676 696 omnes
1697 654 1864 695 unum

258 739 409 803 sint;
439 750 625 809 quaero
664 735 936 807 quomodo
966 736 1134 793 Filius
1161 736 1359 792 diversi
1398 734 1618 791 honoris
1646 748 1677 789 a
1705 733 1867 792 Patre

257 832 355 899 sit,
383 845 505 888 cum
549 830 839 887 credentes
878 846 1068 887 omnes
1114 833 1286 886 honor
1316 830 1439 887 Filii
1485 829 1553 885 ad
1601 828 1862 885 unitatem

256 925 474 999 paterni
504 923 724 980 honoris
749 925 1039 981 assumat?
1083 923 1154 981 Et
1198 924 1435 980 insolens
1462 924 1624 997 222
1646 922 1862 994 quidem

257 1016 354 1073 hic
380 1016 526 1073 forte
552 1016 803 1072 humanas
831 1017 945 1087 spei
973 1016 1080 1072 erit
1104 1032 1305 1083 sermo,
1330 1017 1425 1073 sed
1456 1034 1560 1071 non
1587 1016 1692 1072 erit
1735 1016 1862 1073 inli-

252 1112 398 1169 delis
444 1126 458 1166 ε
504 1113 628 1183 quia
677 1112 928 1182 quamvis
974 1115 1075 1168 hoc
1103 1127 1327 1183 sperare
1373 1113 1717 1169 temerarium
1768 1111 1856 1180 sit,

253 1217 439 1264 tamen
466 1222 573 1263 non
600 1207 900 1264 credidisse
938 1208 1295 1279 irreligiosum
1327 1216 1412 1265 est
1463 1207 1539 1279 (a)
1566 1224 1686 1263 cutn
1717 1206 1858 1263 idem

250 1310 421 1372 atque
452 1312 598 1357 unus
629 1300 783 1355 nobis
830 1310 887 1355 et
916 1301 1030 1371 spei
1063 1310 1250 1356 auctor
1291 1299 1371 1381 sit
1406 1310 1459 1355 et
1487 1299 1634 1355 lidei.
1682 1299 1749 1354 Et
1791 1298 1859 1355 de

250 1395 361 1451 hoe
382 1395 602 1466 quidem
634 1394 708 1466 (b)
735 1395 949 1466 planius
977 1404 1032 1450 et
1060 1395 1331 1465 cepiosius
1361 1408 1481 1461 suo,
1502 1403 1559 1448 ut
1586 1391 1855 1464 congruit,

247 1492 375 1547 loco
408 1490 778 1547 tractabimus.
827 1488 1047 1546 interim
1094 1498 1271 1547 tamen
1313 1492 1473 1545 etiam
1506 1505 1573 1545 ex
1606 1486 1859 1559 praesenti

248 1596 511 1639 sermone
553 1594 731 1654 neque
776 1583 975 1649 inanis,
1019 1597 1195 1654 neque
1236 1584 1526 1638 temeraria
1571 1594 1694 1637 esse
1741 1579 1858 1636 lucc

250 1690 384 1747 spes
413 1685 597 1733 nostra
632 1676 974 1747 intelligitur.
1007 1676 1128 1742 Per
1153 1686 1435 1748 acceptum
1471 1676 1630 1747 igitur
1658 1680 1714 1732 et
1754 1675 1852 1731 da-

250 1777 366 1824 tum
393 1769 661 1825 honorem
696 1785 864 1825 unum
890 1784 1082 1827 omnes
1108 1776 1255 1826 sunt.
1305 1771 1492 1826 Fidem
1543 1777 1721 1835 teneo,
1771 1779 1854 1826 at-

249 1876 359 1933 que
389 1875 612 1917 cattsam
645 1862 867 1919 unitatis
912 1864 1121 1934 accipio
1167 1881 1182 1919 :

261 1954 442 2012 bendo
465 1957 758 2025 ratiooem,
790 1956 1064 2027 quomodo
1091 1956 1251 2013 datus
1278 1958 1453 2014 honor
1474 1972 1640 2013 unum
1662 1972 1851 2015 omnes

249 2063 378 2106 esse
408 2049 671 2120 perﬁciat.

329 2145 420 2201 15.
448 2143 626 2201 [luitur
648 2146 902 2220 naturalis
926 2146 1157 2217 ﬁdelium
1179 2146 1235 2201 in
1260 2144 1374 2202 Deo
1417 2156 1692 2219 prwstatur
1730 2149 1850 2205 Ver-

255 2237 307 2293 bi
324 2238 693 2305 incarnatione,
726 2246 776 2295 et
806 2238 1156 2296 Eucharistiat
1181 2241 1715 2301 sacramentow—Sed
1743 2236 1851 2300 Do-

247 2328 429 2385 minus
450 2330 581 2386 nihil
609 2330 851 2387 tidelium
871 2330 1219 2388 conscientiae
1236 2333 1500 2389 incertum
1515 2337 1848 2407 relinquens,

238 2421 423 2493 ipsum
453 2424 607 2480 illum
634 2425 894 2481 naturalis
916 2424 1223 2481 efﬁcientia:
1251 2425 1433 2483 docuit
1456 2427 1731 2497 ellectum,
1764 2416 1851 2486 di-

233 2531 393 2584 cens,
428 2517 498 2574 Ut
525 2520 627 2574 sint
648 2532 829 2585 unum,
856 2521 990 2574 sicut
1018 2534 1111 2575 nos
1139 2535 1303 2580 unum
1319 2536 1515 2591 sumus,
1548 2538 1640 2593 ego
1660 2524 1715 2578 in
1745 2524 1845 2591 Itis,

231 2620 285 2667 et
306 2619 368 2666 tu
385 2613 440 2668 in
465 2624 546 2667 me
560 2629 583 2680 ;
612 2622 667 2668 ut
695 2614 803 2670 sint
824 2614 1034 2685 perfecti
1065 2614 1120 2669 in
1142 2626 1299 2669 unum
1324 2614 1509 2687 (Joan.
1541 2630 1675 2683 xvn,
1698 2616 1771 2673 22
1792 2627 1849 2674 et

214 2828 219 2831 -
304 2792 391 2867 (a)
414 2793 579 2867 Lips.
609 2802 663 2849 et
710 2793 834 2867 Par.
887 2804 945 2849 ut
973 2794 1111 2849 idem
1138 2809 1158 2850 :
1187 2796 1331 2852 male
1364 2804 1420 2851 et
1457 2806 1654 2867 praeter
1680 2798 1841 2855 tidem

227 2865 376 2927 mss.
409 2865 507 2922 Hic
532 2866 706 2923 obiter
726 2865 1083 2938 observamus
1111 2872 1359 2937 superius
1380 2865 1604 2924 verbum
1634 2887 1843 2938 sperare

226 2942 297 2996 de
332 2956 432 3008 spe
481 2947 533 2993 et
561 2937 962 3007 exspectatione
1005 2942 1234 2994 humana
1267 2956 1330 2995 ac
1362 2941 1592 2996 naturali
1628 2937 1756 3009 dici,
1786 2952 1842 2997 at

226 3015 281 3070 in
315 3010 547 3080 reliquis
572 3010 834 3071 vocabulo
861 3011 989 3081 spei,
1044 3011 1206 3067 etiam
1238 3014 1328 3067 ubi
1375 3013 1571 3067 dicitur
1600 3013 1841 3070 humana:

224 3085 349 3156 spei
380 3098 567 3156 sermo,
608 3081 883 3136 hominum
907 3082 1122 3156 quidem
1155 3099 1328 3153 spem,
1362 3084 1454 3140 sed
1492 3085 1581 3140 Dei
1613 3088 1840 3156 promis-

225 3154 308 3213 sis
347 3172 456 3212 non
500 3154 970 3229 bumanaratione
1001 3154 1189 3229 fultam
1219 3156 1532 3229 signiticari.
1569 3154 1703 3213 llinc
1731 3159 1838 3229 pri-

225 3244 389 3285 mum
416 3242 621 3297 sperare
649 3226 846 3280 dicitur
887 3227 1208 3281 temerarium
1233 3244 1251 3282 :
1274 3226 1336 3283 ac
1360 3226 1555 3284 deinde
1586 3244 1709 3300 spes
1733 3226 1838 3285 non

223 3300 533 3356 temeraria.

300 3371 395 3443 (ι)
420 3371 512 3426 Sic
542 3384 690 3426 'mss.
718 3384 843 3426 eum
885 3369 1017 3425 Bad.
1044 3379 1100 3427 et
1129 3370 1222 3426 Er.
1274 3372 1346 3426 At
1386 3369 1652 3429 editiones
1681 3372 1833 3440 alize,

260 3445 463 3501 lenius.

222 3464 813 3587 "ﬁglnrgumentum
852 3513 941 3569 hie
983 3513 1179 3584 duplex
1227 3515 1283 3572 in
1326 3532 1488 3571 unum
1529 3516 1831 3587 conﬂatur,

222 3586 472 3659 primum
499 3603 563 3642 ex
582 3586 781 3641 Christi
800 3587 1178 3662 eorporatiune
1197 3591 1443 3658 petitum,
1461 3605 1565 3662 (pia
1595 3586 1832 3662 nostram

222 3662 323 3718 ille
370 3670 619 3715 murram
648 3672 777 3714 vere
804 3660 1074 3726 suscepit;
1120 3660 1349 3715 alterum
1379 3675 1443 3715 ex
1478 3660 1834 3716 Eucltaristize

218 3741 595 3795 saeratnento,
628 3746 737 3802 quo
769 3745 953 3786 veram
974 3730 1118 3785 illius
1145 3746 1363 3787 carnem
1391 3748 1519 3789 vere
1544 3734 1830 3790 sumimus.

292 3803 391 3877 (ά)
422 3802 492 3877 ld_
513 3812 616 3877 est,
661 3801 737 3877 ad
762 3802 1353 3877 naturam‘divinitatis.
1385 3803 1476 3860 Sic
1500 3804 1713 3873 Fragm.
1742 3809 1830 3876 ll,

218 3894 278 3934 η,
303 3874 413 3942 52,
443 3874 532 3931 ubi
556 3875 629 3929 ait
661 3874 890 3928 Hilarius
922 3875 991 3929 ita
1022 3875 1407 3930 immutabilem
1439 3892 1561 3932 esse
1589 3877 1784 3932 Filium
1816 3874 1831 3944 ᾧ

216 3960 277 4006 ut
333 3950 393 4003 in
440 3945 1035 4019 assumptione/taminia
1073 3948 1388 4019 corruptioni
1419 3948 1585 4017 potius
1614 3951 1832 4019 gloriam

215 4019 502 4085 intulerit,
533 4017 686 4090 qutun
737 4017 900 4072 labem
950 4017 1253 4085 wternitati;
1284 4020 1411 4090 quid
1439 4017 1699 4089 corruptio
1729 4021 1832 4078 nisi

218 4101 487 4149 naturam
534 4088 857 4155 humanam,
900 4089 1024 4156 quid
1059 4090 1163 4145 nisi
1193 4088 1429 4146 divinam
1459 4093 1717 4147 mternitas
1744 4108 1833 4148 so-

219 4165 361 4222 nat?
386 4164 463 4219 Ea
488 4163 645 4228 hujus
666 4162 811 4216 vocis
839 4170 1075 4230 potestas
1107 4165 1383 4233 perspicua
1416 4172 1499 4219 est
1517 4178 1638 4233 cap.
1661 4166 1750 4223 5i.
1774 4164 1827 4220 in

216 4236 454 4300 Matth,
480 4251 537 4290 n.
573 4233 627 4301 4,
657 4233 745 4287 ubi
774 4234 948 4302 arguit
974 4234 1281 4301 haereticus,
1314 4237 1402 4304 qui
1430 4234 1600 4305 ipsam
1624 4234 1831 4293 Christi

218 4307 571 4364 divinitatem
603 4320 812 4373 passam
838 4320 958 4359 esse
990 4305 1265 4373 volebant,
1288 4307 1362 4361 As
1390 4307 1433 4360 si
1452 4308 1827 4369 teternitaspa-

218 4391 402 4436 turam
434 4377 731 4449 fragilitatis
764 4378 1033 4449 acceperit.
1065 4377 1173 4432 Cur
1198 4388 1376 4433 autem
1410 4380 1704 4435 (sterilitatis
1732 4397 1829 4436 vo-

186 4453 487 4509 cabulum
516 4457 739 4518 usurpet
769 4449 835 4501 ad
866 4449 1275 4519 signiﬁcandam
1306 4452 1639 4507 divinitatem
1667 4493 1681 4516 ,
1714 4452 1829 4519 pla-

214 4540 358 4579 num
388 4531 477 4578 est
504 4537 567 4575 ex
600 4536 720 4588 cap.
758 4520 851 4587 ‘25,
884 4537 938 4576 n.
974 4520 1028 4576 5.
1059 4519 1177 4576 Jam
1204 4522 1274 4577 ab
1299 4522 1385 4579 his
1406 4521 1583 4578 verbis
1609 4519 1829 4579 eludere

212 4594 433 4651 frustra
462 4601 633 4649 tentat
661 4591 932 4649 Scultetus
957 4593 1273 4662 praclarum
1303 4595 1488 4649 Hilarii
1516 4594 1583 4649 de
1617 4595 1827 4650 Eucha-

212 4669 385 4725 ristia
411 4664 799 4738 testiinonium.
826 4664 1008 4735 Neque
1030 4679 1161 4720 vero
1184 4666 1287 4721 sibi
1308 4676 1538 4732 constat,
1562 4666 1687 4722 dum
1711 4667 1825 4738 pri-

213 4755 315 4796 mo
340 4739 481 4804 vult,
508 4737 597 4793 hic
623 4746 826 4792 tantum
858 4752 979 4794 esse
999 4738 1376 4807 repetitionem
1408 4737 1830 4808 argumenti’su-

212 4811 485 4883 periuris,
509 4810 611 4863 hoc
634 4819 739 4875 est,
768 4824 886 4883 eam
914 4818 1120 4883 tantum
1138 4809 1514 4883 demonstrari
1545 4812 1825 4877 unitatem,

211 4879 393 4954 uuam
423 4897 520 4951 per
546 4881 875 4954 consortium
892 4881 1088 4954 gloria:
1126 4879 1330 4936 Christi
1377 4882 1683 4954 obtinemus
1717 4900 1729 4936 :
1763 4897 1829 4938 ac

213 4952 473 5017 tandem,
505 4954 656 5025 quasi
675 4953 860 5025 procul
892 4952 1016 5007 hinc
1041 4953 1276 5008 Hilarius
1296 4954 1554 5009 dixisset:
1586 4953 1711 5009 Vere
1736 4971 1828 5009 nos

218 5025 463 5082 Verbum
491 5024 695 5080 carnem
716 5024 827 5079 cibo
855 5025 1111 5089 dominico
1136 5026 1405 5089 sumimus,
1437 5025 1553 5080 h:ee
1575 5026 1733 5082 verba
1758 5026 1828 5081 de

211 5097 399 5157 Cinna
424 5111 578 5153 sacra
607 5100 1013 5166 interpretatur.
1033 5084 1194 5152 Certe
1219 5112 1286 5152 ex
1308 5084 1752 5154 antecedentibus
1772 5109 1827 5153 et

211 5169 689 5238 consequentibus
734 5169 947 5241 liquido
980 5178 1219 5231 constat,
1248 5182 1553 5225 sermonem
1585 5168 1673 5225 hic
1713 5170 1826 5241 iam

213 5260 333 5300 non
364 5254 493 5296 esse
520 5240 587 5297 de
610 5242 782 5312 gloria
828 5240 1024 5296 Christi
1070 5240 1227 5297 nobis
1256 5242 1648 5296 communicata
1668 5282 1683 5303 ,
1729 5240 1825 5296 sed

212 5316 289 5372 de
324 5313 686 5369 Eucharistim
724 5324 1097 5368 sacramento:
1130 5328 1253 5366 eum
1286 5312 1389 5367 hoc
1419 5313 1703 5368 bimembri
1744 5328 1833 5367 ar-

210 5395 493 5459 gumento
518 5383 1213 5459 epmproheturUChristnin
1256 5399 1381 5439 vere
1403 5394 1473 5459 Aet
1498 5385 1830 5459 naturaliter

212 5455 355 5515 Esse
380 5458 437 5512 iu
470 5456 658 5523 nobis,
689 5459 812 5523 quia
844 5456 961 5511 scil.
990 5464 1046 5511 et
1069 5456 1123 5510 in
1154 5455 1539 5513 lncarnationis
1569 5456 1833 5527 mysteria

214 5544 360 5588 caro
390 5528 572 5583 nostra
614 5535 699 5583 est
727 5530 780 5583 in
821 5544 907 5592 eo,
938 5540 989 5583 et
1020 5529 1072 5582 in
1103 5527 1460 5584 Eucharistiaa
1489 5542 1835 5585 sacramento

214 5620 361 5658 caro
399 5600 546 5655 illius
566 5605 654 5659 est
686 5600 740 5655 in
766 5601 940 5655 nobis.
977 5600 1041 5656 Et
1063 5602 1202 5657 sicut
1232 5600 1406 5670 primo
1438 5600 1512 5655 illi
1544 5602 1789 5655 membro
1809 5641 1827 5663 ,

216 5675 289 5732 Si
322 5689 443 5727 vere
481 5670 699 5727 Verbum
720 5689 842 5727 caro
857 5676 1047 5743 factum
1072 5681 1168 5737 est,
1196 5673 1487 5741 respondet
1510 5672 1626 5727 base
1642 5686 1839 5741 propo-

220 5746 397 5803 sitio:
433 5743 535 5811 Qui
563 5754 611 5799 et
641 5758 882 5801 naturam
910 5745 1080 5817 curitis
1108 5755 1294 5799 nostra
1309 5746 1423 5817 jam
1446 5743 1839 5813 inseparabilem

222 5819 329 5875 sibi
368 5819 525 5871 homo
552 5826 703 5872 natus
730 5816 1044 5886 assmupsit;
1071 5818 1141 5871 ita
1165 5826 1221 5873 et
1247 5816 1582 5887 subsequens
1606 5817 1694 5871 illa
1728 5835 1741 5869 :
1774 5816 1841 5872 Et

229 5901 487 5947 naturam
519 5891 692 5948 carnis
722 5904 831 5947 sua:
856 5889 924 5946 ad
955 5898 1196 5946 naturam
1227 5890 1527 5946 wternitutis
1554 5888 1646 5946 sub
1671 5905 1845 5949 sacra-

1853 4706 1908 4768 D

1968 638 2253 696 veritatem
2287 637 2445 694 hodie
2469 636 2718 695 Christus
2740 640 2795 695 in
2826 640 2982 697 nobis
3002 641 3092 707 sit,
3125 654 3192 697 an
3226 657 3322 713 per
3341 656 3571 700 concor-

1965 733 2109 790 diam
2139 732 2473 790 voluntatis?
2502 732 2573 806 (θ)
2596 733 2654 792 Si
2682 736 2824 791 enim
2853 750 2978 793 vere
3008 736 3244 793 Verbum
3274 750 3403 795 caro
3453 738 3566 797 fac-

1966 835 2079 882 tum
2122 834 2227 893 est,
2256 835 2313 881 et
2339 840 2467 882 vere
2506 840 2605 882 nos
2629 826 2865 883 Verbum
2899 843 3116 884 carnem
3144 829 3266 885 cibo
3291 829 3564 888 dominico

1964 919 2260 985 sumimus;
2292 919 2565 989 quomodo
2600 934 2709 975 non
2734 922 3050 978 naturaliter
3075 937 3295 979 manere
3327 924 3378 979 in
3409 926 3565 982 nobis

1963 1011 2357 1068 existimandus
2398 1021 2503 1077 est,
2536 1012 2627 1084 qui
2657 1023 2710 1068 et
2737 1021 2985 1069 naturam
3021 1017 3200 1071 carnis
3229 1017 3565 1090 nostraajam

1965 1105 2379 1175 inseparabilem
2402 1105 2505 1161 sibi
2534 1105 2697 1161 homo
2719 1114 2875 1161 natus
2901 1110 3217 1178 assumpsit,
3237 1119 3290 1165 et
3316 1119 3563 1167 naturam

1963 1201 2142 1256 carnis
2167 1215 2278 1255 sua:
2304 1200 2371 1255 ad
2396 1208 2638 1256 naturam
2668 1201 2748 1273 (ά)
2768 1203 3086 1258 aeternitatis
3102 1204 3202 1259 sub
3224 1219 3564 1265 sacramento

1963 1295 2125 1367 223
2181 1294 2336 1351 nobis
2383 1296 2849 1351 communicandas
2892 1297 3075 1353 carnis
3124 1298 3447 1357 admiscuit?
3487 1301 3561 1357 lta

1962 1390 2106 1442 enim
2152 1400 2342 1442 omnes
2388 1401 2555 1441 unum
2603 1400 2813 1454 sumus,
2844 1388 2966 1458 quia
2993 1388 3127 1445 etin
3158 1390 3374 1447 Christo
3405 1394 3564 1449 Pater

1960 1487 2066 1544 est,
2098 1487 2153 1535 et
2177 1479 2425 1535 Christus
2457 1480 2511 1535 in
2556 1480 2714 1536 nobis
2739 1487 2840 1536 est.
2866 1480 3118 1553 Quisquis
3142 1497 3272 1555 ergo
3299 1485 3561 1541 naturali-

1961 1584 2043 1630 ter
2064 1573 2279 1630 Patrem
2320 1573 2374 1628 in
2399 1571 2612 1629 Christo
2639 1574 2876 1646 negabit,
2908 1583 3064 1645 neget
3097 1577 3243 1647 prius
3272 1593 3378 1633 non
3411 1589 3566 1636 natu-

1962 1667 2151 1724 raliter
2180 1668 2253 1739 (ε)
2279 1667 2366 1723 vel
2392 1682 2451 1724 se
2482 1668 2534 1722 in
2561 1667 2799 1733 Christo,
2823 1669 2908 1725 vel
2938 1666 3216 1727 Christum
3238 1672 3339 1730 sibi
3358 1673 3559 1743 inesse;

1958 1766 2083 1834 quia
2112 1764 2165 1819 in
2194 1763 2411 1820 Christo
2438 1763 2619 1830 Pater,
2663 1773 2718 1820 et
2742 1763 2991 1821 Christus
3020 1767 3076 1820 in
3099 1766 3278 1835 nobis,
3310 1784 3476 1824 unum
3507 1771 3558 1825 in

3568 714 3601 738 Ι

1228 1862 1325 1919 sed
1374 1862 1610 1919 nondum
1658 1877 1850 1933 appre-
1880 1844 1930 1916 Β
1958 1859 2043 1914 bis
2066 1872 2188 1915 esse
2218 1871 2317 1913 nos
2348 1856 2569 1913 faciunt.
2628 1856 2686 1915 Si
2725 1871 2853 1913 vere
2884 1856 3045 1929 igitur
3067 1872 3285 1915 carnem
3314 1863 3561 1934 corporis

1954 1952 2126 2007 nostri
2170 1949 2415 2007 Christus
2440 1950 2753 2022 assumpsit,
2784 1957 2842 2006 et
2868 1964 2997 2008 vere
3026 1950 3192 2009 homo
3225 1952 3335 2019 ille,
3368 1954 3441 2027 (f)
3467 1955 3559 2027 qui

1955 2059 2023 2101 ex
2067 2044 2237 2101 Maria
2286 2052 2445 2100 natus
2489 2043 2608 2111 luit,
2636 2042 2884 2101 Christus
2925 2052 3043 2113 est,
3072 2060 3278 2118 nosque
3301 2062 3431 2105 vere
3457 2048 3557 2107 sub

1954 2139 2219 2211 mysterio
2247 2138 2323 2209 (g)
2353 2150 2575 2192 carnem
2605 2137 2850 2207 corporis
2890 2136 2974 2194 sui
3025 2139 3290 2196 sumimus
3335 2138 3413 2213 (et
3461 2157 3558 2213 per

1957 2232 2061 2288 hoc
2087 2246 2251 2287 unum
2283 2231 2507 2297 erimus,
2529 2231 2656 2301 quia
2684 2228 2843 2286 Pater
2872 2231 2927 2285 in
2957 2244 3026 2287 eo
3051 2239 3154 2299 est,
3189 2240 3243 2288 et
3261 2233 3355 2290 ille
3376 2233 3430 2290 in
3453 2251 3554 2291 ηο-

1955 2326 2085 2401 bis)
2116 2341 2132 2393 ;
2161 2324 2431 2396 quomodo
2452 2323 2746 2379 voluntatis
2776 2323 2953 2379 unitas
2992 2325 3273 2394 asseritur,
3303 2334 3426 2381 eum
3460 2332 3555 2383 na-

1955 2421 2144 2477 turalis
2166 2432 2262 2490 per
2287 2427 2683 2475 sacramentum
2721 2412 2801 2489 (It)
2827 2416 3153 2489 proprietas,
3178 2416 3435 2490 perfecta:
3464 2436 3553 2478 sa-

1952 2523 2290 2573 cramentum
2315 2513 2386 2569 sit
2407 2510 2650 2567 unitatis.

2027 2614 2117 2673 14.
2152 2612 2341 2669 Verum
2372 2606 2567 2663 Christi
2596 2620 2783 2677 corpus
2812 2603 2870 2659 in
2902 2604 2999 2659 hoc
3029 2604 3366 2665 Sacramenta
3389 2608 3555 2680 ρετεξ.

1951 2805 2120 2854 mento
2148 2793 2290 2850 nobis
2315 2786 2755 2868 communicandis
2781 2786 3277 2868 cuntis'admiscuit,
3318 2807 3515 2868 respon
3535 2830 3549 2840 .

1949 2872 2038 2929 det
2065 2869 2222 2925 alteri
2252 2861 2530 2920 membro:
2564 2857 2634 2914 Et
2674 2876 2767 2914 nos
2792 2874 2905 2913 vere
2940 2858 3162 2916 Verbum
3190 2857 3547 2925 carnem-cibo

1948 2941 2206 2997 dominico
2235 2936 2505 2992 sumimus.
2531 2931 2597 3012 Et
2623 2931 2760 3012 hanc
2782 2930 2995 3012 quidem
3029 2944 3234 3012 partem
3262 2937 3326 2991 ad
3345 2951 3549 3012 mystc-

1947 3015 2085 3069 rium
2110 3022 2399 3078 assumpta:
2424 3000 2825 3078 carnis_referri
2856 3018 2961 3056 non
2996 3000 3161 3072 posse
3187 3008 3352 3075 liquet
3385 3000 3544 3068 {cum

1946 3086 2190 3141 Christus
2203 3074 2418 3136 carnem
2434 3074 2758 3142 suscipiens,
2779 3089 2886 3127 non
2901 3085 3146 3129 naturam
3161 3074 3461 3137 carnissum
3475 3084 3544 3140 ad

1946 3168 2192 3213 naturam
2211 3151 2447 3207 divinam
2464 3146 2560 3203 sed
2574 3146 2808 3200 divinam
2825 3144 3003 3213 potius
3016 3144 3083 3200 ad
3098 3157 3345 3207 naturam
3365 3156 3544 3211 carnis

1946 3237 2145 3284 nostrre
2175 3219 2542 3296 admiscuerit,
2561 3226 2796 3288 quamet
2823 3230 2975 3270 suam
3007 3226 3116 3272 tum
3149 3216 3326 3296 facere
3355 3228 3540 3296 ctepit.

1862 3272 1909 3337 (ἶ
1940 3272 2481 3357 λῖιυῖίιιὶῆοιιθτὶειὶω
2503 3272 2841 3343 sacramento
2857 3296 3103 3344 naturam
3128 3292 3307 3349 carnis
3331 3272 3539 3356 siié'i'd

1942 3374 2178 3429 divinam
2200 3368 2484 3427 admiscet,
2502 3369 2559 3415 ut
2576 3375 2793 3415 carnem
2816 3358 2964 3415 illam
2979 3376 3099 3416 cum
3115 3364 3394 3425 divinitate
3404 3386 3540 3426 con-

1936 3445 2182 3516 junctam
2209 3438 2588 3516 suscipientes,
2613 3450 2675 3488 ea
2702 3432 3182 3516 cartIeJnediante,
3209 3454 3332 3495 cum
3357 3443 3538 3516 divina

1941 3504 2141 3573 Christi
2189 3504 2485 3571 substantia
2508 3551 2522 3574 ,
2555 3520 2677 3577 ρυλε
2711 3520 2832 3559 cum
2863 3504 3093 3563 Paterna
3124 3524 3224 3564 una
3262 3520 3317 3566 et
3345 3515 3536 3573 eadem

1939 3601 2044 3659 est,
2095 3590 2376 3653 uniamur;
2421 3585 2564 3655 quod
2609 3583 2944 3656 probandum
2976 3586 3214 3656 suscepit
3254 3586 3535 3644 Hilarius:

1938 3658 2037 3732 qui
2053 3664 2196 3717 velut
2223 3670 2429 3717 certum
2452 3668 2505 3715 et
2534 3658 2887 3714 indubitatum
2916 3662 3087 3728 ponit,
3118 3675 3217 3715 nos
3246 3661 3299 3715 in
3326 3664 3427 3716 hoc
3447 3675 3536 3717 sa-

1938 3745 2217 3805 cramento
2239 3744 2491 3805 natarunt
2501 3734 2673 3787 carnis
2699 3732 2897 3787 Christi
2925 3743 2983 3805 et
3000 3732 3304 3805 veritatem,
3333 3749 3439 3805 non
3467 3734 3534 3788 li-

1937 3801 2123 3877 guram
2155 3809 2419 3877 accipere.
2454 3802 2684 3859 Carnem
2716 3810 2903 3877 autem
2924 3801 3129 3858 Christi
3158 3805 3210 3858 in
3244 3804 3534 3877 Eucharis-

1939 3875 2009 3933 tia
2039 3875 2305 3934 divinitati
2336 3877 2681 3946 conjunctam
2734 3875 2933 3930 dixerit
2983 3892 3091 3930 non
3136 3877 3248 3931 sola
3301 3876 3530 3932 rationis

1937 3949 2057 4004 luce
2089 3950 2404 4010 illustratus.
2434 3948 2577 4017 quod
2625 3947 2747 4003 scil.
2794 3961 2920 4001 caro
2951 3948 3095 4001 illius
3121 3961 3243 4002 eum
3287 3961 3317 4001 a
3351 3947 3530 4004 Verbo

1930 4021 2042 4091 jam
2074 4021 2446 4091 inseparabilis
2472 4020 2576 4084 sit,
2610 4020 2747 4091 tradi
2789 4019 2944 4072 nobis
2973 4026 3204 4089 nequeat
3241 4019 3367 4091 sine
3401 4020 3529 4085 illo;

1934 4090 2029 4149 sed
2073 4104 2127 4147 et
2164 4090 2340 4147 motus
2372 4091 2537 4145 divini
2566 4090 3083 4162 verbiauctoritate,
3117 4092 3241 4160 quia
3267 4090 3530 4162 scriptum

1934 4173 2054 4220 est:
2083 4162 2216 4219 Caro
2244 4181 2347 4218 non
2378 4162 2584 4234 prodest
2608 4161 2907 4232 quidquam,
2940 4160 3168 4234 Spiritus
3194 4170 3271 4217 est
3284 4160 3532 4231 qui'uivi-

1934 4237 2057 4308 ﬂeat
2086 4252 2106 4291 :
2133 4252 2255 4291 nam
2285 4236 2511 4305 Spiritus
2537 4234 2797 4308 vocabulo
2821 4235 3249 4308 divinitatem_ab
3276 4249 3342 4308 eo
3364 4234 3529 4308 intel.

1933 4304 2029 4377 ligi
2058 4309 2255 4373 solere,
2273 4304 2381 4377 jam
2409 4308 2606 4376 saepius
2630 4316 2712 4361 est
2737 4307 3109 4360 observatum.
3134 4304 3406 4361 Videndus
3426 4304 3532 4377 Gya

1932 4376 2086 4436 rillus
2112 4376 2527 4446 Alexandrinus,
2563 4378 2694 4433 Dial.
2728 4394 2743 4432 ι
2768 4419 2784 4445 ,
2812 4377 2880 4432 de
2905 4377 3125 4442 Trinit.,
3147 4392 3269 4448 pag.
3289 4377 3416 4440 407.
3444 4376 3534 4433 ubi

1933 4468 2032 4507 nos
2061 4467 2185 4508 cum
2221 4450 2439 4508 Christo
2479 4465 2587 4505 non
2618 4451 2732 4504 sola
2770 4450 3105 4504 voluntatum
3133 4450 3491 4505 consensione
3511 4476 3529 4513 δ

1932 4524 2027 4649 Eed
2051 4537 2245 4650 ltliatura
2278 4539 2441 4579 unum
2468 4537 2592 4579 esse
2613 4523 2814 4592 pariter
2839 4523 3075 4578 ostendit
3092 4537 3160 4579 es
3191 4531 3531 4578 sacramento

1983 4611 2045 4650 uc
2091 4606 2309 4650 ιιι-ιειιω.

1983 4598 2309 4651 ucharistire.

2007 4666 2080 4741 (e)
2102 4667 2430 4723 Naturnliter
2444 4680 2633 4741 sumus
2656 4664 2970 4741 itt'Christo,
2993 4673 3260 4741 quatenus
3289 4673 3529 4741 nostram

1930 4737 2150 4795 carnem
2194 4737 2484 4809 assumpsit
2508 4778 2523 4801 ,
2574 4747 2635 4792 ut
2673 4738 2764 4809 ille
2803 4738 3120 4793 naturaiiter
3152 4738 3292 4794 inest
3324 4738 3481 4793 nobis
3505 4760 3529 4805 δ

1931 4811 2147 4881 quando
2170 4808 2388 4866 carnem
2417 4810 2560 4881 illius
2588 4808 2901 4881 accipimus.

2006 4882 2076 4957 (f)
2107 4883 2347 4957 Pessime
2388 4880 2528 4951 apud
2576 4880 2698 4957 Par.
2729 4881 2853 4950 quia
2881 4894 2944 4935 ea:
2993 4879 3169 4957 Maria
3195 4896 3215 4935 :
3242 4892 3369 4936 cum
3397 4880 3530 4936 sub-

1929 4952 2063 5011 inde
2091 4957 2152 5012 τὸ
2180 4953 2413 5010 Christus
2441 4963 2515 5008 est
2538 4994 2555 5015 ,
2605 4953 2745 5007 idem
2777 4962 2935 5008 sonet
2983 4967 3048 5007 ac
3085 4952 3225 5008 Deus
3249 4964 3346 5017 est,
3380 4963 3435 5009 ιιι
3464 4962 3532 5010 οι

1930 5029 2047 5083 his:
2073 5028 2133 5083 Si
2160 5028 2312 5081 Itonia
2334 5027 2441 5088 ille,
2466 5026 2551 5095 qui
2573 5039 2638 5079 ea:
2661 5023 2835 5079 Maria
2856 5035 3008 5080 natus
3019 5036 3114 5092 est,
3138 5040 3253 5079 vere
3272 5024 3414 5081 Deus
3435 5036 3531 5096 est,

1929 5109 2185 5169 sequatur
2215 5101 2427 5153 Patrem
2455 5112 2577 5151 esse
2607 5097 2663 5150 in
2689 5111 2775 5151 eo.

2007 5166 2087 5244 (θ)
2120 5171 2177 5225 id
2203 5182 2307 5236 est,
2337 5171 2439 5225 sub
2464 5169 2706 5244 mysticis
2732 5168 3297 5244 speciebusvelatam.
3339 5166 3535 5244 Nescio

1932 5241 2204 5312 quotnodo
2233 5258 2292 5296 se
2321 5251 2471 5313 putet
2501 5241 2772 5313 Scultetus
2815 5241 2899 5296 bis
2924 5242 3105 5296 verbis
3147 5242 3377 5296 elusisse
3420 5241 3532 5297 vim

1932 5316 2273 5384 Superiurum
2298 5311 2336 5376 ,“
2372 5313 2499 5367 Vere
2526 5329 2620 5366 nos
2654 5311 2877 5368 Verbum
2907 5329 3114 5369 carnem
3137 5314 3249 5366 cibo
3274 5313 3533 5384 dominico

1932 5383 2188 5443 suminus.
2211 5386 2346 5454 Quid
2375 5387 2517 5441 enim
2546 5385 2677 5440 illud
2707 5386 2802 5440 sub
2828 5386 3070 5455 mysterio
3089 5385 3409 5439 adversatur
3430 5383 3535 5439 Ec-

1932 5458 2133 5520 clesiae,
2166 5475 2285 5528 quae
2318 5472 2608 5525 nutuquam
2657 5459 2707 5510 in
2757 5459 2859 5511 hoc
2886 5464 3228 5511 sacramento
3274 5456 3534 5528 manifes-

1934 5538 2041 5585 tam
2069 5526 2269 5585 Cbristi
2295 5545 2514 5585 carnem
2540 5528 2803 5583 credidit?
2829 5529 2967 5594 Quid
2998 5540 3126 5582 vero
3148 5528 3303 5596 juvat
3326 5526 3536 5584 Sculte-

1940 5610 2078 5668 tum,
2110 5602 2253 5673 quod
2277 5604 2348 5656 ita
2379 5600 2701 5673 praedicatur
2729 5600 2823 5653 sub
2854 5600 3113 5673 mysterio,
3142 5610 3201 5673 ut
3221 5609 3403 5656 tamen
3424 5616 3540 5657 rere

1943 5671 2155 5729 carnem
2186 5671 2421 5741 corporis
2448 5672 2647 5728 Christi
2674 5673 2988 5728 sumamus?
3026 5671 3164 5738 Quid
3194 5682 3279 5727 est
3305 5688 3402 5728 cur
3428 5682 3536 5728 tam

1942 5748 2171 5803 sollicite
2202 5746 2439 5801 Hilarius
2465 5760 2647 5813 supra.
2674 5744 2782 5811 hic,
2817 5743 2950 5797 infra
2976 5743 3105 5799 illud
3130 5759 3244 5799 vere
3271 5744 3537 5800 inculcat?

2017 5818 2103 5885 (It)
2127 5818 2255 5875 Haec
2283 5818 2518 5887 pressius
2542 5815 2683 5870 dicta
2705 5818 2784 5870 sic
2810 5816 2938 5871 licet
2965 5816 3238 5888 esplicarc
3263 5836 3281 5873 ε
3300 5832 3423 5872 cum
3450 5833 3539 5871 na-

1944 5892 2135 5948 tnralis
2161 5891 2464 5963 proprietas
2484 5888 2663 5945 carnis
2683 5894 2797 5945 tum
2818 5902 2850 5944 a
2876 5888 3028 5947 nobis
3054 5898 3320 5961 susceptae
3350 5904 3446 5962 per
3461 5903 3541 5944 sa-
