3988 6332
473 308 579 366 ΞΠ

1677 298 1919 357 SANCTI
1959 296 2218 357 HlLARll
2256 296 2568 359 EPISCOPI

3670 305 3761 364 2l8

478 424 865 498 pimus.-—-Non
890 431 977 481 est
994 422 1230 478 humano
1259 427 1352 476 aut
1375 418 1561 476 Saeculi
1588 433 1749 475 sensu
1778 418 1830 474 in
1863 418 1957 473 Dei
1989 433 2079 473 re-
2106 417 2162 480 Α
2185 416 2344 489 ctc.).
2373 417 2429 474 Si
2476 417 2765 476 voluntatis
2794 427 3000 477 tantum
3032 418 3295 477 unitatem
3325 420 3551 493 intelligi
3583 422 3759 481 vellet:

475 518 580 576 bus
602 517 928 591 loquendum
954 515 1051 588 (V.
1078 516 1166 572 lib.
1190 531 1263 582 ιν,
1294 533 1351 570 u.
1384 511 1476 587 14)
1506 528 1717 586 :neque
1737 512 1814 589 (a)
1844 528 1938 584 per
1964 512 2083 569 vio-

475 613 678 670 lentam
724 611 809 681 (Ι)
837 619 999 681 atque
1026 609 1428 681 imprudentem
1461 608 1938 680 praedicationem;
1970 620 2083 663 cm-

478 708 696 765 lestium
728 705 996 762 dictorum
1025 704 1263 771 sanitati,
1294 703 1487 758 aliena:
1513 711 1675 773 atque
1706 701 1884 772 impia:
1925 700 2085 756 intel-

476 799 712 872 ligentiae
740 797 1111 870 extorquenda
1136 796 1212 871 (ὁ)
1245 796 1578 869 perversitas
1598 806 1701 851 est.
1730 794 1863 863 Quae
1883 794 2082 864 scripta

478 903 606 949 sunt
632 893 895 963 legamus,
921 902 977 948 et
999 907 1118 964 qua:
1146 889 1434 963 legerimus
1464 889 1827 960 intelligamus
1851 907 1865 942 :
1893 898 1947 943 et
1970 897 2082 944 tum

478 987 735 1059 perlecta:
762 987 886 1043 ﬁdei
915 986 1099 1042 ollicio
1140 987 1446 1056 fungentur.
1480 985 1555 1040 De
1595 983 1825 1040 naturali
1852 982 1997 1039 enim
2030 983 2082 1038 in

479 1082 636 1137 nobis
665 1080 866 1136 Christi
893 1079 1120 1136 veritate
1158 1095 1280 1149 qua:
1299 1079 1550 1144 dicimus,
1577 1078 1678 1134 nisi
1713 1077 1783 1132 ab
1807 1092 1874 1132 eo
1895 1075 2086 1131 didici-

477 1190 623 1243 mus,
655 1173 819 1229 stulte
851 1182 1009 1241 atque
1036 1172 1199 1243 impie
1220 1169 1472 1227 dicimus.
1511 1170 1629 1241 Ipse
1654 1170 1796 1225 enim
1828 1169 1922 1237 ait,
1949 1166 2085 1223 Caro

479 1285 590 1323 mea
621 1283 735 1322 vere
782 1275 854 1322 est
888 1283 1024 1332 esca,
1050 1274 1097 1320 et
1126 1266 1338 1334 sanguis
1366 1282 1508 1320 meus
1538 1280 1649 1319 vere
1676 1273 1948 1336 estpotus.
1983 1262 2086 1330 Qui

478 1361 584 1416 edit
624 1376 831 1414 carnem
864 1376 1030 1414 meam
1052 1401 1067 1426 ,
1109 1368 1156 1413 et
1186 1358 1309 1412 bibit
1338 1357 1642 1429 sanguinem
1674 1373 1842 1411 meum
1863 1398 1877 1421 ,
1928 1357 1981 1410 in
2007 1372 2086 1410 me

479 1464 673 1521 manet,
716 1464 763 1508 et
804 1469 898 1525 ego
941 1454 997 1507 in
1040 1469 1099 1507 eo
1126 1451 1305 1525 (Joan.
1342 1469 1415 1519 Vl,
1458 1451 1555 1518 56,
1610 1452 1725 1520 57).
1761 1451 1836 1507 De
1855 1453 2088 1507 veritate

482 1547 666 1602 carnis
692 1555 748 1602 ct
774 1547 1052 1617 sanguinis
1079 1563 1186 1602 non
1213 1545 1440 1601 relictus
1465 1553 1552 1601 est
1580 1543 1886 1614 ambigendi
1914 1544 2085 1603 locus.

479 1637 637 1695 Nunc
661 1638 805 1693 enim
839 1648 895 1694 et.
922 1636 991 1713 (ε)
1015 1638 1187 1708 ipsius
1233 1637 1443 1692 Domini
1487 1636 1826 1708 professione
1847 1678 1863 1705 ,
1900 1646 1956 1692 et
1983 1636 2089 1693 tide

480 1740 666 1789 nostra
689 1748 820 1789 vero
841 1748 971 1790 caro
996 1742 1101 1801 est,
1130 1741 1185 1789 et
1215 1748 1342 1788 vere
1370 1732 1591 1805 sanguis
1627 1742 1730 1789 est.
1765 1733 1831 1790 Et
1858 1733 1974 1790 hzcc
1998 1749 2090 1790 ac-

2184 524 2281 566 cur
2302 510 2526 582 gradum
2563 510 2853 583 quemdam
2882 522 3045 585 atque
3069 513 3318 571 ordinem
3341 517 3763 576 consummantia

2186 605 2404 662 unitatis
2430 607 2682 676 exposuit
2709 626 2722 661 :
2753 607 2855 664 nisi
2880 615 2939 663 ut
2963 624 3085 664 cum
3122 609 3212 665 ille
3238 607 3293 665 in
3313 608 3476 667 Patre
3507 605 3763 676 porcatu-

2188 716 2301 756 ram
2329 701 2622 757 divinitatis
2647 711 2821 768 esset;
2850 718 2948 758 nos
2967 712 3157 760 contra
3184 704 3238 757 in
3269 718 3337 760 eo
3370 719 3464 775 per
3484 703 3559 777 (ι)
3587 701 3654 760 c6

2186 796 2353 852 ralem
2385 794 2504 866 ejus
2549 796 2906 862 nativitatem,
2938 806 2993 851 et
3023 796 3115 852 ille
3156 811 3370 853 rursum
3422 798 3477 853 in
3503 799 3663 853 nobis
3687 814 3767 870 per

2185 898 2650 946 sacramentorum
2681 890 2857 947 inesse
2889 892 3209 962 mysterium
3225 890 3546 949 crederetur
3574 911 3590 948 :
3619 907 3684 948 ac
3702 894 3768 950 sic

2187 980 2425 1055 perfecta
2450 998 2543 1052 per
2573 982 2919 1039 Mediatorem
2946 985 3128 1041 unitas
3149 983 3451 1051 doceretur,
3481 1001 3604 1041 cum
3630 986 3770 1043 nobis

2187 1075 2241 1132 in
2264 1090 2324 1132 se
2355 1076 2695 1132 manentibus
2724 1076 2841 1147 ipse
2882 1085 3129 1131 maneret
3148 1076 3201 1131 in
3227 1076 3419 1143 Patre,
3463 1085 3520 1134 et
3543 1077 3598 1132 in
3627 1078 3770 1135 Patre

2188 1186 2415 1228 manens
2446 1179 2691 1229 maneret
2721 1170 2774 1226 in
2808 1172 2999 1237 nobis;
3030 1180 3088 1228 et
3122 1172 3193 1228 ita
3222 1171 3290 1226 ad
3319 1173 3583 1230 unitatem
3610 1172 3771 1230 Patris

2187 1265 2607 1337 proliceremus,
2635 1265 2839 1339 (neum
2865 1266 2956 1337 qui
2977 1266 3029 1321 in
3056 1281 3123 1323 eo
3149 1268 3468 1331 naturaliter
3488 1268 3771 1324 secundum

2190 1359 2524 1415 nativitatem
2556 1360 2717 1426 inest,
2748 1375 2847 1416 nos
2872 1376 3090 1433 quoque
3117 1362 3172 1416 in
3197 1377 3266 1417 eo
3295 1362 3618 1420 naturaliter
3646 1364 3775 1422 ines-

2189 1469 2394 1517 semus.
2429 1456 2545 1525 ipso
2575 1456 2630 1509 in
2657 1455 2809 1511 nobis
2839 1456 3159 1511 naturaliter
3181 1458 3577 1526 permanente?

2264 1551 2352 1607 16.
2392 1549 2577 1607 Unitas
2605 1551 2717 1606 tuac
2752 1567 2908 1622 quam
2948 1552 3223 1609 naturalis.
3274 1551 3459 1609 Unitas
3505 1550 3634 1606 Filii
3674 1568 3776 1607 euut

2193 1643 2373 1700 Patre.
2401 1674 2475 1687 -—
2501 1644 2673 1712 Quam
2692 1653 2871 1699 autem
2895 1644 3153 1699 naturalis
3182 1644 3235 1700 in
3276 1644 3433 1701 nobis
3465 1644 3583 1701 hac
3617 1644 3777 1701 unitas

2190 1738 2279 1803 sit,
2308 1738 2423 1809 ipse
2467 1737 2537 1793 ita
2580 1744 2809 1793 testatus
2837 1746 2964 1794 est:
2994 1737 3097 1805 Qui
3126 1737 3230 1793 edit
3273 1755 3481 1795 carnem
3519 1753 3720 1806 meatu,
3741 1746 3779 1794 et

479 1838 634 1898 cepta
680 1837 841 1900 atque
870 1829 1058 1884 hausta
1090 1827 1141 1883 id
1170 1826 1414 1886 efﬁciunt
1438 1870 1452 1893 ,
1504 1825 1672 1901 224
1706 1838 1763 1883 ιιι
1791 1839 1844 1883 ει
1889 1844 1990 1885 nos
2030 1829 2084 1885 in
2113 1825 2165 1889 B
2191 1831 2313 1887 bibit
2340 1831 2639 1903 sanguinem
2667 1848 2854 1899 meum,
2877 1832 3027 1887 inme
3050 1841 3242 1899 manet,
3261 1840 3308 1886 et
3332 1848 3428 1905 ego
3456 1832 3513 1886 in
3535 1846 3596 1886 eo
3614 1828 3777 1903 (Joan.

482 1920 703 1977 Christo
724 1962 739 1988 ,
788 1930 844 1978 et
878 1919 1127 1978 Christus
1155 1921 1207 1977 in
1239 1921 1394 1977 nobis
1423 1922 1513 1976 sit.
1545 1929 1700 1977 Anne
1747 1922 1850 1979 hoc
1890 1923 2089 1978 veritas

483 2031 591 2071 non
620 2016 734 2070 est?
765 2015 1055 2087 Contingat
1091 2014 1246 2085 plane
1293 2014 1378 2069 his
1406 2029 1593 2070 verum
1636 2031 1743 2069 non
1779 2029 1901 2072 esse
1924 2058 1942 2084 ,
1995 2016 2088 2086 qui

487 2109 762 2165 Christum
790 2110 978 2166 Jesnm
1010 2125 1194 2168 verum
1221 2124 1343 2165 esse
1376 2108 1543 2165 Deum
1564 2109 1855 2182 denegant.
1885 2110 1982 2166 Est
2001 2125 2092 2166 er-

486 2219 557 2275 go
606 2205 660 2259 in
691 2203 847 2260 nobis
877 2204 992 2275 ipse
1020 2218 1116 2274 per
1143 2217 1384 2271 carnem,
1409 2212 1464 2259 et
1501 2217 1688 2259 sumus
1730 2201 1784 2259 in
1824 2216 1892 2259 eo
1920 2222 1935 2260 :
1965 2201 2095 2258 dum

489 2298 569 2371 (ά)
594 2312 780 2353 secum
804 2297 927 2366 hoc,
952 2296 1097 2369 quod
1129 2312 1230 2353 nos
1256 2312 1466 2364 sumus,
1499 2297 1553 2353 in
1581 2297 1692 2356 Deo
1714 2306 1821 2354 est.

559 2393 649 2447 15.
675 2390 918 2463 Perfecta
950 2392 1121 2459 nobis,
1143 2391 1349 2448 Christo
1378 2392 1665 2458 mediante,
1697 2408 1814 2446 cum
1843 2394 1953 2448 Deo
1976 2394 2102 2449 uni-

489 2486 840 2555 tas.—-Quam
867 2494 1047 2543 autem
1077 2487 1130 2542 iu
1161 2503 1226 2543 eo
1249 2502 1347 2556 per
1371 2498 1767 2551 sacramentum
1798 2490 2100 2555 communi-

490 2588 628 2635 cata:
657 2580 840 2635 carnis
868 2590 923 2635 et
948 2580 1229 2651 sanguinis
1259 2581 1451 2642 simus.
1482 2580 1601 2651 ipse
1623 2589 1852 2637 testatur
1879 2581 2097 2655 dicens,

491 2673 563 2728 Et
590 2669 673 2728 hic
702 2674 924 2729 mundus
952 2690 1032 2727 me
1044 2674 1161 2744 jam
1182 2690 1283 2728 non
1306 2674 1474 2740 videt;
1504 2690 1592 2730 vos
1618 2685 1788 2730 autem
1810 2692 1891 2729 me
1915 2676 2104 2731 videbi-

491 2768 559 2824 tis
580 2809 598 2836 ,
644 2769 886 2839 quoniam
928 2785 1021 2841 ego
1047 2770 1157 2824 vivo
1174 2809 1191 2836 ,
1222 2778 1269 2825 et
1297 2785 1385 2825 eos
1412 2770 1623 2837 vinetis;
1651 2772 1897 2842 quoniam
1924 2788 2019 2843 ego
2046 2774 2104 2828 in

493 2862 659 2920 Patre
686 2880 819 2932 meo,
838 2875 887 2921 et
906 2880 994 2920 vos
1024 2866 1079 2920 in
1099 2881 1195 2931 me,
1222 2876 1269 2920 et
1291 2865 1462 2937 egoin
1490 2864 1631 2921 vobis
1656 2862 1840 2940 (Joan.
1872 2880 1988 2936 le,
2010 2866 2098 2935 19,

589 3006 643 3081 l)
669 3008 834 3081 Atque
858 3006 1215 3081 impudentem.

588 3079 646 3150 2)
676 3079 817 3145 Ipse.

589 3154 646 3224 '5)
682 3151 942 3209 Viuemus.

490 3304 829 3356 cramentum
875 3292 1266 3349 lncarnationis
1288 3334 1303 3357 ,
1352 3300 1463 3363 tum
1492 3292 1649 3349 nobis
1678 3294 2089 3352 communicata:
2118 3298 2165 3363 C

494 3384 595 3441 per
618 3373 1016 3441 sacramentum
1065 3362 1452 3441 Eucharistiae.
1484 3369 1554 3420 sit
1592 3376 1989 3441 sacramentum
2038 3378 2095 3425 et

496 3435 773 3511 vinculum
803 3435 1055 3506 perfectae
1085 3436 1306 3490 unitatis
1330 3445 1531 3511 nostra:
1565 3439 1799 3511 primum
1827 3453 1892 3494 ac
1917 3454 2013 3511 per
2039 3456 2102 3499 se

495 3527 620 3570 cum
646 3508 885 3571 Christo,
918 3523 984 3563 eo
1013 3518 1191 3562 autem
1226 3507 1493 3562 mediante
1515 3524 1638 3565 cum
1662 3509 1841 3565 Patre.

573 3582 649 3653 (a)
678 3579 925 3637 Nonnulli
957 3594 1087 3653 mss.
1120 3595 1210 3653 per
1235 3578 1528 3653 violentiam
1554 3595 1574 3635 :
1599 3590 1654 3636 et
1680 3580 1905 3650 deinde,
1947 3593 2100 3652 atque

495 3650 845 3719 impudentem
880 3666 899 3705 :
929 3652 1071 3721 quod
1099 3651 1261 3705 etiam
1306 3650 1604 3720 prtefernnt
1631 3652 1853 3719 excusi,
1903 3650 2098 3711 subse-

499 3727 793 3797 quentibus
819 3725 889 3778 ita
939 3725 1252 3797 perturbate
1290 3724 1615 3797 expressis,
1663 3733 1722 3778 ut
1772 3727 2095 3784 vocabulum

498 3794 684 3854 alienat
710 3796 975 3852 referatur
1001 3796 1067 3850 ad
1088 3795 1319 3848 sanitati.
1347 3794 1443 3849 Hic
1466 3796 1785 3866 sugillantur
1815 3797 2055 3855 haeretici
2076 3843 2092 3866 ,

498 3871 588 3941 qui
614 3884 831 3941 errores
851 3881 978 3941 suos
1004 3878 1095 3941 aut
1123 3868 1369 3941 humanis
1403 3868 1717 3924 ratiunculis
1744 3882 1836 3925 aut
1867 3870 2096 3930 detortis

499 3939 568 3998 ad
590 3942 782 4011 placita
808 3939 1102 4009 Scripturis
1124 3939 1258 4011 tueri
1289 3947 1573 3997 conantur.

576 4010 652 4082 (ο)
679 4012 840 4069 Solus
860 4012 1029 4068 codex
1055 4011 1173 4066 Vat.
1206 4010 1319 4065 bas.
1344 4011 1611 4067 diversitas
1642 4030 1661 4068 :
1690 4014 1848 4069 male.
1878 4013 2096 4069 Perver-

499 4088 626 4143 sitas
683 4085 972 4154 opponitur
1020 4083 1247 4137 sanitati.
1279 4082 1381 4150 Qui
1431 4085 1709 4153 exemplar
1757 4086 2096 4143 Carnutense

500 4155 807 4215 emendavit
837 4198 851 4221 ,
903 4155 989 4227 hic
1017 4154 1085 4210 ad
1120 4155 1419 4227 marginem
1456 4155 1764 4227 adscripsit,
1801 4157 1905 4212 Per
1933 4167 2095 4212 totum

501 4232 599 4285 hoc
618 4228 904 4298 capitulum
923 4225 1169 4297 Corporis
1194 4237 1240 4281 et
1265 4226 1549 4297 Sanguinis
1568 4225 1814 4282 dominici
1836 4230 2095 4285 veritatem

502 4302 815 4372 exsequitur.
850 4302 918 4355 At
956 4314 1087 4372 vero
1131 4307 1243 4353 tum
1270 4314 1335 4372 ex
1375 4301 1643 4372 scriptura
1674 4300 1927 4356 secunda:
1952 4302 2095 4356 illius

499 4369 715 4435 manus,
748 4382 859 4427 tum
873 4388 937 4426 ex
958 4371 1176 4440 antiquo
1187 4371 1373 4425 codice
1393 4370 1524 4424 alias
1547 4369 1927 4437 Floriacensis,
1952 4387 2097 4429 nunc

500 4443 824 4501 Colbertinaz
846 4442 1206 4515 bibliothecae,
1223 4451 1335 4515 not.
1362 4444 1386 4495 ι
1404 4440 1526 4505 194(
1539 4443 1627 4510 qui
1652 4445 1703 4496 in
1719 4453 1923 4510 septem
1944 4444 2065 4515 prio
2078 4475 2092 4485 -

499 4519 653 4573 ribus
674 4518 826 4573 libris
848 4516 917 4570 ita
944 4515 1010 4571 ad
1040 4514 1199 4570 [idem
1223 4513 1575 4568 Carnutensis
1596 4528 1887 4581 expressus
1907 4513 2008 4574 est.
2039 4523 2097 4569 ut

500 4605 688 4646 omnes
719 4604 781 4643 ac
800 4588 945 4645 solas
975 4587 1236 4642 lectiones
1259 4583 1531 4655 przeferat,
1555 4600 1674 4653 qua:
1696 4585 1749 4639 in
1780 4585 1873 4638 illo
1903 4599 2098 4640 secun-

497 4662 583 4717 dis
607 4662 753 4717 curis
794 4660 1019 4730 adjecta:
1058 4654 1450 4730 sunt),'l‘acile
1495 4656 1755 4730 probatur
1780 4657 2092 4726 pratdictum

497 4750 603 4790 ms.
628 4744 754 4789 ante
773 4726 948 4787 annos
978 4728 1103 4793 700,
1139 4728 1304 4783 luisse
1333 4726 1702 4781 emendatum.

570 4805 645 4878 (ο)
665 4805 803 4878 Quid
826 4811 909 4878 est
924 4802 1107 4878 ipsius
1127 4800 1331 4878 Domini
1357 4798 1698 4878 professione,
1729 4798 1828 4878 nisi
1850 4800 2095 4878 ipsismet

497 4870 711 4932 Christi
727 4875 909 4930 verbis
923 4870 1109 4939 ?'Quitl
1137 4870 1335 4925 deinde
1360 4878 1407 4923 et
1429 4870 1532 4937 [ide
1557 4882 1750 4931 nostra.
1776 4871 1875 4925 nisi
1899 4889 1969 4927 ex
1989 4873 2093 4928 (ide

496 4948 786 5013 Ecclesiae,
835 4944 1049 4998 Domini
1080 4942 1243 4998 verba
1271 4954 1321 4995 ιιι
1354 4954 1550 5005 sonant
1581 4943 1964 5012 intelligentis?
2010 4944 2093 5001 Ex

497 5014 1105 5090 quoliquetllilarimn
1119 5013 1355 5090 sensisse
1386 5013 1544 5090 tidem
1580 5025 1815 5090 nostram
1846 5014 2088 5090 Deiror-

498 5085 585 5147 liis
611 5085 765 5142 inniti
797 5086 1027 5150 debere,
1075 5085 1170 5140 Dei
1197 5097 1378 5140 autem
1410 5086 1570 5141 verba
1599 5102 1663 5143 ex
1695 5086 1802 5141 lide
1833 5088 2090 5143 Ecclesia:

496 5161 855 5230 explicanda;
884 5169 1045 5230 atque
1069 5172 1134 5211 ex
1157 5166 1381 5228 utroque
1403 5157 1496 5230 illo
1523 5160 1701 5228 capite
1736 5157 2043 5214 Cllllﬁl‘lllari
2068 5201 2083 5224 ,

496 5227 601 5288 nos
632 5231 684 5283 in
714 5227 1044 5284 Eucharislia
1075 5244 1257 5284 veram
1297 5227 1502 5284 Christi
1537 5245 1756 5285 carnem
1796 5245 2091 5295 verumque

498 5301 814 5373 sanguinem
855 5301 1119 5373 accipere.
1150 5299 1455 5369 Quamlibet
1481 5301 1640 5356 aliam
1688 5302 2093 5373 interpretatio-

496 5370 623 5429 ιιεηὶ
648 5372 933 5429 verborum
966 5390 980 5427 :
1013 5370 1147 5427 Caro
1177 5387 1291 5427 mea
1315 5389 1430 5428 uere
1461 5385 1537 5429 est
1564 5390 1702 5443 esca,
1730 5370 1864 5442 etei,
1890 5374 2088 5430 violen-

494 5457 598 5502 tam
624 5459 746 5501 esse
774 5456 1069 5515 praemonet
1087 5455 1237 5512 atque
1256 5446 1647 5509 imprudentem.

569 5517 650 5589 (ιι)
677 5515 958 5589 Μξεηναι.
988 5519 1102 5573 bas.
1129 5516 1343 5572 Martin.
1371 5516 1534 5574 Carn.
1568 5519 1898 5577 Sorhonicus
1922 5536 2081 5589 unus,

498 5586 699 5646 aciduo
727 5586 1043 5653 Colbertini,
1090 5604 1196 5644 non
1220 5595 1400 5646 tamen
1428 5590 1719 5660 antiquior,
1749 5594 1873 5647 dum
1897 5586 2084 5648 secuné

500 5661 625 5717 dum
666 5663 807 5733 hoc:
836 5676 941 5717 non
970 5660 1220 5716 videntur
1245 5661 1364 5718 aliis
1411 5662 1561 5719 libris
1592 5664 1911 5732 praeferendi
1936 5708 1953 5733 ,
1985 5664 2082 5721 sed

499 5736 616 5789 Ιιιιιε
662 5733 731 5786 ita
762 5732 1103 5797 intelligenda
1138 5733 1309 5789 :dum
1362 5734 1519 5789 simul
1564 5749 1687 5789 cum
1726 5732 1959 5798 Christo.
1993 5738 2081 5793 cui

493 5804 766 5875 conjuncti
811 5820 1035 5872 sumus,
1089 5807 1191 5862 hoc
1236 5806 1380 5877 quod
1428 5821 1528 5866 nos
1566 5822 1755 5867 sumus
1779 5809 1941 5867 estin
1969 5808 2081 5869 Deo

489 5886 664 5952 patre,
692 5890 814 5936 cum
839 5891 946 5950 quo
970 5877 1064 5937 ille
1094 5894 1256 5937 unum
1284 5888 1387 5937 est.

2121 4699 2173 4760 D

2197 1945 2271 1997 v1,
2300 1926 2415 2000 57).
2441 1926 2557 1984 Non
2580 1927 2725 1983 enim
2753 1926 2875 1997 quis
2901 1926 2955 1983 in
2972 1940 3040 1984 eo
3060 1927 3186 1993 erit,
3209 1926 3313 1982 nisi
3336 1927 3389 1981 in
3411 1941 3519 1996 quo
3546 1926 3660 1994 ipse
3676 1927 3780 1982 itte-

2199 2026 2262 2081 rit
2286 2044 2301 2079 :
2332 2023 2449 2093 ejus
2478 2029 2683 2078 tantum
2711 2021 2787 2094 (9.)
2815 2022 2866 2075 in
2898 2037 2957 2077 sc
2971 2034 3305 2093 assumptam
3331 2020 3539 2079 habens
3556 2035 3778 2087 carnem,

2198 2120 2289 2192 qui
2317 2134 2469 2173 suam
2511 2117 2821 2189 sumpserit.
2871 2113 3132 2173 Pet-lectae
3176 2125 3358 2172 autem
3390 2114 3553 2185 hujus
3580 2113 3784 2171 unitatis

2200 2213 2365 2287 225
2398 2222 2798 2267 sacramentum
2825 2208 2906 2282 (g)
2945 2207 3198 2279 superius
3239 2207 3349 2280 jam
3380 2207 3676 2272 docuerat,
3716 2204 3785 2262 di-

2201 2321 2365 2363 cens:
2391 2304 2540 2362 Sicut
2562 2303 2701 2358 misit
2729 2318 2811 2357 me
2834 2302 3004 2357 vivens
3033 2299 3211 2365 Pater,
3239 2309 3288 2355 et
3316 2316 3409 2375 ego
3443 2300 3558 2356 viso
3577 2316 3667 2373 per
3692 2298 3787 2353 Pa-

2203 2412 2331 2459 trem
2352 2418 2371 2457 :
2401 2409 2450 2456 et
2487 2401 2577 2472 qui
2603 2398 2984 2454 manducauerit
3006 2411 3175 2451 meam
3201 2412 3426 2462 carnem,
3466 2404 3516 2449 et
3544 2395 3653 2467 ipse
3677 2394 3786 2449 viset

2201 2512 2293 2570 per
2321 2510 2402 2549 me
2438 2493 2601 2568 (Ibid.
2634 2488 2749 2563 58).
2799 2490 2938 2547 Vivit
2981 2504 3115 2569 ergo
3157 2503 3252 2559 per
3298 2488 3515 2545 Patrem
3545 2505 3560 2543 :
3590 2495 3648 2543 et
3693 2500 3786 2559 quo

2208 2588 2371 2649 modo
2398 2604 2491 2661 per
2512 2589 2729 2644 Patrem
2753 2583 2905 2651 vivit,
2934 2583 3129 2641 eodem
3147 2581 3311 2639 modo
3332 2597 3433 2638 nos
3446 2596 3557 2652 per
3584 2594 3785 2637 carnem

2206 2686 2327 2756 ejus
2356 2682 2435 2756 (ὅ)
2464 2682 2715 2737 vivimus.
2744 2678 2938 2735 Omnis
2979 2676 3124 2733 enim
3154 2674 3488 2746 comparatio
3512 2672 3582 2730 ad
3603 2672 3786 2729 intelli-

2206 2777 2400 2850 gentiae
2428 2777 2654 2830 formam
2683 2771 3028 2844 praesumitur
3056 2787 3069 2823 :
3101 2778 3160 2825 ut
3200 2768 3254 2824 id
3275 2807 3289 2832 ,
3322 2768 3391 2824 de
3425 2783 3536 2839 quo
3586 2767 3785 2838 agitur,

2206 2869 2506 2929 secundum
2555 2866 2891 2940 propositum
2943 2861 3251 2932 exemplum
3303 2858 3380 2934 (ι)
3429 2874 3782 2931 assequamur.

2278 3009 2361 3085 (4)
2414 3009 2570 3085 Prius
2607 3005 2887 3077 legebatur
2915 3040 2931 3068 ,
2984 3009 3303 3072 assequatur.
3360 2998 3585 3056 Rectius
3636 2997 3785 3058 codex

2205 3082 2558 3147 Veranensis,
2598 3089 2947 3150 assequamur.

3602 3166 3613 3191 Ι

2267 3292 2338 3365 (e)
2369 3292 2427 3349 ια
2455 3298 2555 3365 est,
2573 3303 2697 3365 per;
2710 3300 2908 3365 corpus
2933 3283 3074 3353 quod
3102 3298 3165 3338 ex
3197 3281 3361 3338 Maria
3384 3281 3662 3341 nascendo
3684 3298 3787 3341 sus-

2201 3358 2346 3437 cepit
2372 3380 2435 3421 ex
2462 3358 2638 3437 nobis.
2663 3358 2868 3437 Deinde
2888 3366 3077 3437 autem.
3095 3372 3187 3437 per
3210 3366 3651 3411 sacramentorum
3676 3373 3788 3427 mys-

2204 3428 2388 3495 terium
2406 3433 2797 3492 Eucharistiam
2812 3430 3080 3498 designari
3108 3428 3324 3498 planum
3347 3437 3450 3488 cet.
3475 3437 3539 3483 ut
3553 3440 3787 3484 constan-

2203 3521 2287 3567 ter
2313 3516 2666 3581 prosequatur
2709 3501 2942 3561 Hilarius
2972 3515 3131 3556 suum
3171 3499 3472 3556 bimembre
3510 3514 3784 3572 argumen-

2202 3592 2338 3639 tum.

2275 3654 2357 3729 (f)_
2376 3650 2616 3729 Hocsihi
2653 3649 2763 3703 vult
2787 3663 2802 3701 :
2830 3661 2951 3729 cum
2978 3645 3031 3701 in
3061 3644 3301 3729 Christo,
3328 3643 3425 3729 qui
3449 3644 3501 3699 in
3522 3645 3682 3701 Patre
3704 3660 3783 3702 na-

2202 3719 2444 3783 turaliter
2491 3724 2631 3778 inest
2673 3719 2970 3776 secundum
3000 3719 3336 3772 nativitatem
3363 3728 3657 3785 :etcrnam,
3698 3733 3779 3774 nos

2202 3800 2405 3869 pariter
2435 3797 2734 3869 inessemus
2765 3807 2862 3869 per
2889 3799 3195 3869 susceptam
3237 3790 3308 3869 ab
3332 3803 3398 3845 eo
3428 3804 3647 3869 carnem
3671 3805 3775 3869 nos.

2200 3860 2359 3930 iram.
2394 3868 2583 3925 eodem
2630 3867 2750 3935 ipso
2766 3860 2992 3918 Christo
3022 3877 3233 3935 rursum
3262 3861 3315 3916 in
3357 3860 3515 3917 nobis
3542 3862 3777 3935 naturali;

2201 3953 2284 3999 ter
2317 3932 2666 4011 permanente
2700 3952 2794 4008 per
2823 3933 3093 4006 impertita
3115 3935 3294 3990 carnis
3319 3941 3373 3989 et
3401 3933 3680 4006 sanguinis
3704 3932 3773 3989 sui

2200 4020 2558 4070 sacramenta.

2272 4087 2350 4159 (g)
2380 4084 2697 4159 Cum__locus
2731 4080 3005 4159 subjectus
3047 4080 3101 4134 in
3141 4076 3437 4159 Evangelia
3476 4078 3694 4136 inferior
3715 4079 3772 4159 sit

2200 4149 2447 4229 prosime
2474 4154 2639 4229 allato
2661 4168 2726 4209 ex
2753 4149 2911 4229 Joan.
2948 4166 3022 4219 vt,
3054 4166 3177 4229 non_
3192 4149 3355 4229 hujus
3382 4160 3631 4229 respectu
3651 4193 3667 4221 ,
3693 4149 3769 4205 sed

2201 4222 2449 4299 respectu
2475 4228 2697 4282 alterius
2723 4240 2790 4280 ex
2820 4223 2980 4280 Joan.
3012 4239 3121 4299 inv,
3154 4223 3243 4288 19,
3267 4222 3353 4299 hic
3380 4224 3630 4299 superior
3650 4240 3769 4278 nun-

2200 4294 2457 4372 enp'atur:
2499 4299 2615 4354 Mox
2658 4313 2689 4372 ε
2716 4312 2846 4372 mss.
2895 4297 3228 4372 restituimus
3269 4298 3410 4372 virtus
3449 4294 3611 4350 Pater
3636 4338 3651 4362 ,
3688 4310 3770 4372 pro

2199 4366 2390 4427 virens.
2422 4370 2560 4427 Tum
2580 4369 2748 4425 codex
2774 4367 2894 4424 Vat.
2932 4370 3049 4424 bas.
3079 4377 3126 4421 et
3156 4382 3248 4437 ego
3286 4366 3396 4420 vivo
3440 4378 3648 4437 propter
3684 4368 3770 4421 Pa-

2201 4455 2347 4498 trem.
2382 4443 2587 4499 Deinde
2615 4442 2666 4496 in
2707 4440 2932 4497 Joannis
2967 4438 3368 4510 exemplaribus
3412 4438 3603 4509 gmds
3626 4449 3678 4495 et
3702 4439 3769 4493 la-

2200 4516 2329 4570 tinis
2356 4530 2498 4570 nunc
2526 4511 2924 4576 circumfertur,
2956 4523 3002 4568 et
3023 4513 3108 4579 qui
3137 4510 3416 4565 mandarat
3442 4527 3543 4572 me.
3573 4526 3694 4577 non,
3730 4518 3770 4564 et

2199 4589 2289 4656 qui
2309 4586 2688 4641 manducauerit
2708 4600 2911 4638 carnem
2950 4599 3135 4638 meam.
3187 4581 3409 4656 Quibus
3432 4583 3704 4652 subjicitur
3723 4582 3768 4637 in

2202 4655 2304 4713 ms.
2338 4658 2550 4712 Martio.
2584 4668 2631 4711 et
2655 4657 2764 4726 ipse
2801 4657 2915 4709 vivit
2953 4658 3008 4710 in
3034 4672 3133 4718 me,
3163 4669 3295 4715 non.
3324 4663 3372 4706 et
3397 4655 3507 4717 ipse
3542 4656 3667 4713 viret
3694 4669 3771 4724 per

2199 4746 2297 4785 me.
2349 4730 2502 4796 Quod
2543 4744 2609 4784 ex
2651 4729 2752 4782 hoc
2783 4727 3057 4797 Evangelii
3106 4727 3226 4781 loco
3268 4726 3488 4797 conllcit
3518 4727 3764 4793 Hilarius,

2200 4801 2618 4857 Sacramentarti
2647 4799 2814 4869 probe
2840 4796 3145 4869 expendunt
3170 4799 3351 4853 velim.
3396 4796 3488 4855 Sic
3528 4799 3668 4855 enim
3696 4813 3772 4852 ra-

2198 4873 2518 4929 tiocinator:
2574 4871 2649 4926 Ita
2692 4870 2939 4926 Christus
2980 4870 3112 4925 vivit
3158 4885 3254 4939 per
3299 4869 3513 4941 Patrem
3569 4878 3769 4941 accepta

2197 4945 2342 5000 illius
2372 4954 2581 5009 natura,
2611 4943 2750 4997 sicut
2781 4956 2879 4996 nos
2899 4943 3128 4997 vivimus
3155 4958 3253 5011 per
3270 4940 3548 4998 Christum
3568 4940 3767 5011 accepta

2195 5016 2367 5087 ipsius
2396 5032 2578 5072 carne.
2611 5015 2746 5069 Tum
2774 5016 2939 5070 sumit
2957 5016 3108 5087 quasi
3138 5028 3254 5087 rem
3280 5014 3453 5085 magis
3489 5025 3685 5077 notam,
3708 5013 3769 5069 de

2234 5104 2299 5142 ua
2332 5088 2552 5143 minime
2579 5087 2971 5142 contenderent
2996 5085 3182 5141 Ariani
3226 5103 3238 5139 :
3272 5087 3415 5156 atqui
3440 5087 3667 5143 vivimus
3687 5099 3771 5156 per

2234 5104 2299 5142 na
2332 5102 2552 5143 mtmme
2579 5102 2971 5142 contenderent
2996 5102 3182 5141 Al‘llllll
3226 5103 3238 5139 ἒ
3272 5102 3415 5156 atqui
3440 5102 3667 5143 vmmus
3687 5102 3771 5156 per

2194 5102 2467 5215 ghristum
2496 5169 2739 5215 naturam
2770 5158 2911 5213 illius
2935 5163 3113 5212 carnis
3140 5157 3319 5226 adepti
3346 5172 3362 5221 ;
3408 5158 3547 5214 adeo
3593 5168 3649 5213 nt
3685 5171 3771 5228 per

2194 5231 2374 5287 carnis
2415 5232 2556 5286 illius
2584 5230 3048 5285 manducationem
3078 5228 3351 5285 Christum
3381 5229 3434 5284 in
3466 5231 3623 5286 nobis
3660 5245 3771 5286 car-

2194 5304 2408 5359 nalibus
2443 5303 2732 5359 carnaliter
2761 5314 3068 5357 manentem
3101 5302 3415 5356 habeamus.
3462 5302 3542 5358 Ac
3566 5302 3768 5357 demum

2193 5375 2456 5445 adversus
2482 5375 2712 5430 Arianos
2736 5389 2853 5429 rem
2879 5416 2893 5439 ,
2935 5373 3077 5428 unde
3106 5374 3392 5445 litigabant
3414 5416 3428 5436 ,
3469 5373 3765 5431 concludit:

2195 5444 2339 5517 Ergo
2364 5456 2414 5503 et
2439 5445 2685 5502 Christus
2711 5446 2841 5500 vivit
2868 5461 2963 5515 per
2995 5445 3231 5510 Patrem,
3260 5456 3481 5516 accepta
3504 5448 3768 5516 ipsiusmet

2193 5529 2385 5574 natura
2409 5518 2587 5575 divina
2612 5536 2627 5583 ;
2657 5519 2728 5572 ita
2757 5528 2809 5572 ut
2839 5518 2999 5573 Pater
3019 5518 3313 5589 secundum
3345 5517 3606 5589 Spiritum
3633 5560 3647 5581 ,
3675 5517 3767 5573 hoc

2187 5599 2290 5653 est,
2325 5591 2618 5647 secundum
2642 5600 2889 5644 naturam
2914 5589 3150 5644 divinam
3171 5589 3220 5644 ei
3241 5588 3445 5656 datam,
3469 5590 3766 5646 naturaliter

2187 5661 2240 5717 in
2269 5679 2334 5718 eo
2363 5673 2596 5719 maneat.
2646 5661 2745 5731 Qui
2775 5671 3089 5731 argumenta
3134 5671 3239 5717 tam
3285 5665 3431 5717 clara
3462 5663 3569 5719 alio
3595 5661 3765 5717 detor-

2184 5749 2349 5804 quere
2375 5750 2657 5799 conantur,
2686 5734 2927 5806 indicant
2954 5734 3037 5788 vel
3066 5748 3125 5789 se
3175 5735 3318 5789 mala
3345 5735 3453 5790 title
3478 5750 3654 5806 agere.
3682 5732 3760 5787 vel

2180 5808 2370 5882 saltem
2412 5819 2672 5882 quantum
2718 5806 2860 5878 apud
2900 5805 3149 5865 homines
3172 5808 3388 5880 possint
3413 5805 3761 5882 prtejudicatte

2181 5880 2380 5939 mentis
2403 5880 2705 5953 opiniones.
