3988 6332
152 318 266 375 249
570 370 607 389 ,

1332 322 1419 379 DE
1457 321 1829 381 TRINI‘I‘ATE
1868 324 2074 384 “BER
2121 327 2248 384 νιιι.

3345 334 3456 398 250

156 435 288 492 ιιιιξε
315 450 448 507 ergo
477 434 599 491 vitm
624 443 825 492 nostra:
850 449 1012 495 causa
1037 445 1154 505 est,
1181 437 1324 509 quod
1355 437 1406 495 in
1451 438 1607 494 nobis
1635 454 1753 496 car-
1779 442 1835 504 Α
1858 440 1911 506 7,
1945 439 2000 508 9,
2032 440 2119 508 l0,
2153 441 2266 515 12).
2297 442 2409 500 lloc
2433 444 2508 515 (ὁ)
2539 459 2644 501 non
2677 455 2898 518 praestat
2921 456 3188 515 creatura,
3226 448 3321 506 sed
3358 466 3456 509 na-

153 528 376 586 nalibus
416 536 721 585 manentem
748 544 846 601 per
882 544 1104 588 carnem
1128 528 1402 588 Christum
1449 531 1749 589 habemus:

154 622 383 678 victuris
412 622 568 679 nobis
606 638 701 693 per
739 638 861 679 eum
891 640 954 679 ea
978 624 1285 682 conditione
1308 666 1325 692 ,
1367 640 1470 696 qua
1503 626 1628 681 vivit
1658 626 1751 683 ille

45 732 111 775 's
151 730 252 788 per
284 715 520 772 Patrem.
553 714 609 772 Si
652 731 782 787 ergo
811 731 912 772 nos
950 719 1265 775 naturaliter
1293 720 1590 776 secundum
1630 735 1751 778 car-

150 824 279 865 nem
308 824 406 880 per
431 823 555 865 eum
594 810 823 865 vivimus
849 850 865 876 ,
913 808 966 865 id
999 819 1112 877 est,
1144 821 1388 868 naturam
1424 815 1604 871 carnis
1636 829 1751 872 sua:

148 902 340 972 adepti
373 901 685 973 :quomodo
726 919 835 961 non
884 904 1203 962 naturaliter
1247 905 1543 962 secundum
1587 907 1752 978 Spiri-

146 1004 264 1052 tum
289 995 346 1052 in
375 1011 435 1051 se
456 995 670 1052 Patrem
695 996 919 1066 habeat,
937 1013 1059 1055 cum
1080 998 1225 1054 vivat
1245 999 1361 1071 ipse
1380 1015 1477 1072 per
1492 1001 1750 1058 Patrem?

145 1089 253 1146 Per
282 1089 495 1145 Patrem
525 1097 708 1146 autem
736 1091 887 1159 vivit,
920 1091 1047 1148 dum
1091 1094 1340 1150 nativitas
1369 1111 1476 1151 non
1516 1095 1747 1153 alienam

143 1185 193 1242 ei
225 1185 410 1241 intulit
433 1183 811 1257 diversamque
841 1196 1110 1256 naturam,
1142 1188 1270 1245 dum
1298 1189 1442 1260 quod
1471 1198 1576 1257 est,
1606 1192 1748 1248 etab

142 1293 209 1335 eo
234 1289 342 1343 est,
376 1294 479 1335 nec
510 1288 689 1352 tzunen
718 1281 787 1335 ab
812 1296 879 1337 eo
903 1297 998 1352 per
1026 1281 1260 1354 aliquam
1292 1282 1626 1341 incidentem
1649 1300 1746 1342 na-

143 1384 278 1430 tura:
308 1373 804 1432 dissimilitudinem
836 1384 1137 1447 separatur;
1169 1377 1295 1433 dum
1325 1377 1375 1433 in
1405 1392 1465 1435 se
1492 1394 1590 1450 per
1607 1379 1748 1436 nati-

140 1468 362 1526 vitatem
387 1469 551 1525 habet
578 1469 791 1526 Patrem
813 1468 870 1525 itt
902 1468 1100 1526 virtute
1123 1478 1351 1526 natura.
1704 1456 1718 1471 ’

213 1564 304 1619 17.
338 1561 607 1635 Epilogus.
642 1561 770 1620 Haec
795 1571 978 1619 autem
1007 1562 1210 1619 idcirco
1251 1579 1281 1620 a
1312 1564 1469 1620 nobis
1499 1580 1742 1623 comme-

137 1666 352 1715 morata
398 1665 570 1722 sunt,
614 1657 737 1727 quia
768 1656 1064 1713 voluntatis
1106 1666 1313 1714 tantum
1358 1658 1502 1716 inter
1526 1659 1740 1716 Patrem

136 1761 192 1810 et
212 1751 412 1809 Filium
436 1752 695 1808 unitatem
725 1750 971 1809 hazretici
1002 1752 1348 1821 mentientes,
1376 1755 1599 1811 unitatis
1637 1772 1739 1813 no-

1859 532 2076 601 tivitas;
2121 550 2230 591 non
2259 534 2423 594 ellicit
2450 538 2739 608 voluntas,
2767 539 2863 597 sed
2897 549 3175 612 potestas;
3226 558 3334 600 non
3373 542 3455 601 lo-

1853 626 2038 698 quitur
2068 628 2397 685 unanimitas
2424 672 2440 696 ,
2471 630 2548 704 (o)
2576 634 2675 688 sed
2709 643 2932 690 natura:
2979 635 3104 705 quia
3146 650 3255 692 non
3284 652 3452 695 unum

1853 728 1939 773 est
1965 720 2173 789 creari,
2206 730 2260 777 et
2298 723 2481 792 nasci;
2516 740 2689 795 neque
2718 726 2856 783 velle
2876 726 2929 782 id
2961 726 3134 799 ipsum
3162 737 3277 796 est,
3306 727 3451 800 quod

1853 821 1908 869 et
1935 828 2131 884 posse;
2166 832 2342 888 neque
2366 818 2702 876 concordare
2728 818 2870 876 idem
2896 828 3002 883 est.
3030 821 3172 893 quod
3205 835 3446 878 manere.

1928 907 2017 963 i9.
2068 907 2395 966 Unanimitas
2423 928 2524 967 non
2552 923 2765 984 negatur
2783 955 2798 981 ,
2831 915 2956 969 dum
2980 915 3226 971 asseritur
3255 915 3446 971 unitas.

1851 997 1933 1054 De
1976 999 2148 1055 Patris
2186 1010 2234 1055 et
2282 1001 2409 1059 Filii
2445 1004 2637 1060 unitate
2676 1015 2915 1077 apertum
2960 1007 3323 1063 testimonium.
3374 1036 3449 1052 --

1851 1092 1969 1148 Non
2001 1108 2263 1165 negamus
2307 1095 2471 1168 igitur
2502 1096 2911 1155 unanimitatem
2955 1098 3095 1155 inter
3138 1100 3350 1157 Patrem
3392 1109 3449 1157 et

1851 1184 2081 1241 Filium:
2125 1203 2248 1243 nam
2295 1187 2396 1244 hoc
2440 1190 2619 1246 solent
2650 1191 2892 1250 haeretici
2921 1194 3137 1249 mentiri
3163 1236 3180 1262 ,
3222 1204 3282 1250 ut
3324 1210 3446 1251 cum

1849 1280 2021 1336 solam
2066 1281 2410 1338 concordiam
2454 1283 2535 1356 (τι)
2575 1284 2642 1340 ad
2673 1286 2933 1342 unitatem
2966 1301 3071 1345 non
3118 1288 3404 1358 recipimus
3428 1329 3443 1354 ,

1849 1374 2128 1433 discordes
2168 1391 2262 1432 eos
2300 1393 2328 1431 a
2362 1377 2517 1435 nobis
2543 1379 2803 1436 allii-mari
2850 1381 3156 1454 loquantur.
3212 1382 3320 1440 Sed
3347 1398 3446 1439 au-

1848 1467 1999 1525 diant
2026 1486 2188 1541 quam
2210 1486 2238 1526 a
2270 1470 2423 1527 nobis
2452 1472 2780 1528 uuanimitas
2822 1489 2928 1529 non
2968 1483 3212 1545 negetur.
3268 1474 3446 1532 Unum

1847 1574 1973 1620 sunt
1998 1564 2158 1621 Pater
2183 1576 2239 1623 et
2271 1565 2438 1622 Filius
2480 1574 2667 1622 natura
2696 1608 2711 1636 ,
2762 1561 2967 1624 honore
2990 1609 3006 1635 ,
3034 1568 3235 1625 virtute
3282 1586 3296 1624 :
3346 1584 3446 1628 nec

1847 1667 2040 1714 natura
2064 1658 2255 1715 eadem
2287 1669 2471 1731 potest
2497 1660 2638 1716 velle
2658 1661 2893 1718 diversa.
2933 1661 3001 1718 Et
3025 1662 3248 1719 audiant
3267 1662 3447 1721 adhuc

1846 1761 2053 1810 natura:
2090 1754 2193 1809 sibi
2224 1769 2346 1810 cum
2387 1754 2550 1810 Patre
2594 1754 2856 1811 unitatem
2885 1754 3081 1813 Filium
3111 1764 3441 1823 testantem:

135 1857 266 1905 atra:
290 1846 360 1904 ad
389 1848 556 1904 Deum
585 1846 877 1904 utebantur
918 1848 1168 1919 exemplo
1193 1889 1209 1916 ,
1263 1859 1533 1921 tamquam
1586 1851 1742 1908 nobis
1772 1854 1818 1916 Β
1846 1847 1922 1903 ait
1941 1849 2085 1905 enim
2106 1867 2119 1907 :
2143 1848 2270 1905 Cant
2293 1852 2481 1907 uenerit
2508 1850 2785 1907 advocatus
2804 1852 2911 1921 ille,
2944 1869 3095 1925 quem
3124 1868 3215 1925 ego
3239 1860 3444 1910 mittam

135 1942 203 1999 ad
231 1943 430 1999 Filium
460 1984 473 2007 .
507 1950 563 1998 et
594 1957 689 2014 per
711 1941 906 1999 Filium
936 1944 1003 1999 ad
1044 1943 1259 2000 Patrem
1286 1985 1302 2012 ,
1332 1945 1592 2017 obsequio
1623 1954 1744 2002 tau-

138 2044 253 2093 tum
283 2051 350 2092 ac
373 2036 647 2093 voluntate
678 2035 958 2107 religionis
984 2037 1149 2092 unitis
1173 2080 1187 2103 ,
1237 2038 1384 2093 nulla
1426 2054 1522 2110 per
1562 2055 1743 2097 sacra-

139 2140 391 2187 mentum
432 2129 607 2186 earnis
646 2139 702 2186 et
738 2130 1019 2202 sanguinis
1049 2130 1314 2188 naturalis
1339 2132 1741 2190 communiunis

144 2225 451 2296 proprietas
478 2223 872 2297 indulgeretur:
921 2240 1044 2281 cum
1085 2235 1138 2282 et
1165 2241 1263 2296 per
1294 2224 1557 2283 honorem
1586 2228 1741 2284 nobis

137 2316 328 2372 datum
350 2316 493 2382 Filii.
520 2327 574 2374 et
603 2332 699 2388 per
721 2328 1032 2376 manentem
1062 2319 1117 2374 in
1147 2320 1303 2375 uehis
1340 2320 1417 2393 (α)
1449 2322 1742 2379 carnaliter

136 2411 362 2480 Filium,
392 2422 449 2470 et
475 2412 531 2468 in
559 2428 626 2470 eo
653 2414 811 2471 nobis
840 2414 1198 2486 corporaliter
1226 2424 1277 2470 et
1310 2416 1743 2486 inseparabiliter

138 2508 327 2575 unitis,
354 2508 672 2582 mysterium
701 2523 849 2566 verte
878 2523 943 2564 ac
966 2508 1227 2566 naturalis
1254 2509 1474 2566 unitatis
1502 2510 1574 2566 sit
1603 2526 1740 2582 praes

136 2601 453 2659 dicandum.

206 2696 299 2753 £8.
339 2694 527 2753 Unitas
562 2694 687 2752 Filii
716 2705 762 2755 et
803 2695 980 2752 Patris
1023 2696 1214 2751 diserte
1250 2698 1305 2751 in
1337 2695 1624 2769 Scriptaris
1649 2714 1739 2754 as-

134 2799 289 2845 serta.
317 2819 392 2830 --
417 2788 758 2860 Responsum
795 2790 959 2859 igitur
995 2805 1027 2845 a
1059 2789 1216 2845 nobis
1252 2799 1338 2846 est
1375 2790 1614 2846 stultitia:
1659 2791 1742 2847 lu—

139 2882 396 2949 rentium,
425 2882 492 2937 ad
512 2881 1033 2939 demonstrationem
1062 2891 1271 2938 tantum
1301 2883 1481 2939 inanis
1517 2882 1742 2941 menda-

134 2976 240 3033 cii:
287 2990 362 3031 ne
407 2975 690 3046 imperitos
738 2974 988 3031 fallerent
1020 2991 1171 3032 vanae
1201 2991 1263 3032 ac
1291 2976 1532 3032 ridicula:
1557 2992 1736 3033 asser-

136 3068 300 3125 tionis
350 3083 557 3125 errore.
611 3066 878 3126 Cteterutn
920 3068 1054 3126 lides
1090 3071 1404 3143 evangelica
1429 3072 1737 3143 responsio-

134 3160 217 3217 nis
244 3169 450 3218 nostrte
478 3162 801 3218 necessitate
831 3178 939 3217 non
975 3162 1140 3233 eguit.
1191 3162 1464 3220 Uuitatem
1496 3173 1735 3221 nostram

1849 1941 1985 1998 vobis
2010 1959 2041 1996 a
2074 1941 2250 2009 Patre,
2287 1942 2540 2017 Spiritum
2563 1945 2805 2011 veritatis,
2836 1946 2976 2015 quia
3001 1943 3163 2002 Patre
3188 1962 3298 2002 meo
3317 1963 3442 2019 pro-

1843 2035 1998 2100 cedit,
2027 2035 2135 2107 ipse
2163 2037 2518 2107 testi/imbitur
2546 2036 2608 2091 de
2631 2054 2712 2093 me
2734 2037 2751 2109 (
2774 2037 2932 2093 Joan.
2964 2054 3057 2105 xv,
3082 2036 3155 2094 26
3173 2041 3217 2113 ).
3262 2038 3443 2096 Δάνον

1842 2139 1997 2185 catus
2024 2130 2238 2197 veniet,
2270 2142 2324 2188 et
2355 2132 2497 2188 hunc
2521 2132 2700 2188 mittet
2720 2131 2887 2188 Filius
2909 2148 2939 2189 a
2972 2131 3152 2201 Patre,
3195 2142 3251 2190 et
3275 2133 3443 2206 Spiri-

1846 2230 1930 2278 tus
1960 2224 2200 2280 veritatis
2220 2234 2323 2289 est,
2358 2226 2448 2297 qui
2478 2241 2510 2281 a
2537 2226 2697 2283 Patre
2727 2225 2988 2296 procedit.
3025 2227 3273 2283 Excutiat
3298 2225 3445 2298 iuge—

1844 2316 1919 2372 nii
1945 2321 2025 2374 sui
2048 2317 2265 2374 aculeos
2286 2318 2465 2375 omnis
2489 2318 2872 2376 haereticorum
2902 2321 3089 2376 schola
3114 2338 3128 2373 :
3159 2328 3214 2375 et
3234 2328 3443 2391 quaerat

1843 2428 1988 2469 nunc
2010 2454 2027 2480 ,
2073 2412 2220 2485 quod
2253 2414 2335 2469 vel
2366 2414 2586 2471 mentiri
2625 2412 2697 2488 (ε)
2731 2414 3102 2485 ignorantibus
3132 2413 3342 2486 possit,
3386 2421 3444 2471 et

1843 2506 2038 2562 doceat
2066 2506 2191 2578 quid
2223 2509 2294 2562 sit
2336 2506 2441 2564 hoc
2469 2506 2612 2579 quod
2640 2507 2810 2563 Filius
2854 2508 3017 2563 mittit
3041 2521 3072 2562 a
3103 2507 3285 2564 Patre.
3337 2507 3441 2577 Qui

1842 2599 2046 2667 mittit,
2101 2608 2425 2670 potestatem
2452 2616 2604 2657 suam
2638 2600 2690 2655 in
2719 2615 2785 2657 eo
2811 2598 2956 2672 quod
2987 2599 3154 2657 mittit
3177 2598 3438 2656 ostendit.

1843 2694 1949 2751 Sed
1980 2694 2124 2766 quod
2151 2707 2181 2748 a
2212 2694 2372 2751 Patre
2397 2694 2599 2762 mittit,
2649 2693 2779 2766 quid
2825 2692 3189 2765 intelligemus
3215 2734 3230 2759 ,
3260 2703 3441 2750 utrum

1843 2799 2153 2861 acceptum,
2183 2798 2276 2847 aut
2300 2790 2583 2846 dimissum
2608 2830 2625 2857 ,
2667 2799 2762 2845 aut
2789 2788 3068 2860 genitum?
3098 2804 3221 2846 nam
3249 2789 3441 2847 horum

1844 2898 2070 2940 necesse
2096 2892 2182 2938 est
2210 2898 2375 2939 unum
2422 2882 2623 2954 aliquid
2669 2882 2975 2952 signiticet.
3027 2882 3170 2953 quod
3214 2898 3242 2936 a
3280 2881 3443 2940 Patre

1842 2976 2111 3033 missurus
2141 2983 2244 3033 est.
2292 2976 2360 3032 Et
2388 2977 2652 3032 missurus
2677 2990 2707 3030 a
2734 2975 2894 3032 Patre
2919 2983 3006 3031 est
3028 2990 3150 3031 eum
3180 2974 3439 3045 Spiritum

1842 3069 2088 3125 veritatis
2115 3110 2130 3136 ,
2177 3070 2324 3140 quia
2357 3068 2518 3124 Patre
2546 3067 2824 3138 procedit:
2865 3068 2976 3136 jam
3028 3082 3160 3138 ergo
3199 3081 3309 3122 non
3355 3074 3441 3124 est

1841 3163 2087 3233 acceptio
2113 3205 2126 3228 ,
2176 3161 2267 3218 ubi
2296 3162 2664 3219 demonstrata
2700 3160 2975 3230 processio
3023 3169 3125 3216 est.
3179 3159 3439 3231 Superest

130 3258 196 3313 ad
232 3258 400 3312 Deum
424 3257 685 3314 Dominus
707 3272 806 3328 pro
828 3257 985 3314 nobis
1014 3268 1262 3329 precatus
1284 3270 1398 3315 est:
1432 3275 1585 3315 suam
1608 3275 1735 3316 vero
1760 3259 1808 3323 C
1841 3269 1901 3316 ut
1946 3258 2333 3316 coulirmemus
2383 3258 2435 3312 iu
2484 3271 2550 3313 eo
2579 3258 2904 3313 sententiam
2942 3263 3181 3312 nostram
3207 3295 3223 3322 ,
3272 3254 3433 3328 227

130 3351 300 3424 226
324 3351 534 3406 obtinet
554 3350 664 3415 ille,
690 3361 745 3406 ct
773 3352 828 3407 in
848 3366 911 3407 ea
942 3361 1143 3411 manet.
1175 3352 1289 3411 Nec
1312 3370 1407 3423 per
1423 3368 1735 3412 sacramen-

130 3453 245 3499 tutn
274 3444 698 3514 dispensationis
724 3460 889 3500 unum
924 3456 1082 3513 sunt,
1112 3446 1206 3502 sed
1232 3462 1329 3519 per
1358 3456 1565 3503 natura:
1594 3450 1732 3505 nati-

127 3540 356 3597 vitalem
384 3579 400 3605 ,
450 3537 579 3594 dum
621 3537 756 3594 nihil
782 3539 837 3595 itt
869 3554 938 3597 eo
960 3556 1024 3597 ex
1053 3556 1113 3597 se
1140 3542 1284 3599 Deus
1308 3558 1430 3599 eum
1459 3545 1731 3615 gignendo

125 3633 445 3704 degenerat.
488 3630 665 3688 Unum
694 3642 821 3687 sunt
847 3675 861 3698 ,
885 3633 1013 3690 dum
1043 3650 1164 3705 quae
1194 3634 1262 3691 de
1290 3652 1453 3692 manu
1479 3641 1596 3707 ejus
1619 3652 1727 3695 non

122 3725 414 3797 rapiuntur
435 3766 453 3791 ,
487 3740 592 3781 non
626 3725 910 3794 rapiuntur
937 3726 1007 3782 de
1036 3742 1200 3783 manu
1230 3728 1405 3786 Patris
1434 3729 1632 3800 (Joan.
1666 3747 1724 3801 ι,

124 3819 278 3892 28);
330 3819 459 3874 dum
507 3835 573 3876 eo
613 3821 829 3891 cognito
861 3820 1018 3878 Pater
1042 3823 1293 3893 cognitus
1322 3833 1443 3891 est;
1491 3824 1617 3881 dum
1662 3841 1730 3883 eo

124 3913 251 3969 viso
280 3911 445 3968 Pater
471 3913 618 3967 visus
646 3923 727 3968 est
751 3929 766 3976 ;
794 3913 921 3968 dum
950 3929 1071 3984 quae
1111 3915 1370 3986 loquitur,
1418 3932 1644 3973 manens
1676 3918 1728 3974 in

119 4021 180 4064 se
209 4007 373 4062 Pater
403 4004 682 4077 loquitur;
730 4003 857 4060 dum
894 4006 946 4061 in
976 4017 1236 4077 operante
1262 4025 1322 4064 se
1348 4020 1602 4079 operatur
1630 4010 1729 4067 Pa-

120 4111 204 4159 ter
224 4119 242 4171 ;
263 4103 391 4157 dum
409 4100 525 4172 ipse
543 4099 598 4155 in
614 4097 887 4168 Patreest,
906 4100 1031 4157 etin
1050 4116 1116 4158 eo
1132 4101 1292 4160 Pater
1308 4114 1392 4160 est
1411 4103 1594 4175 (Joan.
1614 4120 1724 4176 xxv,

189 4245 276 4320 (l)
301 4244 369 4299 In
393 4242 624 4318 ejusdem
648 4243 965 4301 consistentis
992 4246 1354 4319 egressionem.

187 4384 271 4457 (ιι)
296 4384 452 4453 Quod
480 4386 748 4455 superiori
774 4400 1002 4441 numero
1027 4383 1229 4457 dictum
1251 4392 1356 4446 est.
1387 4399 1486 4440 nos
1510 4384 1721 4441 Eucha-

113 4455 295 4529 ristia:
312 4457 588 4529 beneﬁcio
616 4460 669 4513 in
695 4458 839 4513 nobis
867 4455 1159 4512 carnalibus
1181 4467 1465 4511 manentem
1486 4474 1575 4529 per
1605 4474 1719 4512 car-

113 4546 234 4585 nem
257 4527 521 4585 Christum
543 4529 744 4587 habere
770 4572 784 4593 ,
818 4545 957 4583 nunc
983 4528 1238 4585 disertius
1262 4527 1575 4585 enuntiatur
1605 4546 1720 4586 ma-

113 4617 252 4657 nere
278 4602 329 4656 in
356 4602 515 4657 nubis
537 4602 809 4657 ramaliter
842 4600 1059 4656 Filium.

186 4673 269 4743 (ὁ)
301 4674 359 4728 ln
386 4690 489 4727 ms.
524 4673 734 4730 Martiu.
764 4673 915 4739 lites;
958 4672 1101 4743 quod
1130 4688 1255 4728 mox
1282 4672 1424 4727 dicta
1461 4672 1717 4729 disertius

109 4744 660 4814 eomprehenditmc
710 4760 894 4815 postea
937 4754 993 4799 ut
1037 4745 1090 4800 in
1136 4744 1257 4801 aliis
1286 4746 1675 4801 vetustioribus
1702 4787 1716 4813 ,

108 4818 476 4882 unianimitas,
510 4818 931 4873 unianimitatem.

183 4886 262 4962 (ε)
290 4888 412 4944 Vat.
442 4890 558 4944 bas.
589 4904 690 4945 ms.
747 4893 839 4946 sed
880 4890 1136 4956 natiuitas,
1181 4890 1337 4945 nobis
1380 4905 1488 4945 non
1529 4888 1723 4960 proba-

109 4969 224 5018 tur.

179 5032 270 5107 (d)
297 5031 423 5107 Par.
454 5042 577 5102 post
608 5031 847 5107 Lipsium
870 5075 909 5107 ,ν
933 5034 1003 5107 ad
1027 5034 1414 5088 unanimitale
1450 5050 1469 5088 :
1497 5036 1635 5107 male
1665 5044 1720 5107 et

105 5104 316 5173 praeter
348 5105 508 5159 [idem
537 5120 668 5159 mss.
718 5104 851 5160 Nam
882 5106 1007 5160 illud
1039 5107 1106 5158 ad
1150 5106 1430 5171 unitatem,
1462 5105 1512 5161 id
1543 5115 1626 5159 est
1649 5105 1718 5161 ad

102 5176 467 5248 explicandus
494 5176 666 5242 lucos,
700 5178 751 5232 in
774 5179 968 5248 quibus
996 5179 1172 5231 unitas
1195 5178 1621 5233 commendatur.

183 5248 262 5321 (ε)
292 5248 349 5321 In
378 5248 628 5321 vulgatis,
657 5250 720 5303 ab
750 5249 1125 5320 ignorantibus;
1153 5250 1361 5321 rectius
1381 5251 1431 5303 itt
1465 5263 1595 5303 mss.
1629 5249 1710 5319 ig—

99 5320 434 5387 norantibus,
468 5320 572 5375 hoc
597 5333 701 5385 est,
730 5323 868 5390 apttd
897 5321 1205 5389 ignorantes
1230 5335 1292 5375 ac
1322 5320 1615 5390 simplices.

179 5392 259 5465 (1)
291 5390 428 5447 Cum
444 5393 776 5465 vocabulum
808 5394 1034 5465 egressio
1059 5434 1073 5453 .
1118 5392 1237 5463 ejus
1277 5393 1366 5459 ιιιιί
1397 5393 1511 5447 exit
1535 5392 1605 5448 ab
1646 5406 1713 5447 eo

99 5463 259 5521 unde
283 5466 395 5519 exit
422 5463 1122 5536 distinctionem’signilicet
1143 5506 1157 5530 ,
1185 5474 1341 5519 caute
1378 5468 1426 5518 ei
1466 5465 1716 5533 adjicitur

99 5537 345 5593 verbum
377 5537 699 5591 consistentis
723 5579 738 5599 .
784 5552 893 5609 quo
924 5546 1128 5592 natura:
1146 5537 1335 5609 unitas
1361 5536 1538 5609 eidem
1564 5550 1712 5592 asse-

96 5623 282 5680 ratur.
307 5610 459 5673 Quod
490 5607 996 5680 illustratur'verbis
1011 5608 1218 5680 Cyrilli,
1244 5609 1279 5663 1.
1308 5624 1365 5664 tt.
1390 5609 1443 5663 in
1469 5607 1706 5680 Joan.c.

97 5682 136 5735 5
165 5703 180 5736 ;
222 5678 395 5736 Emittit
415 5682 554 5735 enim
573 5696 638 5736 ea:
670 5678 826 5735 Patre
860 5682 914 5734 in
942 5678 1203 5752 propriam
1238 5682 1587 5736 exsislentiam
1619 5679 1714 5734 Fi-

96 5756 213 5808 lius
241 5794 256 5817 ,
302 5756 393 5807 etsi
421 5752 474 5807 in
499 5753 616 5824 ipso
642 5764 715 5807 est
738 5755 1015 5808 secundum
1059 5764 1313 5809 naturam.
1365 5754 1429 5807 Et
1467 5752 1601 5823 quod
1642 5754 1711 5806 ibi

97 5829 298 5887 exisse,
324 5822 551 5897 idipsum
575 5822 659 5877 hic
689 5825 899 5880 missum
922 5841 1030 5880 esse
1070 5826 1344 5897 signiﬁcat.
1390 5822 1575 5896 Itaque
1605 5824 1710 5896 Cy-

100 5900 240 5956 rillu
266 5913 369 5956 nou
385 5896 567 5964 dill‘ert
583 5897 722 5955 exire
750 5898 985 5973 et‘mittft
1016 5898 1283 5963 Prtctcrca
1318 5900 1419 5958 huc
1444 5898 1710 5971 egressio‘

1837 3362 2019 3408 utrum
2048 3352 2102 3406 in
2133 3350 2235 3407 hoc
2278 3349 2357 3423 (l)
2389 3349 2459 3422 (Ῑ)
2501 3349 2851 3405 consistentis
2895 3347 3266 3421 egressionem
3296 3388 3312 3413 .
3363 3362 3436 3405 an

1836 3448 2005 3521 geniti
2033 3447 2439 3518 processionem
2464 3445 2861 3501 exiStiutemus.

1904 3541 1999 3598 20.
2031 3542 2264 3611 Spiritus
2288 3550 2495 3596 sanctus
2518 3557 2551 3594 α
2588 3556 2688 3611 quo
2717 3539 2782 3593 sit
2810 3555 2913 3593 non
2956 3541 3231 3594 incertum.
3282 3536 3435 3605 Quod

1832 3651 1866 3691 a
1893 3633 2034 3690 Filio
2054 3635 2242 3706 accipit
2271 3677 2285 3700 ,
2316 3634 2502 3705 accipit
2523 3644 2567 3688 et
2588 3650 2620 3687 a
2653 3631 2834 3688 Patre.
2894 3630 3032 3687 Hinc
3058 3647 3218 3687 unum
3246 3638 3435 3687 natura

1832 3740 1949 3785 sunt
1966 3728 2126 3785 Pater
2148 3740 2191 3784 et
2215 3728 2407 3784 Filius.
2437 3755 2511 3769 -—
2538 3726 2726 3800 Neque
2757 3728 2810 3783 in
2837 3726 2939 3782 hoc
2970 3742 3113 3782 nunc
3135 3724 3435 3782 calutnnior

1832 3822 1910 3896 (g)
1935 3823 2170 3879 libertati
2194 3823 2585 3894 intelligentiae,
2608 3831 2789 3878 utrum
2811 3837 2876 3876 ex
2897 3821 3080 3886 Patre,
3105 3836 3174 3875 an
3199 3835 3266 3875 ex
3296 3819 3432 3876 Filio

1833 3917 1917 3990 (2)
1962 3917 2223 3988 Spiritum
2268 3917 2596 3987 paracletunt
2641 3924 2836 3987 putent
2863 3928 3007 3970 esse.
3057 3912 3172 3968 Non
3200 3912 3342 3968 enim
3376 3911 3431 3968 in

1832 4011 2040 4069 incerto
2094 4013 2354 4069 Dominus
2399 4011 2620 4081 reliquit
2663 4031 2676 4068 :
2723 4025 2846 4064 nam
2885 4008 2988 4064 sub
3035 4006 3228 4063 iisdem
3272 4004 3430 4062 dictis

1831 4106 1949 4164 lucc
1979 4108 2050 4163 ita
2081 4112 2292 4163 locutus
2321 4116 2443 4163 est:
2486 4104 2670 4160 Adhuc
2698 4104 2860 4159 multa
2890 4102 3050 4160 habeo
3074 4100 3213 4157 vobis
3238 4100 3430 4169 dicere,

1897 4248 1976 4324 (2)
2006 4249 2264 4321 Spiritum
2287 4258 2539 4305 sanctum.

1829 4385 1912 4441 nis
1943 4387 2220 4457 proprium
2253 4398 2360 4452 est,
2391 4397 2449 4442 ut
2476 4386 2681 4443 nullum
2715 4384 3061 4457 procedentis
3090 4381 3302 4457 initium
3332 4400 3427 4443 so-

1825 4456 2127 4515 net.'Unde
2149 4459 2403 4522 Hilarius,
2430 4459 2523 4515 lib.
2544 4476 2617 4523 tv,
2650 4476 2704 4514 ll.
2732 4459 2820 4518 51,
2853 4456 2970 4511 Filii
2996 4456 3331 4511 nativitatem
3361 4473 3428 4513 eo

1825 4531 2087 4586 vocabulo
2114 4541 2240 4595 apte
2269 4546 2581 4601 expressam
2605 4531 2847 4585 dixerat:
2892 4529 3015 4599 quia
3053 4544 3158 4601 non
3203 4538 3259 4601 ut
3299 4538 3428 4584 esset

1802 4602 1973 4670 coepit
1999 4619 2062 4657 ea:
2084 4602 2270 4669 nihilo,
2295 4600 2384 4658 sed
2411 4604 2531 4658 exiit
2550 4622 2582 4658 ιι
2611 4611 2844 4657 manente
2868 4616 2886 4664 ,'
2923 4610 2970 4654 et
3007 4600 3192 4672 exiisse
3218 4600 3424 4672 signiﬁ-

1823 4676 2073 4729 cationem
2099 4675 2247 4731 habet
2272 4676 2551 4729 nativitatis
2577 4682 2593 4742 (
2623 4689 2717 4727 seu
2767 4672 3130 4743 processionis
3157 4671 3425 4729 distincta:

1825 4748 1893 4801 ab
1919 4762 1983 4802 eo
2008 4762 2036 4801 a
2068 4763 2173 4817 quo
2203 4744 2401 4818 exitur)
2420 4788 2433 4808 .
2470 4763 2572 4800 non
2603 4744 2752 4799 habet
2787 4743 3146 4818 itirhotttionis.
3185 4743 3299 4798 Non
3328 4744 3426 4818 de-

1825 4818 1996 4873 clarat
2025 4814 2241 4890 quidem
2273 4821 2357 4873 hic
2382 4814 2615 4873 llilarius
2638 4834 2717 4890 an,
2732 4816 2890 4890 geniti
2913 4814 3421 4890 processiopemcxi-

1821 4887 2058 4946 stimarel
2087 4890 2401 4946 debeamus.
2455 4890 2526 4945 At
2554 4904 2674 4944 cum
2709 4888 2801 4942 lih.
2838 4904 2908 4952 ιι,
2951 4905 3005 4942 n.
3056 4887 3108 4949 1,
3156 4887 3419 4957 Spiritum

1823 4970 2068 5016 sanctum
2094 4962 2284 5016 donum
2314 4970 2586 5030 unneupet
2610 5003 2625 5026 ,
2673 4960 2750 5015 uti
2780 4960 2905 5030 licet
2933 4960 3285 5029 responsione
3310 4958 3420 5015 Att-

1823 5034 2043 5103 gustiui,
2078 5034 2170 5088 lib.
2202 5050 2233 5088 v
2261 5033 2330 5088 de
2360 5029 2554 5088 Triuit.
2588 5049 2636 5088 c.
2668 5032 2737 5089 M
2767 5050 2781 5087 :
2811 5029 2956 5087 Eziit
2976 5031 3128 5098 enim,
3155 5047 3261 5103 non
3287 5048 3419 5101 quo-

1821 5105 1973 5178 modo
2001 5117 2152 5161 natus
2176 5146 2192 5172 ,
2231 5105 2321 5161 sed
2356 5106 2614 5178 quomodo
2637 5107 2821 5168 datus;
2868 5115 2913 5158 et
2959 5104 3072 5159 ideo
3098 5102 3421 5178 nonUdicititr

1824 5173 2014 5231 Filius.
2048 5178 2153 5233 Sed
2176 5173 2464 5248 aperta'est
2491 5177 2677 5233 Hilarii
2697 5178 2867 5247 ipsius
2882 5175 3173 5242 sententia,
3199 5174 3293 5229 lib.
3319 5190 3413 5240 stt,

1818 5263 1873 5302 n.
1903 5249 1992 5311 54,
2022 5249 2250 5304 dicentis
2275 5267 2287 5322 :
2326 5248 2654 5322 Unigenitum
2682 5265 2744 5304 ea:
2771 5261 2819 5304 te
2839 5258 3016 5322 natum
3043 5248 3207 5322 sciens
3233 5287 3249 5313 ,
3277 5250 3417 5317 geni-

1818 5329 1924 5394 tum
1948 5330 2118 5394 tamen
2146 5321 2399 5394 Spiritum
2418 5319 2655 5394 sanctum
2680 5338 2783 5375 non
2807 5320 3039 5394 dicturus
3056 5319 3173 5374 sint.

1888 5393 1965 5463 (g)
1994 5393 2083 5446 Sic
2109 5391 2239 5450 ωδε.
2275 5397 2344 5448 At
2365 5392 2515 5457 editi,
2546 5392 2846 5447 libertatem.
2879 5391 2956 5445 Ex
2991 5391 3074 5445 Itis
3103 5404 3166 5445 ac
3187 5404 3417 5457 sequen-

1817 5463 1957 5519 libus
1991 5463 2180 5519 llilarii
2209 5465 2368 5521 dictis
2413 5465 2582 5520 videri
2630 5474 2851 5534 posset.
2900 5463 3008 5531 jam
3057 5472 3166 5517 tum
3211 5469 3414 5518 motam

1816 5551 1942 5591 esse
1987 5536 2056 5591 de
2098 5536 2330 5608 Spiritus
2358 5538 2530 5593 sancti
2575 5533 2927 5607 processione
2965 5533 3412 5608 controversiam.

1816 5608 2028 5679 Quippe
2048 5607 2236 5679 aperte
2266 5610 2467 5665 indicat
2491 5608 2713 5664 minime
2740 5608 2840 5662 sibi
2882 5607 3146 5660 incertum
3174 5647 3189 5669 .
3222 5607 3354 5679 quin
3382 5622 3416 5663 a

1818 5678 1981 5738 Patre
2010 5692 2061 5736 et
2088 5678 2226 5737 Filio
2253 5683 2346 5743 sit,
2379 5684 2626 5753 quamvis
2650 5681 2716 5734 de
2744 5679 2997 5750 loquendi
3025 5678 3235 5734 ratione
3258 5678 3414 5753 plus-

1814 5753 1995 5809 culum
2026 5755 2234 5826 litigare
2265 5751 2419 5826 nolit.
2443 5753 2572 5826 Jatn
2589 5767 2717 5826 vero
2737 5751 3327 5826 observatutn‘est,‘lib.
3350 5766 3411 5820 tt,

1814 5840 1963 5881 num.
2020 5824 2074 5890 4,
2110 5822 2245 5882 ἰεοι.
2302 5824 2781 5897 FiliumSpiritus
2808 5825 2977 5882 sancti
3002 5831 3062 5882 et
3088 5822 3408 5897 largitorem,

1812 5905 1867 5956 et
1896 5908 2156 5957 auctorem
2180 5901 2247 5958 ab
2273 5911 2338 5957 eo
2359 5896 2684 5970 appellatum
2708 5960 2709 5963 η
