3988 6332
576 317 680 376 951

1761 310 2011 373 SANCTI
2051 307 2306 367 lllLAlill
2346 303 2663 370 EPISGOPI
3774 320 3860 377 252

578 434 671 489 sed
710 447 815 487 non
859 430 1074 502 potestis
1100 439 1307 501 portare
1328 429 1426 485 illa
1468 430 1644 486 modo.
1697 430 1826 485 Cum
1863 429 2052 485 uenerit
2096 426 2187 483 ille
2214 427 2266 488 Α
2291 437 2565 499 tatemque
2593 428 2892 488 divinitatis
2927 430 3254 503 signiﬁcatio
3297 440 3420 488 est:
3471 446 3598 489 cum
3638 433 3693 489 id
3738 440 3860 506 quod

579 525 811 599 Spiritus
831 524 1093 591 veritatis,
1125 522 1312 598 diriget
1334 538 1424 580 eos
1452 522 1536 596 (1)
1567 523 1648 597 (ιι)
1679 523 1734 579 in
1764 538 1964 579 onmem
1998 522 2186 578 uerita-

2291 522 2522 593 accipiet
2548 537 2579 577 a
2608 522 2773 580 Patre
2802 520 3035 595 Spiritus
3059 524 3303 580 veritatis
3324 566 3337 591 ,
3370 524 3422 580 id
3452 524 3624 581 Filius
3649 525 3860 586 dandum

586 630 707 677 tem.
743 619 864 675 Non
892 619 1031 676 sitim
1063 617 1299 689 loquetur
1330 636 1362 674 ι
1389 620 1664 690 semetipso
1691 661 1706 687 ,
1748 619 1837 674 sed
1859 630 2190 691 quascumque
2290 633 2320 673 a
2352 633 2413 674 se
2434 633 2555 675 esse
2579 618 2832 675 fateatur.
2873 618 2991 676 Non
3019 618 3380 691 permittenda
3410 619 3591 690 itaque
3614 619 3682 676 ad
3710 622 3863 692 impiis

576 719 800 776 audierit
825 719 1060 789 loquetur
1081 758 1097 784 ,
1126 725 1175 772 et
1216 721 1396 789 futura
1425 716 1747 771 annuntiabit
1773 716 1933 771 vobis.
1978 713 2079 769 Ille
2108 730 2187 769 me

576 813 977 884 honoriﬁcabit;
1006 811 1249 878 quoniam
1275 815 1340 865 de
1371 810 1482 865 meo
1517 811 1754 881 accipiet,
1792 820 1837 864 et
1860 806 2187 863 annuntiabit

576 905 735 961 nobis.
796 904 988 960 Omnia
1030 916 1362 975 quiscumque
1409 901 1560 957 habet
1614 901 1806 968 Pater,
1863 917 1975 956 mea
2022 910 2185 956 suut:

577 1006 850 1072 propterea
873 998 985 1053 dixi
1010 1038 1024 1061 ,
1055 996 1134 1051 De
1162 1012 1274 1052 meo
1299 996 1552 1066 accipiet,
1598 1005 1646 1051 et
1680 994 2004 1051 annuutiabit
2047 994 2185 1049 vobis

574 1094 756 1164 (Joan.
776 1106 885 1156 xvr,
918 1092 1008 1162 ﬂ,
1039 1090 1225 1163 seqq).
1260 1092 1298 1146 A
1331 1088 1469 1145 Filio
1498 1089 1656 1160 igitur
1680 1089 1898 1159 accipit,
1922 1089 2089 1161 quiet
2116 1086 2184 1144 ab

572 1204 643 1245 eo
672 1188 925 1253 mittitur,
957 1197 1012 1240 et
1032 1200 1061 1240 a
1087 1186 1243 1240 Patre
1274 1185 1534 1256 procedit.
1568 1185 1634 1239 Et
1663 1184 1961 1255 interrogo,
1991 1192 2171 1238 utrum

574 1282 627 1339 id
658 1282 832 1353 ipsum
858 1281 931 1335 sit
955 1294 984 1334 a
1011 1279 1155 1335 Filio
1181 1280 1431 1350 accipere
1457 1319 1470 1342 ,
1525 1276 1670 1348 quod
1711 1292 1740 1331 a
1782 1276 1941 1331 Patre
1992 1288 2183 1346 proce-

574 1379 727 1434 dere.
784 1376 938 1446 Quod
985 1376 1029 1431 si
1072 1376 1149 1445 (b)
1187 1374 1408 1431 diiierre
1457 1373 1713 1430 credetur
1756 1373 1900 1427 inter
1934 1372 2184 1441 accipere

574 1487 603 1527 a
635 1468 779 1527 Filio
801 1512 816 1538 ,
849 1477 903 1525 et
930 1485 960 1523 a
988 1469 1149 1525 Patre
1183 1467 1517 1537 procedere;
1551 1472 1701 1522 certe
1732 1464 1783 1519 id
1815 1465 1988 1535 ipsum
2021 1470 2182 1532 atque

574 1578 743 1620 unum
772 1578 894 1620 esse
921 1560 1323 1618 existimabitnr
1342 1604 1355 1627 ,
1383 1576 1412 1616 a
1441 1558 1583 1617 Filio
1612 1559 1861 1629 accipere
1886 1599 1900 1625 ,
1934 1554 2008 1631 (ι)
2039 1557 2181 1629 quod

575 1658 648 1714 sit
689 1657 942 1729 accipere
968 1670 995 1710 a
1026 1656 1206 1711 Patre.
1259 1651 1381 1724 Ipse
1409 1653 1557 1709 enim
1583 1651 1849 1708 Dominus
1879 1651 1985 1706 ait:
2035 1651 2178 1720 Quo-

574 1751 714 1805 niam
735 1750 800 1804 de
828 1763 940 1803 meo
961 1748 1200 1819 accipiet,
1231 1755 1279 1802 et
1298 1746 1624 1801 annuntiabit
1645 1746 1804 1799 vobis.
1829 1742 2019 1799 Omnia
2042 1758 2179 1812 qure-

2291 713 2665 784 iutelligentize
2710 713 3014 770 libertatem
3071 714 3327 770 haeretica
3388 715 3719 783 perversitas
3763 724 3861 771 est:

2289 816 2348 863 ut
2369 806 2574 863 dictum
2608 807 2710 862 hoc
2738 806 2972 873 Domini,
3003 807 3146 875 quod
3176 807 3300 877 quia
3342 808 3522 861 omnia
3550 818 3674 877 qua:
3708 808 3863 864 Patris

2287 912 2433 969 sunt,
2479 916 2574 957 sua
2605 910 2733 957 sunt
2752 940 2767 967 ,
2807 901 3012 958 idcirco
3039 915 3066 955 a
3094 915 3155 957 se
3178 901 3409 972 accipiet
3435 899 3672 969 Spiritus
3696 902 3865 957 verita-

2288 998 2394 1060 tis,
2448 1011 2555 1051 uon
2599 996 2666 1052 ad
2716 995 2978 1051 unitatem
3019 995 3346 1051 conliteatur
3391 992 3741 1049 referendum
3768 1009 3863 1052 esse

2287 1098 2509 1144 naturae.
3618 1120 3623 1125 ο

2355 1187 2447 1243 21.
2502 1186 2598 1243 Dei
2641 1196 2686 1243 et
2723 1186 2919 1243 Christi
2945 1202 3078 1242 unus
3118 1195 3191 1243 est
3235 1186 3485 1259 Spiritus.
3513 1216 3587 1229 -—
3614 1186 3864 1257 Loquatur

2284 1280 2429 1337 enim
2458 1280 2548 1335 ille
2572 1323 2587 1347 ,
2616 1280 2709 1351 qui
2739 1281 3023 1336 electionis
3048 1290 3133 1336 cst
3161 1294 3257 1336 vas
3286 1291 3341 1336 et
3385 1280 3627 1350 gentium
3660 1280 3863 1344 doctor,

2284 1372 2578 1451 secundum
2611 1373 2855 1428 veritatis
2901 1373 3313 1445 intelligentiam
3345 1374 3450 1430 ﬁde
3480 1374 3744 1429 Romana:
3771 1374 3863 1443 ple-

2283 1468 2368 1526 bis
2408 1477 2534 1523 ante
2583 1467 2815 1523 laudata.
2864 1468 3068 1524 Voiens
3113 1470 3259 1525 enim
3304 1480 3513 1525 natura!
3543 1470 3799 1525 unitatem
3823 1470 3862 1524 in

2284 1561 2445 1617 Patre
2474 1570 2528 1617 et
2552 1560 2691 1617 Filio
2726 1561 2943 1629 docere,
2968 1563 3038 1616 ita
3064 1562 3138 1617 ait
3169 1562 3348 1633 (Rom.
3397 1576 3517 1629 ml,
3568 1564 3625 1629 9,
3680 1562 3865 1634 seqq.):

2293 1651 2396 1708 Vos
2423 1664 2591 1709 autem
2614 1671 2713 1708 non
2738 1656 2858 1710 estis
2884 1655 2938 1709 in
2965 1670 3121 1709 carne
3145 1696 3161 1721 ,
3197 1654 3288 1710 sed
3310 1656 3363 1709 in
3404 1655 3611 1725 Spiritu
3636 1655 3720 1725 (Β)
3752 1655 3809 1725 (ῃ
3830 1656 3863 1709 ti

2284 1746 2489 1818 quidem
2520 1746 2753 1815 Spiritus
2777 1746 2875 1802 Dei
2887 1748 2942 1801 in
2955 1747 3094 1802 vobis
3115 1755 3208 1802 est.
3236 1747 3297 1803 Si
3312 1749 3424 1819 quis
3439 1756 3613 1803 autem
3630 1747 3861 1818 Spiritum

574 1856 790 1915 cumque
816 1842 966 1899 habet
995 1842 1170 1908 Pater,
1193 1855 1307 1896 mea
1334 1848 1454 1895 sunt
1477 1856 1495 1897 :
1523 1848 1792 1912 propterea
1812 1836 1940 1903 dixi,
1966 1834 2047 1891 De
2072 1853 2180 1891 meo
2209 1827 2256 1890 Β
2284 1837 2477 1893 Christi
2508 1855 2609 1894 non
2632 1839 2801 1906 habet,
2832 1840 2915 1894 hic
2932 1856 3037 1894 non
3054 1849 3127 1894 est
3154 1844 3285 1915 ejus.
3308 1839 3371 1896 Si
3389 1851 3561 1896 autem
3580 1826 3861 1897 Christum

573 1940 795 2006 accipiet
819 1980 833 2005 ,
872 1946 921 1993 et
965 1935 1293 1991 nnnuntiabit
1319 1935 1459 1990 vobis
1488 1932 1507 2005 (
1534 1932 1673 1988 Ibid.
1709 1930 1775 1988 M
1802 1941 1853 1987 et
1880 1932 1948 1988 15
2068 1931 2181 1987 Hoc

574 2030 719 2102 quod
770 2030 999 2100 accipiet
1047 2027 1200 2099 (sive
1242 2037 1481 2099 potestas
1521 2036 1644 2093 est,
1678 2028 1793 2080 sive
1822 2026 1992 2080 virtus
2018 2067 2033 2090 ,
2065 2026 2180 2081 sive

577 2123 825 2178 doctrina
852 2121 980 2192 est),
1012 2116 1182 2176 Filius
1212 2134 1240 2174 a
1269 2132 1330 2176 se
1358 2119 1734 2189 accipiendum
1761 2131 1884 2173 esse
1912 2116 2085 2172 dixit:
2126 2126 2182 2172 et

573 2228 790 2270 rnrsutn
838 2213 939 2267 hoc
978 2212 1156 2283 ipsum
1204 2211 1475 2283 signiﬁcat
1512 2209 1888 2279 accipiendum
1932 2223 2056 2265 esse
2112 2208 2180 2266 de

574 2307 759 2364 Patre.
806 2304 942 2361 Cum
970 2305 1117 2362 enim
1147 2305 1263 2371 ait,
1296 2303 1476 2359 omnia
1507 2316 1863 2374 quaecumque
1890 2300 2052 2357 habet
2080 2301 2176 2356 Pa~

574 2410 657 2457 ter
684 2441 700 2467 ,
725 2414 820 2457 sua
846 2415 975 2460 esse
995 2441 1012 2466 ,
1057 2409 1115 2457 et
1136 2399 1342 2456 idcirco
1372 2396 1579 2453 dixisse
1605 2411 1665 2452 se
1687 2396 1754 2451 de
1783 2408 1882 2449 suo
1910 2394 2180 2466 accipien-

571 2496 700 2553 dum
728 2510 883 2552 esse:
924 2494 1087 2550 docet
1114 2494 1278 2549 etiam
1303 2506 1333 2547 a
1363 2491 1524 2546 Patre
1556 2487 1870 2561 accipienda
1897 2529 1913 2555 ,
1955 2505 1985 2543 a
2013 2504 2072 2544 se
2100 2497 2179 2543 ta-

576 2602 702 2647 men
729 2589 940 2661 accipi;
986 2588 1111 2659 quia
1139 2588 1322 2642 omnia
1349 2601 1470 2655 qua:
1498 2585 1673 2640 Patris
1703 2593 1868 2651 sunt,
1915 2597 2011 2638 sua
2047 2584 2175 2639 sint.

574 2683 691 2739 Non
726 2683 891 2738 habet
912 2683 1029 2737 hinc
1056 2682 1237 2735 unitas
1256 2677 1663 2735 diversitatem:
1694 2690 1796 2732 nec
1817 2674 1996 2732 diﬂ‘ert
2018 2691 2048 2730 a
2071 2691 2178 2747 quo

572 2787 859 2850 acceptum
890 2777 1004 2844 sit,
1030 2774 1173 2846 quod
1203 2774 1393 2830 datum
1416 2788 1445 2827 a
1472 2772 1632 2828 Patre
1652 2811 1667 2839 ,
1699 2770 1883 2826 datum
1908 2764 2179 2826 referatur

576 2886 604 2927 a
637 2872 800 2928 Filio.
847 2868 1118 2939 Numquid
1148 2876 1203 2924 et
1232 2867 1320 2923 hic
1358 2866 1654 2922 voluntatis
1682 2866 1861 2921 unitas
1888 2863 2179 2921 afferetur?

572 2967 765 3022 Omnia
811 2981 931 3036 qua:
963 2963 1128 3019 habet
1159 2962 1355 3028 Pater,
1388 2959 1512 3015 Filii
1536 2968 1697 3015 sunt:
1741 2967 1799 3015 et
1836 2959 2021 3015 omnia
2056 2974 2178 3030 quis

580 3059 707 3117 Filii
732 3060 900 3133 22a
924 3066 1069 3123 sunt,
1099 3056 1276 3112 Patris
1302 3065 1451 3111 sunt.
1480 3052 1601 3124 Ipse
1628 3054 1774 3108 enim
1803 3053 1879 3108 ait
1904 3071 1916 3106 :
1967 3050 2037 3107 Et
2066 3068 2177 3107 mea

571 3152 747 3209 omnia
768 3162 861 3206 tua
880 3161 1023 3216 sunt,
1056 3159 1105 3206 et
1133 3159 1222 3204 tua
1241 3165 1356 3205 utea
1382 3147 1566 3221 (locu.
1597 3162 1729 3214 xm,
1765 3148 1877 3218 10).
1926 3146 2175 3204 Nondum

2283 1931 2422 1986 nobis
2442 1940 2536 1995 est,
2567 1948 2751 2005 corpus
2777 1932 2981 2003 quidem
2997 1942 3255 1987 mortuum
3283 1943 3358 1987 est
3380 1932 3461 2006 (ῃ)
3486 1950 3577 2003 per
3594 1938 3858 2001 peccatum,

2282 2024 2494 2096 spiritus
2519 2034 2689 2079 autem
2715 2026 2819 2079 vita
2848 2036 2921 2080 est
2943 2024 3022 2096 (4)
3046 2042 3137 2095 per
3147 2027 3425 2100 justitiam.
3470 2026 3533 2082 Si
3562 2037 3739 2081 autem
3761 2026 3861 2096 Spi-

2280 2121 2412 2175 rittts
2422 2124 2557 2194 ejus,
2570 2121 2658 2190 qui
2672 2121 2934 2175 suscitavit
2947 2118 3415 2188 lesumamortuis,
3436 2121 3627 2177 habitat
3644 2124 3700 2176 in
3711 2123 3858 2189 nobis;

2280 2214 2645 2285 quisuscitasit
2659 2212 3288 2283 (It)Christumantortstis,
3303 2214 3581 2286 viaiﬂcubit
3590 2221 3859 2272 “mortalis

2279 2322 2499 2378 corpora
2527 2317 2696 2363 vestra
2714 2318 2923 2380 propter
2942 2309 3108 2382 2³9
3129 2308 3382 2379 Spiritum
3397 2326 3573 2381 suum,
3591 2313 3677 2379 qui
3693 2313 3856 2367 habitat

2279 2401 2336 2455 in
2364 2390 2552 2454 nobisa
2580 2399 2862 2471 Spiritales
2903 2415 3096 2458 omnes
3133 2417 3364 2469 sumus,
3410 2404 3457 2459 si
3504 2404 3563 2460 in
3609 2406 3765 2461 nobis
3795 2417 3858 2461 est

2280 2492 2518 2563 Spiritus
2545 2492 2667 2549 Dei.
2715 2494 2822 2549 Sed
2852 2494 2939 2550 hic
2982 2493 3219 2566 Spiritus
3264 2497 3400 2564 Dei,
3438 2496 3510 2568 (i)
3557 2508 3614 2554 et
3650 2496 3858 2568 Spiritus

2278 2584 2479 2643 Christi
2502 2595 2604 2643 est.
2660 2589 2724 2643 Et
2753 2603 2875 2644 cum
2913 2590 3114 2644 Christi
3145 2590 3379 2661 Spiritus
3411 2591 3485 2669 (j)
3520 2593 3573 2647 in
3606 2593 3763 2650 nobis
3785 2594 3856 2658 sit,

2279 2678 2399 2749 ejus
2430 2689 2610 2735 tamen
2636 2679 2871 2749 Spiritus
2895 2682 2949 2736 in
2978 2680 3137 2737 nobis
3160 2694 3244 2739 est
3267 2726 3283 2751 ,
3330 2685 3420 2755 qui
3450 2684 3731 2742 Christum
3757 2702 3856 2761 sus-

2278 2771 2464 2827 citavit
2488 2786 2519 2826 u
2546 2773 2774 2828 mortuis
2801 2790 2816 2829 :
2850 2784 2906 2829 et
2931 2776 3021 2846 qui
3049 2777 3331 2831 suscitavit
3371 2777 3649 2834 Christum
3682 2794 3713 2834 a
3741 2794 3859 2834 mor-

2281 2865 2427 2932 tuis,
2494 2880 2720 2936 corpora
2784 2882 3001 2939 quoque
3048 2878 3235 2925 nostra
3280 2872 3528 2927 mortalia
3591 2872 3858 2928 viviﬁcahit

2277 2969 2498 3031 prepter
2543 2959 2872 3018 habitantem
2928 2963 3187 3032 Spiritum
3236 2964 3355 3034 ejus
3398 2965 3450 3021 in
3505 2967 3685 3023 nobis.
3737 2968 3854 3022 Vivi-

2279 3056 2504 3111 ﬁcamur
2528 3071 2659 3128 ergo
2681 3098 2698 3123 ,
2734 3069 2954 3129 propter
2983 3059 3315 3116 habitantem
3348 3061 3400 3117 in
3431 3064 3591 3118 nobis
3623 3064 3855 3133 Spiritum

2279 3148 2506 3215 Christi,
2540 3165 2637 3219 per
2664 3165 2788 3205 eum
2812 3151 2903 3222 qui
2930 3148 3205 3208 Christum
3238 3157 3520 3211 suscitavit
3566 3172 3600 3211 a
3628 3159 3855 3213 mortuis.

572 3245 680 3303 loci
710 3253 796 3303 est
823 3284 838 3311 ,
872 3254 933 3300 ut
964 3245 1333 3300 demonstrem
1361 3283 1378 3309 ,
1410 3257 1510 3298 cur
1537 3242 1611 3296 ita
1636 3236 1867 3297 dixerit:
1919 3241 2173 3309 Quoniam
2204 3224 2250 3290 C
2284 3241 2353 3297 Et
2380 3257 2503 3298 cum
2531 3247 2651 3313 ejus
2677 3283 2692 3309 ,
2723 3244 2813 3313 qui
2839 3246 3121 3301 suscitavit
3144 3245 3419 3303 Cbrismm
3446 3263 3475 3304 a
3510 3246 3738 3307 mortuis
3758 3293 3772 3316 ,
3815 3254 3856 3305 in

572 3338 638 3392 de
658 3353 769 3392 meo
794 3336 1043 3407 accipiet:
1075 3336 1236 3391 futuri
1265 3334 1412 3391 enim
1444 3334 1706 3402 temporis
1730 3333 2052 3404 signiﬁcatio
2067 3344 2171 3399 est,

572 3432 661 3489 ubi
685 3436 1006 3503 accepturus
1035 3429 1360 3486 ostenditur.
1414 3429 1569 3485 Nunc
1599 3439 1749 3484 certe
1788 3428 1913 3484 ideo
1937 3442 1967 3482 a
1991 3442 2053 3484 se
2081 3443 2169 3483 acc

574 3535 861 3597 capturum
887 3524 981 3587 ait,
1011 3524 1137 3594 quia
1168 3524 1349 3578 omnia
1379 3522 1555 3577 Patris
1576 3535 1671 3576 sua
1702 3528 1907 3577 essent.
1956 3518 2175 3576 Disseca

576 3629 785 3675 natum
816 3618 975 3688 huius
1001 3658 1017 3680 ,
1045 3614 1092 3671 si
1122 3625 1300 3687 potes,
1325 3615 1590 3671 unitatem
1613 3632 1626 3667 :
1669 3621 1726 3669 et
1749 3612 1985 3683 aliquam
2011 3613 2174 3669 dissi-

572 3713 900 3771 militudinis
930 3712 1069 3768 infer
1100 3713 1477 3769 necessitatem
1506 3752 1519 3777 ,
1552 3725 1647 3781 per
1676 3724 1837 3780 quam
1870 3708 2036 3764 Filius
2066 3727 2172 3765 non

571 3809 644 3864 sit
671 3807 726 3863 in
759 3807 963 3861 unitate
994 3812 1227 3861 natura.
1280 3805 1317 3858 Α
1350 3804 1510 3859 Patre
1534 3804 1677 3857 enim
1713 3801 1960 3873 promdit
2003 3802 2175 3872 Spiri.

578 3912 665 3959 tus
692 3900 935 3958 veritatis
960 3920 972 3956 :
999 3900 1095 3957 sed
1124 3900 1207 3970 (ἀ)
1234 3913 1262 3953 a
1285 3898 1427 3955 Filio
1450 3913 1479 3952 a
1512 3898 1671 3953 Patre
1703 3897 1949 3952 mittitur.
1979 3896 2173 3953 Omnia

570 4015 689 4070 quae
721 3999 893 4054 Patris
922 4005 1047 4054 sunt
1073 4039 1087 4062 ,
1122 3995 1246 4051 Filii
1277 4005 1438 4050 sunt:
1478 4003 1534 4049 et
1560 3994 1761 4049 idcirco
1789 3993 2049 4064 quidquid
2076 4010 2172 4050 ac-

569 4092 731 4158 cipiet
752 4132 767 4158 ,
814 4105 844 4145 a
887 4089 1027 4146 Filio
1047 4086 1132 4162 (ἢ)
1164 4087 1233 4159 (e)
1263 4088 1490 4158 accipiet
1530 4087 1622 4143 ille
1653 4087 1950 4143 mittendus
1973 4128 1991 4152 ,
2046 4089 2171 4156 quia

568 4182 690 4239 Filii
740 4194 866 4237 sunt
909 4182 1162 4237 universa
1189 4196 1309 4250 qua:
1337 4180 1518 4235 Patris
1547 4188 1693 4235 sunt.
1743 4179 1944 4235 Natura
1987 4180 2172 4257 itaque

568 4278 625 4333 in
654 4276 906 4333 omnibus
936 4286 1079 4331 tenet
1105 4290 1256 4330 suam
1289 4274 1465 4345 legem
1491 4315 1508 4342 ,
1553 4285 1607 4330 et
1636 4273 1778 4346 quod
1814 4292 1979 4330 unum
2010 4277 2171 4333 ambo

568 4381 736 4438 sunt,
788 4371 1031 4440 ejusdem
1057 4369 1109 4425 in
1142 4379 1373 4439 utroque
1402 4383 1498 4439 per
1521 4369 1929 4439 generationem
1979 4370 2175 4425 nativi-

640 4510 720 4582 (ι)
755 4509 821 4566 1η
841 4513 980 4565 omni
1004 4511 1230 4566 ueritate.
1260 4509 1403 4577 Mox,
1435 4509 1681 4580 loquitur.
1717 4510 1932 4581 Postea,
1965 4530 2173 4570 annun-

570 4585 713 4640 tiabit
736 4588 855 4638 sine
877 4582 1037 4638 vobis.

642 4655 723 4729 (2)
748 4657 967 4726 Accipit.

2280 3337 2438 3393 nobis
2463 3344 2548 3393 est
2570 3338 2802 3407 Spiritus
2824 3356 2839 3405 ;
2864 3350 2918 3395 et
2945 3339 3177 3410 Spiritus
3208 3341 3288 3414 (lt)
3326 3354 3505 3400 tamen
3535 3346 3592 3401 in
3624 3345 3773 3402 nobis
3792 3358 3859 3402 eat

2280 3432 2502 3498 Christi,
2535 3448 2634 3489 nec
2657 3443 2835 3489 tamen
2858 3449 2963 3490 non
2992 3434 3087 3490 Dei
3115 3444 3199 3491 est
3218 3437 3452 3508 Spiritus
3473 3480 3489 3505 ,
3518 3440 3610 3509 qui
3642 3439 3698 3494 in
3722 3440 3859 3495 nobis

2279 3535 2381 3581 est.
2434 3527 2691 3584 Discernc
2728 3529 2889 3599 igitur
2912 3570 2926 3595 ,
2959 3543 2995 3583 o
3022 3528 3272 3585 hmretice
3296 3572 3311 3597 ,
3364 3530 3629 3600 Spiritum
3676 3533 3856 3588 Christi

2282 3633 2310 3673 a
2337 3620 2538 3690 Spiritu
2564 3621 2658 3676 Dei
2685 3665 2700 3690 ,
2744 3629 2803 3678 et
2827 3622 3048 3679 excitati
3078 3637 3108 3677 a
3136 3625 3364 3680 mortuis
3389 3624 3657 3698 Spiritum
3681 3630 3856 3685 Citriin

2279 3714 2348 3770 ab
2379 3715 2581 3785 Spiritu
2609 3715 2703 3771 Dei
2735 3714 3010 3772 Christum
3053 3732 3084 3771 a
3128 3720 3357 3775 mortuis
3385 3722 3709 3788 excitantis;
3754 3734 3857 3778 cum

2279 3809 2594 3866 inhahttans
2624 3810 2681 3865 in
2708 3810 2865 3866 nobis
2893 3812 3127 3881 Spiritus
3149 3812 3372 3877 Christi,
3407 3815 3642 3886 Spiritus
3662 3817 3752 3873 Dei
3770 3817 3855 3880 sit;

2277 3908 2330 3960 et
2360 3919 2482 3958 eum
2512 3904 2742 3975 Spiritus
2773 3905 2971 3960 Christi
3004 3922 3033 3961 a
3068 3908 3295 3963 mortuis
3328 3909 3549 3965 excitati
3581 3954 3595 3975 .
3648 3911 3859 3982 Spiritus

2277 4005 2456 4051 tamen
2482 3996 2579 4051 Dei
2608 3996 2678 4051 sit
2705 3996 2979 4053 Christum
3011 4014 3039 4052 a
3069 4000 3299 4057 mortuis
3327 4002 3638 4058 exultantis.

2346 4089 2436 4146 92.
2466 4089 2694 4162 Spiritus
2731 4089 2829 4146 Dei
2856 4110 2924 4148 an
2974 4102 3183 4161 natura,
3232 4112 3300 4150 an
3342 4113 3425 4152 res
3454 4106 3677 4155 tiamne.
3704 4129 3769 4141 -
3798 4098 3857 4154 Et

2278 4199 2463 4256 quaero
2492 4199 2632 4239 nunc
2661 4185 2712 4239 in
2742 4182 2945 4255 Spiritu
3006 4188 3098 4242 Dei
3147 4196 3325 4244 utrum
3374 4199 3649 4259 naturam,
3672 4208 3736 4247 an
3758 4205 3853 4247 rom

2277 4288 2484 4333 naturae
2506 4276 2859 4349 signiﬁcatam
2882 4278 3186 4337 existimes.
3217 4280 3335 4336 Non
3364 4282 3505 4337 idem
3525 4293 3611 4339 est
3634 4284 3694 4358 (i)
3730 4283 3853 4338 enim

2280 4382 2496 4443 natura,
2521 4374 2665 4445 quod
2687 4381 2895 4429 natura:
2926 4390 3014 4431 res
3039 4393 3057 4430 :
3082 4376 3241 4432 sicuti
3271 4392 3377 4433 non
3403 4378 3547 4435 idem
3570 4388 3657 4435 est
3693 4379 3853 4442 bona,

2353 4519 2434 4590 (ὃ)
2467 4518 2529 4574 Si
2568 4518 2777 4590 quidem
2803 4518 3033 4589 Spiritus
3072 4517 3169 4574 Dei
3208 4518 3403 4575 habitat
3431 4520 3484 4575 επ
3523 4520 3703 4588 nobis,
3723 4518 3855 4591 juxta

2279 4604 2516 4660 grtucum
2552 4599 2777 4645 textum.

2347 4660 2428 4736 (4)
2465 4661 2683 4735 Propter
2695 4661 3146 4735 justiﬁcatiouem.

640 4793 715 4868 (ιι)
741 4792 997 4877 iniusta
1023 4806 1259 4877 greci-tm
1290 4788 1760 4877 codexﬁVatthas.
1786 4803 1917 4873 cum
1940 4790 2162 4877 .biartin.
2198 4793 2246 4854 ι)
2344 4794 2419 4877 (ς)
2446 4794 2578 4877 Mss.
2609 4795 2816 4877 accipit:

570 4863 805 4931 cancris,
823 4863 922 4920 lib.
948 4881 1008 4927 tl,
1042 4881 1093 4918 ιι.
1126 4865 1218 4931 35,
1251 4863 1757 4919 consentientibus:
1785 4864 1841 4918 in
1864 4863 2059 4934 quibus
2089 4875 2167 4920 ta-

567 4954 694 4995 men
725 4938 810 4991 hic
837 4945 1014 4991 exstat
1038 4937 1094 4989 in
1114 4936 1252 4990 omni
1282 4938 1510 4992 veritate.
1544 4996 1547 5001 _

639 5008 718 5083 (ι)
746 5007 1099 5083 Injulgatis,
1141 5007 1273 5083 nihil
1302 5006 1529 5083 differre.
1577 5005 1802 5083 ﬂectitis
1841 5007 1996 5083 abest
2035 5006 2168 5063 nihil

568 5097 599 5138 a
632 5078 762 5136 mss.
796 5078 1123 5151 Conueditur
1147 5079 1472 5135 adversariis
1500 5078 1759 5151 quidquid
1786 5079 2073 5145 Volueriut,
2110 5089 2177 5137 ut

571 5152 961 5212 invincibiliter
982 5150 1348 5208 revincuntur.

636 5225 715 5350 (ξ)
746 5224 876 5280 Mss.
907 5224 1023 5288 bas.
1057 5222 1205 5288 Vat.,
1232 5218 1470 5286 Martin.,
1497 5221 1659 5278 Carn.
1688 5222 1888 5293 aliique
1909 5264 1924 5287 .
1948 5222 2083 5292 quod
2105 5224 2171 5278 sit

683 5308 789 5350 alre
817 5294 1104 5350 procedere.
1167 5294 1465 5349 Retineuda
1507 5295 1668 5350 lectio
1703 5295 1914 5350 vuluata
1939 5335 1956 5350 .
2001 5311 2162 5350 uuam

569 5317 603 5355 a

2344 4865 2415 4939 (f)
2444 4867 2561 4924 Lib.
2595 4883 2632 4922 ιι
2654 4884 2756 4941 ,n.
2785 4867 2855 4923 29
2881 4909 2897 4932 ,
2935 4882 3058 4924 cum
3108 4866 3357 4941 pluribus
3381 4882 3514 4924 mss.
3541 4878 3601 4926 et
3628 4866 3853 4926 erunibus

2271 4938 2400 4993 edit.
2432 4941 2625 5007 legitur
2645 4940 2688 4992 si
2717 4949 2907 4994 tamen.

2346 5010 2422 5084 (g)
2463 5010 2687 5086 Carnut.
2738 5011 2908 5068 codex
2938 5053 2956 5080 ,
3005 5022 3216 5085 prapter
3260 5025 3531 5086 peccamus
3555 5030 3574 5069 :
3604 5022 3663 5069 et
3700 5025 3810 5069 mox
3834 5052 3848 5077 ,

2273 5084 2773 5159 praeterissem"!-

2349 5153 2618 5227 (h)'iL"diti,
2652 5154 2914 5210 suscitavit
2954 5155 3168 5212 Jesum:
3212 5154 3600 5212 dissidentibus
3641 5171 3761 5212 mss.
3800 5160 3857 5227 rt

2271 5225 2452 5298 grtuco
2484 5236 2630 5281 textu
2657 5268 2670 5287 ,
2703 5238 2760 5280 ut
2780 5227 2889 5296 jam
2918 5237 3159 5283 notatum
3188 5228 3281 5283 lib.
3308 5244 3345 5282 ιι
3367 5271 3385 5294 ,
3425 5246 3479 5283 rt.
3508 5229 3600 5285 39.
3644 5229 3755 5285 Mox
3797 5225 3847 5278 in

683 5308 789 5351 utre
812 5294 1104 5375 procedere.
1167 5294 1465 5375 ttetjneuda
1507 5295 1668 5375 lectio
1703 5295 1914 5366 vulgata
1939 5335 1956 5360 ,
2001 5311 2162 5365 quam
2268 5294 2596 5375 vetere_ms.
2630 5294 2790 5375 Coll).
2807 5298 3049 5375 spiritum
3078 5304 3213 5375 ejus,
3242 5315 3548 5375 transuitur.

570 5365 920 5432 uomentium
946 5367 1101 5421 Culb.
1130 5365 1388 5437 exhibent
1417 5375 1465 5420 et
1498 5366 1680 5437 plures
1710 5365 1843 5421 mss.

644 5440 725 5511 (ά)
752 5440 805 5511 in
834 5440 1084 5509 vulgatis,
1129 5454 1161 5511 ιι
1195 5435 1335 5490 Filio
1362 5435 1580 5511 mittitur
1607 5446 1653 5511 et
1681 5453 1725 5511 a_
1748 5437 1921 5511 Patr_e_.
1968 5437 2023 5494 In
2055 5456 2160 5494 ms.

578 5507 695 5565 bas.
723 5510 870 5575 Vat.,
900 5507 1010 5565 uno
1039 5509 1270 5565 Sorbcn.
1321 5517 1373 5561 et
1416 5508 1586 5562 altero
1614 5507 1769 5563 Colb.
1802 5524 1832 5563 α
1868 5508 2003 5564 Filio
2023 5512 2159 5566 acci~

574 5583 698 5654 piat.
729 5600 762 5636 a
789 5582 947 5637 Patre
971 5582 1226 5654 mittitur;
1270 5579 1327 5654 in
1353 5578 1565 5654 Martin.
1610 5578 1823 5654 ahlt‘t'lio
1853 5582 2035 5654 accipit
2065 5596 2113 5654 et
2138 5598 2170 5637 tt

584 5652 746 5707 Patre
775 5655 1015 5709 mittitur.
1051 5653 1239 5709 Verius
1269 5653 1320 5705 in
1345 5651 1586 5721 pluribus
1613 5650 1757 5717 aliis,
1783 5668 1816 5705 a
1846 5650 1985 5708 rma
2005 5672 2037 5707 a
2065 5653 2173 5709 Par

586 5734 663 5778 tre
686 5725 943 5789 mittitur;
977 5741 1098 5781 cum
1133 5724 1271 5779 haud
1299 5722 1462 5779 dubie
1488 5722 1812 5789 t'eSpiciatur
1837 5723 1962 5789 illud
1981 5767 1994 5784 .
2029 5742 2180 5789 quem

2343 5369 2411 5443 (i)
2461 5371 2579 5424 Par.
2638 5370 2726 5424 sed
2797 5371 2881 5424 hic
2941 5369 3193 5442 Spiritus.
3242 5370 3433 5426 Melius
3484 5373 3577 5428 alii
3631 5371 3760 5437 libri,
3803 5376 3851 5420 ει

2270 5440 2524 5515 Spiritus,
2556 5443 2709 5513 quasi
2735 5443 2871 5496 idem
2899 5440 3098 5514 quoque
3122 5442 3377 5515 Spiritus.

2307 5511 2326 5595 ξ
2344 5512 2420 5588 (j)
2441 5513 2531 5595 Sic
2576 5511 2712 5569 uisa.
2745 5516 2814 5569 At
2840 5511 3056 5582 excusi,
3089 5517 3144 5570 in
3168 5511 3334 5572 nobis
3355 5524 3456 5585 est,
3478 5518 3591 5591 ejus
3612 5525 3713 5571 tutu
3742 5511 3856 5583 Spi-

2272 5592 2695 5727 rma.)
2725 5656 2780 5713 in
2810 5659 2899 5715 hic
2920 5659 3137 5715 excusis
3163 5668 3273 5715 tum
3301 5666 3401 5730 pro
3431 5670 3598 5716 tmneu
3627 5664 3752 5714 erat.

2365 5724 2426 5801 (Ι)
2454 5730 2621 5785 Abest.
2667 5729 2802 5801 enirn
2828 5747 2856 5785 a
2914 5724 3315 5787 vetustioribus
3340 5749 3476 5788 mss.
3498 5731 3749 5801 Quaeritur
3768 5724 3853 5779 hic

591 5810 685 5866 ego
711 5796 924 5887 utith
936 5798 1071 5887 nobis
1100 5814 1131 5851 α
1171 5795 1351 5853 Patre.
1394 5795 1720 5887 Sfrupulosf
1763 5794 1899 5887 adeo
1925 5796 2185 5887 .llilarius
2280 5794 2459 5856 utrum
2485 5801 2713 5887 Spiritus
2740 5800 3087 5887 De_i_nomi-ne
3114 5794 3581 5887 propriamPatris
3602 5810 3851 5864 naturam,

590 5867 775 5927 omnia
799 5867 869 5924 de
892 5869 1095 5941 Spiritu
1124 5880 1312 5927 sancto
1333 5869 1499 5928 verba
1517 5865 1613 5927 sua
1627 5883 1658 5925 c
1677 5865 1970 5938 Scripturis
1992 5870 2185 5943 exigit.

2284 5889 2353 5931 an
2384 5888 2503 5931 rem
2556 5873 2701 5934 illius
2737 5876 2955 5949 quidem
2988 5873 3289 5952 propriam,
3312 5876 3415 5939 sed
3448 5877 3519 5938 ab
3551 5877 3664 5950 ipso
3686 5884 3852 5931 tamen
