3988 6332
78 352 174 406 953

1272 354 1357 412 DE
1397 351 1769 413 TRINITATE
1808 356 2010 413 LIBER
2056 358 2182 416 Vlll.

3251 364 3357 421 ⁸ὶῖὶὶ

80 480 128 526 ιιι
170 468 308 541 quod
354 466 591 527 hominis
619 476 723 541 ρει,
753 487 855 529 nec
910 472 1049 528 idem
1105 481 1189 531 est
1244 473 1403 548 ignis,
1440 482 1497 532 et
1522 474 1663 549 quod
1692 475 1748 538 Α
1770 474 1871 532 rali
1896 475 2078 547 modo,
2101 491 2221 534 cum
2250 474 2448 535 alicubi
2480 477 2625 551 insit,
2658 494 2763 535 non
2795 488 2848 537 et
2878 481 3073 553 ubique
3101 496 3221 538 esse
3245 499 3363 539 cre-

79 564 205 636 ignis
233 564 402 635 ipsius
424 572 537 621 est:
560 574 615 621 et
642 565 937 622 secundum
965 566 1069 625 hoc
1089 582 1196 624 non
1223 566 1364 625 idem
1394 579 1473 625 est
1497 570 1658 638 Deus,

80 665 127 713 et
150 656 287 730 quod
331 656 423 714 Dei
452 666 555 715 est.

140 752 224 807 23.
259 750 420 807 Modo
444 750 673 819 Patrem,
698 753 849 810 modo
868 754 1034 828 filium
1065 756 1415 829 signiﬁcat.—
1443 755 1658 814 Memini

79 847 207 903 enim
237 847 289 901 in
338 848 540 919 Spiritu
596 848 687 904 Dei
736 849 806 904 ita
839 849 1005 904 ﬁlium
1057 851 1149 906 Dei
1195 852 1505 922 signiﬁcari,
1528 852 1659 908 utin

78 955 136 996 eo
159 938 228 1012 (α)
261 940 407 997 Deus
456 949 609 1013 paler
636 939 1038 998 demonstratus
1066 958 1186 999 esse
1226 942 1573 1016 intelligatur,
1609 954 1663 1001 et

78 1035 134 1089 ad
163 1033 404 1105 cujusvis
431 1033 947 1091 demonstrationem
992 1051 1153 1108 posse
1180 1036 1538 1108 signiﬁcatum
1567 1037 1660 1094 Dei

79 1128 321 1199 Spiritum
356 1129 626 1199 pertinere
649 1146 663 1184 :
686 1144 861 1201 neque
880 1138 1083 1185 tantum
1112 1130 1213 1184 hoc
1236 1146 1301 1185 ex
1326 1130 1658 1203 prophetica,

78 1221 160 1280 sed
190 1238 254 1278 ex
294 1223 603 1294 evangelica
635 1225 957 1280 auctoritate
1004 1226 1317 1293 monstrari,
1372 1242 1493 1282 cum
1525 1225 1659 1281 dici-

77 1325 178 1373 tur:
196 1317 425 1391 Spiritus
445 1314 651 1373 Domini
665 1334 821 1387 super
842 1335 941 1386 me,
956 1328 1226 1390 prapterea
1246 1320 1393 1375 unxit
1407 1337 1485 1374 me
1505 1317 1656 1393 (Luc.

76 1424 139 1476 tv,
159 1407 280 1481 l8);
310 1417 366 1465 et
395 1424 608 1465 rursum
641 1408 879 1481 (Mallia,
916 1427 1010 1480 xu,
1040 1410 1129 1485 18)
1166 1430 1179 1467 :
1214 1411 1344 1466 Ecce
1374 1429 1500 1477 puer
1522 1430 1662 1468 meus

74 1521 203 1576 quem
219 1504 371 1575 elegi,
391 1503 605 1558 dilectus
623 1521 762 1560 meus
782 1506 835 1559 in
853 1521 952 1577 quo
979 1508 1288 1576 complacuit
1313 1509 1500 1563 (minue
1517 1525 1656 1575 mete,

74 1614 243 1669 ponam
272 1612 427 1667 super
447 1612 562 1651 eum
592 1593 844 1672 Spiritum
867 1597 1030 1673 230
1057 1616 1225 1655 meum
1249 1612 1338 1667 ;et
1361 1602 1477 1671 ipso
1507 1600 1575 1656 de
1603 1615 1662 1658 se

75 1691 285 1747 Domino
316 1699 553 1749 testante
582 1691 683 1749 :Si
725 1702 893 1748 autem
922 1696 979 1748 in
1030 1694 1234 1763 Spiritu
1254 1690 1351 1751 Dei
1378 1713 1471 1768 ego
1509 1697 1662 1771 ejicio

72 1787 331 1855 dwmonia,
362 1787 536 1859 utique
559 1788 884 1860 apprOpiavit
921 1788 973 1844 in
1004 1787 1144 1844 vobis
1172 1807 1383 1864 regnum
1406 1788 1501 1845 Dei
1527 1788 1658 1865 lb.,

1765 571 1964 629 datur:
1993 588 2115 629 eum
2151 589 2247 642 per
2272 590 2367 631 sua
2416 572 2469 630 in
2519 576 2768 630 omnibus
2806 590 2929 635 esse
2970 593 3077 632 non
3106 577 3314 633 desinat
3345 595 3360 649 ς

1765 684 1871 725 non
1904 667 2048 723 aliud
2094 678 2271 725 autem
2322 668 2452 735 sint,
2499 684 2660 740 quam
2711 669 2853 743 quod
2905 678 2985 726 est
3032 671 3147 738 ipse
3176 712 3188 735 ,
3242 687 3362 743 qua:

1768 778 1863 817 sua
1892 771 2036 818 sunt.
2091 762 2157 821 Et
2182 762 2299 819 haec
2338 762 2554 836 quidem
2586 762 2651 819 ad
2701 774 2908 819 natura:
2952 765 3361 838 intelligentiam

1765 857 1905 915 dicta
1936 869 2080 914 sunt.

1752 966 1760 975 ί
1834 952 1929 1009 25.
1961 950 2029 1007 In
2070 952 2273 1024 Spiritu
2326 950 2424 1007 Dei
2471 953 2792 1026 signiﬁcatur
2818 948 2992 1007 Pater.
3020 951 3357 1027 Signiﬁcatur

1766 1045 1957 1102 Filius.
1992 1046 2329 1120 Signiﬁcatur
2375 1058 2422 1102 et
2469 1046 2697 1114 Spiritus
2737 1045 3099 1101 sanctus.—ln
3150 1045 3352 1116 Spiritu

1766 1150 1946 1198 autem
1999 1143 2088 1197 Dei
2122 1140 2194 1215 (ε)
2220 1153 2425 1212 patrem
2452 1127 2641 1197 Deum
2670 1140 2984 1212 signiﬁcari,
3010 1141 3079 1195 ita
3112 1143 3363 1196 existimo

1766 1237 1994 1307 intelligi
2037 1248 2309 1308 oportere,
2341 1236 2481 1308 quod
2535 1237 2793 1306 Spiritum
2834 1235 3045 1290 Domini
3092 1249 3256 1303 super
3303 1250 3362 1290 se

1763 1347 1885 1388 esse
1930 1330 2189 1386 Dominus
2223 1330 2384 1388 Jesus
2411 1330 2659 1387 Christus
2703 1329 2980 1402 professus
3022 1332 3114 1394 sit,
3144 1336 3363 1400 propter

1766 1422 1909 1495 quod
1941 1438 2064 1478 eum
2096 1431 2280 1492 ungat,
2310 1433 2362 1478 et
2395 1423 2569 1478 mittat
2610 1420 2679 1477 ad
2729 1419 3228 1493 evangelizandum.
3263 1420 3362 1475 Pa-

1767 1526 1934 1573 ternse
1962 1516 2105 1573 enim
2137 1527 2343 1572 naturae
2360 1516 2532 1573 virtus
2557 1517 2608 1572 in
2627 1533 2692 1572 eo
2717 1515 3128 1582 manifestatur;
3159 1524 3365 1571 natura:

1771 1626 1883 1667 suae
1911 1611 2348 1667 communionem
2401 1610 2454 1667 in
2487 1610 2626 1666 Filio
2654 1610 2812 1665 etiam
2844 1611 2914 1684 (ί)
2947 1612 3000 1665 in
3043 1626 3208 1667 carne
3238 1618 3365 1667 nato

1768 1722 1864 1779 per
1886 1716 2278 1762 sacramentum
2306 1706 2570 1775 spiritalis
2593 1706 2750 1776 hujus
2775 1706 3045 1761 unctionis
3072 1704 3364 1762 ostendens

1771 1799 2017 1874 (Matth.,
2046 1815 2123 1865 ιιι,
2155 1799 2271 1863 l7),
2304 1814 2424 1854 cum
2459 1808 2579 1870 post
2615 1799 2970 1854 consummati
2992 1797 3241 1869 baptismi
3271 1814 3368 1853 na-

75 1877 161 1951 28)
189 1897 202 1934 :
227 1880 344 1935 haec
364 1880 509 1936 enim
540 1879 796 1935 videntur
825 1877 898 1955 (b)
926 1897 1032 1937 non
1063 1880 1313 1954 ambigue
1335 1882 1415 1938 vel
1446 1882 1657 1938 Patrem
1691 1884 1740 1947 Β
1768 1893 2029 1949 limacem
2051 1902 2157 1948 tum
2190 1894 2307 1948 tunc
2330 1891 2406 1966 (ρ)
2436 1908 2650 1964 quoque
2674 1890 3014 1963 proprietatis
3040 1890 3362 1962 signiﬁcatio

70 1974 380 2046 signiﬁcare,
419 1977 503 2031 vel
552 1973 741 2047 lilium,
799 1978 1050 2033 virtutem
1082 1986 1261 2034 tamen
1308 1988 1509 2034 naturae
1540 1995 1657 2035 ma-

68 2069 369 2126 niiestantia

134 2162 229 2223 24.
254 2160 357 2218 Cur
382 2172 585 2236 uterque
632 2164 802 2220 dictus
831 2164 896 2220 sit
929 2163 1251 2239 Spiritus.-—
1284 2164 1527 2238 Namque
1572 2165 1655 2221 id-

67 2257 212 2312 circo
238 2257 431 2312 dictum
458 2259 710 2315 existimo
739 2259 793 2315 in
824 2268 1050 2330 utroque
1077 2257 1148 2331 (ε)
1174 2257 1402 2331 Spiritus
1436 2258 1560 2325 Dei,
1590 2274 1659 2313 ne

66 2352 353 2410 secundum
384 2358 695 2427 corporales
722 2350 916 2411 modos
947 2357 1016 2411 ita
1055 2357 1231 2412 inesse
1261 2354 1453 2411 Filium
1477 2354 1528 2410 in
1556 2355 1657 2412 Pa-

69 2449 142 2500 tre
168 2445 249 2501 rel
295 2442 509 2501 Patrem
540 2444 592 2502 in
623 2444 762 2503 Filio
792 2447 1138 2505 crederemus
1169 2467 1181 2504 :
1207 2449 1413 2505 scilicet
1443 2465 1509 2504 ne
1538 2449 1659 2504 loco

70 2540 200 2594 Deus
226 2556 472 2605 manens,
495 2557 758 2613 nusquam
781 2543 909 2599 alibi
931 2554 1147 2600 exstare
1166 2540 1440 2599 videretur
1460 2562 1488 2599 a
1513 2561 1654 2600 sese.

71 2632 227 2690 llomo
253 2633 426 2699 enim,
459 2643 552 2691 aut
580 2636 782 2708 aliquid
830 2638 978 2694 aliud
1010 2639 1059 2694 ei
1090 2639 1287 2705 simile,
1311 2654 1434 2695 cum
1463 2639 1658 2696 alicubi

75 2728 181 2794 erit,
209 2737 391 2785 tamen
424 2728 551 2787 alibi
603 2746 705 2787 non
755 2730 903 2788 erit:
937 2732 1063 2802 quia
1095 2732 1171 2797 id,
1202 2731 1345 2803 quod
1397 2742 1479 2788 est
1526 2733 1656 2802 illic,

76 2823 365 2878 continetur
392 2825 480 2879 ubi
534 2823 692 2880 fuerit
721 2841 735 2892 ;
764 2826 844 2895 (ά)
879 2826 1091 2880 inlirma
1121 2824 1189 2880 ad
1214 2825 1266 2881 id
1298 2836 1487 2881 natura
1517 2825 1656 2900 ejus,

78 2925 126 2970 ut
150 2915 340 2986 ubique
366 2918 464 2984 sit,
492 2917 579 2988 qui
615 2915 871 2974 insistens
918 2918 1113 2974 alicubi
1169 2918 1259 2974 sit.
1315 2919 1451 2975 Deus
1478 2930 1656 2977 autem

76 3009 335 3067 immensa:
361 3012 579 3068 virtutis
606 3014 791 3069 vivens
828 3022 1089 3085 potestas.
1113 3030 1233 3085 quae
1257 3031 1518 3087 nusquam
1552 3032 1657 3073 non

74 3101 209 3171 adsit,
239 3120 347 3162 nec
377 3104 518 3162 desit
547 3122 795 3178 usquam,
829 3122 888 3163 se
918 3123 1133 3164 omnem
1161 3122 1262 3179 per
1308 3123 1405 3163 sua
1445 3108 1657 3176 edocet,

72 3204 119 3249 et
141 3212 223 3250 sua
250 3214 363 3253 non
391 3196 535 3253 aliud
566 3214 727 3273 quam
761 3215 819 3255 se
859 3215 983 3257 esse
1024 3199 1291 3273 signiﬁcat
1320 3218 1333 3255 :
1362 3198 1443 3276 (2)
1474 3210 1532 3257 ut
1571 3196 1660 3259 ubi

1764 1987 1942 2044 audita
1972 1996 2074 2055 est,
2107 2001 2239 2042 voce
2271 1996 2503 2043 testante
2542 1986 2610 2043 de
2640 1986 2777 2041 coelo
2805 2003 2823 2041 :
2850 1984 3016 2041 Filius
3045 2000 3185 2041 meus
3209 2000 3260 2038 es
3286 1988 3361 2052 tu,

1764 2098 1857 2155 ego
1884 2080 2035 2135 hodie
2058 2079 2209 2152 genui
2240 2090 2286 2134 te
2315 2078 2432 2154 (Ps.
2454 2094 2513 2147 ιι,
2540 2076 2618 2151 7).
2640 2078 2751 2133 Non
2779 2077 2920 2133 enim
2952 2077 3034 2131 vel
3063 2077 3176 2147 ipse
3204 2092 3367 2142 super

1764 2189 1824 2229 se
1854 2187 1996 2239 esse,
2028 2171 2106 2226 vel
2151 2170 2254 2226 sibi
2281 2169 2350 2225 de
2375 2169 2527 2226 etelis
2568 2170 2778 2232 adesse,
2804 2169 2890 2225 vel
2915 2169 3087 2242 ipsum
3116 2183 3175 2224 se
3203 2164 3362 2242 231

1763 2267 2175 2339 cognominasse
2193 2264 2296 2321 sibi
2325 2265 2487 2320 ﬁlium
2513 2264 2895 2336 intelligendus
2922 2273 3005 2319 est
3029 2281 3041 2317 :
3074 2262 3166 2318 sed
3190 2263 3365 2317 omnis

1761 2361 1879 2416 hmc
1903 2360 2023 2415 lidei
2071 2368 2270 2415 nostra:
2300 2356 2395 2413 fuit
2437 2357 2848 2424 demonstratio,
2885 2365 2940 2411 ut
2969 2356 3068 2411 sub
3102 2350 3363 2425 perfecta:

1762 2471 1825 2512 ac
1854 2470 1997 2510 verre
2026 2451 2316 2508 nativitatis
2346 2461 2707 2518 sacramento,
2754 2449 3017 2505 unitatem
3051 2446 3130 2522 (h)
3158 2457 3365 2509 naturae

1761 2548 2030 2602 manentis
2053 2547 2105 2600 in
2137 2540 2293 2608 Filio,
2314 2544 2401 2616 qui
2425 2544 2586 2599 etiam
2612 2540 2776 2598 homo
2803 2557 2925 2598 esse
2947 2549 3209 2613 coeperat,
3240 2555 3368 2596 nos-

1762 2654 2034 2701 ceremus.
2061 2639 2129 2695 Et
2150 2631 2364 2696 P'atrem
2389 2639 2605 2711 quidem
2657 2637 2708 2693 in
2743 2637 2835 2692 Dei
2862 2636 3068 2707 Spiritu
3098 2635 3170 2690 ita
3199 2632 3368 2706 signi-

1763 2735 1912 2792 ﬁcari
1942 2743 2218 2805 repertum
2244 2742 2347 2788 est.
2390 2728 2584 2787 Filium
2618 2745 2746 2785 vero
2777 2729 2878 2784 boc
2908 2726 3068 2783 modo
3113 2726 3367 2782 demons-

1764 2840 1963 2886 tratum
2012 2825 2395 2896 intelligimus,
2424 2838 2545 2879 cum
2591 2822 2723 2878 dicit
2763 2838 2777 2877 :
2812 2821 2965 2889 Quod
3006 2821 3050 2875 si
3082 2819 3135 2875 in
3163 2818 3367 2888 Spiritu

1763 2920 1861 2977 Dei
1883 2935 1973 2993 ego
2001 2918 2147 2990 ejicio
2172 2916 2448 2983 daemones,
2480 2916 2656 2984 utique
2681 2914 3005 2988 appropiuvit
3033 2911 3087 2967 in
3115 2910 3254 2967 vobis
3284 2928 3367 2965 re-

1762 3030 1921 3090 gnum
1955 3012 2092 3067 Dei:
2122 3026 2181 3066 se
2206 3010 2430 3072 scilicet,
2464 3007 2515 3062 id
2570 3017 2674 3074 est,
2707 3015 2912 3061 natura:
2961 3020 3072 3061 sum
3100 3010 3365 3073 potestale

1762 3108 2037 3164 daemones
2064 3104 2262 3177 ejicere
2290 3102 2692 3166 demonstrans,
2720 3101 2809 3171 qui
2842 3113 2947 3154 non
2982 3097 3081 3153 nisi
3116 3097 3207 3152 Dei
3231 3094 3357 3165 Spi~

1761 3203 1866 3260 ritu
1910 3201 2032 3274 ejici
2088 3197 2315 3273 possint.
2367 3194 2462 3250 Est
2496 3202 2673 3251 autem
2725 3203 2778 3250 et
2807 3193 2861 3249 in
2889 3190 3091 3263 Spiritu
3121 3186 3215 3245 Dei
3242 3186 3364 3260 Spi-

71 3302 150 3343 sua
179 3290 363 3359 insint,
397 3290 514 3361 ipse
556 3307 678 3349 esse
727 3293 1081 3367 intelligatur.
1118 3293 1232 3351 Non
1262 3303 1439 3353 autem
1467 3311 1660 3370 corpo—
1686 3286 1731 3353 C
1766 3297 1902 3353 ritus
1950 3291 2209 3368 paraeleti
2263 3288 2624 3365 signiﬁcatio;
2674 3302 2851 3358 neque
2896 3284 3070 3343 solum
3126 3280 3363 3357 prophe-

131 3455 205 3529 (t)
243 3452 613 3528 Manifestum.

70 3621 365 3677 distinctam
414 3617 593 3675 velint
619 3615 936 3691 signiﬁcari.
970 3616 1043 3674 Ita
1078 3616 1174 3672 lib.
1201 3633 1259 3685 ιι,
1285 3632 1339 3673 ιι.
1370 3618 1458 3683 53,
1485 3618 1656 3691 Spiris

71 3706 143 3747 tus
170 3703 397 3749 sanctus
438 3707 466 3745 a
503 3691 731 3751 Domino
759 3688 1047 3761 distinctus
1077 3694 1330 3760 docetur,
1352 3691 1475 3761 quia
1517 3688 1656 3747 alius

70 3778 140 3820 est
164 3765 423 3835 Spiritus,
453 3764 591 3817 alius
623 3748 776 3835 cujus
806 3767 887 3815 est
915 3748 1168 3832 Spiritus.
1205 3764 1270 3835 At
1300 3748 1427 3816 vero
1451 3773 1655 3818 utrum-

73 3839 141 3892 vis
156 3833 563 3899 eligattt,Pater
587 3844 641 3889 et
661 3833 836 3888 Filius
857 3835 1017 3888 unius
1031 3834 1389 3889 ostenduntur
1410 3844 1614 3889 natura:
1638 3851 1651 3889 :

70 3924 175 3963 cum
192 3904 399 3964 (lbi-isti
429 3906 712 3973 Patrisque
736 3918 876 3960 unus
899 3916 953 3960 et
976 3904 1120 3961 idem
1143 3907 1213 3961 sit
1241 3905 1499 3974 Spiritus,
1529 3920 1654 3975 pro-

72 3982 287 4050 indeqne
313 3987 507 4035 natura
540 3996 554 4042 ;
584 3989 640 4035 et
685 3977 917 4047 Spiritus
941 3990 1161 4033 sanctus
1187 3989 1241 4032 ut
1278 3978 1471 4042 Patris,
1503 3980 1572 4032 ita
1602 3988 1657 4034 et

70 4051 247 4107 Christi
273 4054 374 4114 sit,
404 4050 649 4116 adeoaue
666 4065 753 4105 res
776 4059 983 4105 natura:
1006 4051 1182 4117 unius,
1208 4064 1303 4105 seu
1319 4065 1505 4105 eorum
1526 4066 1658 4122 quo-

72 4140 175 4178 rum
201 4136 395 4179 natura
430 4138 534 4177 una
565 4123 655 4176 sit.

150 4197 201 4265 ιι)
227 4196 503 4253 Nimirum
521 4192 793 4250 vocabulo
817 4191 1049 4265 Spiritus
1073 4189 1195 4249 Dei.

153 4264 204 4337 ὁ)
231 4268 290 4323 ln
322 4265 515 4322 codice
562 4270 677 4321 bas.
719 4265 836 4320 Vat.
872 4264 1017 4318 nobis
1066 4281 1162 4333 pro
1207 4281 1331 4330 non,
1362 4278 1427 4320 ac
1473 4272 1659 4337 postea

67 4334 421 4394 cum'Martin.
453 4340 786 4407 manifestam
808 4353 905 4405 pro
931 4337 1318 4401 manifestantia
1342 4353 1360 4392 :
1390 4337 1547 4390 male.
1575 4334 1662 4391 lu-

68 4412 251 4467 stitntzr.
289 4411 587 4481 quaestioni
621 4412 850 4481 primum
896 4409 982 4462 hic
1029 4407 1263 4481 habe_tur_
1315 4423 1659 4477 responsum,

66 4492 176 4549 puta
224 4478 472 4553 Spiritus
514 4481 777 4553 vocabulo
824 4480 999 4553 Patris
1042 4489 1094 4535 et
1146 4478 1270 4535 Filii
1303 4481 1578 4553 virtutem,
1608 4489 1663 4537 et

67 4551 282 4623 perinde
314 4563 564 4609 naturam
596 4551 884 4621 signiﬁcari
917 4571 930 4607 :
958 4552 1092 4617 Quia
1116 4562 1314 4605 natura:
1337 4552 1663 4623 uirtusprte-

64 4622 153 4681 stat
184 4628 481 4693 veritatem,
514 4633 570 4679 ut
597 4624 847 4695 legimus,
879 4623 972 4678 lib.
1006 4639 1065 4687 γ,
1095 4640 1149 4691 n.
1189 4623 1246 4681 ’5.
1275 4623 1410 4678 Tum
1436 4622 1663 4680 subinde

64 4697 278 4756 docetur
308 4698 411 4753 Dei
464 4708 709 4751 naturam
759 4696 984 4765 spiritus
1014 4696 1232 4751 nomine
1279 4695 1402 4751 ideo
1444 4696 1659 4762 donari,

65 4770 175 4837 quia
214 4784 438 4827 sutnt
466 4768 693 4835 simplex
720 4759 828 4835 esi,
859 4776 915 4823 et
967 4782 1034 4824 ne
1064 4766 1132 4823 de
1160 4767 1274 4823 Deo
1318 4765 1387 4822 ad
1439 4759 1660 4823 modum
1687 4759 1743 4821 D
1767 4770 1868 4824 sita
1926 4778 2033 4825 est.
2077 4768 2148 4824 Se

63 4856 348 4912 corporum
381 4841 701 4913 cogitemus.

124 4936 196 5008 (ο)
227 4936 310 4991 tta
348 4948 479 5008 mss.
495 4929 909 5008 Martinliolb...
931 4931 1141 5008 βαιῇ..
1157 4946 1368 5008 necnon
1394 4932 1664 4989 Corb.se-

60 5003 239 5063 cundia
271 5007 445 5063 curis.
477 5005 545 5061 At
573 5004 799 5075 vulgati,
828 5005 1066 5075 spiritum
1089 5003 1211 5059 Dei.

123 5080 207 5147 (ά)
236 5080 361 5135 Hoc
389 5088 491 5141 est,
527 5074 821 5146 impotente
848 5074 914 5131 ad
952 5076 1003 5131 id
1036 5085 1095 5130 ut
1118 5076 1314 5147 ubique
1342 5076 1432 5130 sit.
1478 5074 1662 5146 Neque

61 5150 311 5206 audiendi
343 5150 678 5205 recentiores
709 5163 839 5204 mss.
869 5149 924 5204 in
951 5149 1149 5220 quibus
1169 5147 1421 5215 habetur,
1459 5157 1517 5204 ut
1550 5150 1663 5203 ubi—

57 5239 147 5289 que
170 5240 277 5279 non
308 5222 401 5277 sit.

123 5318 195 5385 (ε)
226 5316 287 5371 Id
321 5323 431 5381 est,
456 5312 509 5369 in
541 5314 723 5385 verbis
751 5311 1068 5385 Esaize‘cxr,
1099 5314 1147 5379 l,
1174 5312 1317 5384 apud
1347 5312 1545 5369 Lucani
1570 5328 1658 5369 re.

58 5382 193 5459 latis,
229 5386 435 5459 quibus
477 5388 550 5441 ait
587 5382 872 5459 Dominus,
916 5382 1179 5459 Spiritum
1212 5382 1319 5440 'Dei
1384 5401 1549 5459 super
1576 5400 1656 5456 se,

59 5457 289 5531 ideoque
316 5474 377 5514 se
425 5468 729 5531 unctumet
776 5458 1003 5531 missurn
1033 5457 1120 5531 ad!
1151 5457 1654 5531 evangelizandum,

59 5527 274 5588 nomine
303 5531 539 5598 Spiritus
563 5528 660 5584 Dei
688 5537 816 5600 puto
830 5527 1123 5601 signiﬁcari
1151 5527 1322 5584 Deum
1352 5539 1582 5600 patrem.

118 5622 186 5694 (Γ)
217 5623 317 5679 Sic
372 5624 613 5695 potiores
668 5620 949 5695 mssaAlii
997 5636 1127 5677 vero
1177 5622 1315 5687 libri,
1370 5623 1654 5679 incuruata.

58 5692 220 5749 Paulo
247 5692 389 5750 ante
427 5696 480 5750 in
527 5711 628 5749 ms.
659 5694 776 5750 Vat.
810 5693 925 5748 has.
956 5695 1275 5767 manifestari
1301 5696 1519 5759 videtur,
1548 5708 1656 5752 non

55 5767 423 5840 manifestatur
449 5783 468 5821 :
490 5776 541 5821 et
571 5773 692 5840 post
719 5781 909 5836 pauca,
933 5766 1367 5840 consummatam,
1390 5766 1506 5821 loco
1531 5783 1656 5821 con-

52 5838 317 5893 summati.
356 5838 485 5893 lluic
517 5840 635 5894 loco
679 5839 849 5894 lucem
880 5844 1098 5908 praestat
1133 5838 1325 5893 similis
1356 5839 1448 5893 lib.
1485 5854 1562 5905 ιιι,
1594 5855 1649 5896 n.

54 5909 137 5978 18,
173 5912 273 5970 ubi
304 5925 476 5982 prope
516 5912 750 5985 idipsuut
794 5911 917 5968 aliis
973 5910 1154 5967 verbis
1196 5912 1271 5968 ita
1296 5911 1648 5970 enuntiatur:

1832 3457 1917 3532 (2)
1936 3456 2005 3512 Et
2028 3456 2137 3513 ubi.
2162 3454 2285 3512 Mox
2311 3450 2635 3526 intelligitur.

1764 3618 2209 3688 Quemadmodum
2242 3614 2445 3689 Spiritu
2489 3615 2585 3670 Dei
2627 3623 2673 3670 et
2700 3613 2886 3669 uirttuc
2905 3614 2969 3689 sit
3018 3619 3236 3689 _unctus,
3260 3628 3363 3671 non

1760 3681 2055 3764 (imbiguum
2083 3681 2308 3764 astutum
2334 3702 2465 3764 canat-
2480 3688 2782 3764 ascendente
2810 3703 2867 3740 eo
2895 3686 2959 3740 de
3005 3681 3240 3764 Iordane
3261 3700 3358 3764 vos;

1763 3762 1863 3818 Dei
1890 3746 2050 3832 patris
2072 3746 2249 3814 audita
2276 3769 2367 3819 est.
2400 3746 2447 3812 Ρ
2449 3759 2569 3832 ilius
2590 3775 2730 3811 meus
2752 3775 2802 3832 es
2818 3766 2906 3832 tu,
2929 3774 3018 3832 ego
3045 3756 3197 3811 hodie
3210 3757 3362 3832 genui

1762 3844 1812 3890 te
1839 3852 1858 3889 :
1889 3828 1949 3889 ut
1977 3848 2085 3907 per,
2105 3834 2204 3907 hoc
2233 3831 2576 3907 testimonium
2631 3828 2967 3907 sanctiﬁcat?
2993 3831 3054 3907 in
3076 3844 3137 3907 eo
3165 3829 3358 3892 carnis,

1760 3909 1939 3962 unctio
1960 3901 2208 3978 spiritalis
2230 3904 2431 3958 uirtutis
2456 3902 3012 3978 cognosceretur.‘Qt_ro
3043 3902 3097 3953 in
3127 3901 3243 3953 loco
3264 3915 3361 3954 uu-

1760 3980 1861 4035 ctio
1886 3971 2132 4048 spiritalis
2156 3977 2353 4030 virtutis
2389 3974 2715 4046 appellatur,
2743 3973 2887 4042 quod
2919 3971 3005 4026 hic
3029 3980 3228 4026 natura:
3252 3985 3361 4025 sua:

1760 4052 2067 4106 communio.

1835 4122 1912 4195 (g)
1939 4122 2094 4176 Bad..
2140 4118 2238 4195 _Er.
2268 4128 2323 4173 et
2351 4117 2499 4187 Lips.
2545 4115 2802 4195 omittunt
2827 4129 3045 4195 quoque,
3079 4123 3361 4195 e'tprarce—

1761 4182 1984 4248 deiitem
2018 4190 2331 4261 particulam
2383 4182 2498 4244 cum
2526 4204 2544 4243 :
2573 4188 2728 4257 cujus
2758 4182 2877 4261 loco
2906 4182 3046 4256 apud
3103 4182 3225 4261 Par.
3263 4198 3361 4261 po-

1760 4266 1923 4321 situm
1952 4256 2221 4323 eratcum.
2249 4256 2807 4335 Deinde_pr0pri_etatis
2822 4274 2919 4313 vox
2947 4256 3239 4335 opponitur
3266 4257 3362 4312 ad-

1765 4337 1992 4404 optioni.
2026 4337 2151 4391 Sive
2195 4343 2377 4389 autem
2407 4326 2624 4389 Christo
2656 4326 3151 4404 baptizatodiierit
3175 4326 3357 4404 Pater,

1776 4398 1882 4463 llic
1908 4418 1982 4464 est
2001 4409 2143 4478 ﬁlius
2163 4422 2327 4473 meus,
2346 4418 2478 4471 elc.,
2501 4398 2770 4475 quomodo
2795 4402 2916 4474 legit
2936 4398 3357 4478 flila_r_ius|ib._vl,

1768 4496 1821 4535 ιι.
1841 4480 1934 4547 25;
1954 4473 2066 4535 sive
2088 4479 2307 4541 dixerit,
2333 4478 2503 4534 Filius
2520 4473 2665 4547 mens
2686 4491 2736 4547 es
2758 4483 2813 4529 tu
2828 4516 2839 4534 .
2852 4473 2944 4546 ego
2960 4475 3114 4547 hodie
3127 4473 3358 4547 germi‘te,

1765 4538 2039 4624 quomodo
2068 4552 2175 4614 hic,
2208 4538 2305 4607 lib.
2336 4566 2407 4614 vr,
2439 4568 2493 4606 ιι.
2521 4540 2631 4624 ἓξ.
2663 4545 2764 4624 ιιι).
2794 4538 3038 4624 xt,'n.-_l8
3070 4538 3359 4624 in_]l:utb.,

1765 4616 1817 4681 ὁ.
1849 4640 1907 4693 ιι,
1940 4641 1997 4680 ιι.
2033 4625 2087 4688 6,
2118 4632 2174 4680 et
2199 4623 2250 4677 iu
2274 4638 2354 4694 ps.
2381 4639 2442 4686 ιι,
2465 4639 2519 4676 ιι.
2547 4618 2639 4694 29,
2663 4618 2836 4694 ipsius
2861 4616 3233 4694 verba__re_fert,
3256 4623 3365 4670 stat

1765 4686 1954 4751 eadem
1984 4686 2425 4764 vis-argumenti,
2453 4709 2575 4764 quae
2598 4690 2956 4764 in_vocabulis
3003 4686 3175 4764 _Filius
3217 4703 3362 4764 meus

2231 4779 2284 4822 et
2328 4758 2526 4823 Paulus
2577 4762 2711 4819 Heb.
2743 4779 2782 4830 ι,
2812 4761 2868 4830 5,
2902 4758 3066 4830 verba
3113 4758 3308 4815 Psahui
3343 4799 3359 4826 ,

1767 4837 1942 4895 Filius
1973 4857 2112 4894 meus
2143 4855 2193 4894 es
2219 4848 2294 4907 ιιι,
2325 4855 2417 4911 ego
2465 4835 2617 4911 hodie
2640 4826 2791 4908 genui
2840 4826 2907 4897 te,
2940 4845 2994 4911 et
3038 4826 3211 4911 Patris
3237 4846 3361 4911 esse

1766 4913 1948 4976 tradit,
1981 4922 2035 4968 et
2059 4911 2195 4966 Filio
2222 4903 2290 4965 ita
2327 4903 2545 4980 proprie
2575 4903 2738 4974 dicta,
2773 4915 2921 4963 utne
2952 4906 3004 4962 in
3031 4905 3199 4961 ullum
3233 4903 3356 4975 qui-

1765 4983 1887 5039 dem
1917 4982 2590 5054 angelorumconveniaut.

1840 5053 1918 5180 (Ιιῖ
1943 5048 2107 5124 Editi,
2131 5064 2331 5137 natura
2350 5065 2597 5140 paternas.
2624 5052 2791 5108 Abest
2809 5063 3036 5125 paterna:
3058 5065 3086 5103 a
3115 5058 3244 5103 mss.
3272 5048 3359 5132 .Eux

1842 5144 1870 5180 c
1918 5142 2018 5180 oco
2052 5133 2197 5180 natet
2234 5126 2492 5180 Hilarium
2518 5124 2647 5180 illud
2670 5125 2859 5180 Matth.
2894 5142 2971 5180 ιιι.
3006 5122 3114 5179 16;
3144 5120 3208 5176 Et
3236 5122 3359 5174 vidit

1764 5120 1870 5181 hoc
1899 5120 2018 5182 loco
2052 5120 2197 5195 patet
2234 5120 2492 5183 Hilarium
2518 5124 2647 5180 illud
2670 5120 2859 5182 Matth.
2894 5142 2971 5189 ut,
3006 5122 3114 5179 16:
3144 5120 3208 5176 Et
3236 5121 3360 5195 vidit

1771 5195 2025 5270 Spiritum
2052 5193 2146 5253 Dei
2180 5199 2574 5274 descendentem
2602 5198 2733 5274 sicut
2763 5197 3131 5274 columbam_et
3155 5193 3358 5274 uenien-

1771 5264 1870 5324 tem
1889 5287 2043 5345 super
2062 5287 2134 5338 se,
2179 5271 2638 5345 itaipkrpretari.
2657 5280 2733 5345 _ut_
2759 5271 3013 5345 Spiritum
3157 5264 3355 5345 int-elli-

1766 5352 1856 5468 gat
1889 5334 2098 5425 Patrem
2121 5334 2147 5396 ἐ
2183 5342 2271 5412 qui
2294 5334 2628 5427 hine-contra
2649 5334 2983 5426 Sabel'liauos
3005 5340 3191 5420 alinsa
3219 5334 3356 5390 Filio

1807 5413 2097 5468 efendttur.
2142 5414 2282 5468 auod
2312 5416 2648 5468 snnertllum
2692 5422 2787 5468 stt.
2834 5429 2933 5468 rust
2988 5412 3149 5468 adsit.
3179 5421 3351 5468 Ipsum

1807 5413 2097 5489 clauditur,
2142 5409 2282 5489 quod
2312 5430 2474 5486 super
2500 5415 2648 5470 illum
2692 5414 2787 5479 sit,
2834 5414 2933 5489 ipsi
2988 5412 3149 5489 adsit,
3179 5409 3351 5489 ipsum

1767 5484 1960 5540 Filium
1979 5481 2344 5557 cognomiuet.
2371 5481 2441 5542 Ᾰι
2465 5497 2614 5543 certe
2634 5502 2742 5541 non
2767 5481 3153 5557 existimandus
3177 5481 3352 5534 estita

1762 5569 1832 5614 eo
1879 5554 2097 5614 nomine
2120 5558 2335 5613 Patrem
2364 5559 2711 5622 intellexisse,
2743 5567 2798 5610 ut
2825 5554 3076 5624 Spiritum
3105 5560 3355 5624 sanctum

1765 5630 1969 5703 pariter
1987 5698 2001 5703 Α
2026 5630 2246 5703 intelligi
2293 5646 2452 5701 posse
2504 5631 2777 5703 negaverit
2794 5645 2822 5703 _:
2842 5622 3227 5703 _cuiu_subiude
3254 5622 3351 5678 de-

1763 5696 1955 5761 claret.
1986 5698 2103 5757 ha'c
2126 5719 2183 5757 se
2198 5696 2273 5757 'de
2294 5696 2507 5758 diversa
2533 5696 2678 5756 vocis
2708 5699 2934 5768 Spiritus
2966 5696 3061 5756 Dei
3089 5704 3354 5768 potestate

1760 5772 2159 5847 demonstrare,
2194 5784 2253 5847 ut
2280 5792 2386 5845 quo
2434 5791 2541 5847 quo
2584 5791 2643 5831 se
2684 5767 2897 5847 vertant
2942 5770 3206 5847 hmrctici,
3239 5767 3347 5847 vim

1758 5845 2028 5911 veritatis,
2064 5840 2163 5915 qua
2199 5840 2391 5901 Filium
2418 5840 2580 5903 unum
2603 5862 2725 5904 cum
2751 5845 2907 5901 Patre
2934 5843 3225 5903 credimus.
3257 5840 3350 5894 dc-

1755 5916 1960 5977 clinare
1988 5934 2096 5977 non
2124 5918 2353 5989 possint.
