3988 6332
661 291 770 351 255

1866 284 2112 345 SANCTI
2153 286 2413 346 “ILARII
2451 287 2760 347 EPISCOPI
3788 305 3858 359 25:

665 409 797 479 tica,
827 406 907 483 (l)
930 406 1026 464 sed
1053 405 1351 479 apostolica
1374 402 1720 474 auctoritate,
1747 418 1871 461 cum
1892 403 2089 460 dicitur
2119 422 2131 458 :
2167 403 2275 460 Sed
2300 407 2352 469 Α
2377 407 2554 482 diliget
2605 424 2743 469 eum,
2772 417 2819 465 et
2846 410 2915 464 ad
2952 425 3065 466 eum
3094 411 3366 480 veniemus,
3399 421 3444 468 et
3468 414 3742 473 mansionem
3772 423 3863 490 apud

665 502 765 558 hoc
791 511 886 569 est,
917 499 1057 573 quod
1070 500 1263 554 dictum
1283 510 1356 553 est
1388 514 1479 569 per
1508 498 1834 570 praplietam,
1855 495 1966 552 Erit
1988 497 2041 552 in
2061 491 2279 551 novissi-

665 598 764 652 mis
785 595 984 664 diebus,
1018 594 1145 649 dicit
1186 593 1460 660 Dominus,
1489 592 1757 661 e/I'undam
1777 593 1841 647 de
1863 592 2065 662 Spiritu
2085 608 2197 648 meo
2225 593 2281 648 in

667 704 869 744 omnem
911 703 1138 751 carnem,
1165 697 1211 742 et
1252 686 1623 761 prophetabunt
1650 686 1749 759 ﬁlii
1776 703 1954 741 eorum
1975 696 2021 740 et
2049 686 2174 757 filia:
2195 702 2281 742 εο-

665 801 780 839 rum
830 782 969 853 (Act.
1002 798 1061 851 ll,
1094 782 1182 850 16,
1217 782 1381 855 seqq.)
1426 783 1491 837 Et
1518 791 1947 837 consummatum
1976 780 2080 836 hoc
2108 789 2277 836 totum

666 876 832 934 fuisse
863 877 918 931 in
957 874 1234 944 Apostolis
1259 875 1501 941 docetur,
1520 890 1642 931 cum
1670 876 1838 932 misso
1866 875 2070 946 Spiritu
2090 883 2278 932 sancto

669 986 859 1029 omnes
880 970 957 1044 (a)
979 970 1176 1042 linguis
1202 972 1442 1041 gentiqu
1472 980 1596 1027 sunt
1622 970 1807 1027 locuti.

737 1064 830 1121 9.6.
863 1062 928 1119 In
953 1064 1099 1120 nobis
1128 1074 1203 1120 est
1245 1064 1407 1126 Deus,
1429 1082 1544 1120 cum
1591 1063 1825 1120 Christus
1850 1081 1871 1132 ;
1893 1083 2009 1121 cum
2051 1065 2278 1135 Spiritus

667 1155 882 1225 CirriSti,
908 1156 1138 1228 Spiritus
1169 1157 1285 1212 Dei.
1316 1154 1446 1212 Filii
1475 1166 1522 1212 et
1551 1156 1725 1212 Patris
1742 1170 1929 1212 natura
1950 1157 2279 1213 unm—H.130

666 1260 850 1305 autem
908 1249 1111 1305 idcirco
1164 1259 1291 1305 sunt
1343 1249 1711 1305 demonstrata
1777 1250 2105 1317 necessario,
2134 1255 2193 1303 ut
2223 1249 2277 1304 in

671 1358 1072 1414 quamcumque
1101 1359 1160 1399 se
1188 1344 1318 1399 licet
1349 1355 1553 1416 partem
1580 1331 1832 1399 hzeretiea
1857 1343 2062 1399 falsitas
2088 1353 2279 1400 contu-

672 1438 848 1506 lisset,
878 1437 1073 1494 finibus
1102 1447 1280 1494 tamen
1311 1447 1472 1509 atque
1504 1436 1818 1510 priescripto
1843 1438 2085 1494 veritatis
2108 1453 2275 1494 evan-

670 1532 860 1604 geliea:
882 1529 1321 1587 concluderetur.
1347 1531 1563 1587 Habitat
1582 1530 1728 1587 enim
1752 1531 1804 1586 in
1831 1531 1988 1586 nobis
2010 1531 2276 1587 Christus:

669 1635 727 1683 et
757 1625 1031 1682 habitante
1060 1625 1299 1695 Christo,
1334 1625 1538 1682 habitat
1566 1625 1728 1681 Deus.
1759 1624 1968 1680 Etcum
2000 1623 2205 1681 habitat
2226 1626 2279 1681 in

670 1724 830 1780 nobis
852 1723 1084 1797 Spiritus
1105 1722 1307 1780 Christi
1337 1740 1352 1790 ;
1382 1724 1659 1780 habitante
1688 1732 1872 1778 tamen
1895 1723 1947 1778 in
1976 1723 2131 1778 nobis
2152 1722 2276 1794 Spi-

2383 516 2498 554 eum
2538 500 2784 571 faciemus
2815 499 3022 573 (Joan.,
3060 518 3173 570 xrv,
3201 502 3316 577 23).
3351 504 3449 560 Per
3475 505 3523 561 id
3547 507 3690 575 enim,
3720 509 3859 581 Spiritu

2380 589 2584 649 Christi
2614 594 2671 648 in
2702 593 2860 651 nobis
2892 605 3168 661 manente,
3193 598 3288 653 Dei
3315 597 3560 669 Spiritum
3587 601 3634 656 in
3657 603 3865 663 nobism-

2381 700 2511 743 nere
2542 695 2770 743 testatus
2800 697 2905 749 est,
2936 705 3037 746 nec
3080 690 3351 746 diversum
3394 707 3424 746 a
3475 708 3530 747 se
3558 708 3663 750 esse
3685 696 3864 765 Spiritum

2380 794 2411 834 a
2436 782 2662 836 mortuis
2689 782 2769 852 (3)
2800 782 3015 838 excitati
3040 781 3110 858 (ε)
3143 792 3198 839 et
3225 783 3482 854 Spiritum
3516 802 3545 842 ιι
3568 789 3755 847 mortuis
3775 794 3869 850 etei-

2383 875 2807 932 tautis.Veuiunt
2834 877 3001 944 enim,
3027 889 3189 948 atque
3212 876 3448 933 habitant
3469 881 3516 935 in
3540 880 3674 935 nobis
3694 899 3706 935 :
3724 893 3765 939 et
3784 901 3866 957 rogo

2382 980 2559 1024 utrum
2584 967 2662 1042 (Δ)
2695 967 2773 1042 (d)
2805 970 3059 1026 comitatu
3086 970 3451 1026 diversitatum
3476 973 3684 1043 venient,
3709 980 3867 1034 mansio-

2383 1080 2613 1135 nenique
2639 1064 2855 1127 facient,
2886 1080 2953 1119 an
2985 1064 3189 1119 unitate
3220 1066 3447 1121 naturai?
3468 1065 3566 1122 Sed
3591 1067 3871 1127 obnititurdu-

2382 1167 2498 1211 ctor
2526 1155 2786 1226 gentium,
2823 1173 2930 1213 non
2957 1156 3092 1212 duos
3122 1157 3366 1228 spiritus.
3398 1158 3492 1214 Dei
3520 1159 3702 1216 scilicet
3717 1162 3870 1221 etCliri-

2380 1252 2469 1317 sti,
2506 1251 2606 1311 scd
2633 1252 2891 1323 Spiritum
2926 1253 3150 1321 ChriSti,
3181 1255 3269 1326 qui
3309 1264 3364 1310 et
3389 1255 3609 1326 Spiritus
3632 1256 3710 1311 Dei
3730 1266 3803 1323 est,
3821 1260 3869 1313 in-

2382 1361 2503 1402 esse
2525 1346 2900 1404 credentibus.
2932 1346 3054 1405 Non
3103 1358 3187 1403 est
3229 1348 3576 1416 cohabitatio,
3596 1349 3677 1405 sed
3701 1348 3872 1409 habitatio

2383 1449 2466 1494 est
2494 1458 2505 1491 :
2538 1440 2637 1494 sub
2659 1449 2998 1496 sacramento
3043 1450 3219 1495 tamen
3262 1440 3659 1496 cobabitationis
3682 1440 3872 1511 habitatio,

2381 1534 2510 1590 dum
2555 1550 2730 1608 neque
2761 1535 2868 1590 duo
2899 1535 2968 1607 (e)
3002 1536 3267 1603 habitant,
3302 1551 3478 1608 neque
3507 1536 3572 1592 ab
3593 1536 3684 1591 alio
3704 1536 3870 1594 diversus

2383 1627 2656 1686 habitator
2672 1637 2775 1685 est.
2806 1628 2904 1684 Est
2932 1629 3077 1685 enim
3108 1631 3161 1685 in
3192 1630 3350 1686 nobis
3378 1630 3604 1702 Spiritus
3626 1631 3805 1695 Dei,sed
3822 1640 3873 1686 est

2384 1720 2437 1777 in
2469 1720 2627 1777 nobis
2652 1721 2885 1792 Spiritus
2913 1720 3119 1777 Christi
3152 1740 3164 1777 :
3193 1732 3249 1779 et
3275 1739 3397 1778 cum
3426 1723 3645 1795 Spiritus
3661 1720 3808 1778 Christi
3827 1723 3875 1778 in-

669 1816 779 1873 ritu
806 1814 1003 1873 Christi
1037 1858 1053 1883 ,
1088 1831 1195 1873 non
1241 1816 1387 1873 alius
1417 1828 1595 1872 tamen
1624 1816 1843 1887 Spiritus
1870 1816 2095 1883 habitat,
2120 1832 2279 1889 quam
2312 1817 2361 1879 B
2387 1828 2489 1881 est,
2520 1819 2660 1874 inest
2688 1818 2924 1890 Spiritus
2943 1818 3060 1874 Dei.
3088 1818 3165 1874 Ita
3196 1834 3319 1873 cum
3344 1818 3485 1889 quod
3511 1817 3598 1872 Dei
3620 1825 3704 1881 est,
3722 1827 3763 1872 et
3778 1817 3873 1871 Chri-

677 1908 912 1981 Spiritus
939 1908 1058 1965 Dei.
1079 1908 1230 1978 Quod
1275 1908 1320 1965 si
1348 1923 1444 1979 per
1472 1909 1729 1979 Spiritum
1760 1917 2007 1965 sanctum
2034 1908 2281 1965 Christus

670 2001 725 2058 in
757 2003 912 2058 nobis
943 2017 1067 2059 esse
1118 2001 1454 2074 intelligitur,
1487 2004 1626 2057 hunc
1669 2013 1850 2059 tamen
1902 2002 1975 2058 ita
2019 2001 2279 2074 Spiritum

670 2095 789 2161 Dei,
812 2107 870 2152 ut
890 2094 1155 2166 Spiritum
1183 2095 1385 2153 Christi
1414 2112 1535 2153 esse
1553 2097 1883 2154 noscendum
1911 2108 2015 2153 est.
2040 2095 2278 2167 Etcum,

674 2187 752 2261 (2)
788 2188 860 2264 (b)
894 2205 990 2261 per
1014 2199 1258 2246 naturam
1293 2191 1370 2247 rei
1416 2201 1604 2248 natura
1633 2191 1745 2261 ipsa
1771 2191 1975 2247 habitet
2006 2192 2057 2246 in
2082 2192 2275 2260 nobis;

670 2282 987 2339 indill'erens
1015 2293 1208 2339 natura
1253 2283 1379 2341 Filii
1427 2299 1551 2341 esse
1602 2285 1854 2341 credetur
1882 2300 1912 2340 a
1942 2285 2125 2354 Patre,
2154 2300 2277 2341 eum

669 2378 908 2448 Spiritus
960 2389 1209 2447 sanctus,
1240 2381 1331 2453 qui
1362 2388 1418 2435 et
1468 2379 1702 2451 Spiritus
1740 2379 1940 2436 Christi
1967 2389 2021 2435 et
2047 2379 2279 2450 Spiritus

671 2470 768 2527 Dei
797 2480 901 2541 est,
930 2486 1021 2527 res
1063 2481 1271 2528 natura:
1299 2487 1422 2530 esse
1448 2473 1850 2531 demonstretur
1877 2473 2055 2529 unius.
2084 2472 2279 2543 Qumro

673 2578 816 2618 nunc
843 2563 1023 2634 igitur,
1053 2564 1329 2636 quomodo
1359 2581 1467 2621 non
1496 2581 1562 2622 ex
1609 2577 1800 2623 natura
1843 2583 2006 2623 unum
2034 2567 2202 2624 sunt?
2231 2568 2276 2623 Α

675 2665 828 2728 patre
867 2659 1108 2730 procedit
1150 2659 1383 2731 Spiritus
1412 2663 1655 2720 veritatis
1684 2681 1696 2716 :
1730 2678 1760 2718 a
1785 2663 1923 2719 Filio
1952 2662 2199 2729 mittitur,
2224 2673 2278 2720 et

673 2766 704 2807 a
734 2751 871 2810 Filio
902 2754 1114 2825 accipit.
1168 2754 1274 2812 Sed
1329 2758 1532 2825 omnia,
1584 2773 1705 2828 qua:
1758 2757 1920 2813 habet
1945 2757 2125 2823 Pater,
2158 2757 2275 2814 Filii

673 2856 801 2902 sunt
821 2865 834 2901 :
852 2848 1119 2905 etidcirco
1133 2849 1220 2921 qui
1235 2849 1382 2907 abeo
1400 2851 1615 2924 accipit,
1635 2850 1733 2908 Dei
1750 2852 1980 2923 Spiritus
1997 2852 2158 2927 232
2172 2863 2275 2917 est,

672 2943 769 3001 sed
804 2943 943 3001 idern
967 2955 1021 3000 et
1048 2945 1284 3017 Spiritus
1299 2945 1500 3003 Christi
1528 2956 1629 3003 est.
1665 2948 1770 3004 lies
1795 2956 2000 3003 naturie
2027 2946 2147 3002 Filii
2195 2957 2278 3004 est

669 3035 894 3112 (supple,
927 3039 1318 3112 Spiritus),sed
1332 3040 1519 3097 eadem
1545 3055 1632 3098 res
1661 3050 1716 3096 et
1746 3050 1952 3096 natura:
1975 3040 2149 3096 Patris
2170 3051 2272 3097 est.

667 3129 969 3189 Excitantis
990 3132 1264 3191 Christum
1295 3151 1324 3189 a
1352 3140 1580 3192 mortuis
1600 3136 1832 3207 Spiritus
1860 3142 1943 3190 est
1968 3150 1984 3201 ;
2007 3134 2103 3192 sed
2132 3134 2272 3190 idem

2385 1912 2452 1967 sti
2480 1921 2604 1979 est;
2636 1923 2691 1967 et
2719 1926 2840 1967 cum
2868 1894 3011 1982 quod
3040 1908 3245 1967 Christi
3275 1921 3381 1979 est,
3414 1911 3508 1966 Dei
3534 1920 3643 1965 est:
3668 1925 3749 1965 non
3765 1918 3873 1981 potest

2385 2005 2529 2062 aliud
2552 2006 2677 2077 quid
2709 2007 2982 2063 diversum
3008 2005 3075 2078 (Ῑ)
3104 2005 3351 2062 Christus
3372 2020 3512 2071 esse,
3540 2018 3678 2075 quam
3699 2002 3872 2057 Deusest.

2386 2100 2527 2158 Deus
2555 2101 2715 2172 igitur
2739 2098 2985 2166 Christus
3006 2110 3089 2155 est
3103 2096 3182 2172 (5)
3200 2097 3282 2172 (g)
3302 2112 3442 2153 unus
3457 2111 3576 2152 cum
3593 2095 3687 2150 Deo
3705 2093 3871 2165 Spiritus.

2455 2194 2545 2251 28.
2580 2195 2763 2250 Ariani
2786 2211 2819 2249 a
2846 2192 3051 2265 Spiritu
3092 2201 3271 2247 sancto
3323 2190 3483 2245 alieni
3520 2189 3742 2245 Christum
3775 2184 3873 2238 Deum

2384 2299 2592 2364 negant,
2620 2298 2666 2343 et
2683 2299 2851 2344 tamen
2876 2286 3151 2342 colunt.—
3180 2285 3249 2340 Et
3279 2282 3416 2340 illud
3447 2275 3873 2355 evangelicuszgo

2384 2391 2428 2436 et
2458 2380 2615 2436 Pater
2640 2398 2797 2436 unum
2831 2396 3009 2435 sumus
3038 2376 3248 2451 (Joau.,
3281 2395 3339 2444 ιι,
3369 2376 3485 2449 50),
3514 2375 3658 2431 docet
3681 2371 3873 2444 Apostolus

2388 2474 2651 2530 unitatem
2679 2487 2798 2530 esse
2827 2481 3057 2541 natura',
3081 2487 3187 2527 non
3211 2469 3566 2527 solitudinem
3588 2464 3870 2532 unionis,scri-

2384 2567 2525 2623 beris
2555 2565 2851 2623 Corinthiis
2882 2583 2895 2620 :
2923 2564 3147 2636 PrOpter
3170 2564 3306 2635 quod
3330 2572 3504 2619 nolunt
3528 2563 3650 2637 facio
3667 2560 3787 2625 vobis,
3801 2559 3871 2627 quia

2383 2678 2533 2717 nemo
2590 2661 2644 2715 in
2677 2661 2879 2731 Spiritu
2912 2659 3005 2716 Dei
3061 2660 3143 2732 (Ii)
3196 2660 3318 2715 dicit
3377 2659 3638 2717 anathema
3658 2656 3723 2730 (6)
3745 2655 3869 2709 lesum.

2386 2752 2575 2810 Scisne
2604 2769 2765 2817 nunc,
2797 2752 3072 2822 haeretice,
3109 2754 3160 2808 in
3214 2768 3321 2823 quo
3378 2753 3565 2823 Spiritu
3613 2750 3734 2807 dicas
3769 2747 3866 2802 Chri-

2382 2861 2524 2905 stum
2564 2858 2866 2906 creaturam
2888 2850 2931 2923 (l
2963 2849 3108 2913 Cor.,
3133 2865 3230 2914 xu,
3254 2848 3309 2919 3)
3345 2848 3368 2903 ?
3397 2848 3527 2905 Cum
3569 2846 3694 2902 enim
3723 2844 3763 2900 in
3791 2855 3869 2924 tuan

2383 2943 2621 3000 themate
2643 2944 2769 3011 sint,
2802 2944 2894 3017 qui
2916 2943 3221 2999 servierunt
3250 2951 3515 2999 creaturae
3533 2940 3674 3015 233
3700 2938 3872 3014 (t)puilt1$

2381 3055 2542 3112 quam
2564 3039 2805 3095 Creatori
2830 3038 3033 3111 (llom.,
3056 3053 3095 3103 ι,
3117 3036 3188 3093 25
3192 3049 3233 3108 );
3248 3034 3526 3093 Christum
3539 3041 3872 3092 creaturaiucon'

2380 3133 2565 3201 ﬁtens,
2589 3132 2719 3205 quid
2742 3132 2819 3189 sis
2841 3133 3103 3203 intellige,
3136 3132 3227 3203 qui
3257 3148 3369 3211 non
3400 3132 3608 3202 ignores
3628 3129 3730 3196 quin
3746 3128 3783 3180 in
3803 3138 3871 3177 nu-

669 3224 903 3297 Spiritus
929 3227 1129 3284 Christi
1163 3237 1247 3284 est
1271 3244 1300 3282 a
1349 3228 1579 3285 mortuis
1606 3228 1846 3284 excitati.
1878 3229 1933 3284 ln
1964 3228 2144 3300 aliquo
2167 3228 2268 3284 dif-
2296 3228 2343 3293 C
2374 3226 2571 3284 ledicto
2627 3226 2698 3280 sit
2748 3224 2937 3297 religio
2987 3235 3271 3281 creaturae.
3304 3223 3377 3279 Et
3416 3224 3539 3295 quid
3576 3227 3781 3294 sequatur
3814 3215 3871 3268 ad-

666 3318 810 3380 ferat
836 3320 1039 3379 Christi
1070 3332 1124 3378 et
1150 3322 1247 3378 Dei
1275 3332 1487 3390 natura,
1510 3340 1577 3378 ne
1607 3321 1798 3379 eadem
1830 3323 1934 3389 sit;
1958 3323 2003 3379 si
2031 3325 2275 3394 prmstari

674 3424 857 3489 potest
881 3426 938 3471 ut
964 3414 1219 3486 Spiritus,
1250 3415 1342 3487 qui
1372 3416 1470 3473 Dei
1497 3424 1603 3480 est,
1628 3434 1735 3472 non
1766 3417 1837 3473 sit
1864 3428 1919 3472 et
1942 3416 2165 3474 Christi.

738 3508 831 3565 27.
864 3507 994 3564 Filii
1039 3518 1089 3564 et
1138 3507 1314 3564 Patris
1357 3524 1463 3563 una
1497 3509 1640 3580 apud
1661 3527 1753 3567 nos
1800 3510 2147 3567 habitatio.—
2168 3513 2291 3577 Sed

671 3611 748 3669 te,
781 3602 1059 3667 literetice,
1110 3601 1405 3669 furentem,
1433 3611 1490 3657 et
1535 3602 1726 3673 spiritu
1779 3603 2041 3661 doctrina:
2086 3607 2275 3661 morti-

669 3697 800 3754 fera:
829 3696 1216 3753 circumactum
1248 3705 1395 3751 tenet
1425 3704 1481 3751 et
1498 3705 1739 3752 coarctat
1762 3695 2081 3769 Apostolus,
2111 3699 2269 3755 Chri-

667 3799 812 3848 stum
844 3790 1001 3847 nobis
1030 3789 1434 3846 fundamentum
1487 3805 1692 3860 ponens
1744 3790 1870 3848 lidei
1925 3791 1970 3862 (l
1995 3791 2141 3860 Cor.,
2182 3809 2271 3861 tu,

669 3884 786 3956 11),
813 3882 944 3939 dicti
987 3882 1147 3954 hujus
1176 3896 1393 3953 quoque
1430 3881 1685 3940 dominici
1743 3900 1850 3939 non
1909 3886 2161 3940 nescius:
2213 3886 2274 3942 Si

670 3978 786 4049 quis
814 3976 982 4049 diligit
1005 3993 1102 4042 me,
1134 3984 1179 4031 et
1206 3975 1411 4030 verbum
1423 3992 1592 4031 meum
1607 3978 1825 4033 servabit
1851 3993 1871 4035 :
1899 3986 1947 4034 et
1963 3987 2109 4051 pater
2132 3994 2275 4034 meus

769 4123 825 4190 l)
858 4120 966 4178 Sed
993 4129 1044 4176 et
1064 4121 1367 4189 apostolica.

763 4192 821 4249 2)
855 4191 960 4249 Per
987 4201 1227 4248 naturam
1248 4190 1367 4246 Dei.

770 4262 822 4335 5)
854 4263 1082 4321 Exeitati
1101 4263 1247 4321 Jesu.
1280 4265 1427 4335 Mox,
1449 4264 1726 4323 .exeitantis
1743 4262 1944 4322 Iesum.

762 4335 821 4394 4)
848 4335 1106 4394 Comitatu
1134 4337 1342 4393 diversi.

764 4475 817 4601 α)
847 4476 1011 4546 Editi,
1043 4484 1276 4548 excepto
1305 4476 1456 4541 Par.,
1491 4489 1671 4529 omnes
1708 4474 1780 4529 lin
1821 4491 1933 4532 uas.

764 4550 791 4601 b
842 4549 1185 4601 Prml'erimus
1213 4564 1338 4601 eum
1362 4556 1545 4601 vetere
1570 4562 1673 4601 ms.
1696 4493 1852 4601 Collb.
1881 4556 1933 4601 et

762 4544 813 4622 ὁ)
842 4544 1338 4622 Ρτωΐειείιηιιςόιιιιι
1362 4556 1545 4602 vetere
1570 4562 1673 4601 ms.
1696 4544 1852 4602 Colb.
1881 4556 1937 4603 et
1964 4547 2151 4606 Germ.
2181 4567 2271 4622 per

666 4620 907 4679 naturam
936 4624 1031 4688 rei,
1081 4620 1313 4676 inversis
1343 4631 1545 4681 tamen,
1581 4628 1635 4672 ul
1667 4633 1812 4687 saepe
1840 4634 1937 4673 usu
1976 4623 2142 4688 venit,
2178 4620 2275 4680 ro-

665 4695 873 4751 cabulis
901 4695 1021 4750 scil.
1051 4708 1171 4763 pro,
1199 4707 1291 4763 per
1310 4699 1511 4763 naturis
1535 4705 1663 4743 rem.
1682 4688 1738 4745 In
1769 4688 1921 4744 libris
1950 4693 2071 4749 aliis
2102 4694 2269 4751 habe-

668 4776 754 4823 ιιιι·
781 4783 871 4838 ρετ
901 4760 1145 4821 naturam
1177 4760 1431 4838 ⁸υᾴηᾼι)
1462 4760 1590 4838 hiu_e
1617 4775 1939 4838 responsum
1967 4765 2019 4819 in
2059 4781 2154 4823 eos
2181 4784 2272 4825 ac-

666 4832 1067 4902 commodatur,
1100 4834 1191 4906 qui
1243 4832 1506 4903 Spiritum
1534 4832 1631 4889 Dei
1654 4848 1769 4889 rem
1793 4842 1999 4892 natura:
2026 4852 2148 4897 esse
2177 4856 2272 4897 vo-

666 4910 802 4967 leut.

742 4981 817 5055 (c)
841 4981 977 5055 Hinc
1007 4992 1194 5055 vocem
1246 4974 1396 5040 Jesu,
1427 4990 1639 5055 necnon
1666 4975 1846 5055 Iesum
1893 4991 2015 5049 post
2044 4982 2269 5040 verbum

666 5048 963 5117 exorientis,
997 5048 1315 5106 sustulimus
1340 5049 1659 5119 auctoritate
1680 5048 1943 5119 potiorum
1970 5071 2100 5109 mss.

740 5125 822 5195 (ά)
853 5123 1202 5196 Martiii‘ianus
1253 5118 1447 5196 Codex,
1499 5118 1736 5196 comitatu
1768 5123 1971 5178 diversi.
2026 5127 2270 5196 Amplius

672 5191 858 5251 nescio
880 5196 1005 5265 quid
1037 5191 1474 5265 habetcontitatu
1503 5191 1873 5262 (livet-sitarum,
1910 5208 2056 5265 puta,
2088 5191 2154 5253 an
2184 5215 2271 5254 ra-

670 5269 746 5322 tio
773 5261 961 5327 simul‘
990 5261 1241 5335 veniendi
1291 5264 1393 5316 sita
1433 5263 1503 5317 sit
1531 5265 1581 5317 iu
1619 5261 1865 5335 quadam
1895 5261 2267 5327 diversitatum

668 5339 945 5408 congerie,
970 5350 1036 5391 an
1067 5336 1120 5390 in
1151 5334 1359 5408 unitate
1385 5337 1630 5391 naturae?

746 5404 817 5482 (ὁ)
849 5410 1048 5479 Supple
1069 5449 1082 5472 ,
1134 5404 1367 5482 Spiritus
1395 5423 1413 5462 :
1445 5408 1578 5482 alias
1628 5408 2044 5468 cohabitatiouis
2089 5427 2268 5470 sacra—

672 5477 913 5539 mentum
932 5477 1048 5538 non
1071 5478 1193 5540 erit,
1212 5477 1314 5531 nisi
1336 5478 1444 5533 duo
1470 5480 1713 5536 habitent
1745 5485 1987 5550 personis
2002 5484 2265 5544 distincti.

670 5555 807 5611 Tum
838 5555 889 5610 in
922 5569 1024 5609 ius.
1056 5550 1180 5624 Viti.
1210 5550 1323 5624 bas.
1359 5567 1515 5624 neque
1557 5553 1619 5607 ab
1649 5556 1752 5611 alio
1781 5556 2011 5614 diversus
2037 5574 2093 5611 (ο
2119 5559 2265 5614 habi-

671 5636 808 5702 tator
831 5644 850 5683 :
871 5631 1059 5702 posset
1107 5621 1234 5679 ferri
1287 5621 1519 5681 diversus
1545 5627 1891 5690 eoliabitator.
1936 5629 2079 5702 quod
2107 5628 2270 5689 habet

672 5697 1041 5755 Martinianus.

750 5771 816 5846 (f)
840 5771 963 5828 Vat.
995 5772 1109 5826 bas.
1134 5774 1305 5847 codex
1328 5771 1620 5847 et__Martin.
1653 5772 1848 5831 Christi
1873 5790 1981 5832 esse
2002 5773 2269 5847 quamDei

676 5840 799 5902 est":
824 5854 928 5901 non
960 5850 1086 5901 sunt
1115 5840 1431 5912 reeipiendi.

2382 3331 2536 3378 verte
2572 3339 2584 3375 :
2614 3318 2683 3374 Et
2705 3335 2852 3375 nemo
2882 3328 3047 3392 potest
3073 3319 3240 3373 dicere
3267 3315 3551 3373 Dominum
3574 3316 3742 3376 Iesum,
3764 3308 3872 3365 nisiiu

2381 3414 2586 3486 Spiritu
2636 3423 2813 3467 sancto
2835 3412 2880 3485 (Ι
2903 3410 3048 3478 Cor.,
3084 3427 3180 3478 xu,
3208 3410 3287 3482 3).
3336 3410 3587 3467 SentiSue
3608 3406 3715 3480 qttid
3736 3404 3802 3460 tibi
3817 3402 3872 3455 tie-

2376 3507 2465 3574 sit,
2505 3508 2574 3581 (j)
2602 3504 2819 3562 Christo
2847 3503 3092 3576 negando
3117 3502 3263 3576 quod
3291 3517 3454 3559 suum
3468 3504 3589 3558 est?
3612 3502 3659 3558 Si
3686 3514 3758 3572 per
3775 3504 3872 3551 iutu-

2377 3617 2495 3658 ram
2546 3601 2639 3656 Dei
2685 3598 2934 3655 Christus
2962 3596 3058 3654 tibi
3086 3597 3352 3652 Dominus
3392 3609 3498 3664 est,
3529 3595 3678 3651 habes
3699 3589 3872 3661 Spiritum

2379 3704 2623 3749 sanctum
2651 3710 2663 3746 :
2693 3692 2739 3748 si
2768 3706 2897 3747 vero
2920 3705 3015 3763 per
3037 3690 3352 3762 adeptivum
3383 3705 3578 3746 nomen
3604 3688 3680 3744 hic
3708 3682 3873 3740 dominus

2380 3788 2708 3858 est,Spiritu
2750 3798 2941 3845 sancto
2970 3800 3186 3854 carens,
3226 3783 3425 3855 spiritu
3454 3782 3645 3840 erroris
3668 3773 3871 3833 animaris:

2380 3884 2506 3955 quia
2562 3895 2725 3938 nemo
2776 3880 2878 3936 nisi
2906 3880 2960 3936 in
3005 3878 3209 3951 Spiritu
3237 3888 3431 3935 sancto
3475 3877 3725 3933 Dominum
3758 3869 3874 3925 lesum

2384 3975 2789 4049 potestdieere.
2838 3974 2908 4029 Et
2948 3982 3003 4029 tu
3058 3982 3371 4031 creaturam
3426 3987 3548 4029 eum
3592 3969 3740 4042 potius
3773 3973 3873 4034 quam

2479 4120 2535 4194 5)
2568 4120 2735 4179 Unius
2766 4135 2865 4192 pro
2894 4120 3142 4194 ejusdem.
3486 4190 3520 4194 __
3644 4186 3687 4194 __

2479 4122 2535 4194 5)
2568 4122 2735 4179 Unius
2766 4135 2865 4192 pro
2894 4122 3142 4190 ejusdem.
3808 4176 3845 4188 μ

2379 4122 2709 4325 ηῢὲιϐἆὲέὲξα,
2742 4210 2848 4250 non
2879 4190 3077 4262 Jesum,
3101 4192 3155 4247 in
3183 4198 3373 4249 nostro
3401 4190 3604 4250 codice.
3644 4186 3759 4255 Mox,
3780 4176 3874 4238 dira,

2297 4484 2354 4548 D
2412 4482 2530 4558 __(g)
2552 4483 2764 4558 lirmss.
2791 4478 3005 4536 Martio.
3049 4478 3244 4546 ϐαι-ιι,
3271 4466 3465 4547 Corb.,
3489 4476 3627 4535 Prat.
3667 4478 3712 4529 et
3741 4464 3879 4535 aliquot

2376 4555 2519 4619 aliis,
2543 4556 2715 4610 utrius.

2448 4607 2799 4702 (li'):\lerbum
2829 4626 3040 4702 laqueus
3067 4624 3154 4679 hic
3182 4622 3390 4702 addunt
3415 4621 3563 4702 editi,
3584 4607 3879 4702 quodnon‘li‘t:

2375 4689 2530 4762 bent,
2560 4699 2656 4754 lib.
2688 4714 2749 4764 ιι,
2784 4714 2836 4753 n.
2867 4689 2959 4762 5'4,
2990 4710 3164 4763 neque
3203 4695 3290 4749 hic
3315 4694 3625 4764 reperimus
3644 4689 3726 4764 nisi
3747 4689 3785 4739 in
3813 4689 3879 4764 ιιηο

2373 4750 2991 4826 iéééiriid’r‘e‘iﬁsj‘cbii.
3025 4750 3155 4823 Mox?
3180 4769 3232 4823 in
3259 4750 3477 4823 Merlin.
3502 4774 3555 4821 et
3583 4761 3695 4819 aliis
3714 4750 3874 4815 nonnul-

2375 4840 2772 4918 lis,_Jesu,_n_on
2798 4840 3006 4918 Iesum.
3087 4912 3100 4918 _
3217 4911 3230 4918 _
3554 4908 3568 4918 _
3621 4904 3674 4918 ω

2448 4890 3299 4988 (ί)λ-έίιιιξιῖνἰθξῖἆιιρᾏιιιιιι-οείιιε
3321 4953 3338 4980 ,
3371 4910 3470 4988 lib.
3494 4924 3513 4965 ι
3538 4908 3603 4965 de
3621 4901 3752 4967 Fide,
3768 4890 3881 4988 [cal-fit

2373 5002 2430 5040 ιι.
2452 4969 2574 5040 ῚὈᾸ
2605 5003 2617 5038 ;
2646 4984 2766 5056 Ipse
2808 4985 3008 5041 Paulus
3045 4994 3295 5039 creatum
3324 4969 3530 5056 'sernire
3563 4996 3660 5056 nos_
3684 4969 3878 5056 proluth

2411 5049 2804 5132 uernadmodum
2841 5056 3187 5132 ergo_Cltristo
3208 5057 3340 5132 ipse_
3357 5054 3583 5132 seruiret.
3618 5050 3663 5132 st:
3677 5049 3879 5132 εξωβξτξῧ

2411 5073 2804 5112 uernaamoaum
2841 5073 2959 5128 ergo
2985 5073 3187 5111 curtsto
3208 5073 3318 5127 ipse
3357 5073 3583 5115 seruiret,
3618 5073 3879 5115 διοινιυιωυγ-

2372 5073 2635 5184 Christum
2666 5129 2903 5197 putaret?
2961 5129 3037 5183 Ex
3062 5144 3169 5197 quo
3190 5126 3465 5183 concludit
3489 5143 3501 5180 :
3529 5125 3625 5179 Aut
3647 5120 3776 5199 igitur

2374 5192 2687 5256 nantcolere
2713 5217 2860 5269 quem
2903 5192 3191 5256 creaturam
3230 5199 3514 5270 appellant,
3538 5203 3621 5270 aut
3655 5192 3881 5270 όϋὶηωξιρχς

2375 5254 2542 5327 dicere
2580 5254 2866 5328 creaturam
2893 5254 2985 5327 :vet
3010 5254 3065 5328 rc.
3092 5271 3178 5336 11,
3213 5254 3360 5328 ιι.’ί)9
3395 5288 3409 5323 :
3448 5254 3513 5324 Si
3539 5268 3739 5323 alienum
3758 5254 3883 5336 putant

2374 5326 2541 5400 Deum
2563 5326 2593 5411 ,7
2616 5326 2708 5400 cur
2760 5326 2977 5399 adorant
3016 5326 3303 5398 canticum
3339 5341 3588 5410 scriptum
3626 5336 3684 5390 sit
3716 5347 3733 5386 :
3760 5326 3882 5411 Ιῖειξε

2374 5398 2631 5471 adorabis
2655 5398 2819 5471 Deum
2840 5398 2845 5399 ν
2866 5398 3113 5471 alienum.
3166 5414 3313 5470 Idem
3354 5398 3730 5483 ιιιθξςιιιιιιιιιῐιιιιιΔ
3748 5398 3881 5483 tulit-if

2372 5504 2466 5543 sos
2489 5487 2721 5545 Ariauos
2753 5498 2810 5544 ut
2834 5499 3098 5544 creatura:
3137 5487 3372 5543 cultores
3412 5471 3689 5541 coniiciunt
3710 5471 3884 5530 Athanav

2371 5560 2507 5626 sius,
2538 5560 2554 5591 '
2587 5561 2788 5626 uilius,
2815 5560 3108 5631 Gregorius
3127 5558 3311 5631 Nyss.,
3341 5568 3447 5631 etc:

2443 5611 2518 5708 δ’)
2568 5611 2696 5690 Mss.
2710 5611 3145 5708 “dissicant;
3171 5611 3382 5708 ῖξξτιῖτη
3402 5611 3879 5708 σὴςῑειιειηητξθιειξιίῖξο

2370 5692 2595 5781 viuum
2624 5714 2709 5781 ea
2734 5692 2976 5775 proxim
3000 5692 3244 5781 manu
3274 5702 3435 5758 verba
3558 5697 3621 5781 αι
3643 5692 3881 5781 uitetur:

2370 5778 2623 5849 tellecta:
2653 5766 2822 5833 Neino
2849 5786 3014 5849 potest
3050 5766 3223 5837 dicere
3266 5782 3321 5835 et
3361 5770 3602 5833 conﬁteri
3626 5766 3780 5826 Iesum
3809 5766 3883 5812 me

2370 5848 2669 5920 Dominum,
2694 5850 2814 5922 nisi,
2846 5848 2951 5908 etc.
