3988 6332
48 368 139 427 257
1268 353 1359 411 DE
1400 344 1772 410 TRINITATE
1813 340 2020 405 LIBER
2055 340 2193 402 Vill.
3225 332 3335 393 258

48 483 199 538 Deum
228 477 435 546 (licens,
466 473 743 531 dominum
788 473 916 531 licet
966 485 1305 544 nuneupans,
1336 473 1619 528 Dominum
1649 500 1662 531 λ

1778 485 1943 540 tdistis
1969 484 2032 539 de
2058 500 2144 539 ore
2171 498 2304 547 meo,
2329 479 2583 551 Quoniam
2602 475 2832 535 Joannes
2859 471 3138 549 baptizavit
3167 488 3325 539 aqua,

50 588 210 632 tamen
264 587 385 629 esse
433 585 545 627 ηοη
597 569 734 626 (“eis
761 586 775 635 ἶ
804 568 925 640 quia
976 568 1068 625 "bi
1121 564 1201 643 ((³)
1250 584 1314 623 εκ
1359 567 1630 624 οθηῖηιυηί
1733 595 1822 635 vos
1851 591 2021 634 autem
2049 577 2251 647 Spiritu
2288 587 2463 631 sancto
2497 574 2782 647 tingemini,
2815 588 2971 644 quem
3000 580 3047 624 et
3076 565 3339 636 accipietis

48 681 227 739 εοηετθ
257 665 437 736 Ρθῑίυδ
465 670 521 719 εί
566 661 816 718 familiari
858 662 1103 747 Ροηῖῖηθ,
1138 675 1295 729 «nam
1345 676 1411 717 ex
1442 671 1659 716 Μυῖαν
1733 691 1834 729 non
1862 681 1974 747 post
2018 671 2207 726 multos
2238 671 2330 725 hos
2365 670 2493 725 dies.
2554 668 2621 723 Et
2659 683 2871 724 rursum
2898 682 2911 719 :
2937 664 3043 722 Sed
3078 659 3341 732 accipietis

50 761 108 818 sit
137 758 412 814 Dominus.
437 755 544 814 Sed
578 754 658 829 (b)
684 770 713 809 a
742 744 910 812 Paulo
939 753 1087 811 disce
1110 762 1380 810 naturam.

1778 744 1967 819 'rtutem
1995 763 2381 835 superveniente
2414 761 2616 834 Spiritu
2656 770 2829 815 sancto
2875 760 2931 813 in
2970 773 3079 825 vos,
3109 764 3154 809 et
3196 751 3341 808 eritis

108 855 192 913 29.
226 853 523 910 Gratiarum
562 852 859 910 divisiones.
884 854 955 897 —+
978 853 1233 925 Sequitur
1270 854 1412 909 enim
1442 871 1454 907 ε
1489 851 1634 907 Divi-
1733 858 1860 913 mihi
1880 867 2029 913 testes
2050 860 2102 912 in
2128 856 2440 919 Jerusalem,
2464 862 2510 911 et
2538 854 2677 909 omni
2698 852 2907 919 Judtea,
2928 859 2973 905 et
3002 845 3267 910 Samaria,
3294 850 3343 898 et

51 951 200 1006 siones
224 958 397 1005 autem
429 951 682 1004 donorum
721 957 861 1016 sunt,
893 948 1027 1002 idem
1056 957 1223 1005 autem
1250 947 1478 1017 Spiritus
1518 955 1632 1012 est;

1778 968 1891 1023 sque
1903 951 1969 1005 ad
1981 951 2219 1005 ultimum
2239 962 2389 1005 terra:
2404 948 2543 1021 (Act.
2558 964 2596 1015 ι,
2612 945 2667 1014 4,
2685 956 2730 1002 et
2751 945 2905 1019 seq.).
2924 941 3346 1001 Promissionem

52 1054 93 1101 et
118 1043 386 1099 divisiones
414 1042 816 1097 ministeriorum
845 1051 984 1109 sunt,
1009 1053 1056 1096 et
1076 1042 1210 1095 idem
1226 1042 1331 1112 ipse
1350 1039 1632 1107 Dominus;
1733 1044 1935 1113 Patris,
1967 1059 2085 1116 quae
2106 1044 2174 1100 de
2210 1060 2304 1100 ore
2338 1043 2455 1114 ejus
2475 1043 2656 1098 audita
2695 1052 2798 1109 est,
2835 1036 3135 1111 exspectari
3161 1035 3341 1107 jubet.

56 1146 97 1194 et
120 1136 386 1192 divisiones
419 1136 774 1207 aper-ationum
811 1144 964 1201 sunt,
1009 1134 1143 1189 idem
1174 1146 1342 1189 autem
1367 1131 1522 1198 Deus,
1547 1133 1635 1204 qui
1734 1134 1894 1193 Certe
1915 1138 2077 1191 etiam
2099 1151 2242 1192 nunc
2264 1134 2380 1207 ejus
2399 1144 2637 1207 paterna:
2658 1123 3038 1207 promissionis
3065 1126 3344 1200 eloquium

54 1240 274 1301 operatur
294 1230 464 1284 omnia
500 1229 553 1283 in
574 1228 826 1283 omnibus.
856 1225 1141 1299 Unicuique
1168 1239 1334 1282 autem
1357 1228 1509 1281 datur
1523 1244 1634 1282 ma-
1733 1238 1838 1284 est.
1856 1228 1961 1284 Per
1974 1226 2510 1300 hasigiturvirtutum
2526 1225 2845 1283 elﬁcientias
2859 1221 3217 1280 manilestatio
3230 1220 3345 1291 Spi-

55 1323 292 1396 nifestotio
324 1320 552 1395 Spiritus
576 1321 674 1395 (ε),
698 1323 768 1377 ad
796 1322 848 1377 id
876 1324 1013 1393 quod
1054 1323 1178 1378 utile
1219 1333 1289 1378 est
1314 1320 1477 1395 (Ibid.
1502 1326 1558 1390 4,
1585 1332 1633 1379 et
1735 1320 1874 1377 ritus
1914 1330 2018 1377 est.
2045 1320 2229 1392 Neque
2249 1322 2392 1377 enim
2417 1322 2468 1376 in
2493 1321 2706 1376 occulto
2735 1328 2819 1374 est
2858 1315 3092 1388 Spiritus
3117 1313 3344 1379 donum,

56 1420 224 1488 seqq.).
266 1413 323 1471 ln
357 1416 607 1487 prtesenti
641 1429 893 1471 sermone
920 1412 1270 1486 quatlrimoda
1311 1415 1633 1486 signiﬁcatio
1735 1413 1829 1470 ubi
1872 1429 2051 1470 sermo
2102 1413 2385 1484 sapientia:
2414 1422 2516 1478 est,
2567 1423 2619 1469 et
2652 1411 2811 1467 verba
2843 1410 2964 1464 vita:
3008 1405 3300 1462 audiuntur
3331 1417 3348 1460 :

58 1509 371 1582 intelligitur,
405 1523 527 1565 cum
556 1511 609 1565 in
644 1509 909 1566 divisione
939 1510 1202 1566 donorum
1234 1509 1373 1566 idem
1400 1510 1634 1582 Spiritus
1736 1509 1825 1564 vel
1872 1509 1963 1565 ubi
2023 1508 2218 1564 divinae
2274 1508 2599 1578 cognitionis
2644 1506 2866 1562 scientia
2908 1513 3025 1571 est,
3078 1518 3145 1557 ne
3186 1514 3353 1571 pecu-

58 1613 143 1669 est,
168 1603 298 1661 etin
328 1601 598 1659 divisione
628 1603 1047 1659 ministeriorum
1071 1603 1210 1660 idem
1238 1605 1350 1675 ipse
1372 1603 1634 1660 Dominus
1741 1603 1868 1660 dum
1933 1602 2095 1660 modo
2170 1619 2268 1676 per
2323 1603 2713 1676 ignorationem
2772 1600 2901 1667 Dei,
2966 1597 3087 1653 vitae
3149 1599 3349 1650 nostra:

56 1707 147 1762 εει,
175 1706 230 1754 et
255 1697 308 1753 in
338 1696 604 1753 divisione
631 1698 1001 1769 operationnm
1034 1698 1175 1753 idem
1207 1699 1352 1755 Dens
1373 1708 1478 1765 est,
1502 1707 1557 1754 et
1578 1696 1632 1753 in
1737 1699 2051 1769 ignoremus
2081 1706 2355 1754 auctorem
2384 1714 2397 1749 :
2424 1697 2504 1752 vel
2536 1712 2627 1767 per
2655 1695 2815 1751 tidem
2849 1692 2964 1759 Dei,
2991 1708 3060 1748 ne
3088 1705 3193 1746 non
3230 1702 3351 1744 cre-

57 1791 283 1847 utilitatis
312 1791 532 1848 datione
570 1791 934 1847 manilestatio
960 1791 1215 1863 Spiritus.
1242 1794 1422 1861 Atque
1451 1802 1508 1846 ut
1538 1789 1635 1846 tla-
1736 1789 1929 1847 dentes
1969 1791 2316 1863 Evangelium
2372 1790 2490 1860 Dei,
2539 1802 2692 1845 extra
2743 1786 3096 1858 Evangelium
3137 1784 3231 1840 Dei
3280 1779 3352 1838 si-

33 1884 129 1964 ‘tio
150 1884 396 1941 utilitatis
438 1885 494 1940 in
539 1883 974 1940 manifestatione
1002 1884 1235 1955 Spiritus
1280 1893 1633 1950 nosceretur;
1667 1873 1715 1936 Β
1743 1899 1861 1939 ntus
1897 1901 1909 1937 :
1941 1884 2025 1940 vel
2066 1900 2162 1955 per
2209 1884 2407 1939 donum
2457 1882 2814 1950 curationum,
2861 1890 2919 1937 ut
2951 1880 3179 1953 gratiam
3209 1879 3351 1956 ejus,

62 1977 307 2032 continuo
343 1976 641 2048 subjectum
680 1985 807 2033 est:
843 1975 981 2031 Huic
1016 1977 1217 2047 quidem
1255 1994 1345 2048 per
1381 1976 1637 2048 Spiritum
1738 1978 1829 2048 qtti
1862 1977 1978 2033 haec
2008 1978 2214 2045 tribuit,
2241 1977 2613 2033 inﬁrmitatum
2642 1978 2923 2033 curatione
2947 1978 3351 2035 testemurzvel

63 2070 209 2124 datur
233 2086 396 2125 sermo
430 2070 717 2143 sapientior,
757 2070 851 2125 alii
873 2082 1043 2126 autent
1081 2087 1248 2127 sermo
1290 2073 1516 2127 scientite
1552 2089 1634 2127 se-
1742 2083 1838 2141 per
1868 2072 2236 2141 operationem
2267 2068 2544 2137 virtutum,
2572 2080 2627 2125 ttt
2655 2069 2795 2141 quod
2824 2070 3052 2142 agimus,
3086 2068 3179 2126 Dei
3228 2085 3350 2127 esse

61 2163 282 2217 cundum
297 2163 520 2219 eumdem
541 2163 814 2235 Spiritum,
839 2165 989 2219 alteri
1016 2174 1182 2220 autem
1211 2165 1339 2235 ﬁdes
1362 2162 1440 2239 (ιι)
1470 2168 1523 2220 in
1553 2180 1638 2221 eo-
1745 2161 1827 2237 (g)
1852 2163 2023 2221 virtus
2070 2164 2398 2237 intelligatur
2429 2182 2442 2218 :
2471 2165 2557 2220 vel
2606 2180 2702 2235 per
2747 2163 3106 2236 prophetiam,
3154 2171 3213 2218 ut
3255 2179 3353 2235 per

55 2255 170 2310 dem
193 2254 409 2326 Spiritu,
438 2257 525 2311 alii
542 2259 733 2311 donum
760 2258 1085 2312 curationum
1116 2257 1167 2312 in
1197 2258 1374 2313 eodem
1407 2257 1635 2329 Spiritu,
1748 2259 2010 2315 doctrina}
2041 2259 2449 2330 intelligentiam
2480 2258 2843 2330 intelligamur
2869 2273 2933 2313 ex
2966 2256 3079 2312 Deo
3107 2255 3305 2311 eruditi
3335 2272 3350 2312 :

54 2348 144 2404 alii
183 2350 407 2421 operatio
442 2350 723 2415 virtutum,
769 2350 862 2406 alii
904 2350 1208 2422 praphetia,
1262 2351 1356 2405 alii
1397 2351 1640 2406 discretio
1749 2352 1835 2408 vel
1882 2368 1977 2423 per
2025 2351 2405 2407 discretionem
2447 2351 2757 2422 spirituum,
2808 2364 2875 2405 ne
2921 2348 3091 2420 ignari
3150 2349 3344 2416 simus,

71 2443 348 2514 Spirituum
369 2486 384 2512 ,
424 2444 516 2500 alii
554 2462 740 2518 genera
785 2448 1080 2518 linguarum
1104 2490 1118 2515 ,
1149 2446 1241 2502 alii
1284 2449 1639 2520 interpretatio
1743 2452 1935 2501 sancto
1961 2461 2027 2500 an
2056 2460 2312 2516 perverso
2339 2443 2531 2517 spiritu
2559 2444 2677 2515 quis
2706 2443 2956 2514 loquatur
2982 2459 2996 2496 :
3028 2441 3111 2498 vel
3139 2457 3233 2512 per
3253 2457 3348 2514 ge-

57 2535 333 2605 linguarum
364 2535 523 2607 (Ibid.
546 2580 560 2604 ,
588 2538 622 2595 8
643 2548 691 2593 et
713 2538 902 2613 seqq.).
1744 2553 1875 2594 nera
1903 2538 2230 2610 linguarum,
2260 2548 2316 2593 ut
2341 2537 2419 2612 (It)
2450 2538 2502 2594 in
2533 2536 2744 2615 signum
2781 2536 2891 2591 dati
2915 2535 3148 2619 Spiritus
3177 2535 3352 2594 sancti

117 2628 199 2685 30.
247 2627 482 2699 Spiritus
528 2631 894 2702 manifestatio.
922 2633 1084 2689 —Et
1127 2634 1341 2706 quidem
1391 2635 1466 2704 id,
1495 2636 1639 2707 quod
1752 2631 2056 2704 linguarum
2086 2648 2267 2689 sermo
2301 2632 2533 2688 donetur
2558 2629 2599 2706 (Ι
2632 2629 2751 2687 Cor.
2795 2646 2906 2698 xw,
2938 2629 3033 2703 6):
3069 2628 3257 2703 (l)vel
3294 2629 3352 2686 in

61 2728 287 2789 quartum
316 2735 439 2778 esse
462 2722 716 2791 diximus,
748 2724 797 2779 id
827 2735 933 2791 est,
965 2726 1015 2780 in
1047 2725 1267 2783 datione
1288 2728 1536 2785 utilitatis
1567 2730 1639 2803 (e)
1755 2726 2199 2798 interpretatione
2235 2724 2560 2798 linguarum,
2601 2740 2670 2782 ne
2709 2724 3043 2807 ignoratione
3071 2721 3204 2780 lides
3247 2737 3349 2778 au-

64 2812 269 2883 Spiritus
292 2816 806 2884 manilestatiouem,
834 2819 1132 2874 absolutam
1152 2821 1309 2877 habet
1330 2821 1636 2894 intelligen-
1744 2818 2005 2877 dientium
2035 2820 2386 2891 periclitetur,
2419 2832 2542 2875 eum
2583 2819 2817 2891 linguam
2850 2816 3225 2890 ignorantibus
3249 2816 3355 2871 litt-

68 2902 187 2961 tiam.
207 2906 376 2981 235.
390 2908 885 2967 Commemoratum
908 2916 1050 2968 enim
1069 2923 1174 2977 est,
1198 2928 1298 2984 per
1317 2914 1449 2985 quas
1466 2916 1642 2971 datio—
1744 2931 1861 2987 gute
1889 2917 2270 2987 interpretator
2299 2914 2549 2970 absolvit.
2578 2913 2635 2969 In
2677 2913 2760 2968 bis
2799 2913 2962 2984 igitur
3004 2911 3256 2967 omnibus
3285 2909 3353 2967 ad

64 3014 172 3056 num
191 3002 455 3059 utilitates
482 3003 597 3060 hate
620 3015 759 3060 esset
794 3004 1031 3077 Spiritus
1054 3006 1441 3064 manilcstatio.
1476 3010 1531 3065 ln
1559 3010 1642 3065 Ιιίς
1746 3010 2028 3065 utilitatem
2054 3009 2346 3081 unicuique
2370 3007 2560 3065 divisis
2586 3007 2946 3064 manilestatio
2987 3006 3223 3078 Spiritus
3248 3015 3355 3076 est,

64 3107 270 3167 namque
299 3095 629 3154 divisionum
670 3098 959 3155 virtutibus
991 3116 1097 3156 non
1130 3102 1334 3157 incerta
1367 3103 1492 3158 doni
1539 3104 1639 3160 hu-
1748 3116 1846 3172 per
1887 3104 1983 3157 has
2026 3102 2234 3157 scilicet
2284 3101 2421 3157 datae
2468 3100 2755 3171 unicuique
2799 3099 2961 3174 235
3002 3097 3067 3172 (i)
3111 3096 3360 3156 utilitatis

60 3186 137 3258 jus
159 3192 400 3248 ostensio
426 3201 529 3259 est,
561 3191 629 3249 de
658 3207 767 3264 quo
795 3192 1057 3249 Dominus
1082 3194 1150 3250 ad
1177 3194 1469 3266 Apostolus
1491 3197 1642 3254 dixe-
1745 3196 2133 3252 admirationes
2159 3195 2306 3252 dono
2340 3194 2574 3266 Spiritus
2604 3211 2709 3249 non
2742 3193 2966 3251 latente.

63 3290 151 3348 rat,
187 3283 511 3354 praecipiens
548 3282 657 3351 his,
694 3300 761 3339 ne
808 3289 873 3338 ab
913 3284 1257 3357 Jerosolymis
1293 3289 1644 3359 discederent;
1671 3268 1717 3332 Ο
1822 3290 1912 3346 51.
1945 3289 2074 3345 Haec
2099 3290 2236 3345 dona
2268 3290 2403 3345 alius
2448 3299 2598 3361 atque
2644 3289 2775 3345 alius
2816 3289 3060 3361 largitur,
3112 3296 3160 3344 et
3189 3295 3360 3343 tamen

66 3372 124 3446 (ο
142 3377 223 3431 sed
246 3385 557 3447 exspectate,
590 3377 795 3449 inquit,
837 3380 1231 3446 promissionem
1260 3379 1457 3450 Patris,
1483 3400 1639 3455 quant
1753 3403 1887 3442 unus
1946 3385 2200 3459 Spiritus.
2246 3415 2318 3427 ——
2364 3383 2563 3441 Tenuit
2614 3392 2797 3441 autem
2844 3382 3038 3440 beatus
3084 3380 3363 3455 apostolus

127 3539 198 3612 (l)
238 3539 346 3623 Vel.
362 3557 451 3611 per
488 3541 974 3623 interpretationem,
1007 3544 1279 3623 quomodo
1314 3554 1472 3603 antea
1495 3545 1646 3623 dixe-
1755 3558 1897 3623 post,
1927 3549 2175 3607 absolvat.
2201 3548 2339 3608 Tum
2362 3549 2605 3618 inferius,
2631 3547 2869 3605 utilitatis
2890 3547 3269 3606 admirationis.

64 3620 134 3666 rat
154 3629 237 3685 per
263 3613 447 3683 ﬁdem,
466 3630 560 3686 per
581 3613 793 3683 denum,
819 3632 910 3687 per
939 3613 1307 3687 operationem,
1330 3629 1460 3687 etc.,
1486 3622 1647 3692 paulo

128 3760 197 3831 la)
234 3758 471 3830 Optima:
516 3767 656 3814 nota:
705 3774 835 3815 mss.
878 3758 1280 3829 Carn.,Germ.
1313 3778 1435 3818 cum
1479 3764 1651 3823 tribus

68 3831 398 3903 Colbertinis,
449 3848 513 3886 ca:
556 3833 810 3886 connuuni
845 3832 1015 3902 potius
1051 3842 1095 3885 et
1140 3833 1388 3903 familiari
1426 3838 1647 3894 nomine.

69 3901 199 3960 Unus
220 3905 460 3962 Sorhon.
492 3914 558 3959 ea:
583 3901 860 3971 communi,
901 3901 1346 3975 generali'potius,
1395 3917 1498 3964 etc.
1530 3908 1648 3966 Vat.

71 3976 189 4061 bas.
220 3988 275 4032 et
324 3975 543 4031 Martio.
578 3991 642 4030 ea:
683 3976 1036 4031 communione
1080 3977 1279 4048 generis
1322 3989 1368 4033 et
1397 3979 1652 4049 familiari

71 4062 269 4103 nomine.

132 4119 204 4191 (b)
235 4117 416 4191 Apud.
451 4118 543 4174 Er.
583 4128 632 4175 el
667 4119 719 4173 in
751 4136 856 4175 uno
880 4136 982 4177 ms.
1011 4120 1183 4179 Vatic.
1206 4139 1237 4177 a
1269 4120 1441 4178 Paulo
1482 4132 1527 4178 et
1554 4122 1654 4179 Dei

44 4192 238 4265 ,spiritu
280 4194 420 4253 ineo
452 4191 590 4265 disce
618 4204 878 4265 naturam.
911 4194 1069 4263 Apntl
1097 4193 1245 4265 Lips.
1276 4203 1331 4249 et
1360 4195 1480 4250 Par.
1527 4211 1655 4253 nec-

70 4278 163 4319 non
203 4263 256 4318 in
299 4276 407 4319 ms.
453 4259 615 4317 Corb.
655 4274 709 4317 et
733 4263 933 4335 aliquot
960 4259 1101 4331 aliis,
1145 4259 1176 4319 ἁ
1206 4265 1375 4320 Paulo
1405 4277 1451 4320 et
1480 4266 1579 4322 Dei
1608 4276 1654 4322 et

70 4335 286 4405 Spiritus
326 4335 382 4389 iu
410 4351 471 4405 eo
510 4336 649 4389 disce
686 4346 942 4391 naturam.
974 4336 1029 4392 In
1072 4336 1246 4393 tribus
1273 4336 1426 4393 Colb.
1463 4349 1516 4394 et
1549 4356 1654 4395 uno

72 4404 290 4463 SOrbon.
320 4424 357 4461 a
396 4404 566 4478 Paulo
598 4406 694 4461 Dei
715 4407 972 4478 Spiritum
1000 4410 1051 4464 in
1080 4427 1159 4475 eo,
1197 4419 1246 4464 et
1278 4408 1374 4464 Dei
1399 4409 1537 4466 disce
1560 4428 1658 4465 ua-

71 4487 241 4553 turam.
264 4476 578 4553 Simplicius
602 4487 678 4545 et,
704 4476 767 4531 ut
781 4490 1057 4553 putamus.
1082 4480 1346 4553 sincerius
1374 4481 1532 4549 Bad.,
1560 4497 1656 4553 op-

72 4550 218 4607 limus
235 4550 414 4607 codex
442 4549 597 4605 Colb.
623 4565 744 4605 eum
770 4549 957 4615 Carm,
989 4551 1459 4620 Martin.,Germ.,
1497 4549 1651 4610 Vind.
1685 4603 1736 4620 ἢ
1841 4596 1914 4620 ,_,
1972 4597 2023 4620 ,__
2081 4597 2307 4620 ____,_“,-
2391 4597 2591 4620 ,δώ-η,
2640 4595 2803 4620 ,ημηε

72 4593 965 4681 sr.:".'."a.:a.;;nafragus;
986 4593 1655 4689 axz;;a.;;;;;:'t.;t§:
1685 4603 1740 4665 D
1767 4596 2344 4689 .._(9)__".L_"9'68“§'
2389 4594 3190 4689 ttulit.5"'94‘99?“}‘,‘:._I‘£T
3221 4593 3368 4689 seu

70 4667 382 4768 quam.
409 4667 488 4747 δεῖ
506 4667 717 4760 usus;
749 4667 1121 4764 εει-ιῑιιξῑηῑῖξις
1147 4667 1659 4768 ἓῖᾙᾶἱὶὲὶιὶὶέἷίῦἶῖἑ
1765 4670 1984 4768 εξεξειςηειη
2001 4669 2092 4725 Er-
2117 4674 2196 4726 υιι
2224 4687 2314 4741 ρετ
2336 4670 2680 4743 prophetiam.
2711 4678 2767 4723 ιιι
2791 4686 2883 4739 ρετ
2907 4669 3193 4723 αοεινίηαυι
3217 4667 3369 4724 intel-

72 4743 256 4839 s'olum‘,
282 4765 384 4822 sed
408 4780 536 4839 vere
573 4743 717 4839 etes,
745 4743 929 4821 natura
958 4767 1030 4823 sit
1067 4767 1327 4823 Dominus
1358 4786 1371 4822 :
1405 4743 1548 4839 q'uod
1579 4769 1665 4825 lu-
1766 4743 2113 4839 l’gﬂ’fuf‘km
2140 4815 2190 4839 _._
2224 4828 2249 4839 _
2284 4826 2392 4839 η..
2441 4810 2576 4839 mm
2634 4810 2820 4839 ..η-,τη
2874 4820 2920 4839 Δ,
2953 4809 3115 4839 num
3162 4808 3333 4839 mum,

70 4810 272 4910 sissime
315 4836 606 4910 probatur.
635 4835 878 4910 Namque
914 4839 983 4893 ab
1024 4839 1149 4895 hinc
1196 4855 1366 4910 usque
1388 4809 1457 4895 aqd
1505 4860 1558 4896 ιι.

1805 4809 1921 4910 lli)
1950 4812 2119 4910 Aliost
2126 4815 2427 4910 ill-8.1085:
2436 4810 2599 4910 Colb.
2631 4810 2842 4910 blartin.
2872 4820 2927 4868 et
2953 4809 3137 4869 Germ.
3162 4812 3298 4870 Tum
3312 4809 3374 4871 in

72 4884 405 4967 demo-astat
444 4907 700 4982 llilarius,
750 4884 912 4982 alium
954 4884 1172 4982 quidem
1197 4884 1664 4968 Esie'némii'p‘i".
1769 4884 2092 4982 ediﬂstgf’ff
2121 4884 2915 4982 ,_._n__
2985 4955 3138 4982 Dm,

75 4989 221 5052 trem,
270 4981 442 5037 alium
470 4955 755 5036 Dominum
788 4955 987 5037 Iesum“
1017 4980 1314 5049 Christum,
1363 4984 1457 5039 sed
1501 5000 1662 5039 unum

1778 4955 2960 5052 ___ti>_§d3£‘:..iuliae:statuisses;
2985 4955 3369 5052 ιῖεεξιξξιξηπξῑξξς

1758 3770 1828 3824 tio
1863 3786 2188 3840 sermonum,
2238 3787 2347 3828 non
2399 3771 2697 3843 linguarum
2728 3785 2748 3825 :
2775 3767 3080 3826 refutantur
3118 3782 3186 3826 ex
3229 3782 3363 3827 mss.

1759 3849 1903 3897 texto
1933 3860 2130 3914 graeco,
2161 3854 2217 3900 et
2241 3844 2485 3914 subjecta
2515 3843 2980 3914 interpretatione.

1832 3934 1901 4009 (ρ)
1927 3937 2081 4006 Apud
2115 3938 2236 3993 Par.
2271 3937 2484 4010 spiritus
2533 3935 3007 4010 manilestationurn
3031 3950 3051 3990 :
3077 3934 3363 4010 mendose.

1758 4005 1928 4078 Magis
1961 4010 2201 4079 placeret
2238 4005 2588 4080 manifestatio
2613 4005 2758 4080 :_sed
2804 4007 3265 4080 manifeslalionem
3295 4005 3364 4061 ad

1760 4082 2059 4150 proximum
2083 4081 2301 4136 verbum
2328 4078 2553 4135 diximus
2577 4078 2787 4135 referre
2813 4079 2961 4134 licet.
3406 4080 3415 4085 '

1831 4171 1899 4245 (Γ)
1932 4172 2093 4241 Editi,
2115 4171 2206 4228 sed
2227 4171 2757 4245 exspectarentsTum
2790 4169 2939 4241 Lips.
2973 4179 3029 4226 et
3058 4170 3180 4226 Par.
3208 4185 3368 4245 quam

1761 4240 1981 4301 audistis
2020 4245 2201 4315 inquit.
2242 4240 2327 4299 At
2354 4245 2407 4300 in
2450 4242 2700 4299 omnibus
2743 4240 2875 4315 mss.
2908 4240 3260 4315 exspectate:
3280 4240 3368 4297 cui

1760 4317 1927 4371 verbo
1950 4318 2000 4372 in
2026 4314 2196 4371 tribus
2223 4326 2429 4372 tantum
2456 4317 2701 4387 proxime
2722 4314 3009 4387 subjicitur
3032 4314 3217 4387 inquit,
3243 4328 3366 4387 eum

1760 4403 1933 4459 neque
1965 4390 2073 4451 hic,
2106 4403 2282 4459 neque
2310 4399 2432 4459 post
2458 4383 2650 4444 exstet
2678 4388 2729 4441 in
2763 4383 2908 4443 aliis.
2937 4384 3061 4441 Mox
3093 4383 3145 4440 in
3175 4383 3364 4459 Colb.,

1761 4457 1946 4529 Carm,
1971 4457 2212 4530 Mat-tim,
2243 4457 2430 4518 Germ.
2460 4458 2866 4530 baptizabitnini,
2891 4473 2998 4514 non
3021 4457 3310 4529 tingemini.

73 5051 241 5111 tamen
287 5054 576 5121 utriusque
622 5051 905 5122 Spiritum,
953 5070 1110 5109 unam
1153 5070 1275 5110 esse
1304 5055 1664 5122 divinitatem,

73 5126 218 5195 cujus
271 5127 455 5181 virtus
507 5137 573 5179 ac
617 5134 807 5179 natura
850 5124 1008 5195 donls
1051 5126 1163 5182 suis
1209 5126 1491 5182 manifesta
1554 5127 1665 5182 liat.

73 5193 256 5323 IIgnea
284 5212 423 5253 vero
465 5195 702 5267 apertius
739 5194 977 5252 ostendit
1008 5195 1284 5254 Christum
1316 5209 1504 5255 natura
1550 5214 1672 5255 esse

149 5286 384 5323 nimum.

149 5286 384 5326 nimum.

139 5361 209 5435 (ε)
240 5362 303 5419 In
344 5359 643 5435 ms._Carn.
674 5360 904 5435 Spiritus
928 5361 1239 5418 tlluminatio
1271 5362 1339 5417 ad
1381 5364 1670 5420 utilitatem.

72 5430 153 5488 lla
182 5430 409 5505 quidem
460 5433 690 5489 habetur
722 5430 837 5499 lib,
879 5449 938 5497 tt,
989 5452 1043 5488 ιι.
1076 5437 1169 5499 54,
1217 5436 1679 5491 consentientibus

75 5504 288 5577 scriptis
316 5506 479 5562 simul
518 5517 574 5562 et
610 5507 824 5561 excusis
855 5522 868 5558 :
902 5516 957 5561 at
980 5504 1069 5563 hic
1108 5508 1267 5563 aliter
1295 5507 1577 5577 legendum
1610 5508 1677 5563 li-

74 5590 193 5648 quet
224 5596 296 5636 ex
330 5579 609 5635 subnesis.

139 5674 225 5746 (Δ)
270 5674 603 5747 Sicgrzeco
648 5672 1181 5747 textusutl‘ragante
1220 5674 1415 5747 legitur
1463 5675 1553 5732 lib.
1604 5689 1674 5742 tt,

76 5758 125 5798 n.
157 5744 252 5815 δι,
289 5756 351 5802 et
389 5744 477 5801 hic
509 5744 562 5801 in
611 5744 906 5814 exemplari
936 5744 1099 5801 Caro.
1135 5746 1223 5801 ubi
1257 5744 1308 5803 in
1361 5747 1573 5802 Martio.
1622 5747 1677 5800 in

76 5833 173 5873 uno
197 5819 417 5891 spiritu,
442 5818 492 5872 in
520 5816 641 5892 aliis
666 5828 870 5892 autem,
896 5817 951 5871 in
979 5818 1210 5892 eumdem
1237 5819 1518 5892 Spiritum.
1546 5819 1679 5875 Post

74 5888 245 5962 pauca
276 5905 496 5948 rursum
528 5888 726 5961 vulgati
754 5888 841 5944 hic
881 5904 993 5959 prae
1015 5905 1075 5947 se
1106 5888 1343 5949 ferentes
1370 5891 1679 5962 interpreta-

1774 5027 1987 5084 summn
2010 5044 2299 5091 consensu,
2330 5028 2567 5083 utilitatis
2593 5027 2982 5093 admirationes,
3014 5029 3099 5085 vel
3126 5031 3376 5086 utilitates

1777 5100 2321 5171 admirationis:quia
2365 5101 2615 5155 nimirum
2665 5100 2868 5158 utilitas
2914 5100 3076 5157 modo
3125 5118 3231 5157 non
3276 5100 3376 5157 hu-

1780 5187 1940 5227 tnano
1965 5175 2195 5244 ριεςιήειὶιςι
2227 5171 2640 5244 admirationem
2669 5173 2892 5240 excitat,
2922 5188 2984 5229 ac
3002 5173 3257 5244 Spiritus,
3281 5187 3374 5228 cu-

1775 5245 1863 5314 jus
1893 5243 2132 5315 subsidio
2173 5243 2468 5315 confertur,
2506 5244 2742 5299 divinam
2777 5244 3026 5315 virtutem
3047 5243 3231 5315 palum
3270 5244 3373 5315 gde-

1780 5312 1971 5372 elarat.
2017 5312 2108 5372 Sic
2164 5314 2258 5371 lib.
2291 5330 2383 5383 vn,
2418 5332 2473 5371 n.
2510 5316 2565 5380 5,
2608 5314 2879 5372 Sabellius
2920 5316 3015 5372 Dei
3058 5312 3118 5371 in
3155 5313 3376 5370 Christo

1782 5397 2026 5443 naturam
2051 5404 2140 5459 per
2158 5395 2412 5459 gestorum
2434 5387 2829 5442 admirationem
2844 5385 3372 5459 agnovissedieitur;

1784 5470 1839 5516 et
1869 5459 1964 5514 lib.
2000 5457 2059 5514 in
2099 5457 2474 5515 Gunstantinm
2507 5477 2561 5516 ιι.
2601 5460 2636 5516 8
2678 5457 3036 5528 praedicantur
3074 5457 3379 5513 admiratio-

1781 5548 1906 5586 num
1936 5548 2093 5600 opera
2112 5548 2293 5587 cvram
2318 5531 2638 5587 venerandis
2668 5531 2959 5600 Martyrum
2986 5532 3200 5584 ossibus
3245 5544 3383 5600 con-

1781 5548 1906 5586 num
1936 5548 2093 5600 opera
2112 5548 2293 5587 cnram
2318 5547 2638 5587 veneramus
2668 5547 2805 5586 tuan
2827 5547 2959 5584 'rum
2986 5547 3200 5584 osstuus
3247 5547 3383 5585 eon-

1780 5603 2241 5675 specta.Denique
2263 5602 2317 5658 in
2342 5603 2478 5673 psal.
2506 5617 2619 5665 scr,
2640 5619 2693 5657 η.
2717 5603 2773 5667 4,
2801 5547 2884 5675 his
2923 5602 3119 5666 verbis,
3150 5612 3204 5655 ut
3226 5597 3383 5675 Crea-

1781 5672 1905 5730 toris
1940 5672 2167 5744 potestas
2187 5692 2277 5746 per
2322 5672 2576 5729 creaturae
2605 5672 3000 5746 admirationem
3029 5682 3199 5743 posset
3227 5673 3382 5729 intel-

1782 5748 1893 5820 ligi,
1921 5746 2020 5803 lata
2056 5745 2322 5803 habentur
2359 5761 2682 5820 synonyma,
2711 5754 2766 5799 ut
2786 5759 2878 5820 per
2900 5745 3035 5820 hanc
3059 5746 3385 5820 conspicabi-

1780 5817 1911 5875 liitm
1937 5835 2148 5891 operum
2177 5817 2579 5891 magnitudinem
2602 5818 2762 5872 virtus
2790 5817 2902 5891 eius
2937 5818 3025 5891 qui
3053 5817 3161 5874 Itatc
3186 5817 3386 5891 'opera-

1779 5897 1863 5947 tus
1892 5887 2398 5964 est'cognoscer'etur.
2427 5888 2493 5945 ν.
2524 5889 2621 5948 lib.
2644 5903 2726 5960 nt,
2746 5887 2864 5947 m5
2888 5895 2945 5947 et
2968 5888 3024 5947 6.
